  <div class='ocr_page' id='page_1' title='image "/cluster/home/n/w/nwhite01/storage/ocr_20150623/114/hvd.32044052819893/303.png"; bbox 0 0 3964 6178; ppageno 0'>
   <div class='ocr_carea' id='block_1_1' title="bbox 294 255 402 308">
    <p class='ocr_par' dir='ltr' id='par_1_1' title="bbox 294 255 402 308">
     <span class='ocr_line' id='line_1_1' title="bbox 294 255 402 308; baseline -0.009 0"><span class='ocrx_word' id='word_1_1' title='bbox 294 255 402 308; x_wconf 74' lang='grc'><strong>595</strong></span> 
     </span>
    </p>
   </div>
   <div class='ocr_carea' id='block_1_2' title="bbox 852 236 3038 304">
    <p class='ocr_par' dir='ltr' id='par_1_2' title="bbox 852 236 3038 304">
     <span class='ocr_line' id='line_1_2' title="bbox 852 236 3038 304; baseline -0.005 -2"><span class='ocrx_word' id='word_1_2' title='bbox 852 246 1259 303; x_wconf 76' lang='lat' dir='ltr'><strong>WALAFRIDI</strong></span> <span class='ocrx_word' id='word_1_3' title='bbox 1288 246 1532 304; x_wconf 79' lang='lat' dir='ltr'><strong>STRABI</strong></span> <span class='ocrx_word' id='word_1_4' title='bbox 1559 244 1763 302; x_wconf 89' lang='lat' dir='ltr'><strong>FULD.</strong></span> <span class='ocrx_word' id='word_1_5' title='bbox 1792 241 1966 301; x_wconf 89' lang='lat' dir='ltr'><strong>MON.</strong></span> <span class='ocrx_word' id='word_1_6' title='bbox 1985 240 2137 300; x_wconf 85' lang='lat' dir='ltr'><strong>OPP.</strong></span> <span class='ocrx_word' id='word_1_7' title='bbox 2161 240 2339 299; x_wconf 78' lang='lat' dir='ltr'><strong>PARS</strong></span> <span class='ocrx_word' id='word_1_8' title='bbox 2367 241 2411 296; x_wconf 89' lang='grc' dir='ltr'><strong>ι.</strong></span> <span class='ocrx_word' id='word_1_9' title='bbox 2442 267 2535 282; x_wconf 84' lang='grc'><strong>--</strong></span> <span class='ocrx_word' id='word_1_10' title='bbox 2560 236 3038 295; x_wconf 84' lang='lat' dir='ltr'><strong>THEOLOGICA.</strong></span> 
     </span>
    </p>
   </div>
   <div class='ocr_carea' id='block_1_3' title="bbox 3494 237 3599 292">
    <p class='ocr_par' dir='ltr' id='par_1_3' title="bbox 3494 237 3599 292">
     <span class='ocr_line' id='line_1_3' title="bbox 3494 237 3599 292; baseline -0.038 0"><span class='ocrx_word' id='word_1_11' title='bbox 3494 237 3599 292; x_wconf 80' lang='lat'><strong>596</strong></span> 
     </span>
    </p>
   </div>
   <div class='ocr_carea' id='block_1_4' title="bbox 297 358 3598 447">
    <p class='ocr_par' dir='ltr' id='par_1_4' title="bbox 297 358 3598 447">
     <span class='ocr_line' id='line_1_4' title="bbox 297 358 3598 447; baseline -0.005 -18"><span class='ocrx_word' id='word_1_12' title='bbox 297 373 446 447; x_wconf 89' lang='lat' dir='ltr'><strong>pleni</strong></span> <span class='ocrx_word' id='word_1_13' title='bbox 473 374 627 440; x_wconf 87' lang='lat' dir='ltr'><strong>Deo;</strong></span> <span class='ocrx_word' id='word_1_14' title='bbox 660 372 747 429; x_wconf 93' lang='lat' dir='ltr'><strong>vel</strong></span> <span class='ocrx_word' id='word_1_15' title='bbox 767 372 846 428; x_wconf 93' lang='lat' dir='ltr'><strong>sic</strong></span> <span class='ocrx_word' id='word_1_16' title='bbox 878 390 891 426; x_wconf 91' lang='lat'>:</span> <span class='ocrx_word' id='word_1_17' title='bbox 922 380 980 427; x_wconf 91' lang='lat' dir='ltr'><strong>ut</strong></span> <span class='ocrx_word' id='word_1_18' title='bbox 1009 371 1352 428; x_wconf 78' lang='lat' dir='ltr'><strong>confessmne</strong></span> <span class='ocrx_word' id='word_1_19' title='bbox 1382 378 1434 426; x_wconf 92' lang='lat' dir='ltr'><strong>et</strong></span> <span class='ocrx_word' id='word_1_20' title='bbox 1472 370 1768 442; x_wconf 86' lang='lat' dir='ltr'><strong>gratiarum</strong></span> <span class='ocrx_word' id='word_1_21' title='bbox 1789 383 1886 425; x_wconf 88' lang='lat' dir='ltr'><strong>ac-</strong></span> <span class='ocrx_word' id='word_1_22' title='bbox 1907 369 1963 433; x_wconf 85' lang='lat' dir='ltr'><strong>A</strong></span> <span class='ocrx_word' id='word_1_23' title='bbox 1994 366 2188 439; x_wconf 86' lang='lat' dir='ltr'><strong>quibus</strong></span> <span class='ocrx_word' id='word_1_24' title='bbox 2217 380 2580 439; x_wconf 85' lang='lat' dir='ltr'><strong>agnoscemus</strong></span> <span class='ocrx_word' id='word_1_25' title='bbox 2592 379 2716 419; x_wconf 90' lang='lat' dir='ltr'><strong>eum</strong></span> <span class='ocrx_word' id='word_1_26' title='bbox 2744 362 2799 416; x_wconf 91' lang='lat' dir='ltr'><strong>in</strong></span> <span class='ocrx_word' id='word_1_27' title='bbox 2828 361 3030 417; x_wconf 81' lang='lat' dir='ltr'><strong>futuro.</strong></span> <span class='ocrx_word' id='word_1_28' title='bbox 3058 360 3458 418; x_wconf 86' lang='lat' dir='ltr'><strong>Occurramus.</strong></span> <span class='ocrx_word' id='word_1_29' title='bbox 3478 358 3598 415; x_wconf 86' lang='lat' dir='ltr'><strong>No—</strong></span> 
     </span>
    </p>
   </div>
   <div class='ocr_carea' id='block_1_5' title="bbox 302 457 1897 527">
    <p class='ocr_par' dir='ltr' id='par_1_5' title="bbox 302 457 1897 527">
     <span class='ocr_line' id='line_1_5' title="bbox 302 457 1897 527; baseline -0.003 -9"><span class='ocrx_word' id='word_1_30' title='bbox 302 463 449 518; x_wconf 91' lang='lat' dir='ltr'><strong>tione</strong></span> <span class='ocrx_word' id='word_1_31' title='bbox 479 462 619 518; x_wconf 89' lang='lat' dir='ltr'><strong>sicut</strong></span> <span class='ocrx_word' id='word_1_32' title='bbox 647 461 813 527; x_wconf 91' lang='lat' dir='ltr'><strong>Patri,</strong></span> <span class='ocrx_word' id='word_1_33' title='bbox 848 461 923 516; x_wconf 89' lang='lat' dir='ltr'><strong>ita</strong></span> <span class='ocrx_word' id='word_1_34' title='bbox 953 469 1005 516; x_wconf 90' lang='lat' dir='ltr'><strong>et</strong></span> <span class='ocrx_word' id='word_1_35' title='bbox 1044 460 1180 515; x_wconf 90' lang='lat' dir='ltr'><strong>Filio</strong></span> <span class='ocrx_word' id='word_1_36' title='bbox 1210 457 1624 515; x_wconf 86' lang='lat' dir='ltr'><strong>honoriﬁcentia</strong></span> <span class='ocrx_word' id='word_1_37' title='bbox 1653 474 1897 515; x_wconf 89' lang='lat' dir='ltr'><strong>reserve-</strong></span> 
     </span>
    </p>
   </div>
   <div class='ocr_carea' id='block_1_6' title="bbox 300 547 1897 622">
    <p class='ocr_par' dir='ltr' id='par_1_6' title="bbox 300 547 1897 622">
     <span class='ocr_line' id='line_1_6' title="bbox 300 547 1897 622; baseline -0.001 -17"><span class='ocrx_word' id='word_1_38' title='bbox 300 559 407 618; x_wconf 93' lang='lat' dir='ltr'><strong>tur,</strong></span> <span class='ocrx_word' id='word_1_39' title='bbox 443 559 497 605; x_wconf 92' lang='lat' dir='ltr'><strong>et</strong></span> <span class='ocrx_word' id='word_1_40' title='bbox 543 550 724 607; x_wconf 89' lang='lat' dir='ltr'>omnia</span> <span class='ocrx_word' id='word_1_41' title='bbox 770 566 892 622; x_wconf 65' lang='lat' dir='ltr'><strong>qua)</strong></span> <span class='ocrx_word' id='word_1_42' title='bbox 920 566 951 603; x_wconf 90' lang='lat' dir='ltr'><strong>a</strong></span> <span class='ocrx_word' id='word_1_43' title='bbox 982 550 1096 605; x_wconf 90' lang='lat' dir='ltr'><strong>Deo</strong></span> <span class='ocrx_word' id='word_1_44' title='bbox 1142 549 1304 603; x_wconf 83' lang='lat' dir='ltr'><strong>Patre</strong></span> <span class='ocrx_word' id='word_1_45' title='bbox 1352 555 1507 613; x_wconf 90' lang='lat' dir='ltr'><strong>sunt,</strong></span> <span class='ocrx_word' id='word_1_46' title='bbox 1557 563 1658 619; x_wconf 91' lang='lat' dir='ltr'><strong>per</strong></span> <span class='ocrx_word' id='word_1_47' title='bbox 1704 547 1897 603; x_wconf 89' lang='lat' dir='ltr'><strong>Filium</strong></span> 
     </span>
    </p>
   </div>
   <div class='ocr_carea' id='block_1_7' title="bbox 301 636 1896 709">
    <p class='ocr_par' dir='ltr' id='par_1_7' title="bbox 301 636 1896 709">
     <span class='ocr_line' id='line_1_7' title="bbox 301 636 1896 709; baseline -0.002 -15"><span class='ocrx_word' id='word_1_48' title='bbox 301 638 446 694; x_wconf 87' lang='lat' dir='ltr'><strong>facta</strong></span> <span class='ocrx_word' id='word_1_49' title='bbox 474 647 529 695; x_wconf 90' lang='lat' dir='ltr'><strong>et</strong></span> <span class='ocrx_word' id='word_1_50' title='bbox 557 646 858 694; x_wconf 70' lang='lat' dir='ltr'><strong>restaurata</strong></span> <span class='ocrx_word' id='word_1_51' title='bbox 885 639 1199 705; x_wconf 82' lang='lat' dir='ltr'><strong>credantur,</strong></span> <span class='ocrx_word' id='word_1_52' title='bbox 1233 646 1292 693; x_wconf 91' lang='lat' dir='ltr'><strong>ut</strong></span> <span class='ocrx_word' id='word_1_53' title='bbox 1319 636 1387 692; x_wconf 90' lang='lat' dir='ltr'><strong>sit</strong></span> <span class='ocrx_word' id='word_1_54' title='bbox 1431 636 1597 709; x_wconf 89' lang='lat' dir='ltr'><strong>plena</strong></span> <span class='ocrx_word' id='word_1_55' title='bbox 1623 636 1896 709; x_wconf 84' lang='lat' dir='ltr'><strong>professio</strong></span> 
     </span>
    </p>
   </div>
   <div class='ocr_carea' id='block_1_8' title="bbox 303 726 1079 784">
    <p class='ocr_par' dir='ltr' id='par_1_8' title="bbox 303 726 1079 784">
     <span class='ocr_line' id='line_1_8' title="bbox 303 726 1079 784; baseline -0.003 -2"><span class='ocrx_word' id='word_1_56' title='bbox 303 727 601 784; x_wconf 81' lang='lat' dir='ltr'><strong>divinitatis</strong></span> <span class='ocrx_word' id='word_1_57' title='bbox 628 728 684 782; x_wconf 89' lang='lat' dir='ltr'><strong>in</strong></span> <span class='ocrx_word' id='word_1_58' title='bbox 713 726 1079 783; x_wconf 85' lang='lat' dir='ltr'><strong>credentibus.</strong></span> 
     </span>
    </p>
   </div>
   <div class='ocr_carea' id='block_1_9' title="bbox 375 815 1897 888">
    <p class='ocr_par' dir='ltr' id='par_1_9' title="bbox 375 815 1897 888">
     <span class='ocr_line' id='line_1_9' title="bbox 375 815 1897 888; baseline -0.001 -15"><span class='ocrx_word' id='word_1_59' title='bbox 375 819 546 873; x_wconf 91' lang='lat' dir='ltr'><strong>Vens.</strong></span> <span class='ocrx_word' id='word_1_60' title='bbox 579 820 668 874; x_wconf 91' lang='lat'><strong>20.</strong></span> <span class='ocrx_word' id='word_1_61' title='bbox 709 847 778 857; x_wconf 97' lang='lat'><strong>—</strong></span> <span class='ocrx_word' id='word_1_62' title='bbox 806 819 1011 873; x_wconf 86' lang='lat' dir='ltr'><strong>Potens</strong></span> <span class='ocrx_word' id='word_1_63' title='bbox 1032 820 1118 872; x_wconf 85' lang='lat' dir='ltr'><strong>est</strong></span> <span class='ocrx_word' id='word_1_64' title='bbox 1146 818 1339 873; x_wconf 81' lang='lat' dir='ltr'><strong>omnia</strong></span> <span class='ocrx_word' id='word_1_65' title='bbox 1357 818 1564 888; x_wconf 82' lang='lat' dir='ltr'><strong>facere,</strong></span> <span class='ocrx_word' id='word_1_66' title='bbox 1591 822 1694 872; x_wconf 90' lang='lat' dir='ltr'><strong>etc.</strong></span> <span class='ocrx_word' id='word_1_67' title='bbox 1716 815 1774 870; x_wconf 93' lang='lat' dir='ltr'><strong>1n</strong></span> <span class='ocrx_word' id='word_1_68' title='bbox 1792 816 1897 872; x_wconf 87' lang='lat' dir='ltr'><strong>hac</strong></span> 
     </span>
    </p>
   </div>
   <div class='ocr_carea' id='block_1_10' title="bbox 303 904 1897 978">
    <p class='ocr_par' dir='ltr' id='par_1_10' title="bbox 303 904 1897 978">
     <span class='ocr_line' id='line_1_10' title="bbox 303 904 1897 978; baseline -0.003 -14"><span class='ocrx_word' id='word_1_69' title='bbox 303 906 429 964; x_wconf 86' lang='lat' dir='ltr'><strong>sunt</strong></span> <span class='ocrx_word' id='word_1_70' title='bbox 457 906 702 978; x_wconf 72' lang='lat' dir='ltr'><strong>quaedam</strong></span> <span class='ocrx_word' id='word_1_71' title='bbox 734 922 853 976; x_wconf 69' lang='lat' dir='ltr'><strong>qua:</strong></span> <span class='ocrx_word' id='word_1_72' title='bbox 878 920 1040 960; x_wconf 90' lang='lat' dir='ltr'><strong>nemo</strong></span> <span class='ocrx_word' id='word_1_73' title='bbox 1069 904 1272 977; x_wconf 90' lang='lat' dir='ltr'><strong>alioqui</strong></span> <span class='ocrx_word' id='word_1_74' title='bbox 1290 912 1501 976; x_wconf 78' lang='lat' dir='ltr'><strong>peteret</strong></span> <span class='ocrx_word' id='word_1_75' title='bbox 1521 904 1608 961; x_wconf 92' lang='lat' dir='ltr'><strong>vel</strong></span> <span class='ocrx_word' id='word_1_76' title='bbox 1628 904 1897 977; x_wconf 89' lang='lat' dir='ltr'><strong>intellige-</strong></span> 
     </span>
    </p>
   </div>
   <div class='ocr_carea' id='block_1_11' title="bbox 310 993 1898 1066">
    <p class='ocr_par' dir='ltr' id='par_1_11' title="bbox 310 993 1898 1066">
     <span class='ocr_line' id='line_1_11' title="bbox 310 993 1898 1066; baseline -0.001 -16"><span class='ocrx_word' id='word_1_77' title='bbox 310 1004 412 1062; x_wconf 89' lang='lat' dir='ltr'><strong>ret,</strong></span> <span class='ocrx_word' id='word_1_78' title='bbox 445 1003 503 1050; x_wconf 91' lang='lat' dir='ltr'><strong>ut</strong></span> <span class='ocrx_word' id='word_1_79' title='bbox 534 994 681 1066; x_wconf 90' lang='lat' dir='ltr'><strong>quod</strong></span> <span class='ocrx_word' id='word_1_80' title='bbox 712 994 860 1049; x_wconf 90' lang='lat' dir='ltr'><strong>Deus</strong></span> <span class='ocrx_word' id='word_1_81' title='bbox 906 995 1071 1051; x_wconf 90' lang='lat' dir='ltr'><strong>homo</strong></span> <span class='ocrx_word' id='word_1_82' title='bbox 1099 1009 1201 1065; x_wconf 91' lang='lat' dir='ltr'><strong>pro</strong></span> <span class='ocrx_word' id='word_1_83' title='bbox 1239 993 1551 1049; x_wconf 89' lang='lat' dir='ltr'><strong>hominibus</strong></span> <span class='ocrx_word' id='word_1_84' title='bbox 1587 1001 1898 1049; x_wconf 89' lang='lat' dir='ltr'><strong>moreretur</strong></span> 
     </span>
    </p>
   </div>
   <div class='ocr_carea' id='block_1_12' title="bbox 305 1071 1844 1153">
    <p class='ocr_par' dir='ltr' id='par_1_12' title="bbox 305 1071 1844 1153">
     <span class='ocr_line' id='line_1_12' title="bbox 305 1071 1844 1153; baseline 0 -12"><span class='ocrx_word' id='word_1_85' title='bbox 305 1092 359 1141; x_wconf 89' lang='lat' dir='ltr'><strong>et</strong></span> <span class='ocrx_word' id='word_1_86' title='bbox 376 1082 686 1153; x_wconf 91' lang='lat' dir='ltr'><strong>hujusmodi</strong></span> <span class='ocrx_word' id='word_1_87' title='bbox 705 1082 834 1139; x_wconf 89' lang='lat' dir='ltr'><strong>alia.</strong></span> <span class='ocrx_word' id='word_1_88' title='bbox 1841 1071 1844 1073; x_wconf 20' lang='grc' dir='ltr'>λ</span> 
     </span>
    </p>
   </div>
   <div class='ocr_carea' id='block_1_13' title="bbox 889 1241 1257 1298">
    <p class='ocr_par' dir='ltr' id='par_1_13' title="bbox 889 1241 1257 1298">
     <span class='ocr_line' id='line_1_13' title="bbox 889 1241 1257 1298; baseline -0.008 0"><span class='ocrx_word' id='word_1_89' title='bbox 889 1241 1134 1298; x_wconf 82' lang='lat' dir='ltr'><strong>CAPUT.</strong></span> <span class='ocrx_word' id='word_1_90' title='bbox 1167 1242 1257 1298; x_wconf 87' lang='lat' dir='ltr'><strong>IV.</strong></span> 
     </span>
    </p>
   </div>
   <div class='ocr_carea' id='block_1_14' title="bbox 371 1383 1900 1444">
    <p class='ocr_par' dir='ltr' id='par_1_14' title="bbox 371 1383 1900 1444">
     <span class='ocr_line' id='line_1_14' title="bbox 371 1383 1900 1444; baseline -0.003 -1"><span class='ocrx_word' id='word_1_91' title='bbox 371 1388 544 1444; x_wconf 89' lang='lat' dir='ltr'><strong>Vens.</strong></span> <span class='ocrx_word' id='word_1_92' title='bbox 576 1391 626 1443; x_wconf 92' lang='lat'><strong>1.</strong></span> <span class='ocrx_word' id='word_1_93' title='bbox 675 1414 748 1428; x_wconf 93' lang='lat'>—</span> <span class='ocrx_word' id='word_1_94' title='bbox 801 1386 1046 1443; x_wconf 84' lang='lat' dir='ltr'><strong>Obsecro.</strong></span> <span class='ocrx_word' id='word_1_95' title='bbox 1099 1385 1373 1441; x_wconf 87' lang='lat' dir='ltr'><strong>Hactenus</strong></span> <span class='ocrx_word' id='word_1_96' title='bbox 1419 1384 1655 1440; x_wconf 88' lang='lat' dir='ltr'><strong>ostendit</strong></span> <span class='ocrx_word' id='word_1_97' title='bbox 1719 1383 1900 1439; x_wconf 86' lang='lat' dir='ltr'><strong>omnia</strong></span> 
     </span>
    </p>
   </div>
   <div class='ocr_carea' id='block_1_15' title="bbox 305 1473 1899 1551">
    <p class='ocr_par' dir='ltr' id='par_1_15' title="bbox 305 1473 1899 1551">
     <span class='ocr_line' id='line_1_15' title="bbox 305 1473 1899 1551; baseline -0.003 -18"><span class='ocrx_word' id='word_1_98' title='bbox 305 1476 500 1551; x_wconf 82' lang='lat' dir='ltr'><strong>gratiae</strong></span> <span class='ocrx_word' id='word_1_99' title='bbox 547 1476 892 1533; x_wconf 82' lang='lat' dir='ltr'><strong>attribuenda</strong></span> <span class='ocrx_word' id='word_1_100' title='bbox 915 1517 929 1545; x_wconf 93' lang='lat'><strong>,</strong></span> <span class='ocrx_word' id='word_1_101' title='bbox 965 1474 1094 1531; x_wconf 89' lang='lat' dir='ltr'><strong>hinc</strong></span> <span class='ocrx_word' id='word_1_102' title='bbox 1123 1475 1191 1530; x_wconf 93' lang='lat' dir='ltr'><strong>de</strong></span> <span class='ocrx_word' id='word_1_103' title='bbox 1221 1474 1478 1530; x_wconf 91' lang='lat' dir='ltr'><strong>moribus</strong></span> <span class='ocrx_word' id='word_1_104' title='bbox 1508 1481 1716 1542; x_wconf 90' lang='lat' dir='ltr'><strong>monet,</strong></span> <span class='ocrx_word' id='word_1_105' title='bbox 1749 1473 1899 1545; x_wconf 89' lang='lat' dir='ltr'><strong>prius</strong></span> 
     </span>
    </p>
   </div>
   <div class='ocr_carea' id='block_1_16' title="bbox 305 1562 1753 1636">
    <p class='ocr_par' dir='ltr' id='par_1_16' title="bbox 305 1562 1753 1636">
     <span class='ocr_line' id='line_1_16' title="bbox 305 1562 1753 1636; baseline -0.003 -14"><span class='ocrx_word' id='word_1_106' title='bbox 305 1581 498 1622; x_wconf 91' lang='lat' dir='ltr'><strong>omnes</strong></span> <span class='ocrx_word' id='word_1_107' title='bbox 529 1566 909 1631; x_wconf 84' lang='lat' dir='ltr'><strong>communiter,</strong></span> <span class='ocrx_word' id='word_1_108' title='bbox 942 1572 1067 1635; x_wconf 90' lang='lat' dir='ltr'><strong>post</strong></span> <span class='ocrx_word' id='word_1_109' title='bbox 1093 1580 1193 1635; x_wconf 90' lang='lat' dir='ltr'><strong>per</strong></span> <span class='ocrx_word' id='word_1_110' title='bbox 1240 1563 1486 1636; x_wconf 88' lang='lat' dir='ltr'><strong>singulos</strong></span> <span class='ocrx_word' id='word_1_111' title='bbox 1514 1562 1753 1619; x_wconf 87' lang='lat' dir='ltr'><strong>ordines.</strong></span> 
     </span>
    </p>
   </div>
   <div class='ocr_carea' id='block_1_17' title="bbox 377 1651 1901 1724">
    <p class='ocr_par' dir='ltr' id='par_1_17' title="bbox 377 1651 1901 1724">
     <span class='ocr_line' id='line_1_17' title="bbox 377 1651 1901 1724; baseline -0.003 -14"><span class='ocrx_word' id='word_1_112' title='bbox 377 1656 550 1710; x_wconf 83' lang='lat' dir='ltr'><strong>Vens.</strong></span> <span class='ocrx_word' id='word_1_113' title='bbox 583 1659 635 1713; x_wconf 95' lang='lat'><strong>2.</strong></span> <span class='ocrx_word' id='word_1_114' title='bbox 689 1685 757 1696; x_wconf 88' lang='lat'><strong>——</strong></span> <span class='ocrx_word' id='word_1_115' title='bbox 788 1656 853 1708; x_wconf 86' lang='lat' dir='ltr'><strong>In</strong></span> <span class='ocrx_word' id='word_1_116' title='bbox 903 1654 1204 1710; x_wconf 86' lang='lat' dir='ltr'><strong>charitate.</strong></span> <span class='ocrx_word' id='word_1_117' title='bbox 1256 1652 1447 1724; x_wconf 85' lang='lat' dir='ltr'><strong>(AUG.)</strong></span> <span class='ocrx_word' id='word_1_118' title='bbox 1472 1653 1598 1723; x_wconf 90' lang='lat' dir='ltr'><strong>Ipsa</strong></span> <span class='ocrx_word' id='word_1_119' title='bbox 1628 1659 1710 1706; x_wconf 93' lang='lat' dir='ltr'><strong>est</strong></span> <span class='ocrx_word' id='word_1_120' title='bbox 1755 1651 1901 1706; x_wconf 90' lang='lat' dir='ltr'><strong>enim</strong></span> 
     </span>
    </p>
   </div>
   <div class='ocr_carea' id='block_1_18' title="bbox 312 1740 1898 1813">
    <p class='ocr_par' dir='ltr' id='par_1_18' title="bbox 312 1740 1898 1813">
     <span class='ocr_line' id='line_1_18' title="bbox 312 1740 1898 1813; baseline -0.003 -14"><span class='ocrx_word' id='word_1_121' title='bbox 312 1744 451 1800; x_wconf 75' lang='lat' dir='ltr'><strong>actio</strong></span> <span class='ocrx_word' id='word_1_122' title='bbox 496 1744 629 1799; x_wconf 91' lang='lat' dir='ltr'><strong>recti</strong></span> <span class='ocrx_word' id='word_1_123' title='bbox 678 1743 917 1810; x_wconf 87' lang='lat' dir='ltr'><strong>itineris,</strong></span> <span class='ocrx_word' id='word_1_124' title='bbox 950 1759 1071 1813; x_wconf 63' lang='lat' dir='ltr'><strong>quae</strong></span> <span class='ocrx_word' id='word_1_125' title='bbox 1118 1741 1308 1797; x_wconf 91' lang='lat' dir='ltr'><strong>oculos</strong></span> <span class='ocrx_word' id='word_1_126' title='bbox 1356 1757 1574 1811; x_wconf 89' lang='lat' dir='ltr'><strong>semper</strong></span> <span class='ocrx_word' id='word_1_127' title='bbox 1620 1740 1783 1796; x_wconf 86' lang='lat' dir='ltr'><strong>habet</strong></span> <span class='ocrx_word' id='word_1_128' title='bbox 1829 1741 1898 1795; x_wconf 91' lang='lat' dir='ltr'><strong>ad</strong></span> 
     </span>
    </p>
   </div>
   <div class='ocr_carea' id='block_1_19' title="bbox 315 1829 1903 1901">
    <p class='ocr_par' dir='ltr' id='par_1_19' title="bbox 315 1829 1903 1901">
     <span class='ocr_line' id='line_1_19' title="bbox 315 1829 1903 1901; baseline -0.003 -13"><span class='ocrx_word' id='word_1_129' title='bbox 315 1834 511 1888; x_wconf 90' lang='lat' dir='ltr'><strong>Deum.</strong></span> <span class='ocrx_word' id='word_1_130' title='bbox 544 1832 691 1887; x_wconf 88' lang='lat' dir='ltr'><strong>Talis</strong></span> <span class='ocrx_word' id='word_1_131' title='bbox 721 1831 861 1887; x_wconf 89' lang='lat' dir='ltr'><strong>actio</strong></span> <span class='ocrx_word' id='word_1_132' title='bbox 909 1848 1013 1885; x_wconf 90' lang='lat' dir='ltr'><strong>nec</strong></span> <span class='ocrx_word' id='word_1_133' title='bbox 1058 1829 1327 1901; x_wconf 81' lang='lat' dir='ltr'><strong>frangitur</strong></span> <span class='ocrx_word' id='word_1_134' title='bbox 1355 1829 1575 1900; x_wconf 89' lang='lat' dir='ltr'><strong>negotio</strong></span> <span class='ocrx_word' id='word_1_135' title='bbox 1598 1873 1611 1896; x_wconf 92' lang='lat'><strong>,</strong></span> <span class='ocrx_word' id='word_1_136' title='bbox 1643 1844 1745 1885; x_wconf 91' lang='lat' dir='ltr'><strong>nec</strong></span> <span class='ocrx_word' id='word_1_137' title='bbox 1782 1836 1903 1883; x_wconf 90' lang='lat' dir='ltr'><strong>tur-</strong></span> 
     </span>
    </p>
   </div>
   <div class='ocr_carea' id='block_1_20' title="bbox 310 1917 1902 1991">
    <p class='ocr_par' dir='ltr' id='par_1_20' title="bbox 310 1917 1902 1991">
     <span class='ocr_line' id='line_1_20' title="bbox 310 1917 1902 1991; baseline -0.001 -16"><span class='ocrx_word' id='word_1_138' title='bbox 310 1920 532 1976; x_wconf 87' lang='lat' dir='ltr'><strong>bulenta</strong></span> <span class='ocrx_word' id='word_1_139' title='bbox 562 1929 662 1985; x_wconf 91' lang='lat' dir='ltr'><strong>est,</strong></span> <span class='ocrx_word' id='word_1_140' title='bbox 686 1936 789 1976; x_wconf 91' lang='lat' dir='ltr'><strong>nec</strong></span> <span class='ocrx_word' id='word_1_141' title='bbox 814 1919 1082 1986; x_wconf 90' lang='lat' dir='ltr'><strong>marcida,</strong></span> <span class='ocrx_word' id='word_1_142' title='bbox 1116 1934 1217 1974; x_wconf 91' lang='lat' dir='ltr'><strong>nec</strong></span> <span class='ocrx_word' id='word_1_143' title='bbox 1243 1918 1437 1984; x_wconf 86' lang='lat' dir='ltr'><strong>audax,</strong></span> <span class='ocrx_word' id='word_1_144' title='bbox 1462 1934 1565 1974; x_wconf 92' lang='lat' dir='ltr'><strong>nec</strong></span> <span class='ocrx_word' id='word_1_145' title='bbox 1586 1917 1772 1991; x_wconf 82' lang='lat' dir='ltr'><strong>fugax,</strong></span> <span class='ocrx_word' id='word_1_146' title='bbox 1798 1933 1902 1974; x_wconf 89' lang='lat' dir='ltr'><strong>nec</strong></span> 
     </span>
    </p>
   </div>
   <div class='ocr_carea' id='block_1_21' title="bbox 305 2009 942 2082">
    <p class='ocr_par' dir='ltr' id='par_1_21' title="bbox 305 2009 942 2082">
     <span class='ocr_line' id='line_1_21' title="bbox 305 2009 942 2082; baseline -0.003 -18"><span class='ocrx_word' id='word_1_147' title='bbox 305 2025 574 2082; x_wconf 73' lang='lat' dir='ltr'><strong>praeceps,</strong></span> <span class='ocrx_word' id='word_1_148' title='bbox 606 2024 709 2065; x_wconf 89' lang='lat' dir='ltr'><strong>nec</strong></span> <span class='ocrx_word' id='word_1_149' title='bbox 731 2009 942 2078; x_wconf 89' lang='lat' dir='ltr'><strong>jacens.</strong></span> 
     </span>
    </p>
   </div>
   <div class='ocr_carea' id='block_1_22' title="bbox 376 2096 1900 2170">
    <p class='ocr_par' dir='ltr' id='par_1_22' title="bbox 376 2096 1900 2170">
     <span class='ocr_line' id='line_1_22' title="bbox 376 2096 1900 2170; baseline -0.001 -17"><span class='ocrx_word' id='word_1_150' title='bbox 376 2098 544 2154; x_wconf 84' lang='lat' dir='ltr'><strong>Vens.</strong></span> <span class='ocrx_word' id='word_1_151' title='bbox 579 2102 630 2152; x_wconf 88' lang='lat'><strong>3.</strong></span> <span class='ocrx_word' id='word_1_152' title='bbox 664 2126 731 2139; x_wconf 91' lang='lat'>—</span> <span class='ocrx_word' id='word_1_153' title='bbox 761 2098 827 2152; x_wconf 87' lang='lat' dir='ltr'><strong>In</strong></span> <span class='ocrx_word' id='word_1_154' title='bbox 854 2098 1081 2153; x_wconf 85' lang='lat' dir='ltr'><strong>vinculo</strong></span> <span class='ocrx_word' id='word_1_155' title='bbox 1123 2097 1300 2170; x_wconf 88' lang='lat' dir='ltr'><strong>pacis.</strong></span> <span class='ocrx_word' id='word_1_156' title='bbox 1335 2096 1396 2151; x_wconf 87' lang='lat' dir='ltr'><strong>Id</strong></span> <span class='ocrx_word' id='word_1_157' title='bbox 1424 2104 1508 2151; x_wconf 90' lang='lat' dir='ltr'><strong>est</strong></span> <span class='ocrx_word' id='word_1_158' title='bbox 1553 2111 1745 2167; x_wconf 90' lang='lat' dir='ltr'><strong>pacem</strong></span> <span class='ocrx_word' id='word_1_159' title='bbox 1778 2112 1900 2151; x_wconf 87' lang='lat' dir='ltr'><strong>ser-</strong></span> 
     </span>
    </p>
   </div>
   <div class='ocr_carea' id='block_1_23' title="bbox 308 2184 1901 2257">
    <p class='ocr_par' dir='ltr' id='par_1_23' title="bbox 308 2184 1901 2257">
     <span class='ocr_line' id='line_1_23' title="bbox 308 2184 1901 2257; baseline -0.002 -14"><span class='ocrx_word' id='word_1_160' title='bbox 308 2196 519 2243; x_wconf 91' lang='lat' dir='ltr'><strong>vantes.</strong></span> <span class='ocrx_word' id='word_1_161' title='bbox 569 2188 700 2242; x_wconf 79' lang='lat' dir='ltr'><strong>Haec</strong></span> <span class='ocrx_word' id='word_1_162' title='bbox 746 2194 926 2241; x_wconf 88' lang='lat' dir='ltr'><strong>autem</strong></span> <span class='ocrx_word' id='word_1_163' title='bbox 975 2201 1083 2257; x_wconf 89' lang='lat' dir='ltr'><strong>pax</strong></span> <span class='ocrx_word' id='word_1_164' title='bbox 1129 2193 1229 2255; x_wconf 90' lang='lat' dir='ltr'><strong>est,</strong></span> <span class='ocrx_word' id='word_1_165' title='bbox 1264 2186 1308 2239; x_wconf 89' lang='lat' dir='ltr'><strong>si</strong></span> <span class='ocrx_word' id='word_1_166' title='bbox 1352 2193 1578 2256; x_wconf 90' lang='lat' dir='ltr'><strong>peccata</strong></span> <span class='ocrx_word' id='word_1_167' title='bbox 1624 2202 1745 2256; x_wconf 85' lang='lat' dir='ltr'><strong>quae</strong></span> <span class='ocrx_word' id='word_1_168' title='bbox 1784 2184 1901 2240; x_wconf 90' lang='lat' dir='ltr'><strong>sine</strong></span> 
     </span>
    </p>
   </div>
   <div class='ocr_carea' id='block_1_24' title="bbox 306 2273 1900 2347">
    <p class='ocr_par' dir='ltr' id='par_1_24' title="bbox 306 2273 1900 2347">
     <span class='ocr_line' id='line_1_24' title="bbox 306 2273 1900 2347; baseline -0.003 -16"><span class='ocrx_word' id='word_1_169' title='bbox 306 2276 509 2347; x_wconf 84' lang='lat' dir='ltr'><strong>damno</strong></span> <span class='ocrx_word' id='word_1_170' title='bbox 554 2274 715 2331; x_wconf 89' lang='lat' dir='ltr'><strong>tritici</strong></span> <span class='ocrx_word' id='word_1_171' title='bbox 744 2281 836 2329; x_wconf 89' lang='lat' dir='ltr'><strong>aut</strong></span> <span class='ocrx_word' id='word_1_172' title='bbox 872 2291 993 2329; x_wconf 89' lang='lat' dir='ltr'><strong>cum</strong></span> <span class='ocrx_word' id='word_1_173' title='bbox 1060 2290 1157 2345; x_wconf 91' lang='lat' dir='ltr'><strong>spe</strong></span> <span class='ocrx_word' id='word_1_174' title='bbox 1205 2273 1398 2328; x_wconf 90' lang='lat' dir='ltr'><strong>salutis</strong></span> <span class='ocrx_word' id='word_1_175' title='bbox 1444 2273 1900 2347; x_wconf 85' lang='lat' dir='ltr'><strong>corrigendorum</strong></span> 
     </span>
    </p>
   </div>
   <div class='ocr_carea' id='block_1_25' title="bbox 307 2362 1900 2435">
    <p class='ocr_par' dir='ltr' id='par_1_25' title="bbox 307 2362 1900 2435">
     <span class='ocr_line' id='line_1_25' title="bbox 307 2362 1900 2435; baseline -0.003 -15"><span class='ocrx_word' id='word_1_176' title='bbox 307 2364 573 2421; x_wconf 90' lang='lat' dir='ltr'><strong>eradicari</strong></span> <span class='ocrx_word' id='word_1_177' title='bbox 632 2379 742 2419; x_wconf 89' lang='lat' dir='ltr'><strong>non</strong></span> <span class='ocrx_word' id='word_1_178' title='bbox 769 2371 1017 2435; x_wconf 90' lang='lat' dir='ltr'><strong>possunt,</strong></span> <span class='ocrx_word' id='word_1_179' title='bbox 1068 2378 1244 2435; x_wconf 92' lang='lat' dir='ltr'><strong>usque</strong></span> <span class='ocrx_word' id='word_1_180' title='bbox 1273 2363 1343 2418; x_wconf 90' lang='lat' dir='ltr'><strong>ad</strong></span> <span class='ocrx_word' id='word_1_181' title='bbox 1388 2378 1627 2418; x_wconf 89' lang='lat' dir='ltr'><strong>messem</strong></span> <span class='ocrx_word' id='word_1_182' title='bbox 1656 2362 1900 2417; x_wconf 87' lang='lat' dir='ltr'><strong>ultimam</strong></span> 
     </span>
    </p>
   </div>
   <div class='ocr_carea' id='block_1_26' title="bbox 307 2453 625 2521">
    <p class='ocr_par' dir='ltr' id='par_1_26' title="bbox 307 2453 625 2521">
     <span class='ocr_line' id='line_1_26' title="bbox 307 2453 625 2521; baseline -0.003 -13"><span class='ocrx_word' id='word_1_183' title='bbox 307 2453 625 2521; x_wconf 88' lang='lat' dir='ltr'><strong>toleramus,</strong></span> 
     </span>
    </p>
   </div>
   <div class='ocr_carea' id='block_1_27' title="bbox 378 2540 1896 2609">
    <p class='ocr_par' dir='ltr' id='par_1_27' title="bbox 378 2540 1896 2609">
     <span class='ocr_line' id='line_1_27' title="bbox 378 2540 1896 2609; baseline -0.001 -12"><span class='ocrx_word' id='word_1_184' title='bbox 378 2544 548 2598; x_wconf 84' lang='lat' dir='ltr'><strong>Vens.</strong></span> <span class='ocrx_word' id='word_1_185' title='bbox 569 2545 621 2598; x_wconf 82' lang='lat'><strong>5.</strong></span> <span class='ocrx_word' id='word_1_186' title='bbox 650 2543 801 2600; x_wconf 85' lang='lat' dir='ltr'><strong>Unus</strong></span> <span class='ocrx_word' id='word_1_187' title='bbox 820 2542 1114 2598; x_wconf 80' lang='lat' dir='ltr'><strong>Dominus.</strong></span> <span class='ocrx_word' id='word_1_188' title='bbox 1139 2540 1361 2596; x_wconf 91' lang='lat' dir='ltr'><strong>Debetis</strong></span> <span class='ocrx_word' id='word_1_189' title='bbox 1374 2556 1597 2596; x_wconf 90' lang='lat' dir='ltr'><strong>servare</strong></span> <span class='ocrx_word' id='word_1_190' title='bbox 1617 2540 1896 2609; x_wconf 89' lang='lat' dir='ltr'><strong>unitatem,</strong></span> 
     </span>
    </p>
   </div>
   <div class='ocr_carea' id='block_1_28' title="bbox 309 2629 1899 2705">
    <p class='ocr_par' dir='ltr' id='par_1_28' title="bbox 309 2629 1899 2705">
     <span class='ocr_line' id='line_1_28' title="bbox 309 2629 1899 2705; baseline -0.001 -18"><span class='ocrx_word' id='word_1_191' title='bbox 309 2631 437 2705; x_wconf 85' lang='lat' dir='ltr'><strong>quia</strong></span> <span class='ocrx_word' id='word_1_192' title='bbox 467 2631 626 2687; x_wconf 91' lang='lat' dir='ltr'><strong>nobis</strong></span> <span class='ocrx_word' id='word_1_193' title='bbox 656 2638 739 2685; x_wconf 91' lang='lat' dir='ltr'><strong>est</strong></span> <span class='ocrx_word' id='word_1_194' title='bbox 768 2647 908 2685; x_wconf 91' lang='lat' dir='ltr'><strong>unus</strong></span> <span class='ocrx_word' id='word_1_195' title='bbox 936 2629 1223 2697; x_wconf 91' lang='lat' dir='ltr'><strong>Dominus,</strong></span> <span class='ocrx_word' id='word_1_196' title='bbox 1257 2646 1366 2684; x_wconf 90' lang='lat' dir='ltr'><strong>non</strong></span> <span class='ocrx_word' id='word_1_197' title='bbox 1395 2637 1509 2685; x_wconf 89' lang='lat' dir='ltr'><strong>tres</strong></span> <span class='ocrx_word' id='word_1_198' title='bbox 1537 2644 1640 2701; x_wconf 91' lang='lat' dir='ltr'><strong>pro</strong></span> <span class='ocrx_word' id='word_1_199' title='bbox 1671 2645 1899 2701; x_wconf 90' lang='lat' dir='ltr'><strong>quorum</strong></span> 
     </span>
    </p>
   </div>
   <div class='ocr_carea' id='block_1_29' title="bbox 304 2717 1900 2790">
    <p class='ocr_par' dir='ltr' id='par_1_29' title="bbox 304 2717 1900 2790">
     <span class='ocr_line' id='line_1_29' title="bbox 304 2717 1900 2790; baseline -0.003 -13"><span class='ocrx_word' id='word_1_200' title='bbox 304 2720 539 2777; x_wconf 86' lang='lat' dir='ltr'><strong>diversis</strong></span> <span class='ocrx_word' id='word_1_201' title='bbox 586 2719 951 2776; x_wconf 87' lang='lat' dir='ltr'><strong>voluntatibus</strong></span> <span class='ocrx_word' id='word_1_202' title='bbox 997 2734 1095 2774; x_wconf 89' lang='lat' dir='ltr'><strong>vos</strong></span> <span class='ocrx_word' id='word_1_203' title='bbox 1157 2725 1403 2790; x_wconf 88' lang='lat' dir='ltr'><strong>oporteat</strong></span> <span class='ocrx_word' id='word_1_204' title='bbox 1450 2717 1782 2774; x_wconf 89' lang='lat' dir='ltr'><strong>discordare.</strong></span> <span class='ocrx_word' id='word_1_205' title='bbox 1832 2720 1900 2774; x_wconf 90' lang='lat' dir='ltr'><strong>Et</strong></span> 
     </span>
    </p>
   </div>
   <div class='ocr_carea' id='block_1_30' title="bbox 305 2806 1901 2878">
    <p class='ocr_par' dir='ltr' id='par_1_30' title="bbox 305 2806 1901 2878">
     <span class='ocr_line' id='line_1_30' title="bbox 305 2806 1901 2878; baseline -0.002 -13"><span class='ocrx_word' id='word_1_206' title='bbox 305 2809 453 2865; x_wconf 69' lang='lat' dir='ltr'><strong>idem</strong></span> <span class='ocrx_word' id='word_1_207' title='bbox 474 2808 742 2878; x_wconf 90' lang='lat' dir='ltr'><strong>jubemini</strong></span> <span class='ocrx_word' id='word_1_208' title='bbox 770 2808 1012 2873; x_wconf 87' lang='lat' dir='ltr'><strong>credere,</strong></span> <span class='ocrx_word' id='word_1_209' title='bbox 1047 2814 1101 2863; x_wconf 90' lang='lat' dir='ltr'><strong>et</strong></span> <span class='ocrx_word' id='word_1_210' title='bbox 1141 2808 1335 2863; x_wconf 90' lang='lat' dir='ltr'><strong>eodem</strong></span> <span class='ocrx_word' id='word_1_211' title='bbox 1378 2806 1542 2863; x_wconf 89' lang='lat' dir='ltr'><strong>modo</strong></span> <span class='ocrx_word' id='word_1_212' title='bbox 1569 2806 1808 2877; x_wconf 89' lang='lat' dir='ltr'><strong>operari.</strong></span> <span class='ocrx_word' id='word_1_213' title='bbox 1832 2808 1901 2862; x_wconf 90' lang='lat' dir='ltr'><strong>Et</strong></span> 
     </span>
    </p>
   </div>
   <div class='ocr_carea' id='block_1_31' title="bbox 306 2895 1898 2969">
    <p class='ocr_par' dir='ltr' id='par_1_31' title="bbox 306 2895 1898 2969">
     <span class='ocr_line' id='line_1_31' title="bbox 306 2895 1898 2969; baseline -0.003 -15"><span class='ocrx_word' id='word_1_214' title='bbox 306 2898 465 2954; x_wconf 79' lang='lat' dir='ltr'><strong>vobis</strong></span> <span class='ocrx_word' id='word_1_215' title='bbox 493 2905 577 2954; x_wconf 88' lang='lat' dir='ltr'><strong>est</strong></span> <span class='ocrx_word' id='word_1_216' title='bbox 620 2899 760 2953; x_wconf 76' lang='lat' dir='ltr'><strong>unus</strong></span> <span class='ocrx_word' id='word_1_217' title='bbox 795 2898 945 2953; x_wconf 90' lang='lat' dir='ltr'><strong>Deus</strong></span> <span class='ocrx_word' id='word_1_218' title='bbox 973 2904 1188 2969; x_wconf 82' lang='lat' dir='ltr'><strong>creator</strong></span> <span class='ocrx_word' id='word_1_219' title='bbox 1225 2895 1465 2951; x_wconf 89' lang='lat' dir='ltr'><strong>omnium</strong></span> <span class='ocrx_word' id='word_1_220' title='bbox 1493 2904 1547 2950; x_wconf 90' lang='lat' dir='ltr'><strong>et</strong></span> <span class='ocrx_word' id='word_1_221' title='bbox 1581 2902 1736 2965; x_wconf 89' lang='lat' dir='ltr'><strong>pater</strong></span> <span class='ocrx_word' id='word_1_222' title='bbox 1761 2911 1898 2966; x_wconf 93' lang='lat' dir='ltr'><strong>pro-</strong></span> 
     </span>
    </p>
   </div>
   <div class='ocr_carea' id='block_1_32' title="bbox 309 2982 1895 3056">
    <p class='ocr_par' dir='ltr' id='par_1_32' title="bbox 309 2982 1895 3056">
     <span class='ocr_line' id='line_1_32' title="bbox 309 2982 1895 3056; baseline -0.003 -13"><span class='ocrx_word' id='word_1_223' title='bbox 309 2986 553 3044; x_wconf 88' lang='lat' dir='ltr'><strong>curando</strong></span> <span class='ocrx_word' id='word_1_224' title='bbox 604 3003 618 3041; x_wconf 92' lang='lat'>:</span> <span class='ocrx_word' id='word_1_225' title='bbox 651 2993 704 3042; x_wconf 89' lang='lat' dir='ltr'><strong>et</strong></span> <span class='ocrx_word' id='word_1_226' title='bbox 750 2986 875 3041; x_wconf 90' lang='lat' dir='ltr'><strong>ideo</strong></span> <span class='ocrx_word' id='word_1_227' title='bbox 920 3001 1082 3041; x_wconf 92' lang='lat' dir='ltr'><strong>nemo</strong></span> <span class='ocrx_word' id='word_1_228' title='bbox 1126 2992 1308 3056; x_wconf 89' lang='lat' dir='ltr'><strong>potest</strong></span> <span class='ocrx_word' id='word_1_229' title='bbox 1343 2988 1419 3039; x_wconf 69' lang='lat' dir='ltr'><strong>se</strong></span> <span class='ocrx_word' id='word_1_230' title='bbox 1432 2983 1587 3039; x_wconf 87' lang='lat' dir='ltr'><strong>alteri</strong></span> <span class='ocrx_word' id='word_1_231' title='bbox 1615 2982 1895 3055; x_wconf 68' lang='lat' dir='ltr'><strong>praeferre.</strong></span> 
     </span>
    </p>
   </div>
   <div class='ocr_carea' id='block_1_33' title="bbox 313 3072 1974 3163">
    <p class='ocr_par' dir='ltr' id='par_1_33' title="bbox 313 3072 1974 3163">
     <span class='ocr_line' id='line_1_33' title="bbox 313 3072 1974 3163; baseline -0.002 -32"><span class='ocrx_word' id='word_1_232' title='bbox 313 3078 434 3145; x_wconf 84' lang='lat' dir='ltr'><strong>Qui,</strong></span> <span class='ocrx_word' id='word_1_233' title='bbox 468 3077 636 3141; x_wconf 91' lang='lat' dir='ltr'><strong>Deus,</strong></span> <span class='ocrx_word' id='word_1_234' title='bbox 671 3079 757 3131; x_wconf 87' lang='lat' dir='ltr'><strong>est</strong></span> <span class='ocrx_word' id='word_1_235' title='bbox 783 3089 956 3146; x_wconf 82' lang='lat' dir='ltr'><strong>super</strong></span> <span class='ocrx_word' id='word_1_236' title='bbox 979 3090 1190 3139; x_wconf 88' lang='lat' dir='ltr'><strong>omnes,</strong></span> <span class='ocrx_word' id='word_1_237' title='bbox 1225 3073 1280 3127; x_wconf 91' lang='lat' dir='ltr'><strong>id</strong></span> <span class='ocrx_word' id='word_1_238' title='bbox 1319 3080 1402 3127; x_wconf 91' lang='lat' dir='ltr'><strong>est</strong></span> <span class='ocrx_word' id='word_1_239' title='bbox 1429 3072 1693 3144; x_wconf 72' lang='lat' dir='ltr'><strong>praecellit</strong></span> <span class='ocrx_word' id='word_1_240' title='bbox 1724 3072 1898 3129; x_wconf 88' lang='lat' dir='ltr'><strong>omni-</strong></span> <span class='ocrx_word' id='word_1_241' title='bbox 1924 3100 1974 3163; x_wconf 66' lang='grc' dir='ltr'>ο</span> 
     </span>
    </p>
   </div>
   <div class='ocr_carea' id='block_1_34' title="bbox 305 3161 1903 3235">
    <p class='ocr_par' dir='ltr' id='par_1_34' title="bbox 305 3161 1903 3235">
     <span class='ocr_line' id='line_1_34' title="bbox 305 3161 1903 3235; baseline -0.001 -16"><span class='ocrx_word' id='word_1_242' title='bbox 305 3164 410 3219; x_wconf 88' lang='lat' dir='ltr'><strong>bus</strong></span> <span class='ocrx_word' id='word_1_243' title='bbox 436 3163 718 3232; x_wconf 87' lang='lat' dir='ltr'><strong>creaturis,</strong></span> <span class='ocrx_word' id='word_1_244' title='bbox 753 3163 904 3232; x_wconf 88' lang='lat' dir='ltr'><strong>cujus</strong></span> <span class='ocrx_word' id='word_1_245' title='bbox 934 3162 1173 3235; x_wconf 84' lang='lat' dir='ltr'><strong>dignitas</strong></span> <span class='ocrx_word' id='word_1_246' title='bbox 1198 3177 1298 3217; x_wconf 91' lang='lat' dir='ltr'><strong>vos</strong></span> <span class='ocrx_word' id='word_1_247' title='bbox 1329 3161 1536 3227; x_wconf 87' lang='lat' dir='ltr'><strong>invitet,</strong></span> <span class='ocrx_word' id='word_1_248' title='bbox 1567 3166 1625 3218; x_wconf 89' lang='lat' dir='ltr'><strong>et</strong></span> <span class='ocrx_word' id='word_1_249' title='bbox 1651 3177 1752 3233; x_wconf 89' lang='lat' dir='ltr'><strong>per</strong></span> <span class='ocrx_word' id='word_1_250' title='bbox 1780 3178 1903 3218; x_wconf 90' lang='lat' dir='ltr'><strong>om-</strong></span> 
     </span>
    </p>
   </div>
   <div class='ocr_carea' id='block_1_35' title="bbox 308 3249 1902 3323">
    <p class='ocr_par' dir='ltr' id='par_1_35' title="bbox 308 3249 1902 3323">
     <span class='ocr_line' id='line_1_35' title="bbox 308 3249 1902 3323; baseline -0.001 -15"><span class='ocrx_word' id='word_1_251' title='bbox 308 3254 411 3308; x_wconf 84' lang='lat' dir='ltr'><strong>nia</strong></span> <span class='ocrx_word' id='word_1_252' title='bbox 454 3250 706 3319; x_wconf 69' lang='lat' dir='ltr'><strong>diffusus,</strong></span> <span class='ocrx_word' id='word_1_253' title='bbox 740 3251 869 3323; x_wconf 85' lang='lat' dir='ltr'><strong>quia</strong></span> <span class='ocrx_word' id='word_1_254' title='bbox 919 3251 1137 3323; x_wconf 91' lang='lat' dir='ltr'><strong>ubique,</strong></span> <span class='ocrx_word' id='word_1_255' title='bbox 1173 3257 1226 3305; x_wconf 90' lang='lat' dir='ltr'><strong>et</strong></span> <span class='ocrx_word' id='word_1_256' title='bbox 1270 3249 1397 3305; x_wconf 90' lang='lat' dir='ltr'><strong>ideo</strong></span> <span class='ocrx_word' id='word_1_257' title='bbox 1435 3249 1745 3317; x_wconf 89' lang='lat' dir='ltr'><strong>timendus;</strong></span> <span class='ocrx_word' id='word_1_258' title='bbox 1779 3265 1902 3306; x_wconf 90' lang='lat' dir='ltr'><strong>cum</strong></span> 
     </span>
    </p>
   </div>
   <div class='ocr_carea' id='block_1_36' title="bbox 308 3338 1906 3413">
    <p class='ocr_par' dir='ltr' id='par_1_36' title="bbox 308 3338 1906 3413">
     <span class='ocr_line' id='line_1_36' title="bbox 308 3338 1906 3413; baseline -0.002 -16"><span class='ocrx_word' id='word_1_259' title='bbox 308 3356 575 3413; x_wconf 91' lang='lat' dir='ltr'><strong>nusquam</strong></span> <span class='ocrx_word' id='word_1_260' title='bbox 623 3339 799 3412; x_wconf 86' lang='lat' dir='ltr'><strong>possit</strong></span> <span class='ocrx_word' id='word_1_261' title='bbox 827 3338 1040 3396; x_wconf 85' lang='lat' dir='ltr'><strong>evitari.</strong></span> <span class='ocrx_word' id='word_1_262' title='bbox 1090 3341 1161 3395; x_wconf 91' lang='lat' dir='ltr'><strong>Et</strong></span> <span class='ocrx_word' id='word_1_263' title='bbox 1207 3340 1271 3395; x_wconf 90' lang='lat' dir='ltr'><strong>in</strong></span> <span class='ocrx_word' id='word_1_264' title='bbox 1307 3341 1563 3397; x_wconf 83' lang='lat' dir='ltr'><strong>omnibus</strong></span> <span class='ocrx_word' id='word_1_265' title='bbox 1602 3340 1776 3406; x_wconf 84' lang='lat' dir='ltr'><strong>nobis,</strong></span> <span class='ocrx_word' id='word_1_266' title='bbox 1808 3356 1906 3411; x_wconf 90' lang='lat' dir='ltr'><strong>per</strong></span> 
     </span>
    </p>
   </div>
   <div class='ocr_carea' id='block_1_37' title="bbox 307 3428 1905 3505">
    <p class='ocr_par' dir='ltr' id='par_1_37' title="bbox 307 3428 1905 3505">
     <span class='ocr_line' id='line_1_37' title="bbox 307 3428 1905 3505; baseline -0.001 -20"><span class='ocrx_word' id='word_1_267' title='bbox 307 3429 658 3505; x_wconf 86' lang='lat' dir='ltr'><strong>gratiam,qui</strong></span> <span class='ocrx_word' id='word_1_268' title='bbox 686 3430 951 3484; x_wconf 89' lang='lat' dir='ltr'><strong>unitatem</strong></span> <span class='ocrx_word' id='word_1_269' title='bbox 981 3444 1283 3485; x_wconf 84' lang='lat' dir='ltr'><strong>servamus.</strong></span> <span class='ocrx_word' id='word_1_270' title='bbox 1315 3429 1385 3483; x_wconf 91' lang='lat' dir='ltr'><strong>Et</strong></span> <span class='ocrx_word' id='word_1_271' title='bbox 1417 3428 1496 3485; x_wconf 91' lang='lat' dir='ltr'><strong>sic</strong></span> <span class='ocrx_word' id='word_1_272' title='bbox 1525 3444 1635 3485; x_wconf 90' lang='lat' dir='ltr'><strong>non</strong></span> <span class='ocrx_word' id='word_1_273' title='bbox 1666 3428 1905 3502; x_wconf 87' lang='lat' dir='ltr'><strong>singula-</strong></span> 
     </span>
    </p>
   </div>
   <div class='ocr_carea' id='block_1_38' title="bbox 305 3517 1902 3589">
    <p class='ocr_par' dir='ltr' id='par_1_38' title="bbox 305 3517 1902 3589">
     <span class='ocr_line' id='line_1_38' title="bbox 305 3517 1902 3589; baseline -0.001 -16"><span class='ocrx_word' id='word_1_274' title='bbox 305 3520 438 3574; x_wconf 88' lang='lat' dir='ltr'><strong>riter</strong></span> <span class='ocrx_word' id='word_1_275' title='bbox 466 3518 535 3575; x_wconf 88' lang='lat' dir='ltr'><strong>de</strong></span> <span class='ocrx_word' id='word_1_276' title='bbox 563 3533 673 3574; x_wconf 89' lang='lat' dir='ltr'><strong>una</strong></span> <span class='ocrx_word' id='word_1_277' title='bbox 700 3534 936 3589; x_wconf 86' lang='lat' dir='ltr'><strong>persona</strong></span> <span class='ocrx_word' id='word_1_278' title='bbox 955 3560 969 3584; x_wconf 96' lang='lat'><strong>,</strong></span> <span class='ocrx_word' id='word_1_279' title='bbox 1003 3517 1101 3573; x_wconf 90' lang='lat' dir='ltr'><strong>sed</strong></span> <span class='ocrx_word' id='word_1_280' title='bbox 1148 3518 1508 3574; x_wconf 90' lang='lat' dir='ltr'><strong>communiter</strong></span> <span class='ocrx_word' id='word_1_281' title='bbox 1529 3518 1598 3573; x_wconf 90' lang='lat' dir='ltr'><strong>de</strong></span> <span class='ocrx_word' id='word_1_282' title='bbox 1629 3518 1902 3584; x_wconf 89' lang='lat' dir='ltr'><strong>omnibus,</strong></span> 
     </span>
    </p>
   </div>
   <div class='ocr_carea' id='block_1_39' title="bbox 306 3605 1910 3678">
    <p class='ocr_par' dir='ltr' id='par_1_39' title="bbox 306 3605 1910 3678">
     <span class='ocr_line' id='line_1_39' title="bbox 306 3605 1910 3678; baseline -0.001 -16"><span class='ocrx_word' id='word_1_283' title='bbox 306 3607 363 3662; x_wconf 92' lang='lat' dir='ltr'><strong>id</strong></span> <span class='ocrx_word' id='word_1_284' title='bbox 384 3614 467 3663; x_wconf 90' lang='lat' dir='ltr'><strong>est</strong></span> <span class='ocrx_word' id='word_1_285' title='bbox 496 3607 565 3663; x_wconf 91' lang='lat' dir='ltr'><strong>de</strong></span> <span class='ocrx_word' id='word_1_286' title='bbox 593 3606 854 3663; x_wconf 88' lang='lat' dir='ltr'><strong>Trinitate</strong></span> <span class='ocrx_word' id='word_1_287' title='bbox 883 3606 990 3663; x_wconf 89' lang='lat' dir='ltr'><strong>hoc</strong></span> <span class='ocrx_word' id='word_1_288' title='bbox 1017 3605 1299 3678; x_wconf 89' lang='lat' dir='ltr'><strong>accipitur.</strong></span> <span class='ocrx_word' id='word_1_289' title='bbox 1340 3609 1459 3665; x_wconf 90' lang='lat' dir='ltr'><strong>Una</strong></span> <span class='ocrx_word' id='word_1_290' title='bbox 1486 3607 1645 3677; x_wconf 82' lang='lat' dir='ltr'><strong>ﬁdes.</strong></span> <span class='ocrx_word' id='word_1_291' title='bbox 1671 3607 1795 3662; x_wconf 90' lang='lat' dir='ltr'><strong>Non</strong></span> <span class='ocrx_word' id='word_1_292' title='bbox 1814 3623 1910 3661; x_wconf 90' lang='lat' dir='ltr'><strong>nu-</strong></span> 
     </span>
    </p>
   </div>
   <div class='ocr_carea' id='block_1_40' title="bbox 307 3695 1621 3770">
    <p class='ocr_par' dir='ltr' id='par_1_40' title="bbox 307 3695 1621 3770">
     <span class='ocr_line' id='line_1_40' title="bbox 307 3695 1621 3770; baseline -0.001 -18"><span class='ocrx_word' id='word_1_293' title='bbox 307 3712 480 3765; x_wconf 90' lang='lat' dir='ltr'><strong>mero,</strong></span> <span class='ocrx_word' id='word_1_294' title='bbox 516 3696 613 3753; x_wconf 88' lang='lat' dir='ltr'><strong>sed</strong></span> <span class='ocrx_word' id='word_1_295' title='bbox 635 3711 867 3770; x_wconf 86' lang='lat' dir='ltr'><strong>genere,</strong></span> <span class='ocrx_word' id='word_1_296' title='bbox 893 3696 1017 3768; x_wconf 88' lang='lat' dir='ltr'><strong>quia</strong></span> <span class='ocrx_word' id='word_1_297' title='bbox 1039 3695 1232 3752; x_wconf 90' lang='lat' dir='ltr'><strong>similis</strong></span> <span class='ocrx_word' id='word_1_298' title='bbox 1260 3695 1316 3750; x_wconf 92' lang='lat' dir='ltr'><strong>in</strong></span> <span class='ocrx_word' id='word_1_299' title='bbox 1346 3696 1621 3752; x_wconf 89' lang='lat' dir='ltr'><strong>omnibus.</strong></span> 
     </span>
    </p>
   </div>
   <div class='ocr_carea' id='block_1_41' title="bbox 379 3785 1911 3860">
    <p class='ocr_par' dir='ltr' id='par_1_41' title="bbox 379 3785 1911 3860">
     <span class='ocr_line' id='line_1_41' title="bbox 379 3785 1911 3860; baseline -0.001 -18"><span class='ocrx_word' id='word_1_300' title='bbox 379 3787 548 3842; x_wconf 89' lang='lat' dir='ltr'><strong>Vens.</strong></span> <span class='ocrx_word' id='word_1_301' title='bbox 574 3788 627 3841; x_wconf 87' lang='lat'><strong>8.</strong></span> <span class='ocrx_word' id='word_1_302' title='bbox 664 3786 954 3860; x_wconf 83' lang='lat' dir='ltr'><strong>Captivam</strong></span> <span class='ocrx_word' id='word_1_303' title='bbox 983 3786 1152 3841; x_wconf 74' lang='lat' dir='ltr'><strong>duxit</strong></span> <span class='ocrx_word' id='word_1_304' title='bbox 1181 3786 1589 3858; x_wconf 73' lang='lat' dir='ltr'><strong>captivitatem.</strong></span> <span class='ocrx_word' id='word_1_305' title='bbox 1616 3785 1676 3841; x_wconf 91' lang='lat' dir='ltr'><strong>Id</strong></span> <span class='ocrx_word' id='word_1_306' title='bbox 1705 3793 1789 3840; x_wconf 90' lang='lat' dir='ltr'><strong>est</strong></span> <span class='ocrx_word' id='word_1_307' title='bbox 1816 3800 1911 3841; x_wconf 91' lang='lat' dir='ltr'><strong>eos</strong></span> 
     </span>
    </p>
   </div>
   <div class='ocr_carea' id='block_1_42' title="bbox 311 3874 1911 3948">
    <p class='ocr_par' dir='ltr' id='par_1_42' title="bbox 311 3874 1911 3948">
     <span class='ocr_line' id='line_1_42' title="bbox 311 3874 1911 3948; baseline -0.003 -17"><span class='ocrx_word' id='word_1_308' title='bbox 311 3890 451 3948; x_wconf 92' lang='lat' dir='ltr'><strong>quos</strong></span> <span class='ocrx_word' id='word_1_309' title='bbox 494 3875 748 3931; x_wconf 88' lang='lat' dir='ltr'><strong>diabolus</strong></span> <span class='ocrx_word' id='word_1_310' title='bbox 795 3875 1159 3947; x_wconf 88' lang='lat' dir='ltr'><strong>captivaverat</strong></span> <span class='ocrx_word' id='word_1_311' title='bbox 1190 3889 1223 3929; x_wconf 89' lang='lat' dir='ltr'><strong>a</strong></span> <span class='ocrx_word' id='word_1_312' title='bbox 1258 3874 1539 3945; x_wconf 89' lang='lat' dir='ltr'><strong>paradiso,</strong></span> <span class='ocrx_word' id='word_1_313' title='bbox 1573 3883 1626 3929; x_wconf 91' lang='lat' dir='ltr'><strong>et</strong></span> <span class='ocrx_word' id='word_1_314' title='bbox 1655 3874 1911 3945; x_wconf 88' lang='lat' dir='ltr'><strong>proprios</strong></span> 
     </span>
    </p>
   </div>
   <div class='ocr_carea' id='block_1_43' title="bbox 237 3961 1916 4041">
    <p class='ocr_par' dir='ltr' id='par_1_43' title="bbox 237 3961 1916 4041">
     <span class='ocr_line' id='line_1_43' title="bbox 237 3961 1916 4041; baseline -0.002 -22"><span class='ocrx_word' id='word_1_315' title='bbox 237 4036 241 4041; x_wconf 23' lang='lat'><strong><em>.</em></strong></span> <span class='ocrx_word' id='word_1_316' title='bbox 307 3964 499 4019; x_wconf 90' lang='lat' dir='ltr'><strong>mundi</strong></span> <span class='ocrx_word' id='word_1_317' title='bbox 528 3971 582 4019; x_wconf 91' lang='lat' dir='ltr'><strong>et</strong></span> <span class='ocrx_word' id='word_1_318' title='bbox 610 3962 807 4019; x_wconf 80' lang='lat' dir='ltr'><strong>inferni</strong></span> <span class='ocrx_word' id='word_1_319' title='bbox 838 3963 1060 4030; x_wconf 88' lang='lat' dir='ltr'><strong>fecerat,</strong></span> <span class='ocrx_word' id='word_1_320' title='bbox 1092 3962 1292 4018; x_wconf 88' lang='lat' dir='ltr'><strong>iterum</strong></span> <span class='ocrx_word' id='word_1_321' title='bbox 1322 3962 1567 4034; x_wconf 89' lang='lat' dir='ltr'><strong>captivos</strong></span> <span class='ocrx_word' id='word_1_322' title='bbox 1607 3961 1733 4019; x_wconf 86' lang='lat' dir='ltr'><strong>fecit</strong></span> <span class='ocrx_word' id='word_1_323' title='bbox 1765 3962 1916 4018; x_wconf 90' lang='lat' dir='ltr'><strong>Chri-</strong></span> 
     </span>
    </p>
   </div>
   <div class='ocr_carea' id='block_1_44' title="bbox 311 4051 1324 4121">
    <p class='ocr_par' dir='ltr' id='par_1_44' title="bbox 311 4051 1324 4121">
     <span class='ocr_line' id='line_1_44' title="bbox 311 4051 1324 4121; baseline -0.003 -13"><span class='ocrx_word' id='word_1_324' title='bbox 311 4061 448 4121; x_wconf 89' lang='lat' dir='ltr'><strong>stus,</strong></span> <span class='ocrx_word' id='word_1_325' title='bbox 482 4053 612 4107; x_wconf 90' lang='lat' dir='ltr'><strong>dum</strong></span> <span class='ocrx_word' id='word_1_326' title='bbox 643 4052 713 4107; x_wconf 86' lang='lat' dir='ltr'><strong>ad</strong></span> <span class='ocrx_word' id='word_1_327' title='bbox 742 4051 941 4107; x_wconf 74' lang='lat' dir='ltr'><strong>coelum</strong></span> <span class='ocrx_word' id='word_1_328' title='bbox 972 4051 1324 4108; x_wconf 90' lang='lat' dir='ltr'><strong>reducuntur.</strong></span> 
     </span>
    </p>
   </div>
   <div class='ocr_carea' id='block_1_45' title="bbox 380 4139 1913 4212">
    <p class='ocr_par' dir='ltr' id='par_1_45' title="bbox 380 4139 1913 4212">
     <span class='ocr_line' id='line_1_45' title="bbox 380 4139 1913 4212; baseline -0.002 -16"><span class='ocrx_word' id='word_1_329' title='bbox 380 4142 547 4196; x_wconf 87' lang='lat' dir='ltr'><strong>Vens.</strong></span> <span class='ocrx_word' id='word_1_330' title='bbox 584 4143 670 4195; x_wconf 89' lang='lat'><strong>11.</strong></span> <span class='ocrx_word' id='word_1_331' title='bbox 703 4169 773 4179; x_wconf 97' lang='lat'>—</span> <span class='ocrx_word' id='word_1_332' title='bbox 802 4143 879 4196; x_wconf 90' lang='lat' dir='ltr'><strong>Pr</strong></span> <span class='ocrx_word' id='word_1_333' title='bbox 899 4140 1151 4212; x_wconf 85' lang='lat' dir='ltr'><strong>ophetas.</strong></span> <span class='ocrx_word' id='word_1_334' title='bbox 1194 4139 1428 4211; x_wconf 61' lang='lat' dir='ltr'><strong>(Anam)</strong></span> <span class='ocrx_word' id='word_1_335' title='bbox 1456 4141 1518 4194; x_wconf 91' lang='lat' dir='ltr'><strong>In</strong></span> <span class='ocrx_word' id='word_1_336' title='bbox 1537 4140 1694 4195; x_wconf 92' lang='lat' dir='ltr'><strong>Novo</strong></span> <span class='ocrx_word' id='word_1_337' title='bbox 1720 4140 1913 4195; x_wconf 88' lang='lat' dir='ltr'><strong>Testa-</strong></span> 
     </span>
    </p>
   </div>
   <div class='ocr_carea' id='block_1_46' title="bbox 310 4237 1916 4310">
    <p class='ocr_par' dir='ltr' id='par_1_46' title="bbox 310 4237 1916 4310">
     <span class='ocr_line' id='line_1_46' title="bbox 310 4237 1916 4310; baseline -0.002 -16"><span class='ocrx_word' id='word_1_338' title='bbox 310 4245 495 4294; x_wconf 91' lang='lat' dir='ltr'><strong>mento</strong></span> <span class='ocrx_word' id='word_1_339' title='bbox 528 4238 838 4310; x_wconf 76' lang='lat' dir='ltr'><strong>,prophetas</strong></span> <span class='ocrx_word' id='word_1_340' title='bbox 882 4237 1136 4293; x_wconf 90' lang='lat' dir='ltr'><strong>dicuntur</strong></span> <span class='ocrx_word' id='word_1_341' title='bbox 1183 4237 1557 4309; x_wconf 87' lang='lat' dir='ltr'><strong>explanatores</strong></span> <span class='ocrx_word' id='word_1_342' title='bbox 1608 4237 1916 4309; x_wconf 89' lang='lat' dir='ltr'><strong>Scriptura-</strong></span> 
     </span>
    </p>
   </div>
   <div class='ocr_carea' id='block_1_47' title="bbox 316 4323 1918 4397">
    <p class='ocr_par' dir='ltr' id='par_1_47' title="bbox 316 4323 1918 4397">
     <span class='ocr_line' id='line_1_47' title="bbox 316 4323 1918 4397; baseline -0.001 -15"><span class='ocrx_word' id='word_1_343' title='bbox 316 4343 456 4395; x_wconf 91' lang='lat' dir='ltr'><strong>rum,</strong></span> <span class='ocrx_word' id='word_1_344' title='bbox 482 4334 666 4381; x_wconf 91' lang='lat' dir='ltr'><strong>tamen</strong></span> <span class='ocrx_word' id='word_1_345' title='bbox 694 4324 915 4381; x_wconf 88' lang='lat' dir='ltr'><strong>fuerunt</strong></span> <span class='ocrx_word' id='word_1_346' title='bbox 945 4325 1167 4397; x_wconf 90' lang='lat' dir='ltr'><strong>quidam</strong></span> <span class='ocrx_word' id='word_1_347' title='bbox 1187 4324 1242 4380; x_wconf 92' lang='lat' dir='ltr'><strong>in</strong></span> <span class='ocrx_word' id='word_1_348' title='bbox 1261 4325 1564 4396; x_wconf 90' lang='lat' dir='ltr'><strong>primordio</strong></span> <span class='ocrx_word' id='word_1_349' title='bbox 1585 4323 1715 4382; x_wconf 83' lang='lat' dir='ltr'><strong>ﬁdei</strong></span> <span class='ocrx_word' id='word_1_350' title='bbox 1737 4325 1918 4381; x_wconf 85' lang='lat' dir='ltr'><strong>futura</strong></span> 
     </span>
    </p>
   </div>
   <div class='ocr_carea' id='block_1_48' title="bbox 314 4412 1911 4488">
    <p class='ocr_par' dir='ltr' id='par_1_48' title="bbox 314 4412 1911 4488">
     <span class='ocr_line' id='line_1_48' title="bbox 314 4412 1911 4488; baseline 0 -17"><span class='ocrx_word' id='word_1_351' title='bbox 314 4415 698 4488; x_wconf 74' lang='lat' dir='ltr'><strong>praedicentes,</strong></span> <span class='ocrx_word' id='word_1_352' title='bbox 730 4413 869 4470; x_wconf 89' lang='lat' dir='ltr'><strong>sicut</strong></span> <span class='ocrx_word' id='word_1_353' title='bbox 896 4415 1142 4488; x_wconf 85' lang='lat' dir='ltr'><strong>Agabus,</strong></span> <span class='ocrx_word' id='word_1_354' title='bbox 1167 4423 1485 4486; x_wconf 88' lang='lat' dir='ltr'><strong>septemque</strong></span> <span class='ocrx_word' id='word_1_355' title='bbox 1515 4412 1641 4471; x_wconf 69' lang='lat' dir='ltr'><strong>ﬁliae</strong></span> <span class='ocrx_word' id='word_1_356' title='bbox 1660 4414 1911 4487; x_wconf 89' lang='lat' dir='ltr'><strong>Philippi.</strong></span> 
     </span>
    </p>
   </div>
   <div class='ocr_carea' id='block_1_49' title="bbox 391 4511 1905 4586">
    <p class='ocr_par' dir='ltr' id='par_1_49' title="bbox 391 4511 1905 4586">
     <span class='ocr_line' id='line_1_49' title="bbox 391 4511 1905 4586; baseline -0.002 -16"><span class='ocrx_word' id='word_1_357' title='bbox 391 4514 776 4586; x_wconf 79' lang='lat' dir='ltr'><strong>Evangelistas</strong></span> <span class='ocrx_word' id='word_1_358' title='bbox 807 4511 914 4581; x_wconf 88' lang='lat' dir='ltr'><strong>Qui</strong></span> <span class='ocrx_word' id='word_1_359' title='bbox 944 4520 997 4568; x_wconf 90' lang='lat' dir='ltr'><strong>et</strong></span> <span class='ocrx_word' id='word_1_360' title='bbox 1033 4511 1270 4582; x_wconf 89' lang='lat' dir='ltr'><strong>diaconi,</strong></span> <span class='ocrx_word' id='word_1_361' title='bbox 1304 4511 1434 4584; x_wconf 87' lang='lat' dir='ltr'><strong>quia</strong></span> <span class='ocrx_word' id='word_1_362' title='bbox 1465 4512 1567 4567; x_wconf 91' lang='lat' dir='ltr'><strong>etsi</strong></span> <span class='ocrx_word' id='word_1_363' title='bbox 1587 4528 1696 4568; x_wconf 91' lang='lat' dir='ltr'><strong>non</strong></span> <span class='ocrx_word' id='word_1_364' title='bbox 1729 4527 1905 4570; x_wconf 85' lang='lat' dir='ltr'><strong>sacer-</strong></span> 
     </span>
    </p>
   </div>
   <div class='ocr_carea' id='block_1_50' title="bbox 328 4601 1411 4675">
    <p class='ocr_par' dir='ltr' id='par_1_50' title="bbox 328 4601 1411 4675">
     <span class='ocr_line' id='line_1_50' title="bbox 328 4601 1411 4675; baseline -0.003 -17"><span class='ocrx_word' id='word_1_365' title='bbox 328 4602 504 4669; x_wconf 91' lang='lat' dir='ltr'><strong>dotes,</strong></span> <span class='ocrx_word' id='word_1_366' title='bbox 537 4611 720 4658; x_wconf 87' lang='lat' dir='ltr'><strong>tamen</strong></span> <span class='ocrx_word' id='word_1_367' title='bbox 745 4601 1125 4675; x_wconf 87' lang='lat' dir='ltr'><strong>evangelizare</strong></span> <span class='ocrx_word' id='word_1_368' title='bbox 1164 4609 1411 4673; x_wconf 88' lang='lat' dir='ltr'><strong>possunt.</strong></span> 
     </span>
    </p>
   </div>
   <div class='ocr_carea' id='block_1_51' title="bbox 391 4716 1918 4794">
    <p class='ocr_par' dir='ltr' id='par_1_51' title="bbox 391 4716 1918 4794">
     <span class='ocr_line' id='line_1_51' title="bbox 391 4716 1918 4794; baseline -0.001 -19"><span class='ocrx_word' id='word_1_369' title='bbox 391 4721 566 4775; x_wconf 85' lang='lat' dir='ltr'><strong>Vens.</strong></span> <span class='ocrx_word' id='word_1_370' title='bbox 596 4723 680 4776; x_wconf 88' lang='lat'><strong>12.</strong></span> <span class='ocrx_word' id='word_1_371' title='bbox 706 4749 775 4760; x_wconf 91' lang='lat'><em>-</em></span> <span class='ocrx_word' id='word_1_372' title='bbox 795 4721 859 4776; x_wconf 88' lang='lat' dir='ltr'><strong>In</strong></span> <span class='ocrx_word' id='word_1_373' title='bbox 890 4724 1028 4794; x_wconf 85' lang='lat' dir='ltr'><strong>opus</strong></span> <span class='ocrx_word' id='word_1_374' title='bbox 1057 4719 1388 4776; x_wconf 84' lang='lat' dir='ltr'><strong>ministerii.</strong></span> <span class='ocrx_word' id='word_1_375' title='bbox 1424 4716 1535 4775; x_wconf 85' lang='lat' dir='ltr'><strong>Hos</strong></span> <span class='ocrx_word' id='word_1_376' title='bbox 1566 4728 1747 4775; x_wconf 90' lang='lat' dir='ltr'><strong>autem</strong></span> <span class='ocrx_word' id='word_1_377' title='bbox 1768 4718 1918 4775; x_wconf 91' lang='lat' dir='ltr'><strong>dedit</strong></span> 
     </span>
    </p>
   </div>
   <div class='ocr_carea' id='block_1_52' title="bbox 318 4816 1916 4891">
    <p class='ocr_par' dir='ltr' id='par_1_52' title="bbox 318 4816 1916 4891">
     <span class='ocr_line' id='line_1_52' title="bbox 318 4816 1916 4891; baseline 0.001 -18"><span class='ocrx_word' id='word_1_378' title='bbox 318 4820 373 4873; x_wconf 90' lang='lat' dir='ltr'><strong>in</strong></span> <span class='ocrx_word' id='word_1_379' title='bbox 424 4833 562 4890; x_wconf 89' lang='lat' dir='ltr'><strong>opus</strong></span> <span class='ocrx_word' id='word_1_380' title='bbox 610 4816 914 4886; x_wconf 89' lang='lat' dir='ltr'><strong>ministerii,</strong></span> <span class='ocrx_word' id='word_1_381' title='bbox 966 4826 1023 4873; x_wconf 91' lang='lat' dir='ltr'><strong>ut</strong></span> <span class='ocrx_word' id='word_1_382' title='bbox 1048 4818 1278 4891; x_wconf 89' lang='lat' dir='ltr'><strong>quisque</strong></span> <span class='ocrx_word' id='word_1_383' title='bbox 1323 4818 1483 4890; x_wconf 91' lang='lat' dir='ltr'><strong>plene</strong></span> <span class='ocrx_word' id='word_1_384' title='bbox 1527 4816 1701 4889; x_wconf 91' lang='lat' dir='ltr'><strong>possit</strong></span> <span class='ocrx_word' id='word_1_385' title='bbox 1731 4816 1916 4874; x_wconf 87' lang='lat' dir='ltr'><strong>facere</strong></span> 
     </span>
    </p>
   </div>
   <div class='ocr_carea' id='block_1_53' title="bbox 327 4916 1919 4989">
    <p class='ocr_par' dir='ltr' id='par_1_53' title="bbox 327 4916 1919 4989">
     <span class='ocr_line' id='line_1_53' title="bbox 327 4916 1919 4989; baseline 0 -16"><span class='ocrx_word' id='word_1_386' title='bbox 327 4933 466 4989; x_wconf 90' lang='lat' dir='ltr'><strong>opus</strong></span> <span class='ocrx_word' id='word_1_387' title='bbox 494 4916 910 4973; x_wconf 79' lang='lat' dir='ltr'><strong>ministrationis</strong></span> <span class='ocrx_word' id='word_1_388' title='bbox 951 4918 1055 4973; x_wconf 90' lang='lat' dir='ltr'><strong>sibi</strong></span> <span class='ocrx_word' id='word_1_389' title='bbox 1102 4918 1342 4976; x_wconf 57' lang='lat' dir='ltr'><strong>credita.</strong></span> <span class='ocrx_word' id='word_1_390' title='bbox 1377 4917 1439 4975; x_wconf 88' lang='lat' dir='ltr'><strong>Si</strong></span> <span class='ocrx_word' id='word_1_391' title='bbox 1471 4919 1614 4975; x_wconf 89' lang='lat' dir='ltr'><strong>enim</strong></span> <span class='ocrx_word' id='word_1_392' title='bbox 1644 4935 1784 4974; x_wconf 90' lang='lat' dir='ltr'><strong>unus</strong></span> <span class='ocrx_word' id='word_1_393' title='bbox 1813 4919 1919 4974; x_wconf 90' lang='lat' dir='ltr'><strong>ha-</strong></span> 
     </span>
    </p>
   </div>
   <div class='ocr_carea' id='block_1_54' title="bbox 323 5004 1919 5081">
    <p class='ocr_par' dir='ltr' id='par_1_54' title="bbox 323 5004 1919 5081">
     <span class='ocr_line' id='line_1_54' title="bbox 323 5004 1919 5081; baseline 0.002 -21"><span class='ocrx_word' id='word_1_394' title='bbox 323 5008 479 5061; x_wconf 90' lang='lat' dir='ltr'><strong>beret</strong></span> <span class='ocrx_word' id='word_1_395' title='bbox 508 5005 707 5073; x_wconf 90' lang='lat' dir='ltr'><strong>omnia,</strong></span> <span class='ocrx_word' id='word_1_396' title='bbox 739 5022 849 5062; x_wconf 93' lang='lat' dir='ltr'><strong>non</strong></span> <span class='ocrx_word' id='word_1_397' title='bbox 887 5004 1130 5077; x_wconf 85' lang='lat' dir='ltr'><strong>perfecte</strong></span> <span class='ocrx_word' id='word_1_398' title='bbox 1169 5015 1357 5081; x_wconf 89' lang='lat' dir='ltr'><strong>ageret</strong></span> <span class='ocrx_word' id='word_1_399' title='bbox 1388 5008 1631 5081; x_wconf 87' lang='lat' dir='ltr'><strong>singula.</strong></span> <span class='ocrx_word' id='word_1_400' title='bbox 1672 5008 1752 5064; x_wconf 86' lang='lat' dir='ltr'><strong>Ad</strong></span> <span class='ocrx_word' id='word_1_401' title='bbox 1780 5023 1919 5065; x_wconf 86' lang='lat' dir='ltr'><strong>con-</strong></span> 
     </span>
    </p>
   </div>
   <div class='ocr_carea' id='block_1_55' title="bbox 324 5094 1921 5168">
    <p class='ocr_par' dir='ltr' id='par_1_55' title="bbox 324 5094 1921 5168">
     <span class='ocr_line' id='line_1_55' title="bbox 324 5094 1921 5168; baseline 0.002 -19"><span class='ocrx_word' id='word_1_402' title='bbox 324 5094 790 5150; x_wconf 86' lang='lat' dir='ltr'><strong>summationem.</strong></span> <span class='ocrx_word' id='word_1_403' title='bbox 830 5094 891 5150; x_wconf 88' lang='lat' dir='ltr'><strong>Id</strong></span> <span class='ocrx_word' id='word_1_404' title='bbox 922 5104 1022 5159; x_wconf 90' lang='lat' dir='ltr'><strong>est,</strong></span> <span class='ocrx_word' id='word_1_405' title='bbox 1054 5102 1113 5150; x_wconf 94' lang='lat' dir='ltr'><strong>ut</strong></span> <span class='ocrx_word' id='word_1_406' title='bbox 1138 5111 1234 5151; x_wconf 91' lang='lat' dir='ltr'><strong>eos</strong></span> <span class='ocrx_word' id='word_1_407' title='bbox 1266 5104 1669 5153; x_wconf 88' lang='lat' dir='ltr'><strong>consummaret</strong></span> <span class='ocrx_word' id='word_1_408' title='bbox 1699 5096 1790 5168; x_wconf 90' lang='lat' dir='ltr'><strong>qui</strong></span> <span class='ocrx_word' id='word_1_409' title='bbox 1805 5097 1921 5166; x_wconf 89' lang='lat' dir='ltr'><strong>jam</strong></span> 
     </span>
    </p>
   </div>
   <div class='ocr_carea' id='block_1_56' title="bbox 329 5180 1919 5252">
    <p class='ocr_par' dir='ltr' id='par_1_56' title="bbox 329 5180 1919 5252">
     <span class='ocr_line' id='line_1_56' title="bbox 329 5180 1919 5252; baseline 0.001 -15"><span class='ocrx_word' id='word_1_410' title='bbox 329 5180 503 5237; x_wconf 90' lang='lat' dir='ltr'><strong>sancti</strong></span> <span class='ocrx_word' id='word_1_411' title='bbox 524 5188 667 5235; x_wconf 90' lang='lat' dir='ltr'><strong>sunt.</strong></span> <span class='ocrx_word' id='word_1_412' title='bbox 696 5185 762 5238; x_wconf 89' lang='lat' dir='ltr'><strong>Et</strong></span> <span class='ocrx_word' id='word_1_413' title='bbox 790 5184 855 5239; x_wconf 89' lang='lat' dir='ltr'><strong>in</strong></span> <span class='ocrx_word' id='word_1_414' title='bbox 883 5183 1332 5252; x_wconf 64' lang='lat' dir='ltr'><strong>aediﬁcationem.</strong></span> <span class='ocrx_word' id='word_1_415' title='bbox 1369 5186 1429 5241; x_wconf 88' lang='lat' dir='ltr'><strong>Id</strong></span> <span class='ocrx_word' id='word_1_416' title='bbox 1459 5193 1541 5241; x_wconf 89' lang='lat' dir='ltr'><strong>est</strong></span> <span class='ocrx_word' id='word_1_417' title='bbox 1570 5194 1628 5241; x_wconf 91' lang='lat' dir='ltr'><strong>ut</strong></span> <span class='ocrx_word' id='word_1_418' title='bbox 1658 5201 1753 5242; x_wconf 92' lang='lat' dir='ltr'><strong>eos</strong></span> <span class='ocrx_word' id='word_1_419' title='bbox 1784 5185 1919 5241; x_wconf 82' lang='lat' dir='ltr'><strong>aedi-</strong></span> 
     </span>
    </p>
   </div>
   <div class='ocr_carea' id='block_1_57' title="bbox 322 5269 1739 5345">
    <p class='ocr_par' dir='ltr' id='par_1_57' title="bbox 322 5269 1739 5345">
     <span class='ocr_line' id='line_1_57' title="bbox 322 5269 1739 5345; baseline 0.001 -18"><span class='ocrx_word' id='word_1_420' title='bbox 322 5269 484 5329; x_wconf 88' lang='lat' dir='ltr'><strong>ﬁcent</strong></span> <span class='ocrx_word' id='word_1_421' title='bbox 511 5269 569 5325; x_wconf 91' lang='lat' dir='ltr'><strong>in</strong></span> <span class='ocrx_word' id='word_1_422' title='bbox 599 5285 796 5343; x_wconf 89' lang='lat' dir='ltr'><strong>corpus</strong></span> <span class='ocrx_word' id='word_1_423' title='bbox 826 5271 1045 5340; x_wconf 89' lang='lat' dir='ltr'><strong>Christi,</strong></span> <span class='ocrx_word' id='word_1_424' title='bbox 1079 5273 1171 5345; x_wconf 90' lang='lat' dir='ltr'><strong>qui</strong></span> <span class='ocrx_word' id='word_1_425' title='bbox 1201 5273 1375 5331; x_wconf 81' lang='lat' dir='ltr'><strong>adhuc</strong></span> <span class='ocrx_word' id='word_1_426' title='bbox 1404 5282 1528 5330; x_wconf 92' lang='lat' dir='ltr'><strong>sunt</strong></span> <span class='ocrx_word' id='word_1_427' title='bbox 1557 5274 1739 5331; x_wconf 89' lang='lat' dir='ltr'><strong>alieni.</strong></span> 
     </span>
    </p>
   </div>
   <div class='ocr_carea' id='block_1_58' title="bbox 400 5379 1916 5451">
    <p class='ocr_par' dir='ltr' id='par_1_58' title="bbox 400 5379 1916 5451">
     <span class='ocr_line' id='line_1_58' title="bbox 400 5379 1916 5451; baseline 0.001 -18"><span class='ocrx_word' id='word_1_428' title='bbox 400 5379 569 5435; x_wconf 85' lang='lat' dir='ltr'><strong>Vens.</strong></span> <span class='ocrx_word' id='word_1_429' title='bbox 605 5380 691 5433; x_wconf 88' lang='grc'><strong>13.</strong></span> <span class='ocrx_word' id='word_1_430' title='bbox 723 5408 792 5418; x_wconf 94' lang='grc'><strong>-</strong></span> <span class='ocrx_word' id='word_1_431' title='bbox 821 5379 1022 5435; x_wconf 88' lang='lat' dir='ltr'><strong>Donec.</strong></span> <span class='ocrx_word' id='word_1_432' title='bbox 1058 5379 1118 5434; x_wconf 91' lang='lat' dir='ltr'><strong>Id</strong></span> <span class='ocrx_word' id='word_1_433' title='bbox 1147 5387 1229 5436; x_wconf 91' lang='lat' dir='ltr'><strong>est</strong></span> <span class='ocrx_word' id='word_1_434' title='bbox 1257 5379 1313 5436; x_wconf 89' lang='lat' dir='ltr'><strong>in</strong></span> <span class='ocrx_word' id='word_1_435' title='bbox 1341 5381 1429 5437; x_wconf 89' lang='lat' dir='ltr'><strong>die</strong></span> <span class='ocrx_word' id='word_1_436' title='bbox 1452 5381 1666 5451; x_wconf 90' lang='lat' dir='ltr'><strong>judicii.</strong></span> <span class='ocrx_word' id='word_1_437' title='bbox 1696 5381 1916 5438; x_wconf 83' lang='lat' dir='ltr'><strong>Omnes.</strong></span> 
     </span>
    </p>
   </div>
   <div class='ocr_carea' id='block_1_59' title="bbox 327 5467 1924 5540">
    <p class='ocr_par' dir='ltr' id='par_1_59' title="bbox 327 5467 1924 5540">
     <span class='ocr_line' id='line_1_59' title="bbox 327 5467 1924 5540; baseline 0.001 -17"><span class='ocrx_word' id='word_1_438' title='bbox 327 5467 432 5538; x_wconf 85' lang='lat' dir='ltr'><strong>Qui</strong></span> <span class='ocrx_word' id='word_1_439' title='bbox 459 5484 646 5523; x_wconf 85' lang='lat' dir='ltr'><strong>sumus</strong></span> <span class='ocrx_word' id='word_1_440' title='bbox 676 5467 730 5522; x_wconf 90' lang='lat' dir='ltr'><strong>in</strong></span> <span class='ocrx_word' id='word_1_441' title='bbox 760 5482 868 5522; x_wconf 92' lang='lat' dir='ltr'><strong>una</strong></span> <span class='ocrx_word' id='word_1_442' title='bbox 888 5475 941 5523; x_wconf 89' lang='lat' dir='ltr'><strong>et</strong></span> <span class='ocrx_word' id='word_1_443' title='bbox 974 5483 1082 5522; x_wconf 93' lang='lat' dir='ltr'><strong>non</strong></span> <span class='ocrx_word' id='word_1_444' title='bbox 1104 5468 1434 5540; x_wconf 86' lang='lat' dir='ltr'><strong>discrepanti</strong></span> <span class='ocrx_word' id='word_1_445' title='bbox 1464 5468 1569 5526; x_wconf 81' lang='lat' dir='ltr'><strong>fide</strong></span> <span class='ocrx_word' id='word_1_446' title='bbox 1602 5487 1614 5525; x_wconf 92' lang='lat'><strong>:</strong></span> <span class='ocrx_word' id='word_1_447' title='bbox 1649 5479 1701 5526; x_wconf 91' lang='lat' dir='ltr'><strong>et</strong></span> <span class='ocrx_word' id='word_1_448' title='bbox 1730 5471 1785 5525; x_wconf 89' lang='lat' dir='ltr'><strong>in</strong></span> <span class='ocrx_word' id='word_1_449' title='bbox 1814 5485 1924 5525; x_wconf 87' lang='lat' dir='ltr'><strong>una</strong></span> 
     </span>
    </p>
   </div>
   <div class='ocr_carea' id='block_1_60' title="bbox 328 5555 1923 5629">
    <p class='ocr_par' dir='ltr' id='par_1_60' title="bbox 328 5555 1923 5629">
     <span class='ocr_line' id='line_1_60' title="bbox 328 5555 1923 5629; baseline 0 -16"><span class='ocrx_word' id='word_1_450' title='bbox 328 5565 381 5613; x_wconf 90' lang='lat' dir='ltr'><strong>et</strong></span> <span class='ocrx_word' id='word_1_451' title='bbox 406 5573 515 5613; x_wconf 91' lang='lat' dir='ltr'><strong>non</strong></span> <span class='ocrx_word' id='word_1_452' title='bbox 546 5555 820 5615; x_wconf 67' lang='lat' dir='ltr'><strong>differenti</strong></span> <span class='ocrx_word' id='word_1_453' title='bbox 842 5556 1047 5613; x_wconf 87' lang='lat' dir='ltr'><strong>unitate</strong></span> <span class='ocrx_word' id='word_1_454' title='bbox 1068 5558 1378 5629; x_wconf 83' lang='lat' dir='ltr'><strong>agnitionis</strong></span> <span class='ocrx_word' id='word_1_455' title='bbox 1408 5560 1541 5616; x_wconf 83' lang='lat' dir='ltr'><strong>Filii</strong></span> <span class='ocrx_word' id='word_1_456' title='bbox 1572 5560 1713 5627; x_wconf 86' lang='lat' dir='ltr'><strong>Dei;</strong></span> <span class='ocrx_word' id='word_1_457' title='bbox 1760 5560 1846 5615; x_wconf 85' lang='lat' dir='ltr'><strong>vel</strong></span> <span class='ocrx_word' id='word_1_458' title='bbox 1867 5559 1923 5613; x_wconf 91' lang='lat' dir='ltr'><strong>in</strong></span> 
     </span>
    </p>
   </div>
   <div class='ocr_carea' id='block_1_61' title="bbox 328 5646 1923 5722">
    <p class='ocr_par' dir='ltr' id='par_1_61' title="bbox 328 5646 1923 5722">
     <span class='ocr_line' id='line_1_61' title="bbox 328 5646 1923 5722; baseline 0 -19"><span class='ocrx_word' id='word_1_459' title='bbox 328 5646 612 5705; x_wconf 89' lang='lat' dir='ltr'><strong>virtutibus</strong></span> <span class='ocrx_word' id='word_1_460' title='bbox 643 5648 840 5722; x_wconf 88' lang='lat' dir='ltr'><strong>quibus</strong></span> <span class='ocrx_word' id='word_1_461' title='bbox 872 5646 1188 5722; x_wconf 81' lang='lat' dir='ltr'><strong>agnoscitur</strong></span> <span class='ocrx_word' id='word_1_462' title='bbox 1217 5646 1385 5704; x_wconf 86' lang='lat' dir='ltr'><strong>Filius</strong></span> <span class='ocrx_word' id='word_1_463' title='bbox 1416 5647 1516 5705; x_wconf 87' lang='lat' dir='ltr'><strong>Dei</strong></span> <span class='ocrx_word' id='word_1_464' title='bbox 1538 5647 1593 5704; x_wconf 90' lang='lat' dir='ltr'><strong>in</strong></span> <span class='ocrx_word' id='word_1_465' title='bbox 1613 5648 1772 5705; x_wconf 87' lang='lat' dir='ltr'><strong>nobis</strong></span> <span class='ocrx_word' id='word_1_466' title='bbox 1794 5668 1812 5705; x_wconf 90' lang='lat'><strong><em>:</em></strong></span> <span class='ocrx_word' id='word_1_467' title='bbox 1838 5648 1923 5707; x_wconf 90' lang='lat' dir='ltr'><strong>vel</strong></span> 
     </span>
    </p>
   </div>
   <div class='ocr_carea' id='block_1_62' title="bbox 1937 4461 1988 4521">
    <p class='ocr_par' dir='ltr' id='par_1_62' title="bbox 1937 4461 1988 4521">
     <span class='ocr_line' id='line_1_62' title="bbox 1937 4461 1988 4521; baseline 0 0"><span class='ocrx_word' id='word_1_468' title='bbox 1937 4461 1988 4521; x_wconf 94' lang='lat' dir='ltr'><strong>D</strong></span> 
     </span>
    </p>
   </div>
   <div class='ocr_carea' id='block_1_63' title="bbox 2000 447 3599 522">
    <p class='ocr_par' dir='ltr' id='par_1_63' title="bbox 2000 447 3599 522">
     <span class='ocr_line' id='line_1_63' title="bbox 2000 447 3599 522; baseline -0.004 -13"><span class='ocrx_word' id='word_1_469' title='bbox 2000 454 2084 510; x_wconf 90' lang='lat' dir='ltr'><strong>bis</strong></span> <span class='ocrx_word' id='word_1_470' title='bbox 2148 454 2386 511; x_wconf 86' lang='lat' dir='ltr'><strong>invicem</strong></span> <span class='ocrx_word' id='word_1_471' title='bbox 2435 453 2504 508; x_wconf 92' lang='lat' dir='ltr'><strong>de</strong></span> <span class='ocrx_word' id='word_1_472' title='bbox 2550 451 2784 507; x_wconf 90' lang='lat' dir='ltr'><strong>diversis</strong></span> <span class='ocrx_word' id='word_1_473' title='bbox 2812 450 3003 505; x_wconf 91' lang='lat' dir='ltr'><strong>mundi</strong></span> <span class='ocrx_word' id='word_1_474' title='bbox 3036 448 3285 522; x_wconf 88' lang='lat' dir='ltr'><strong>partibus</strong></span> <span class='ocrx_word' id='word_1_475' title='bbox 3308 491 3323 517; x_wconf 94' lang='lat'><strong>,</strong></span> <span class='ocrx_word' id='word_1_476' title='bbox 3355 447 3448 504; x_wconf 89' lang='lat' dir='ltr'><strong>vel</strong></span> <span class='ocrx_word' id='word_1_477' title='bbox 3494 448 3599 521; x_wconf 90' lang='lat' dir='ltr'><strong>ipsi</strong></span> 
     </span>
    </p>
   </div>
   <div class='ocr_carea' id='block_1_64' title="bbox 1997 537 3599 614">
    <p class='ocr_par' dir='ltr' id='par_1_64' title="bbox 1997 537 3599 614">
     <span class='ocr_line' id='line_1_64' title="bbox 1997 537 3599 614; baseline -0.005 -15"><span class='ocrx_word' id='word_1_478' title='bbox 1997 543 2240 610; x_wconf 85' lang='lat' dir='ltr'><strong>Christo,</strong></span> <span class='ocrx_word' id='word_1_479' title='bbox 2273 542 2430 614; x_wconf 91' lang='lat' dir='ltr'><strong>quasi</strong></span> <span class='ocrx_word' id='word_1_480' title='bbox 2477 540 2753 596; x_wconf 87' lang='lat' dir='ltr'><strong>desiderio</strong></span> <span class='ocrx_word' id='word_1_481' title='bbox 2800 547 3085 595; x_wconf 92' lang='lat' dir='ltr'><strong>currentes</strong></span> <span class='ocrx_word' id='word_1_482' title='bbox 3114 539 3186 593; x_wconf 91' lang='lat' dir='ltr'><strong>ad</strong></span> <span class='ocrx_word' id='word_1_483' title='bbox 3215 537 3500 610; x_wconf 81' lang='lat' dir='ltr'><strong>gaudium.</strong></span> <span class='ocrx_word' id='word_1_484' title='bbox 3533 538 3599 592; x_wconf 85' lang='lat' dir='ltr'><strong>In</strong></span> 
     </span>
    </p>
   </div>
   <div class='ocr_carea' id='block_1_65' title="bbox 1997 624 3598 705">
    <p class='ocr_par' dir='ltr' id='par_1_65' title="bbox 1997 624 3598 705">
     <span class='ocr_line' id='line_1_65' title="bbox 1997 624 3598 705; baseline -0.006 -16"><span class='ocrx_word' id='word_1_485' title='bbox 1997 635 2185 688; x_wconf 82' lang='lat' dir='ltr'><strong>virum</strong></span> <span class='ocrx_word' id='word_1_486' title='bbox 2210 634 2554 705; x_wconf 80' lang='lat' dir='ltr'><strong>perfectum.</strong></span> <span class='ocrx_word' id='word_1_487' title='bbox 2586 630 2655 684; x_wconf 90' lang='lat' dir='ltr'><strong>Ut</strong></span> <span class='ocrx_word' id='word_1_488' title='bbox 2699 628 3074 700; x_wconf 87' lang='lat' dir='ltr'><strong>unusquisque</strong></span> <span class='ocrx_word' id='word_1_489' title='bbox 3119 627 3189 682; x_wconf 90' lang='lat' dir='ltr'><strong>sit</strong></span> <span class='ocrx_word' id='word_1_490' title='bbox 3209 626 3292 682; x_wconf 90' lang='lat' dir='ltr'><strong>vir</strong></span> <span class='ocrx_word' id='word_1_491' title='bbox 3320 624 3598 698; x_wconf 81' lang='lat' dir='ltr'><strong>perfectus</strong></span> 
     </span>
    </p>
   </div>
   <div class='ocr_carea' id='block_1_66' title="bbox 1998 719 3604 792">
    <p class='ocr_par' dir='ltr' id='par_1_66' title="bbox 1998 719 3604 792">
     <span class='ocr_line' id='line_1_66' title="bbox 1998 719 3604 792; baseline -0.004 -16"><span class='ocrx_word' id='word_1_492' title='bbox 1998 728 2051 776; x_wconf 91' lang='lat' dir='ltr'><strong>et</strong></span> <span class='ocrx_word' id='word_1_493' title='bbox 2078 719 2291 776; x_wconf 87' lang='lat' dir='ltr'><strong>habens</strong></span> <span class='ocrx_word' id='word_1_494' title='bbox 2319 719 2569 775; x_wconf 87' lang='lat' dir='ltr'><strong>eamdem</strong></span> <span class='ocrx_word' id='word_1_495' title='bbox 2595 724 2831 792; x_wconf 72' lang='lat' dir='ltr'><strong>aetatem,</strong></span> <span class='ocrx_word' id='word_1_496' title='bbox 2859 732 2980 788; x_wconf 83' lang='lat' dir='ltr'><strong>quae</strong></span> <span class='ocrx_word' id='word_1_497' title='bbox 3000 723 3081 771; x_wconf 89' lang='lat' dir='ltr'><strong>est</strong></span> <span class='ocrx_word' id='word_1_498' title='bbox 3100 729 3361 771; x_wconf 87' lang='lat' dir='ltr'><strong>mensura</strong></span> <span class='ocrx_word' id='word_1_499' title='bbox 3381 722 3436 771; x_wconf 89' lang='lat' dir='ltr'><strong>et</strong></span> <span class='ocrx_word' id='word_1_500' title='bbox 3453 721 3604 769; x_wconf 87' lang='lat' dir='ltr'><strong>meta</strong></span> 
     </span>
    </p>
   </div>
   <div class='ocr_carea' id='block_1_67' title="bbox 1997 811 3601 890">
    <p class='ocr_par' dir='ltr' id='par_1_67' title="bbox 1997 811 3601 890">
     <span class='ocr_line' id='line_1_67' title="bbox 1997 811 3601 890; baseline -0.004 -17"><span class='ocrx_word' id='word_1_501' title='bbox 1997 819 2189 885; x_wconf 71' lang='lat' dir='ltr'><strong>aetatis,</strong></span> <span class='ocrx_word' id='word_1_502' title='bbox 2221 818 2365 872; x_wconf 91' lang='lat' dir='ltr'><strong>ultra</strong></span> <span class='ocrx_word' id='word_1_503' title='bbox 2394 832 2561 890; x_wconf 87' lang='lat' dir='ltr'><strong>quam</strong></span> <span class='ocrx_word' id='word_1_504' title='bbox 2589 831 2700 871; x_wconf 92' lang='lat' dir='ltr'><strong>non</strong></span> <span class='ocrx_word' id='word_1_505' title='bbox 2747 814 3017 871; x_wconf 87' lang='lat' dir='ltr'><strong>accrescit</strong></span> <span class='ocrx_word' id='word_1_506' title='bbox 3042 812 3252 886; x_wconf 91' lang='lat' dir='ltr'><strong>aliquid</strong></span> <span class='ocrx_word' id='word_1_507' title='bbox 3280 811 3601 868; x_wconf 86' lang='lat' dir='ltr'><strong>naturaliter</strong></span> 
     </span>
    </p>
   </div>
   <div class='ocr_carea' id='block_1_68' title="bbox 1997 897 3602 978">
    <p class='ocr_par' dir='ltr' id='par_1_68' title="bbox 1997 897 3602 978">
     <span class='ocr_line' id='line_1_68' title="bbox 1997 897 3602 978; baseline -0.004 -16"><span class='ocrx_word' id='word_1_508' title='bbox 1997 905 2241 964; x_wconf 88' lang='lat' dir='ltr'><strong>homini:</strong></span> <span class='ocrx_word' id='word_1_509' title='bbox 2265 906 2321 960; x_wconf 91' lang='lat' dir='ltr'><strong>in</strong></span> <span class='ocrx_word' id='word_1_510' title='bbox 2348 921 2453 978; x_wconf 89' lang='lat' dir='ltr'><strong>qua</strong></span> <span class='ocrx_word' id='word_1_511' title='bbox 2499 912 2655 960; x_wconf 54' lang='lat' dir='ltr'><strong>astate</strong></span> <span class='ocrx_word' id='word_1_512' title='bbox 2710 903 2958 959; x_wconf 85' lang='lat' dir='ltr'><strong>Christus</strong></span> <span class='ocrx_word' id='word_1_513' title='bbox 2977 897 3162 959; x_wconf 84' lang='lat' dir='ltr'><strong>habuit</strong></span> <span class='ocrx_word' id='word_1_514' title='bbox 3203 901 3602 973; x_wconf 88' lang='lat' dir='ltr'><strong>plenitudinem</strong></span> 
     </span>
    </p>
   </div>
   <div class='ocr_carea' id='block_1_69' title="bbox 1998 989 3598 1064">
    <p class='ocr_par' dir='ltr' id='par_1_69' title="bbox 1998 989 3598 1064">
     <span class='ocr_line' id='line_1_69' title="bbox 1998 989 3598 1064; baseline -0.004 -14"><span class='ocrx_word' id='word_1_515' title='bbox 1998 1010 2266 1051; x_wconf 89' lang='lat' dir='ltr'><strong>annorum</strong></span> <span class='ocrx_word' id='word_1_516' title='bbox 2285 1002 2339 1051; x_wconf 90' lang='lat' dir='ltr'><strong>et</strong></span> <span class='ocrx_word' id='word_1_517' title='bbox 2363 993 2631 1064; x_wconf 88' lang='lat' dir='ltr'><strong>corporis,</strong></span> <span class='ocrx_word' id='word_1_518' title='bbox 2662 992 2720 1047; x_wconf 93' lang='lat' dir='ltr'><strong>in</strong></span> <span class='ocrx_word' id='word_1_519' title='bbox 2749 1007 2855 1064; x_wconf 92' lang='lat' dir='ltr'><strong>qua</strong></span> <span class='ocrx_word' id='word_1_520' title='bbox 2883 992 3077 1051; x_wconf 75' lang='lat' dir='ltr'><strong>dehoc</strong></span> <span class='ocrx_word' id='word_1_521' title='bbox 3104 991 3310 1047; x_wconf 89' lang='lat' dir='ltr'><strong>mundo</strong></span> <span class='ocrx_word' id='word_1_522' title='bbox 3329 989 3598 1045; x_wconf 86' lang='lat' dir='ltr'><strong>transivit.</strong></span> 
     </span>
    </p>
   </div>
   <div class='ocr_carea' id='block_1_70' title="bbox 1999 1078 3599 1151">
    <p class='ocr_par' dir='ltr' id='par_1_70' title="bbox 1999 1078 3599 1151">
     <span class='ocr_line' id='line_1_70' title="bbox 1999 1078 3599 1151; baseline -0.006 -11"><span class='ocrx_word' id='word_1_523' title='bbox 1999 1084 2204 1140; x_wconf 88' lang='lat' dir='ltr'><strong>Omnes</strong></span> <span class='ocrx_word' id='word_1_524' title='bbox 2250 1082 2397 1139; x_wconf 89' lang='lat' dir='ltr'><strong>enim</strong></span> <span class='ocrx_word' id='word_1_525' title='bbox 2441 1083 2498 1137; x_wconf 92' lang='lat' dir='ltr'><strong>in</strong></span> <span class='ocrx_word' id='word_1_526' title='bbox 2527 1082 2722 1137; x_wconf 89' lang='lat' dir='ltr'><strong>eadem</strong></span> <span class='ocrx_word' id='word_1_527' title='bbox 2767 1087 3079 1151; x_wconf 81' lang='lat' dir='ltr'><strong>resurgant,</strong></span> <span class='ocrx_word' id='word_1_528' title='bbox 3111 1080 3168 1134; x_wconf 92' lang='lat' dir='ltr'><strong>in</strong></span> <span class='ocrx_word' id='word_1_529' title='bbox 3202 1095 3311 1151; x_wconf 92' lang='lat' dir='ltr'><strong>qua</strong></span> <span class='ocrx_word' id='word_1_530' title='bbox 3345 1078 3599 1134; x_wconf 88' lang='lat' dir='ltr'><strong>Christus</strong></span> 
     </span>
    </p>
   </div>
   <div class='ocr_carea' id='block_1_71' title="bbox 1998 1168 3603 1241">
    <p class='ocr_par' dir='ltr' id='par_1_71' title="bbox 1998 1168 3603 1241">
     <span class='ocr_line' id='line_1_71' title="bbox 1998 1168 3603 1241; baseline -0.004 -13"><span class='ocrx_word' id='word_1_531' title='bbox 1998 1181 2244 1228; x_wconf 89' lang='lat' dir='ltr'><strong>mortuus</strong></span> <span class='ocrx_word' id='word_1_532' title='bbox 2272 1179 2356 1228; x_wconf 89' lang='lat' dir='ltr'><strong>est</strong></span> <span class='ocrx_word' id='word_1_533' title='bbox 2397 1180 2452 1227; x_wconf 89' lang='lat' dir='ltr'><strong>et</strong></span> <span class='ocrx_word' id='word_1_534' title='bbox 2498 1170 2812 1241; x_wconf 84' lang='lat' dir='ltr'><strong>resurrexit,</strong></span> <span class='ocrx_word' id='word_1_535' title='bbox 2844 1169 3219 1241; x_wconf 86' lang='lat' dir='ltr'><strong>cujuscunque</strong></span> <span class='ocrx_word' id='word_1_536' title='bbox 3246 1168 3424 1224; x_wconf 75' lang='lat' dir='ltr'><strong>tetatis</strong></span> <span class='ocrx_word' id='word_1_537' title='bbox 3451 1182 3603 1222; x_wconf 88' lang='lat' dir='ltr'><strong>mor-</strong></span> 
     </span>
    </p>
   </div>
   <div class='ocr_carea' id='block_1_72' title="bbox 1998 1260 2326 1316">
    <p class='ocr_par' dir='ltr' id='par_1_72' title="bbox 1998 1260 2326 1316">
     <span class='ocr_line' id='line_1_72' title="bbox 1998 1260 2326 1316; baseline 0.006 -2"><span class='ocrx_word' id='word_1_538' title='bbox 1998 1261 2076 1316; x_wconf 91' lang='lat' dir='ltr'><strong>tui</strong></span> <span class='ocrx_word' id='word_1_539' title='bbox 2106 1260 2326 1316; x_wconf 83' lang='lat' dir='ltr'><strong>fuerint.</strong></span> 
     </span>
    </p>
   </div>
   <div class='ocr_carea' id='block_1_73' title="bbox 2074 1343 3602 1406">
    <p class='ocr_par' dir='ltr' id='par_1_73' title="bbox 2074 1343 3602 1406">
     <span class='ocr_line' id='line_1_73' title="bbox 2074 1343 3602 1406; baseline -0.004 -2"><span class='ocrx_word' id='word_1_540' title='bbox 2074 1350 2247 1406; x_wconf 90' lang='lat' dir='ltr'><strong>Vens.</strong></span> <span class='ocrx_word' id='word_1_541' title='bbox 2283 1351 2444 1404; x_wconf 78' lang='lat'><strong>15.—</strong></span> <span class='ocrx_word' id='word_1_542' title='bbox 2467 1348 2743 1404; x_wconf 84' lang='lat' dir='ltr'><strong>Christus.</strong></span> <span class='ocrx_word' id='word_1_543' title='bbox 2777 1348 2985 1403; x_wconf 91' lang='lat' dir='ltr'><strong>Unctus</strong></span> <span class='ocrx_word' id='word_1_544' title='bbox 3015 1345 3212 1402; x_wconf 92' lang='lat' dir='ltr'><strong>dicitur</strong></span> <span class='ocrx_word' id='word_1_545' title='bbox 3239 1343 3309 1401; x_wconf 88' lang='lat' dir='ltr'><strong>Et</strong></span> <span class='ocrx_word' id='word_1_546' title='bbox 3326 1343 3385 1399; x_wconf 90' lang='lat' dir='ltr'><strong>in</strong></span> <span class='ocrx_word' id='word_1_547' title='bbox 3412 1343 3602 1401; x_wconf 83' lang='lat' dir='ltr'><strong>Veteri</strong></span> 
     </span>
    </p>
   </div>
   <div class='ocr_carea' id='block_1_74' title="bbox 1998 1436 2954 1510">
    <p class='ocr_par' dir='ltr' id='par_1_74' title="bbox 1998 1436 2954 1510">
     <span class='ocr_line' id='line_1_74' title="bbox 1998 1436 2954 1510; baseline -0.003 -17"><span class='ocrx_word' id='word_1_548' title='bbox 1998 1439 2347 1493; x_wconf 89' lang='lat' dir='ltr'><strong>Testamento</strong></span> <span class='ocrx_word' id='word_1_549' title='bbox 2387 1452 2546 1509; x_wconf 87' lang='lat' dir='ltr'><strong>reges</strong></span> <span class='ocrx_word' id='word_1_550' title='bbox 2591 1436 2954 1510; x_wconf 86' lang='lat' dir='ltr'><strong>ungebantur.</strong></span> 
     </span>
    </p>
   </div>
   <div class='ocr_carea' id='block_1_75' title="bbox 2070 1524 3600 1597">
    <p class='ocr_par' dir='ltr' id='par_1_75' title="bbox 2070 1524 3600 1597">
     <span class='ocr_line' id='line_1_75' title="bbox 2070 1524 3600 1597; baseline -0.003 -15"><span class='ocrx_word' id='word_1_551' title='bbox 2070 1528 2238 1582; x_wconf 88' lang='lat' dir='ltr'><strong>Vens.</strong></span> <span class='ocrx_word' id='word_1_552' title='bbox 2258 1526 2538 1582; x_wconf 82' lang='lat' dir='ltr'><strong>17.—Hoc</strong></span> <span class='ocrx_word' id='word_1_553' title='bbox 2566 1526 2769 1597; x_wconf 87' lang='lat' dir='ltr'><strong>igitur.</strong></span> <span class='ocrx_word' id='word_1_554' title='bbox 2783 1524 3055 1579; x_wconf 84' lang='lat' dir='ltr'><strong>Admonet</strong></span> <span class='ocrx_word' id='word_1_555' title='bbox 3066 1531 3126 1579; x_wconf 86' lang='lat' dir='ltr'><strong>ut</strong></span> <span class='ocrx_word' id='word_1_556' title='bbox 3151 1530 3382 1579; x_wconf 85' lang='lat' dir='ltr'><strong>caveant</strong></span> <span class='ocrx_word' id='word_1_557' title='bbox 3413 1537 3446 1577; x_wconf 91' lang='lat' dir='ltr'><strong>a</strong></span> <span class='ocrx_word' id='word_1_558' title='bbox 3465 1537 3600 1578; x_wconf 82' lang='lat' dir='ltr'><strong>con-</strong></span> 
     </span>
    </p>
   </div>
   <div class='ocr_carea' id='block_1_76' title="bbox 1994 1609 3596 1686">
    <p class='ocr_par' dir='ltr' id='par_1_76' title="bbox 1994 1609 3596 1686">
     <span class='ocr_line' id='line_1_76' title="bbox 1994 1609 3596 1686; baseline -0.002 -17"><span class='ocrx_word' id='word_1_559' title='bbox 1994 1614 2280 1670; x_wconf 89' lang='lat' dir='ltr'><strong>suetudine</strong></span> <span class='ocrx_word' id='word_1_560' title='bbox 2310 1614 2548 1686; x_wconf 64' lang='lat' dir='ltr'><strong>antiquae</strong></span> <span class='ocrx_word' id='word_1_561' title='bbox 2569 1612 2922 1685; x_wconf 88' lang='lat' dir='ltr'><strong>gentilitatis;</strong></span> <span class='ocrx_word' id='word_1_562' title='bbox 2958 1612 3114 1684; x_wconf 89' lang='lat' dir='ltr'><strong>quasi</strong></span> <span class='ocrx_word' id='word_1_563' title='bbox 3163 1611 3372 1667; x_wconf 87' lang='lat' dir='ltr'><strong>diceret</strong></span> <span class='ocrx_word' id='word_1_564' title='bbox 3405 1629 3419 1665; x_wconf 90' lang='lat'><strong>:</strong></span> <span class='ocrx_word' id='word_1_565' title='bbox 3458 1609 3596 1680; x_wconf 85' lang='lat' dir='ltr'><strong>Quia</strong></span> 
     </span>
    </p>
   </div>
   <div class='ocr_carea' id='block_1_77' title="bbox 1926 1700 3601 1794">
    <p class='ocr_par' dir='ltr' id='par_1_77' title="bbox 1926 1700 3601 1794">
     <span class='ocr_line' id='line_1_77' title="bbox 1926 1700 3601 1794; baseline -0.003 -35"><span class='ocrx_word' id='word_1_566' title='bbox 1926 1735 1980 1794; x_wconf 86' lang='lat' dir='ltr'>B</span> <span class='ocrx_word' id='word_1_567' title='bbox 2000 1704 2148 1759; x_wconf 91' lang='lat' dir='ltr'><strong>Deus</strong></span> <span class='ocrx_word' id='word_1_568' title='bbox 2178 1710 2256 1758; x_wconf 91' lang='lat' dir='ltr'><strong>tot</strong></span> <span class='ocrx_word' id='word_1_569' title='bbox 2286 1702 2486 1758; x_wconf 89' lang='lat' dir='ltr'><strong>auxilia</strong></span> <span class='ocrx_word' id='word_1_570' title='bbox 2515 1703 2587 1757; x_wconf 92' lang='lat' dir='ltr'><strong>ad</strong></span> <span class='ocrx_word' id='word_1_571' title='bbox 2617 1702 2922 1758; x_wconf 90' lang='lat' dir='ltr'><strong>custodiam</strong></span> <span class='ocrx_word' id='word_1_572' title='bbox 2950 1701 3100 1755; x_wconf 89' lang='lat' dir='ltr'><strong>dedit</strong></span> <span class='ocrx_word' id='word_1_573' title='bbox 3124 1700 3366 1769; x_wconf 85' lang='lat' dir='ltr'><strong>unitatis,</strong></span> <span class='ocrx_word' id='word_1_574' title='bbox 3399 1707 3453 1755; x_wconf 86' lang='lat' dir='ltr'><strong>et</strong></span> <span class='ocrx_word' id='word_1_575' title='bbox 3473 1700 3601 1771; x_wconf 90' lang='lat' dir='ltr'><strong>quia</strong></span> 
     </span>
    </p>
   </div>
   <div class='ocr_carea' id='block_1_78' title="bbox 2002 1789 3603 1863">
    <p class='ocr_par' dir='ltr' id='par_1_78' title="bbox 2002 1789 3603 1863">
     <span class='ocr_line' id='line_1_78' title="bbox 2002 1789 3603 1863; baseline -0.003 -15"><span class='ocrx_word' id='word_1_576' title='bbox 2002 1808 2255 1848; x_wconf 88' lang='lat' dir='ltr'><strong>crescere</strong></span> <span class='ocrx_word' id='word_1_577' title='bbox 2284 1792 2514 1863; x_wconf 90' lang='lat' dir='ltr'><strong>potestis</strong></span> <span class='ocrx_word' id='word_1_578' title='bbox 2543 1799 2598 1846; x_wconf 91' lang='lat' dir='ltr'><strong>et</strong></span> <span class='ocrx_word' id='word_1_579' title='bbox 2627 1791 2677 1846; x_wconf 91' lang='lat' dir='ltr'><strong>ei</strong></span> <span class='ocrx_word' id='word_1_580' title='bbox 2706 1790 3147 1863; x_wconf 88' lang='lat' dir='ltr'><strong>occurretis,ego</strong></span> <span class='ocrx_word' id='word_1_581' title='bbox 3175 1789 3320 1857; x_wconf 90' lang='lat' dir='ltr'><strong>dico,</strong></span> <span class='ocrx_word' id='word_1_582' title='bbox 3353 1805 3462 1845; x_wconf 91' lang='lat' dir='ltr'><strong>non</strong></span> <span class='ocrx_word' id='word_1_583' title='bbox 3501 1790 3603 1845; x_wconf 87' lang='lat' dir='ltr'><strong>ob-</strong></span> 
     </span>
    </p>
   </div>
   <div class='ocr_carea' id='block_1_79' title="bbox 2001 1880 2456 1951">
    <p class='ocr_par' dir='ltr' id='par_1_79' title="bbox 2001 1880 2456 1951">
     <span class='ocr_line' id='line_1_79' title="bbox 2001 1880 2456 1951; baseline -0.002 -15"><span class='ocrx_word' id='word_1_584' title='bbox 2001 1897 2159 1938; x_wconf 87' lang='lat' dir='ltr'><strong>secro</strong></span> <span class='ocrx_word' id='word_1_585' title='bbox 2188 1889 2246 1935; x_wconf 90' lang='lat' dir='ltr'><strong>ut</strong></span> <span class='ocrx_word' id='word_1_586' title='bbox 2283 1880 2456 1951; x_wconf 91' lang='lat' dir='ltr'><strong>prius.</strong></span> 
     </span>
    </p>
   </div>
   <div class='ocr_carea' id='block_1_80' title="bbox 2071 1966 3599 2039">
    <p class='ocr_par' dir='ltr' id='par_1_80' title="bbox 2071 1966 3599 2039">
     <span class='ocr_line' id='line_1_80' title="bbox 2071 1966 3599 2039; baseline -0.001 -14"><span class='ocrx_word' id='word_1_587' title='bbox 2071 1971 2238 2025; x_wconf 86' lang='lat' dir='ltr'><strong>Vens.</strong></span> <span class='ocrx_word' id='word_1_588' title='bbox 2273 1972 2364 2025; x_wconf 87' lang='grc'><strong>18.</strong></span> <span class='ocrx_word' id='word_1_589' title='bbox 2399 2000 2469 2009; x_wconf 90' lang='grc'><strong><em>-</em></strong></span> <span class='ocrx_word' id='word_1_590' title='bbox 2512 1969 2901 2026; x_wconf 73' lang='lat' dir='ltr'><strong>Gbss-uratum.</strong></span> <span class='ocrx_word' id='word_1_591' title='bbox 2925 1968 3047 2024; x_wconf 87' lang='lat' dir='ltr'><strong>Non</strong></span> <span class='ocrx_word' id='word_1_592' title='bbox 3110 1983 3341 2039; x_wconf 83' lang='lat' dir='ltr'><strong>parum:</strong></span> <span class='ocrx_word' id='word_1_593' title='bbox 3373 1974 3428 2022; x_wconf 92' lang='lat' dir='ltr'><strong>et</strong></span> <span class='ocrx_word' id='word_1_594' title='bbox 3472 1966 3599 2023; x_wconf 89' lang='lat' dir='ltr'><strong>ideo</strong></span> 
     </span>
    </p>
   </div>
   <div class='ocr_carea' id='block_1_81' title="bbox 1997 2056 3597 2128">
    <p class='ocr_par' dir='ltr' id='par_1_81' title="bbox 1997 2056 3597 2128">
     <span class='ocr_line' id='line_1_81' title="bbox 1997 2056 3597 2128; baseline -0.002 -15"><span class='ocrx_word' id='word_1_595' title='bbox 1997 2058 2177 2113; x_wconf 90' lang='lat' dir='ltr'><strong>minus</strong></span> <span class='ocrx_word' id='word_1_596' title='bbox 2205 2058 2401 2113; x_wconf 91' lang='lat' dir='ltr'><strong>mirum</strong></span> <span class='ocrx_word' id='word_1_597' title='bbox 2428 2065 2511 2113; x_wconf 91' lang='lat' dir='ltr'><strong>est</strong></span> <span class='ocrx_word' id='word_1_598' title='bbox 2539 2058 2585 2112; x_wconf 92' lang='lat' dir='ltr'><strong>si</strong></span> <span class='ocrx_word' id='word_1_599' title='bbox 2610 2058 2665 2112; x_wconf 92' lang='lat' dir='ltr'><strong>in</strong></span> <span class='ocrx_word' id='word_1_600' title='bbox 2686 2057 2921 2113; x_wconf 85' lang='lat' dir='ltr'><strong>vanitate</strong></span> <span class='ocrx_word' id='word_1_601' title='bbox 2935 2056 3212 2112; x_wconf 86' lang='lat' dir='ltr'><strong>ambulant</strong></span> <span class='ocrx_word' id='word_1_602' title='bbox 3232 2056 3412 2127; x_wconf 89' lang='lat' dir='ltr'><strong>potius</strong></span> <span class='ocrx_word' id='word_1_603' title='bbox 3433 2072 3597 2128; x_wconf 88' lang='lat' dir='ltr'><strong>quam</strong></span> 
     </span>
    </p>
   </div>
   <div class='ocr_carea' id='block_1_82' title="bbox 1997 2144 3384 2219">
    <p class='ocr_par' dir='ltr' id='par_1_82' title="bbox 1997 2144 3384 2219">
     <span class='ocr_line' id='line_1_82' title="bbox 1997 2144 3384 2219; baseline -0.004 -14"><span class='ocrx_word' id='word_1_604' title='bbox 1997 2163 2096 2205; x_wconf 90' lang='lat' dir='ltr'><strong>vos</strong></span> <span class='ocrx_word' id='word_1_605' title='bbox 2126 2147 2218 2219; x_wconf 90' lang='lat' dir='ltr'><strong>qui</strong></span> <span class='ocrx_word' id='word_1_606' title='bbox 2247 2146 2377 2203; x_wconf 87' lang='lat' dir='ltr'><strong>estis</strong></span> <span class='ocrx_word' id='word_1_607' title='bbox 2406 2146 2708 2213; x_wconf 91' lang='lat' dir='ltr'><strong>illuminati,</strong></span> <span class='ocrx_word' id='word_1_608' title='bbox 2742 2153 2796 2202; x_wconf 90' lang='lat' dir='ltr'><strong>et</strong></span> <span class='ocrx_word' id='word_1_609' title='bbox 2822 2162 2974 2216; x_wconf 91' lang='lat' dir='ltr'><strong>spem</strong></span> <span class='ocrx_word' id='word_1_610' title='bbox 3004 2144 3214 2200; x_wconf 89' lang='lat' dir='ltr'><strong>habetis</strong></span> <span class='ocrx_word' id='word_1_611' title='bbox 3241 2145 3384 2200; x_wconf 65' lang='lat' dir='ltr'><strong>vitae.</strong></span> 
     </span>
    </p>
   </div>
   <div class='ocr_carea' id='block_1_83' title="bbox 2070 2233 3603 2305">
    <p class='ocr_par' dir='ltr' id='par_1_83' title="bbox 2070 2233 3603 2305">
     <span class='ocr_line' id='line_1_83' title="bbox 2070 2233 3603 2305; baseline -0.002 -14"><span class='ocrx_word' id='word_1_612' title='bbox 2070 2237 2111 2291; x_wconf 79' lang='grc' dir='ltr'><em>Α</em></span> <span class='ocrx_word' id='word_1_613' title='bbox 2136 2238 2268 2293; x_wconf 70' lang='lat' dir='ltr'><strong>vita:</strong></span> <span class='ocrx_word' id='word_1_614' title='bbox 2295 2236 2413 2291; x_wconf 89' lang='lat' dir='ltr'><strong>Dei.</strong></span> <span class='ocrx_word' id='word_1_615' title='bbox 2446 2237 2581 2290; x_wconf 65' lang='lat' dir='ltr'><strong>Duae</strong></span> <span class='ocrx_word' id='word_1_616' title='bbox 2620 2242 2745 2291; x_wconf 88' lang='lat' dir='ltr'><strong>sunt</strong></span> <span class='ocrx_word' id='word_1_617' title='bbox 2772 2234 2897 2291; x_wconf 72' lang='lat' dir='ltr'><strong>vitae</strong></span> <span class='ocrx_word' id='word_1_618' title='bbox 2929 2252 2942 2289; x_wconf 90' lang='lat'><strong>:</strong></span> <span class='ocrx_word' id='word_1_619' title='bbox 2974 2251 3081 2289; x_wconf 89' lang='lat' dir='ltr'><strong>una</strong></span> <span class='ocrx_word' id='word_1_620' title='bbox 3121 2233 3387 2305; x_wconf 88' lang='lat' dir='ltr'><strong>corporis,</strong></span> <span class='ocrx_word' id='word_1_621' title='bbox 3435 2234 3603 2289; x_wconf 87' lang='lat' dir='ltr'><strong>altera</strong></span> 
     </span>
    </p>
   </div>
   <div class='ocr_carea' id='block_1_84' title="bbox 1998 2322 3604 2396">
    <p class='ocr_par' dir='ltr' id='par_1_84' title="bbox 1998 2322 3604 2396">
     <span class='ocr_line' id='line_1_84' title="bbox 1998 2322 3604 2396; baseline 0 -18"><span class='ocrx_word' id='word_1_622' title='bbox 1998 2324 2227 2392; x_wconf 70' lang='lat' dir='ltr'><strong>animm;</strong></span> <span class='ocrx_word' id='word_1_623' title='bbox 2259 2332 2313 2380; x_wconf 92' lang='lat' dir='ltr'><strong>et</strong></span> <span class='ocrx_word' id='word_1_624' title='bbox 2343 2324 2479 2380; x_wconf 91' lang='lat' dir='ltr'><strong>sicut</strong></span> <span class='ocrx_word' id='word_1_625' title='bbox 2507 2324 2614 2380; x_wconf 91' lang='lat' dir='ltr'><strong>vita</strong></span> <span class='ocrx_word' id='word_1_626' title='bbox 2643 2323 2889 2396; x_wconf 88' lang='lat' dir='ltr'><strong>corporis</strong></span> <span class='ocrx_word' id='word_1_627' title='bbox 2916 2331 3002 2379; x_wconf 91' lang='lat' dir='ltr'><strong>est</strong></span> <span class='ocrx_word' id='word_1_628' title='bbox 3049 2323 3242 2390; x_wconf 89' lang='lat' dir='ltr'><strong>anima,</strong></span> <span class='ocrx_word' id='word_1_629' title='bbox 3281 2322 3359 2378; x_wconf 90' lang='lat' dir='ltr'><strong>sic</strong></span> <span class='ocrx_word' id='word_1_630' title='bbox 3406 2323 3604 2379; x_wconf 72' lang='lat' dir='ltr'><strong>anima:</strong></span> 
     </span>
    </p>
   </div>
   <div class='ocr_carea' id='block_1_85' title="bbox 1998 2411 3603 2485">
    <p class='ocr_par' dir='ltr' id='par_1_85' title="bbox 1998 2411 3603 2485">
     <span class='ocr_line' id='line_1_85' title="bbox 1998 2411 3603 2485; baseline -0.002 -15"><span class='ocrx_word' id='word_1_631' title='bbox 1998 2413 2104 2470; x_wconf 89' lang='lat' dir='ltr'><strong>vita</strong></span> <span class='ocrx_word' id='word_1_632' title='bbox 2152 2420 2234 2469; x_wconf 90' lang='lat' dir='ltr'><strong>est</strong></span> <span class='ocrx_word' id='word_1_633' title='bbox 2280 2414 2426 2469; x_wconf 90' lang='lat' dir='ltr'><strong>Deus</strong></span> <span class='ocrx_word' id='word_1_634' title='bbox 2459 2431 2473 2468; x_wconf 90' lang='lat'><strong>:</strong></span> <span class='ocrx_word' id='word_1_635' title='bbox 2505 2421 2559 2469; x_wconf 90' lang='lat' dir='ltr'><strong>et</strong></span> <span class='ocrx_word' id='word_1_636' title='bbox 2585 2412 2858 2485; x_wconf 91' lang='lat' dir='ltr'><strong>quomodo</strong></span> <span class='ocrx_word' id='word_1_637' title='bbox 2888 2412 2934 2467; x_wconf 88' lang='lat' dir='ltr'><strong>si</strong></span> <span class='ocrx_word' id='word_1_638' title='bbox 2956 2412 3134 2467; x_wconf 88' lang='lat' dir='ltr'><strong>anima</strong></span> <span class='ocrx_word' id='word_1_639' title='bbox 3161 2411 3393 2478; x_wconf 86' lang='lat' dir='ltr'><strong>deserat,</strong></span> <span class='ocrx_word' id='word_1_640' title='bbox 3426 2411 3603 2467; x_wconf 88' lang='lat' dir='ltr'><strong>mori-</strong></span> 
     </span>
    </p>
   </div>
   <div class='ocr_carea' id='block_1_86' title="bbox 2000 2500 3600 2574">
    <p class='ocr_par' dir='ltr' id='par_1_86' title="bbox 2000 2500 3600 2574">
     <span class='ocr_line' id='line_1_86' title="bbox 2000 2500 3600 2574; baseline -0.001 -17"><span class='ocrx_word' id='word_1_641' title='bbox 2000 2510 2084 2557; x_wconf 90' lang='lat' dir='ltr'><strong>tur</strong></span> <span class='ocrx_word' id='word_1_642' title='bbox 2128 2517 2346 2574; x_wconf 90' lang='lat' dir='ltr'><strong>corpus,</strong></span> <span class='ocrx_word' id='word_1_643' title='bbox 2403 2501 2482 2558; x_wconf 91' lang='lat' dir='ltr'><strong>sic</strong></span> <span class='ocrx_word' id='word_1_644' title='bbox 2535 2501 2713 2556; x_wconf 90' lang='lat' dir='ltr'><strong>anima</strong></span> <span class='ocrx_word' id='word_1_645' title='bbox 2768 2500 2993 2556; x_wconf 89' lang='lat' dir='ltr'><strong>moritur</strong></span> <span class='ocrx_word' id='word_1_646' title='bbox 3014 2545 3027 2567; x_wconf 91' lang='lat'><strong>,</strong></span> <span class='ocrx_word' id='word_1_647' title='bbox 3079 2500 3125 2556; x_wconf 90' lang='lat' dir='ltr'><strong>si</strong></span> <span class='ocrx_word' id='word_1_648' title='bbox 3180 2500 3396 2556; x_wconf 89' lang='lat' dir='ltr'><strong>deserat</strong></span> <span class='ocrx_word' id='word_1_649' title='bbox 3432 2501 3600 2556; x_wconf 89' lang='lat' dir='ltr'><strong>Deus.</strong></span> 
     </span>
    </p>
   </div>
   <div class='ocr_carea' id='block_1_87' title="bbox 1999 2590 3599 2661">
    <p class='ocr_par' dir='ltr' id='par_1_87' title="bbox 1999 2590 3599 2661">
     <span class='ocr_line' id='line_1_87' title="bbox 1999 2590 3599 2661; baseline -0.001 -15"><span class='ocrx_word' id='word_1_650' title='bbox 1999 2590 2193 2646; x_wconf 80' lang='lat' dir='ltr'><strong>Anima</strong></span> <span class='ocrx_word' id='word_1_651' title='bbox 2242 2590 2504 2646; x_wconf 90' lang='lat' dir='ltr'><strong>recedens</strong></span> <span class='ocrx_word' id='word_1_652' title='bbox 2531 2607 2563 2644; x_wconf 90' lang='lat' dir='ltr'><strong>a</strong></span> <span class='ocrx_word' id='word_1_653' title='bbox 2588 2590 2709 2646; x_wconf 90' lang='lat' dir='ltr'><strong>luce</strong></span> <span class='ocrx_word' id='word_1_654' title='bbox 2742 2590 2974 2661; x_wconf 77' lang='lat' dir='ltr'><strong>iustitiae,</strong></span> <span class='ocrx_word' id='word_1_655' title='bbox 3009 2596 3211 2661; x_wconf 90' lang='lat' dir='ltr'><strong>quanto</strong></span> <span class='ocrx_word' id='word_1_656' title='bbox 3236 2590 3413 2661; x_wconf 88' lang='lat' dir='ltr'><strong>magis</strong></span> <span class='ocrx_word' id='word_1_657' title='bbox 3443 2606 3599 2661; x_wconf 63' lang='lat' dir='ltr'><strong>quaa-</strong></span> 
     </span>
    </p>
   </div>
   <div class='ocr_carea' id='block_1_88' title="bbox 1998 2677 3599 2752">
    <p class='ocr_par' dir='ltr' id='par_1_88' title="bbox 1998 2677 3599 2752">
     <span class='ocr_line' id='line_1_88' title="bbox 1998 2677 3599 2752; baseline -0.002 -18"><span class='ocrx_word' id='word_1_658' title='bbox 1998 2680 2068 2734; x_wconf 92' lang='lat' dir='ltr'><strong>rit</strong></span> <span class='ocrx_word' id='word_1_659' title='bbox 2098 2680 2242 2752; x_wconf 92' lang='lat' dir='ltr'><strong>quod</strong></span> <span class='ocrx_word' id='word_1_660' title='bbox 2270 2678 2508 2736; x_wconf 87' lang='lat' dir='ltr'><strong>inveniat</strong></span> <span class='ocrx_word' id='word_1_661' title='bbox 2534 2688 2723 2736; x_wconf 90' lang='lat' dir='ltr'><strong>contra</strong></span> <span class='ocrx_word' id='word_1_662' title='bbox 2744 2678 3021 2747; x_wconf 89' lang='lat' dir='ltr'><strong>justitiam,</strong></span> <span class='ocrx_word' id='word_1_663' title='bbox 3056 2686 3204 2735; x_wconf 87' lang='lat' dir='ltr'><strong>tanto</strong></span> <span class='ocrx_word' id='word_1_664' title='bbox 3229 2678 3355 2749; x_wconf 92' lang='lat' dir='ltr'><strong>plus</strong></span> <span class='ocrx_word' id='word_1_665' title='bbox 3381 2677 3599 2748; x_wconf 87' lang='lat' dir='ltr'><strong>repelli-</strong></span> 
     </span>
    </p>
   </div>
   <div class='ocr_carea' id='block_1_89' title="bbox 1994 2766 3531 2837">
    <p class='ocr_par' dir='ltr' id='par_1_89' title="bbox 1994 2766 3531 2837">
     <span class='ocr_line' id='line_1_89' title="bbox 1994 2766 3531 2837; baseline -0.002 -12"><span class='ocrx_word' id='word_1_666' title='bbox 1994 2779 2081 2825; x_wconf 90' lang='lat' dir='ltr'><strong>tur</strong></span> <span class='ocrx_word' id='word_1_667' title='bbox 2107 2784 2139 2822; x_wconf 93' lang='lat' dir='ltr'><strong>a</strong></span> <span class='ocrx_word' id='word_1_668' title='bbox 2167 2767 2370 2823; x_wconf 90' lang='lat' dir='ltr'><strong>lumine</strong></span> <span class='ocrx_word' id='word_1_669' title='bbox 2396 2767 2650 2831; x_wconf 86' lang='lat' dir='ltr'><strong>veritatis,</strong></span> <span class='ocrx_word' id='word_1_670' title='bbox 2686 2775 2739 2823; x_wconf 90' lang='lat' dir='ltr'><strong>et</strong></span> <span class='ocrx_word' id='word_1_671' title='bbox 2768 2767 2824 2822; x_wconf 92' lang='lat' dir='ltr'><strong>in</strong></span> <span class='ocrx_word' id='word_1_672' title='bbox 2852 2766 3160 2823; x_wconf 88' lang='lat' dir='ltr'><strong>tenebrosis</strong></span> <span class='ocrx_word' id='word_1_673' title='bbox 3179 2766 3531 2837; x_wconf 86' lang='lat' dir='ltr'><strong>demergitur.</strong></span> 
     </span>
    </p>
   </div>
   <div class='ocr_carea' id='block_1_90' title="bbox 2067 2873 3604 2947">
    <p class='ocr_par' dir='ltr' id='par_1_90' title="bbox 2067 2873 3604 2947">
     <span class='ocr_line' id='line_1_90' title="bbox 2067 2873 3604 2947; baseline -0.002 -17"><span class='ocrx_word' id='word_1_674' title='bbox 2067 2875 2237 2930; x_wconf 86' lang='lat' dir='ltr'><strong>Vens.</strong></span> <span class='ocrx_word' id='word_1_675' title='bbox 2273 2878 2358 2930; x_wconf 89' lang='lat'><strong>19.</strong></span> <span class='ocrx_word' id='word_1_676' title='bbox 2395 2904 2465 2916; x_wconf 90' lang='lat'><strong>—</strong></span> <span class='ocrx_word' id='word_1_677' title='bbox 2502 2876 2898 2947; x_wconf 82' lang='lat' dir='ltr'><strong>Desperantes.</strong></span> <span class='ocrx_word' id='word_1_678' title='bbox 2931 2873 3031 2929; x_wconf 90' lang='lat' dir='ltr'><strong>Vel</strong></span> <span class='ocrx_word' id='word_1_679' title='bbox 3057 2873 3325 2940; x_wconf 86' lang='lat' dir='ltr'><strong>indolorii,</strong></span> <span class='ocrx_word' id='word_1_680' title='bbox 3360 2873 3507 2946; x_wconf 88' lang='lat' dir='ltr'><strong>quod</strong></span> <span class='ocrx_word' id='word_1_681' title='bbox 3537 2888 3604 2928; x_wconf 83' lang='lat' dir='ltr'><strong>ex</strong></span> 
     </span>
    </p>
   </div>
   <div class='ocr_carea' id='block_1_91' title="bbox 2003 2962 3457 3034">
    <p class='ocr_par' dir='ltr' id='par_1_91' title="bbox 2003 2962 3457 3034">
     <span class='ocr_line' id='line_1_91' title="bbox 2003 2962 3457 3034; baseline -0.001 -15"><span class='ocrx_word' id='word_1_682' title='bbox 2003 2962 2197 3019; x_wconf 65' lang='lat' dir='ltr'><strong>Graeco</strong></span> <span class='ocrx_word' id='word_1_683' title='bbox 2224 2963 2461 3029; x_wconf 88' lang='lat' dir='ltr'><strong>trahitur,</strong></span> <span class='ocrx_word' id='word_1_684' title='bbox 2495 2962 2551 3017; x_wconf 90' lang='lat' dir='ltr'><strong>id</strong></span> <span class='ocrx_word' id='word_1_685' title='bbox 2577 2971 2661 3018; x_wconf 89' lang='lat' dir='ltr'><strong>est</strong></span> <span class='ocrx_word' id='word_1_686' title='bbox 2690 2963 2758 3017; x_wconf 91' lang='lat' dir='ltr'><strong>de</strong></span> <span class='ocrx_word' id='word_1_687' title='bbox 2785 2970 3013 3034; x_wconf 86' lang='lat' dir='ltr'><strong>peccato</strong></span> <span class='ocrx_word' id='word_1_688' title='bbox 3043 2978 3152 3018; x_wconf 92' lang='lat' dir='ltr'><strong>non</strong></span> <span class='ocrx_word' id='word_1_689' title='bbox 3182 2962 3457 3018; x_wconf 87' lang='lat' dir='ltr'><strong>dolentes.</strong></span> 
     </span>
    </p>
   </div>
   <div class='ocr_carea' id='block_1_92' title="bbox 2076 3067 3597 3143">
    <p class='ocr_par' dir='ltr' id='par_1_92' title="bbox 2076 3067 3597 3143">
     <span class='ocr_line' id='line_1_92' title="bbox 2076 3067 3597 3143; baseline -0.002 -18"><span class='ocrx_word' id='word_1_690' title='bbox 2076 3070 2245 3125; x_wconf 83' lang='lat' dir='ltr'><strong>Vens.</strong></span> <span class='ocrx_word' id='word_1_691' title='bbox 2268 3072 2357 3126; x_wconf 84' lang='lat'><strong>21.</strong></span> <span class='ocrx_word' id='word_1_692' title='bbox 2390 3098 2460 3109; x_wconf 93' lang='lat'><em>—</em></span> <span class='ocrx_word' id='word_1_693' title='bbox 2505 3069 2663 3126; x_wconf 86' lang='lat' dir='ltr'><strong>Sicut</strong></span> <span class='ocrx_word' id='word_1_694' title='bbox 2706 3070 2938 3125; x_wconf 82' lang='lat' dir='ltr'><strong>veritas.</strong></span> <span class='ocrx_word' id='word_1_695' title='bbox 2970 3068 3086 3125; x_wconf 87' lang='lat' dir='ltr'><strong>Hoc</strong></span> <span class='ocrx_word' id='word_1_696' title='bbox 3110 3067 3235 3123; x_wconf 90' lang='lat' dir='ltr'><strong>ideo</strong></span> <span class='ocrx_word' id='word_1_697' title='bbox 3263 3067 3390 3124; x_wconf 89' lang='lat' dir='ltr'><strong>dicit</strong></span> <span class='ocrx_word' id='word_1_698' title='bbox 3423 3084 3436 3123; x_wconf 89' lang='lat'><strong>:</strong></span> <span class='ocrx_word' id='word_1_699' title='bbox 3473 3068 3597 3143; x_wconf 89' lang='lat' dir='ltr'><strong>quia</strong></span> 
     </span>
    </p>
   </div>
   <div class='ocr_carea' id='block_1_93' title="bbox 2004 3156 3602 3229">
    <p class='ocr_par' dir='ltr' id='par_1_93' title="bbox 2004 3156 3602 3229">
     <span class='ocr_line' id='line_1_93' title="bbox 2004 3156 3602 3229; baseline -0.001 -16"><span class='ocrx_word' id='word_1_700' title='bbox 2004 3165 2129 3213; x_wconf 89' lang='lat' dir='ltr'><strong>sunt</strong></span> <span class='ocrx_word' id='word_1_701' title='bbox 2158 3157 2377 3229; x_wconf 89' lang='lat' dir='ltr'><strong>quidam</strong></span> <span class='ocrx_word' id='word_1_702' title='bbox 2404 3156 2459 3211; x_wconf 92' lang='lat' dir='ltr'><strong>in</strong></span> <span class='ocrx_word' id='word_1_703' title='bbox 2489 3157 2734 3213; x_wconf 91' lang='lat' dir='ltr'><strong>Ecclesia</strong></span> <span class='ocrx_word' id='word_1_704' title='bbox 2772 3157 2862 3229; x_wconf 90' lang='lat' dir='ltr'><strong>qui</strong></span> <span class='ocrx_word' id='word_1_705' title='bbox 2892 3157 2990 3212; x_wconf 91' lang='lat' dir='ltr'><strong>sub</strong></span> <span class='ocrx_word' id='word_1_706' title='bbox 3017 3156 3237 3212; x_wconf 87' lang='lat' dir='ltr'><strong>nomine</strong></span> <span class='ocrx_word' id='word_1_707' title='bbox 3268 3157 3465 3212; x_wconf 89' lang='lat' dir='ltr'><strong>Christi</strong></span> <span class='ocrx_word' id='word_1_708' title='bbox 3496 3172 3602 3212; x_wconf 92' lang='lat' dir='ltr'><strong>non</strong></span> 
     </span>
    </p>
   </div>
   <div class='ocr_carea' id='block_1_94' title="bbox 2003 3245 3312 3318">
    <p class='ocr_par' dir='ltr' id='par_1_94' title="bbox 2003 3245 3312 3318">
     <span class='ocr_line' id='line_1_94' title="bbox 2003 3245 3312 3318; baseline -0.001 -17"><span class='ocrx_word' id='word_1_709' title='bbox 2003 3253 2301 3318; x_wconf 90' lang='lat' dir='ltr'><strong>sequuntur</strong></span> <span class='ocrx_word' id='word_1_710' title='bbox 2329 3246 2610 3302; x_wconf 86' lang='lat' dir='ltr'><strong>veritatem</strong></span> <span class='ocrx_word' id='word_1_711' title='bbox 2643 3262 2803 3318; x_wconf 91' lang='lat' dir='ltr'><strong>quam</strong></span> <span class='ocrx_word' id='word_1_712' title='bbox 2835 3245 3082 3301; x_wconf 90' lang='lat' dir='ltr'><strong>Christus</strong></span> <span class='ocrx_word' id='word_1_713' title='bbox 3112 3245 3312 3301; x_wconf 90' lang='lat' dir='ltr'><strong>docuit.</strong></span> 
     </span>
    </p>
   </div>
   <div class='ocr_carea' id='block_1_95' title="bbox 2074 3342 3591 3416">
    <p class='ocr_par' dir='ltr' id='par_1_95' title="bbox 2074 3342 3591 3416">
     <span class='ocr_line' id='line_1_95' title="bbox 2074 3342 3591 3416; baseline 0.001 -18"><span class='ocrx_word' id='word_1_714' title='bbox 2074 3345 2243 3398; x_wconf 85' lang='lat' dir='ltr'><strong>Vens.</strong></span> <span class='ocrx_word' id='word_1_715' title='bbox 2267 3346 2354 3402; x_wconf 86' lang='lat'><strong>22.</strong></span> <span class='ocrx_word' id='word_1_716' title='bbox 2387 3374 2457 3384; x_wconf 91' lang='lat'><strong>-</strong></span> <span class='ocrx_word' id='word_1_717' title='bbox 2487 3343 2776 3416; x_wconf 88' lang='lat' dir='ltr'><strong>Deponite.</strong></span> <span class='ocrx_word' id='word_1_718' title='bbox 2828 3343 2951 3398; x_wconf 91' lang='lat' dir='ltr'><strong>Non</strong></span> <span class='ocrx_word' id='word_1_719' title='bbox 2994 3342 3145 3412; x_wconf 89' lang='lat' dir='ltr'><strong>jubet</strong></span> <span class='ocrx_word' id='word_1_720' title='bbox 3174 3351 3231 3398; x_wconf 94' lang='lat' dir='ltr'><strong>ut</strong></span> <span class='ocrx_word' id='word_1_721' title='bbox 3260 3358 3460 3414; x_wconf 90' lang='lat' dir='ltr'><strong>corpus</strong></span> <span class='ocrx_word' id='word_1_722' title='bbox 3491 3344 3591 3399; x_wconf 90' lang='lat' dir='ltr'><strong>de-</strong></span> 
     </span>
    </p>
   </div>
   <div class='ocr_carea' id='block_1_96' title="bbox 2004 3431 3596 3504">
    <p class='ocr_par' dir='ltr' id='par_1_96' title="bbox 2004 3431 3596 3504">
     <span class='ocr_line' id='line_1_96' title="bbox 2004 3431 3596 3504; baseline -0.001 -16"><span class='ocrx_word' id='word_1_723' title='bbox 2004 3440 2254 3504; x_wconf 90' lang='lat' dir='ltr'><strong>ponatur,</strong></span> <span class='ocrx_word' id='word_1_724' title='bbox 2288 3432 2385 3487; x_wconf 92' lang='lat' dir='ltr'><strong>sed</strong></span> <span class='ocrx_word' id='word_1_725' title='bbox 2415 3440 2470 3486; x_wconf 90' lang='lat' dir='ltr'><strong>ut</strong></span> <span class='ocrx_word' id='word_1_726' title='bbox 2497 3431 2605 3486; x_wconf 91' lang='lat' dir='ltr'><strong>vita</strong></span> <span class='ocrx_word' id='word_1_727' title='bbox 2661 3432 2716 3485; x_wconf 92' lang='lat' dir='ltr'><strong>in</strong></span> <span class='ocrx_word' id='word_1_728' title='bbox 2768 3431 2962 3487; x_wconf 89' lang='lat' dir='ltr'><strong>melius</strong></span> <span class='ocrx_word' id='word_1_729' title='bbox 3015 3439 3267 3487; x_wconf 90' lang='lat' dir='ltr'><strong>mutetur.</strong></span> <span class='ocrx_word' id='word_1_730' title='bbox 3334 3433 3596 3489; x_wconf 80' lang='lat' dir='ltr'><strong>Veterem.</strong></span> 
     </span>
    </p>
   </div>
   <div class='ocr_carea' id='block_1_97' title="bbox 2004 3519 3603 3593">
    <p class='ocr_par' dir='ltr' id='par_1_97' title="bbox 2004 3519 3603 3593">
     <span class='ocr_line' id='line_1_97' title="bbox 2004 3519 3603 3593; baseline -0.001 -16"><span class='ocrx_word' id='word_1_731' title='bbox 2004 3522 2128 3577; x_wconf 91' lang='lat' dir='ltr'><strong>Non</strong></span> <span class='ocrx_word' id='word_1_732' title='bbox 2155 3520 2287 3576; x_wconf 89' lang='lat' dir='ltr'><strong>nulli</strong></span> <span class='ocrx_word' id='word_1_733' title='bbox 2316 3527 2504 3593; x_wconf 90' lang='lat' dir='ltr'><strong>putant</strong></span> <span class='ocrx_word' id='word_1_734' title='bbox 2534 3520 2678 3592; x_wconf 91' lang='lat' dir='ltr'><strong>quod</strong></span> <span class='ocrx_word' id='word_1_735' title='bbox 2706 3528 2860 3576; x_wconf 90' lang='lat' dir='ltr'><strong>vetus</strong></span> <span class='ocrx_word' id='word_1_736' title='bbox 2886 3521 3047 3576; x_wconf 88' lang='lat' dir='ltr'><strong>homo</strong></span> <span class='ocrx_word' id='word_1_737' title='bbox 3076 3536 3273 3591; x_wconf 86' lang='lat' dir='ltr'><strong>corpus</strong></span> <span class='ocrx_word' id='word_1_738' title='bbox 3303 3519 3387 3586; x_wconf 87' lang='lat' dir='ltr'><strong>sit,</strong></span> <span class='ocrx_word' id='word_1_739' title='bbox 3421 3528 3475 3576; x_wconf 91' lang='lat' dir='ltr'><strong>et</strong></span> <span class='ocrx_word' id='word_1_740' title='bbox 3503 3536 3603 3576; x_wconf 87' lang='lat' dir='ltr'><strong>no-</strong></span> 
     </span>
    </p>
   </div>
   <div class='ocr_carea' id='block_1_98' title="bbox 2006 3608 3606 3681">
    <p class='ocr_par' dir='ltr' id='par_1_98' title="bbox 2006 3608 3606 3681">
     <span class='ocr_line' id='line_1_98' title="bbox 2006 3608 3606 3681; baseline -0.001 -15"><span class='ocrx_word' id='word_1_741' title='bbox 2006 3626 2112 3666; x_wconf 88' lang='lat' dir='ltr'><strong>vus</strong></span> <span class='ocrx_word' id='word_1_742' title='bbox 2142 3610 2321 3665; x_wconf 90' lang='lat' dir='ltr'><strong>anima</strong></span> <span class='ocrx_word' id='word_1_743' title='bbox 2354 3629 2367 3676; x_wconf 90' lang='lat'><strong>;</strong></span> <span class='ocrx_word' id='word_1_744' title='bbox 2394 3609 2492 3665; x_wconf 88' lang='lat' dir='ltr'><strong>sed</strong></span> <span class='ocrx_word' id='word_1_745' title='bbox 2521 3624 2721 3681; x_wconf 90' lang='lat' dir='ltr'><strong>corpus</strong></span> <span class='ocrx_word' id='word_1_746' title='bbox 2737 3609 2974 3665; x_wconf 91' lang='lat' dir='ltr'><strong>exterior</strong></span> <span class='ocrx_word' id='word_1_747' title='bbox 3003 3608 3166 3664; x_wconf 88' lang='lat' dir='ltr'><strong>homo</strong></span> <span class='ocrx_word' id='word_1_748' title='bbox 3206 3617 3308 3676; x_wconf 90' lang='lat' dir='ltr'><strong>est,</strong></span> <span class='ocrx_word' id='word_1_749' title='bbox 3329 3609 3513 3665; x_wconf 89' lang='lat' dir='ltr'><strong>anima</strong></span> <span class='ocrx_word' id='word_1_750' title='bbox 3534 3609 3606 3664; x_wconf 89' lang='lat' dir='ltr'><strong>in-</strong></span> 
     </span>
    </p>
   </div>
   <div class='ocr_carea' id='block_1_99' title="bbox 2009 3697 3597 3772">
    <p class='ocr_par' dir='ltr' id='par_1_99' title="bbox 2009 3697 3597 3772">
     <span class='ocr_line' id='line_1_99' title="bbox 2009 3697 3597 3772; baseline -0.001 -17"><span class='ocrx_word' id='word_1_751' title='bbox 2009 3700 2177 3756; x_wconf 90' lang='lat' dir='ltr'><strong>terior</strong></span> <span class='ocrx_word' id='word_1_752' title='bbox 2211 3717 2224 3754; x_wconf 89' lang='lat'><strong>:</strong></span> <span class='ocrx_word' id='word_1_753' title='bbox 2258 3707 2309 3756; x_wconf 91' lang='lat' dir='ltr'><strong>et</strong></span> <span class='ocrx_word' id='word_1_754' title='bbox 2338 3699 2395 3754; x_wconf 90' lang='lat' dir='ltr'><strong>in</strong></span> <span class='ocrx_word' id='word_1_755' title='bbox 2424 3698 2671 3755; x_wconf 91' lang='lat' dir='ltr'><strong>interiori</strong></span> <span class='ocrx_word' id='word_1_756' title='bbox 2701 3697 3005 3772; x_wconf 83' lang='lat' dir='ltr'><strong>agiturhaec</strong></span> <span class='ocrx_word' id='word_1_757' title='bbox 3037 3705 3276 3754; x_wconf 87' lang='lat' dir='ltr'><strong>vetustas</strong></span> <span class='ocrx_word' id='word_1_758' title='bbox 3305 3706 3356 3755; x_wconf 90' lang='lat' dir='ltr'><strong>et</strong></span> <span class='ocrx_word' id='word_1_759' title='bbox 3371 3699 3597 3754; x_wconf 88' lang='lat' dir='ltr'><strong>novitas.</strong></span> 
     </span>
    </p>
   </div>
   <div class='ocr_carea' id='block_1_100' title="bbox 2081 3787 3602 3861">
    <p class='ocr_par' dir='ltr' id='par_1_100' title="bbox 2081 3787 3602 3861">
     <span class='ocr_line' id='line_1_100' title="bbox 2081 3787 3602 3861; baseline -0.001 -17"><span class='ocrx_word' id='word_1_760' title='bbox 2081 3790 2358 3847; x_wconf 80' lang='lat' dir='ltr'><strong>Vens.23.</strong></span> <span class='ocrx_word' id='word_1_761' title='bbox 2392 3819 2462 3829; x_wconf 92' lang='lat'><strong><em>—</em></strong></span> <span class='ocrx_word' id='word_1_762' title='bbox 2506 3788 2726 3861; x_wconf 84' lang='lat' dir='ltr'><strong>Spiritu</strong></span> <span class='ocrx_word' id='word_1_763' title='bbox 2768 3788 2999 3844; x_wconf 85' lang='lat' dir='ltr'><strong>mentis.</strong></span> <span class='ocrx_word' id='word_1_764' title='bbox 3049 3788 3171 3843; x_wconf 90' lang='lat' dir='ltr'><strong>Non</strong></span> <span class='ocrx_word' id='word_1_765' title='bbox 3217 3787 3293 3842; x_wconf 89' lang='lat' dir='ltr'><strong>ibi</strong></span> <span class='ocrx_word' id='word_1_766' title='bbox 3335 3787 3474 3843; x_wconf 89' lang='lat' dir='ltr'><strong>duas</strong></span> <span class='ocrx_word' id='word_1_767' title='bbox 3519 3804 3602 3843; x_wconf 87' lang='lat' dir='ltr'><strong>res</strong></span> 
     </span>
    </p>
   </div>
   <div class='ocr_carea' id='block_1_101' title="bbox 2008 3874 3599 3950">
    <p class='ocr_par' dir='ltr' id='par_1_101' title="bbox 2008 3874 3599 3950">
     <span class='ocr_line' id='line_1_101' title="bbox 2008 3874 3599 3950; baseline 0 -19"><span class='ocrx_word' id='word_1_768' title='bbox 2008 3876 2235 3950; x_wconf 83' lang='lat' dir='ltr'><strong>intelligi</strong></span> <span class='ocrx_word' id='word_1_769' title='bbox 2268 3876 2432 3933; x_wconf 88' lang='lat' dir='ltr'><strong>voluit</strong></span> <span class='ocrx_word' id='word_1_770' title='bbox 2476 3875 2766 3948; x_wconf 84' lang='lat' dir='ltr'><strong>Apostolus</strong></span> <span class='ocrx_word' id='word_1_771' title='bbox 2796 3875 2949 3948; x_wconf 89' lang='lat' dir='ltr'><strong>quasi</strong></span> <span class='ocrx_word' id='word_1_772' title='bbox 2979 3874 3124 3930; x_wconf 89' lang='lat' dir='ltr'><strong>aliud</strong></span> <span class='ocrx_word' id='word_1_773' title='bbox 3155 3876 3223 3931; x_wconf 90' lang='lat' dir='ltr'><strong>sit</strong></span> <span class='ocrx_word' id='word_1_774' title='bbox 3251 3892 3424 3942; x_wconf 90' lang='lat' dir='ltr'><strong>mens,</strong></span> <span class='ocrx_word' id='word_1_775' title='bbox 3460 3875 3599 3931; x_wconf 90' lang='lat' dir='ltr'><strong>aliud</strong></span> 
     </span>
    </p>
   </div>
   <div class='ocr_carea' id='block_1_102' title="bbox 2013 3964 3604 4037">
    <p class='ocr_par' dir='ltr' id='par_1_102' title="bbox 2013 3964 3604 4037">
     <span class='ocr_line' id='line_1_102' title="bbox 2013 3964 3604 4037; baseline 0.001 -18"><span class='ocrx_word' id='word_1_776' title='bbox 2013 3966 2236 4037; x_wconf 89' lang='lat' dir='ltr'><strong>spiritus</strong></span> <span class='ocrx_word' id='word_1_777' title='bbox 2275 3964 2493 4032; x_wconf 90' lang='lat' dir='ltr'><strong>mentis,</strong></span> <span class='ocrx_word' id='word_1_778' title='bbox 2527 3965 2625 4020; x_wconf 89' lang='lat' dir='ltr'><strong>sed</strong></span> <span class='ocrx_word' id='word_1_779' title='bbox 2666 3965 2792 4036; x_wconf 89' lang='lat' dir='ltr'><strong>quia</strong></span> <span class='ocrx_word' id='word_1_780' title='bbox 2836 3979 2992 4021; x_wconf 90' lang='lat' dir='ltr'><strong>mens</strong></span> <span class='ocrx_word' id='word_1_781' title='bbox 3021 3964 3240 4034; x_wconf 90' lang='lat' dir='ltr'><strong>spiritus</strong></span> <span class='ocrx_word' id='word_1_782' title='bbox 3268 3972 3370 4019; x_wconf 89' lang='lat' dir='ltr'><strong>est.</strong></span> <span class='ocrx_word' id='word_1_783' title='bbox 3421 3964 3604 4021; x_wconf 89' lang='lat' dir='ltr'><strong>Simile</strong></span> 
     </span>
    </p>
   </div>
   <div class='ocr_carea' id='block_1_103' title="bbox 2013 4052 3602 4127">
    <p class='ocr_par' dir='ltr' id='par_1_103' title="bbox 2013 4052 3602 4127">
     <span class='ocr_line' id='line_1_103' title="bbox 2013 4052 3602 4127; baseline 0.001 -19"><span class='ocrx_word' id='word_1_784' title='bbox 2013 4054 2211 4110; x_wconf 90' lang='lat' dir='ltr'><strong>dictum</strong></span> <span class='ocrx_word' id='word_1_785' title='bbox 2242 4063 2323 4109; x_wconf 90' lang='lat' dir='ltr'><strong>est</strong></span> <span class='ocrx_word' id='word_1_786' title='bbox 2357 4070 2369 4108; x_wconf 90' lang='lat'><strong>:</strong></span> <span class='ocrx_word' id='word_1_787' title='bbox 2404 4055 2469 4108; x_wconf 89' lang='lat' dir='ltr'><strong>In</strong></span> <span class='ocrx_word' id='word_1_788' title='bbox 2490 4054 2903 4127; x_wconf 75' lang='lat' dir='ltr'><strong>exspoliatione</strong></span> <span class='ocrx_word' id='word_1_789' title='bbox 2933 4053 3406 4126; x_wconf 60' lang='lat' dir='ltr'><strong>corporiscarnis,</strong></span> <span class='ocrx_word' id='word_1_790' title='bbox 3441 4052 3497 4108; x_wconf 91' lang='lat' dir='ltr'><strong>id</strong></span> <span class='ocrx_word' id='word_1_791' title='bbox 3523 4061 3602 4109; x_wconf 90' lang='lat' dir='ltr'><strong>est</strong></span> 
     </span>
    </p>
   </div>
   <div class='ocr_carea' id='block_1_104' title="bbox 2014 4140 3604 4215">
    <p class='ocr_par' dir='ltr' id='par_1_104' title="bbox 2014 4140 3604 4215">
     <span class='ocr_line' id='line_1_104' title="bbox 2014 4140 3604 4215; baseline -0.003 -16"><span class='ocrx_word' id='word_1_792' title='bbox 2014 4142 2190 4199; x_wconf 88' lang='lat' dir='ltr'><strong>carnis</strong></span> <span class='ocrx_word' id='word_1_793' title='bbox 2218 4159 2338 4215; x_wconf 72' lang='lat' dir='ltr'><strong>quae</strong></span> <span class='ocrx_word' id='word_1_794' title='bbox 2360 4156 2555 4215; x_wconf 89' lang='lat' dir='ltr'><strong>corpus</strong></span> <span class='ocrx_word' id='word_1_795' title='bbox 2589 4150 2688 4198; x_wconf 91' lang='lat' dir='ltr'><strong>est.</strong></span> <span class='ocrx_word' id='word_1_796' title='bbox 2722 4143 2873 4198; x_wconf 85' lang='lat' dir='ltr'><strong>Mens</strong></span> <span class='ocrx_word' id='word_1_797' title='bbox 2902 4156 3053 4214; x_wconf 90' lang='lat' dir='ltr'><strong>ergo,</strong></span> <span class='ocrx_word' id='word_1_798' title='bbox 3086 4141 3175 4196; x_wconf 88' lang='lat' dir='ltr'><strong>vel</strong></span> <span class='ocrx_word' id='word_1_799' title='bbox 3223 4140 3378 4207; x_wconf 88' lang='lat' dir='ltr'><strong>ratio,</strong></span> <span class='ocrx_word' id='word_1_800' title='bbox 3412 4142 3499 4197; x_wconf 88' lang='lat' dir='ltr'><strong>vel</strong></span> <span class='ocrx_word' id='word_1_801' title='bbox 3528 4143 3604 4196; x_wconf 90' lang='lat' dir='ltr'><strong>in-</strong></span> 
     </span>
    </p>
   </div>
   <div class='ocr_carea' id='block_1_105' title="bbox 2014 4229 3600 4304">
    <p class='ocr_par' dir='ltr' id='par_1_105' title="bbox 2014 4229 3600 4304">
     <span class='ocr_line' id='line_1_105' title="bbox 2014 4229 3600 4304; baseline -0.003 -16"><span class='ocrx_word' id='word_1_802' title='bbox 2014 4231 2330 4304; x_wconf 88' lang='lat' dir='ltr'><strong>telligentia,</strong></span> <span class='ocrx_word' id='word_1_803' title='bbox 2366 4231 2550 4304; x_wconf 87' lang='lat' dir='ltr'><strong>imago</strong></span> <span class='ocrx_word' id='word_1_804' title='bbox 2579 4231 2679 4287; x_wconf 92' lang='lat' dir='ltr'><strong>Dei</strong></span> <span class='ocrx_word' id='word_1_805' title='bbox 2709 4239 2808 4298; x_wconf 91' lang='lat' dir='ltr'><strong>est,</strong></span> <span class='ocrx_word' id='word_1_806' title='bbox 2838 4246 2945 4302; x_wconf 89' lang='lat' dir='ltr'><strong>qua</strong></span> <span class='ocrx_word' id='word_1_807' title='bbox 2959 4238 3155 4303; x_wconf 72' lang='lat' dir='ltr'><strong>praeest</strong></span> <span class='ocrx_word' id='word_1_808' title='bbox 3174 4229 3337 4285; x_wconf 90' lang='lat' dir='ltr'><strong>homo</strong></span> <span class='ocrx_word' id='word_1_809' title='bbox 3358 4230 3600 4285; x_wconf 85' lang='lat' dir='ltr'><strong>caeteris:</strong></span> 
     </span>
    </p>
   </div>
   <div class='ocr_carea' id='block_1_106' title="bbox 2018 4319 3606 4393">
    <p class='ocr_par' dir='ltr' id='par_1_106' title="bbox 2018 4319 3606 4393">
     <span class='ocr_line' id='line_1_106' title="bbox 2018 4319 3606 4393; baseline -0.002 -17"><span class='ocrx_word' id='word_1_810' title='bbox 2018 4321 2106 4393; x_wconf 86' lang='lat' dir='ltr'><strong>qui</strong></span> <span class='ocrx_word' id='word_1_811' title='bbox 2136 4328 2347 4376; x_wconf 88' lang='lat' dir='ltr'><strong>creatus</strong></span> <span class='ocrx_word' id='word_1_812' title='bbox 2376 4320 2433 4375; x_wconf 90' lang='lat' dir='ltr'><strong>in</strong></span> <span class='ocrx_word' id='word_1_813' title='bbox 2476 4319 2752 4392; x_wconf 87' lang='lat' dir='ltr'><strong>agnitione</strong></span> <span class='ocrx_word' id='word_1_814' title='bbox 2800 4319 2919 4385; x_wconf 90' lang='lat' dir='ltr'><strong>Dei,</strong></span> <span class='ocrx_word' id='word_1_815' title='bbox 2950 4326 3238 4391; x_wconf 89' lang='lat' dir='ltr'><strong>postquam</strong></span> <span class='ocrx_word' id='word_1_816' title='bbox 3265 4327 3492 4390; x_wconf 89' lang='lat' dir='ltr'><strong>peccato</strong></span> <span class='ocrx_word' id='word_1_817' title='bbox 3522 4320 3606 4373; x_wconf 89' lang='lat' dir='ltr'><strong>de-</strong></span> 
     </span>
    </p>
   </div>
   <div class='ocr_carea' id='block_1_107' title="bbox 2020 4407 3602 4482">
    <p class='ocr_par' dir='ltr' id='par_1_107' title="bbox 2020 4407 3602 4482">
     <span class='ocr_line' id='line_1_107' title="bbox 2020 4407 3602 4482; baseline -0.001 -17"><span class='ocrx_word' id='word_1_818' title='bbox 2020 4410 2197 4482; x_wconf 89' lang='lat' dir='ltr'><strong>sipuit,</strong></span> <span class='ocrx_word' id='word_1_819' title='bbox 2258 4410 2313 4463; x_wconf 92' lang='lat' dir='ltr'><strong>in</strong></span> <span class='ocrx_word' id='word_1_820' title='bbox 2353 4409 2542 4465; x_wconf 91' lang='lat' dir='ltr'><strong>eadem</strong></span> <span class='ocrx_word' id='word_1_821' title='bbox 2572 4416 2881 4476; x_wconf 89' lang='lat' dir='ltr'><strong>renovatur,</strong></span> <span class='ocrx_word' id='word_1_822' title='bbox 2926 4418 2982 4463; x_wconf 91' lang='lat' dir='ltr'><strong>ut</strong></span> <span class='ocrx_word' id='word_1_823' title='bbox 3032 4407 3255 4480; x_wconf 88' lang='lat' dir='ltr'><strong>incipiat</strong></span> <span class='ocrx_word' id='word_1_824' title='bbox 3278 4408 3382 4481; x_wconf 46' lang='lat' dir='ltr'><strong>‘illa</strong></span> <span class='ocrx_word' id='word_1_825' title='bbox 3428 4408 3602 4479; x_wconf 87' lang='lat' dir='ltr'><strong>imago</strong></span> 
     </span>
    </p>
   </div>
   <div class='ocr_carea' id='block_1_108' title="bbox 2019 4496 3142 4571">
    <p class='ocr_par' dir='ltr' id='par_1_108' title="bbox 2019 4496 3142 4571">
     <span class='ocr_line' id='line_1_108' title="bbox 2019 4496 3142 4571; baseline -0.002 -16"><span class='ocrx_word' id='word_1_826' title='bbox 2019 4500 2088 4555; x_wconf 89' lang='lat' dir='ltr'><strong>ab</strong></span> <span class='ocrx_word' id='word_1_827' title='bbox 2117 4499 2210 4555; x_wconf 90' lang='lat' dir='ltr'><strong>illo</strong></span> <span class='ocrx_word' id='word_1_828' title='bbox 2241 4498 2541 4567; x_wconf 87' lang='lat' dir='ltr'><strong>reformari,</strong></span> <span class='ocrx_word' id='word_1_829' title='bbox 2577 4514 2606 4553; x_wconf 90' lang='lat' dir='ltr'><strong>a</strong></span> <span class='ocrx_word' id='word_1_830' title='bbox 2631 4513 2737 4571; x_wconf 91' lang='lat' dir='ltr'><strong>quo</strong></span> <span class='ocrx_word' id='word_1_831' title='bbox 2765 4496 2993 4553; x_wconf 82' lang='lat' dir='ltr'><strong>formata</strong></span> <span class='ocrx_word' id='word_1_832' title='bbox 3041 4504 3142 4554; x_wconf 90' lang='lat' dir='ltr'><strong>est.</strong></span> 
     </span>
    </p>
   </div>
   <div class='ocr_carea' id='block_1_109' title="bbox 2089 4613 3595 4683">
    <p class='ocr_par' dir='ltr' id='par_1_109' title="bbox 2089 4613 3595 4683">
     <span class='ocr_line' id='line_1_109' title="bbox 2089 4613 3595 4683; baseline -0.004 -13"><span class='ocrx_word' id='word_1_833' title='bbox 2089 4615 2254 4670; x_wconf 87' lang='lat' dir='ltr'><strong>Vens.</strong></span> <span class='ocrx_word' id='word_1_834' title='bbox 2290 4615 2376 4672; x_wconf 72' lang='lat' dir='ltr'><strong>2L.</strong></span> <span class='ocrx_word' id='word_1_835' title='bbox 2429 4644 2498 4654; x_wconf 94' lang='lat'><strong>—</strong></span> <span class='ocrx_word' id='word_1_836' title='bbox 2550 4614 2656 4683; x_wconf 85' lang='lat' dir='ltr'><strong>Qui</strong></span> <span class='ocrx_word' id='word_1_837' title='bbox 2690 4613 3002 4671; x_wconf 85' lang='lat' dir='ltr'><strong>secundum</strong></span> <span class='ocrx_word' id='word_1_838' title='bbox 3030 4616 3208 4670; x_wconf 88' lang='lat' dir='ltr'><strong>Deum</strong></span> <span class='ocrx_word' id='word_1_839' title='bbox 3244 4618 3476 4670; x_wconf 84' lang='lat' dir='ltr'><strong>creatus</strong></span> <span class='ocrx_word' id='word_1_840' title='bbox 3497 4616 3595 4668; x_wconf 81' lang='lat' dir='ltr'><strong>est.</strong></span> 
     </span>
    </p>
   </div>
   <div class='ocr_carea' id='block_1_110' title="bbox 2018 4700 3572 4775">
    <p class='ocr_par' dir='ltr' id='par_1_110' title="bbox 2018 4700 3572 4775">
     <span class='ocr_line' id='line_1_110' title="bbox 2018 4700 3572 4775; baseline -0.003 -17"><span class='ocrx_word' id='word_1_841' title='bbox 2018 4702 2324 4775; x_wconf 86' lang='lat' dir='ltr'><strong>Conceptus</strong></span> <span class='ocrx_word' id='word_1_842' title='bbox 2353 4711 2434 4759; x_wconf 90' lang='lat' dir='ltr'><strong>est</strong></span> <span class='ocrx_word' id='word_1_843' title='bbox 2463 4703 2609 4759; x_wconf 91' lang='lat' dir='ltr'><strong>enim</strong></span> <span class='ocrx_word' id='word_1_844' title='bbox 2636 4702 2694 4757; x_wconf 90' lang='lat' dir='ltr'><strong>in</strong></span> <span class='ocrx_word' id='word_1_845' title='bbox 2746 4710 2898 4757; x_wconf 90' lang='lat' dir='ltr'><strong>utero</strong></span> <span class='ocrx_word' id='word_1_846' title='bbox 2937 4700 3203 4773; x_wconf 84' lang='lat' dir='ltr'><strong>virginali,</strong></span> <span class='ocrx_word' id='word_1_847' title='bbox 3234 4716 3401 4772; x_wconf 90' lang='lat' dir='ltr'><strong>opere</strong></span> <span class='ocrx_word' id='word_1_848' title='bbox 3433 4700 3572 4773; x_wconf 90' lang='lat' dir='ltr'><strong>Spiri</strong></span> 
     </span>
    </p>
   </div>
   <div class='ocr_carea' id='block_1_111' title="bbox 2017 4789 3606 4849">
    <p class='ocr_par' dir='ltr' id='par_1_111' title="bbox 2017 4789 3606 4849">
     <span class='ocr_line' id='line_1_111' title="bbox 2017 4789 3606 4849; baseline -0.002 -1"><span class='ocrx_word' id='word_1_849' title='bbox 2017 4801 2104 4848; x_wconf 91' lang='lat' dir='ltr'><strong>tus</strong></span> <span class='ocrx_word' id='word_1_850' title='bbox 2133 4792 2307 4849; x_wconf 89' lang='lat' dir='ltr'><strong>sancti</strong></span> <span class='ocrx_word' id='word_1_851' title='bbox 2336 4793 2405 4849; x_wconf 91' lang='lat' dir='ltr'><strong>de</strong></span> <span class='ocrx_word' id='word_1_852' title='bbox 2431 4792 2638 4848; x_wconf 87' lang='lat' dir='ltr'><strong>semine</strong></span> <span class='ocrx_word' id='word_1_853' title='bbox 2680 4791 2924 4847; x_wconf 89' lang='lat' dir='ltr'><strong>mulieris</strong></span> <span class='ocrx_word' id='word_1_854' title='bbox 2955 4790 3071 4846; x_wconf 90' lang='lat' dir='ltr'><strong>sine</strong></span> <span class='ocrx_word' id='word_1_855' title='bbox 3100 4790 3309 4846; x_wconf 89' lang='lat' dir='ltr'><strong>semine</strong></span> <span class='ocrx_word' id='word_1_856' title='bbox 3339 4789 3464 4845; x_wconf 90' lang='lat' dir='ltr'><strong>viri.</strong></span> <span class='ocrx_word' id='word_1_857' title='bbox 3497 4791 3606 4846; x_wconf 87' lang='lat' dir='ltr'><strong>Hoc</strong></span> 
     </span>
    </p>
   </div>
   <div class='ocr_carea' id='block_1_112' title="bbox 2018 4879 3607 4951">
    <p class='ocr_par' dir='ltr' id='par_1_112' title="bbox 2018 4879 3607 4951">
     <span class='ocr_line' id='line_1_112' title="bbox 2018 4879 3607 4951; baseline -0.001 -14"><span class='ocrx_word' id='word_1_858' title='bbox 2018 4896 2217 4937; x_wconf 90' lang='lat' dir='ltr'><strong>novum</strong></span> <span class='ocrx_word' id='word_1_859' title='bbox 2237 4880 2372 4948; x_wconf 83' lang='lat' dir='ltr'><strong>fuit;</strong></span> <span class='ocrx_word' id='word_1_860' title='bbox 2403 4882 2546 4937; x_wconf 90' lang='lat' dir='ltr'><strong>unde</strong></span> <span class='ocrx_word' id='word_1_861' title='bbox 2570 4879 2865 4937; x_wconf 85' lang='lat' dir='ltr'><strong>Jeremias:</strong></span> <span class='ocrx_word' id='word_1_862' title='bbox 2896 4881 3107 4936; x_wconf 83' lang='lat' dir='ltr'><strong>Novum</strong></span> <span class='ocrx_word' id='word_1_863' title='bbox 3136 4879 3311 4951; x_wconf 79' lang='lat' dir='ltr'><strong>faciet</strong></span> <span class='ocrx_word' id='word_1_864' title='bbox 3338 4879 3607 4935; x_wconf 77' lang='lat' dir='ltr'><strong>Dominus</strong></span> 
     </span>
    </p>
   </div>
   <div class='ocr_carea' id='block_1_113' title="bbox 2019 4969 3606 5045">
    <p class='ocr_par' dir='ltr' id='par_1_113' title="bbox 2019 4969 3606 5045">
     <span class='ocr_line' id='line_1_113' title="bbox 2019 4969 3606 5045; baseline -0.002 -18"><span class='ocrx_word' id='word_1_865' title='bbox 2019 4987 2190 5045; x_wconf 83' lang='lat' dir='ltr'><strong>super</strong></span> <span class='ocrx_word' id='word_1_866' title='bbox 2210 4975 2455 5027; x_wconf 82' lang='lat' dir='ltr'><strong>terram:</strong></span> <span class='ocrx_word' id='word_1_867' title='bbox 2476 4972 2673 5027; x_wconf 84' lang='lat' dir='ltr'><strong>Mulier</strong></span> <span class='ocrx_word' id='word_1_868' title='bbox 2703 4969 3075 5027; x_wconf 87' lang='lat' dir='ltr'><strong>circumdabit</strong></span> <span class='ocrx_word' id='word_1_869' title='bbox 3092 4969 3280 5024; x_wconf 81' lang='lat' dir='ltr'><strong>virum</strong></span> <span class='ocrx_word' id='word_1_870' title='bbox 3318 4969 3380 5024; x_wconf 84' lang='lat' dir='ltr'><strong>in</strong></span> <span class='ocrx_word' id='word_1_871' title='bbox 3398 4969 3606 5040; x_wconf 86' lang='lat' dir='ltr'><strong>gremio</strong></span> 
     </span>
    </p>
   </div>
   <div class='ocr_carea' id='block_1_114' title="bbox 2018 5059 2653 5132">
    <p class='ocr_par' dir='ltr' id='par_1_114' title="bbox 2018 5059 2653 5132">
     <span class='ocr_line' id='line_1_114' title="bbox 2018 5059 2653 5132; baseline -0.006 -14"><span class='ocrx_word' id='word_1_872' title='bbox 2018 5061 2173 5118; x_wconf 86' lang='lat' dir='ltr'><strong>uteri</strong></span> <span class='ocrx_word' id='word_1_873' title='bbox 2192 5059 2284 5115; x_wconf 83' lang='lat' dir='ltr'><strong>sui</strong></span> <span class='ocrx_word' id='word_1_874' title='bbox 2304 5060 2437 5132; x_wconf 80' lang='lat' dir='ltr'><strong>(Jer.</strong></span> <span class='ocrx_word' id='word_1_875' title='bbox 2461 5060 2653 5130; x_wconf 73' lang='lat' dir='ltr'><strong>XXXI.)</strong></span> 
     </span>
    </p>
   </div>
   <div class='ocr_carea' id='block_1_115' title="bbox 2065 5171 3610 5246">
    <p class='ocr_par' dir='ltr' id='par_1_115' title="bbox 2065 5171 3610 5246">
     <span class='ocr_line' id='line_1_115' title="bbox 2065 5171 3610 5246; baseline -0.001 -16"><span class='ocrx_word' id='word_1_876' title='bbox 2065 5176 2232 5230; x_wconf 86' lang='lat' dir='ltr'><strong>Vens.</strong></span> <span class='ocrx_word' id='word_1_877' title='bbox 2264 5176 2353 5231; x_wconf 77' lang='lat'><strong>25.</strong></span> <span class='ocrx_word' id='word_1_878' title='bbox 2386 5203 2456 5213; x_wconf 90' lang='lat'><strong>—</strong></span> <span class='ocrx_word' id='word_1_879' title='bbox 2484 5176 2721 5245; x_wconf 82' lang='lat' dir='ltr'><strong>Propter</strong></span> <span class='ocrx_word' id='word_1_880' title='bbox 2754 5172 2913 5246; x_wconf 87' lang='lat' dir='ltr'><strong>quod.</strong></span> <span class='ocrx_word' id='word_1_881' title='bbox 2943 5171 3273 5245; x_wconf 86' lang='lat' dir='ltr'><strong>Exsequitur</strong></span> <span class='ocrx_word' id='word_1_882' title='bbox 3298 5179 3483 5243; x_wconf 88' lang='lat' dir='ltr'><strong>partes</strong></span> <span class='ocrx_word' id='word_1_883' title='bbox 3513 5188 3610 5228; x_wconf 83' lang='lat' dir='ltr'><strong>ve-</strong></span> 
     </span>
    </p>
   </div>
   <div class='ocr_carea' id='block_1_116' title="bbox 2021 5260 3609 5334">
    <p class='ocr_par' dir='ltr' id='par_1_116' title="bbox 2021 5260 3609 5334">
     <span class='ocr_line' id='line_1_116' title="bbox 2021 5260 3609 5334; baseline -0.001 -17"><span class='ocrx_word' id='word_1_884' title='bbox 2021 5264 2153 5320; x_wconf 89' lang='lat' dir='ltr'><strong>teris</strong></span> <span class='ocrx_word' id='word_1_885' title='bbox 2173 5271 2226 5318; x_wconf 90' lang='lat' dir='ltr'><strong>et</strong></span> <span class='ocrx_word' id='word_1_886' title='bbox 2254 5262 2380 5318; x_wconf 90' lang='lat' dir='ltr'><strong>novi</strong></span> <span class='ocrx_word' id='word_1_887' title='bbox 2408 5261 2668 5317; x_wconf 86' lang='lat' dir='ltr'><strong>hominis.</strong></span> <span class='ocrx_word' id='word_1_888' title='bbox 2711 5262 2847 5317; x_wconf 85' lang='lat' dir='ltr'><strong>Cum</strong></span> <span class='ocrx_word' id='word_1_889' title='bbox 2874 5262 3163 5334; x_wconf 68' lang='lat' dir='ltr'><strong>proximo.</strong></span> <span class='ocrx_word' id='word_1_890' title='bbox 3191 5261 3369 5316; x_wconf 88' lang='lat' dir='ltr'><strong>Etiam</strong></span> <span class='ocrx_word' id='word_1_891' title='bbox 3392 5260 3609 5334; x_wconf 89' lang='lat' dir='ltr'><strong>gentili:</strong></span> 
     </span>
    </p>
   </div>
   <div class='ocr_carea' id='block_1_117' title="bbox 2022 5350 3613 5424">
    <p class='ocr_par' dir='ltr' id='par_1_117' title="bbox 2022 5350 3613 5424">
     <span class='ocr_line' id='line_1_117' title="bbox 2022 5350 3613 5424; baseline -0.003 -16"><span class='ocrx_word' id='word_1_892' title='bbox 2022 5352 2151 5424; x_wconf 89' lang='lat' dir='ltr'><strong>quia</strong></span> <span class='ocrx_word' id='word_1_893' title='bbox 2179 5351 2355 5408; x_wconf 89' lang='lat' dir='ltr'><strong>omnis</strong></span> <span class='ocrx_word' id='word_1_894' title='bbox 2404 5352 2567 5406; x_wconf 89' lang='lat' dir='ltr'><strong>homo</strong></span> <span class='ocrx_word' id='word_1_895' title='bbox 2614 5350 2891 5421; x_wconf 84' lang='lat' dir='ltr'><strong>proximus</strong></span> <span class='ocrx_word' id='word_1_896' title='bbox 2920 5350 3230 5406; x_wconf 87' lang='lat' dir='ltr'><strong>conditione</strong></span> <span class='ocrx_word' id='word_1_897' title='bbox 3259 5350 3451 5421; x_wconf 72' lang='lat' dir='ltr'><strong>primae</strong></span> <span class='ocrx_word' id='word_1_898' title='bbox 3480 5350 3613 5405; x_wconf 86' lang='lat' dir='ltr'><strong>nati-</strong></span> 
     </span>
    </p>
   </div>
   <div class='ocr_carea' id='block_1_118' title="bbox 2022 5438 3603 5511">
    <p class='ocr_par' dir='ltr' id='par_1_118' title="bbox 2022 5438 3603 5511">
     <span class='ocr_line' id='line_1_118' title="bbox 2022 5438 3603 5511; baseline -0.002 -15"><span class='ocrx_word' id='word_1_899' title='bbox 2022 5441 2219 5507; x_wconf 88' lang='lat' dir='ltr'><strong>vitatis,</strong></span> <span class='ocrx_word' id='word_1_900' title='bbox 2254 5440 2340 5496; x_wconf 88' lang='lat' dir='ltr'><strong>vel</strong></span> <span class='ocrx_word' id='word_1_901' title='bbox 2374 5456 2471 5511; x_wconf 90' lang='lat' dir='ltr'><strong>spe</strong></span> <span class='ocrx_word' id='word_1_902' title='bbox 2500 5438 2871 5496; x_wconf 89' lang='lat' dir='ltr'><strong>conversionis</strong></span> <span class='ocrx_word' id='word_1_903' title='bbox 2899 5439 3074 5494; x_wconf 89' lang='lat' dir='ltr'><strong>omnis</strong></span> <span class='ocrx_word' id='word_1_904' title='bbox 3104 5438 3265 5494; x_wconf 90' lang='lat' dir='ltr'><strong>debet</strong></span> <span class='ocrx_word' id='word_1_905' title='bbox 3283 5438 3462 5510; x_wconf 91' lang='lat' dir='ltr'><strong>putari</strong></span> <span class='ocrx_word' id='word_1_906' title='bbox 3482 5454 3603 5511; x_wconf 89' lang='lat' dir='ltr'><strong>pro-</strong></span> 
     </span>
    </p>
   </div>
   <div class='ocr_carea' id='block_1_119' title="bbox 2024 5546 2220 5586">
    <p class='ocr_par' dir='ltr' id='par_1_119' title="bbox 2024 5546 2220 5586">
     <span class='ocr_line' id='line_1_119' title="bbox 2024 5546 2220 5586; baseline -0.005 0"><span class='ocrx_word' id='word_1_907' title='bbox 2024 5546 2220 5586; x_wconf 80' lang='lat' dir='ltr'><strong>leus.</strong></span> 
     </span>
    </p>
   </div>
   <div class='ocr_carea' id='block_1_120' title="bbox 2095 5642 3610 5717">
    <p class='ocr_par' dir='ltr' id='par_1_120' title="bbox 2095 5642 3610 5717">
     <span class='ocr_line' id='line_1_120' title="bbox 2095 5642 3610 5717; baseline -0.003 -16"><span class='ocrx_word' id='word_1_908' title='bbox 2095 5648 2262 5703; x_wconf 86' lang='lat' dir='ltr'><strong>Vens.</strong></span> <span class='ocrx_word' id='word_1_909' title='bbox 2295 5649 2383 5705; x_wconf 84' lang='lat'><strong>26.</strong></span> <span class='ocrx_word' id='word_1_910' title='bbox 2407 5646 2832 5713; x_wconf 87' lang='lat' dir='ltr'><strong>—-Irascimini,</strong></span> <span class='ocrx_word' id='word_1_911' title='bbox 2867 5645 2923 5701; x_wconf 91' lang='lat' dir='ltr'><strong>id</strong></span> <span class='ocrx_word' id='word_1_912' title='bbox 2953 5652 3035 5702; x_wconf 89' lang='lat' dir='ltr'><strong>est</strong></span> <span class='ocrx_word' id='word_1_913' title='bbox 3054 5642 3415 5717; x_wconf 85' lang='lat' dir='ltr'><strong>indignamini</strong></span> <span class='ocrx_word' id='word_1_914' title='bbox 3436 5643 3610 5700; x_wconf 61' lang='lat' dir='ltr'><strong>vobis</strong></span> 
     </span>
    </p>
   </div>
  </div>
