3964 6178
291 231 396 287 597

1120 226 1392 285 GLOSSA
1423 227 1832 286 ORDINARIA.
1862 258 1932 272 -
1957 229 2180 288 EPIST.
2210 231 2306 287 AD
2332 230 2580 288 EPHES.

3484 239 3589 296 398

287 353 424 425 ἱρείε
467 360 619 446 lim“
657 352 1005 446 Yebememia
1050 361 1385 446 Vlup”???
1416 353 1734 446 _de$i3tall3,
1766 352 1895 446 (lilia
1922 355 1980 417 Α
1999 381 2263 444 personet
2314 373 2634 446 increpatio,
2686 382 2739 433 et
2794 375 2939 432 intus
2966 375 3201 434 lenitatis
3230 386 3473 434 teneatur
3500 379 3589 435 di-

287 459 458 514 super
488 443 631 499 hanc
661 443 795 497 iram
824 458 935 498 non
963 442 1163 499 occidit
1190 442 1274 498 sol
1296 443 1548 512 justitize,
1583 444 1681 498 sed
1711 443 1891 514 potius

285 531 365 587 illi
415 532 663 589 irradiat.
714 533 802 588 Ira
845 540 928 588 est
958 532 1224 586 naturalis
1252 540 1432 587 motus
1489 532 1658 587 animi
1705 541 1894 588 contra

285 630 620 694 peccantes;
680 621 778 677 sed
807 637 876 676 ne
908 622 1131 676 modum
1162 620 1479 676 excedendo
1505 621 1748 692 peccetis
1796 636 1892 677 as-

285 711 477 782 perius
507 710 816 784 arguendo.
872 710 1030 767 Unde
1059 708 1321 765 Salomon
1353 727 1366 765 :
1399 710 1525 766 Noli
1561 726 1681 766 esse
1715 711 1893 766 nimis

283 801 485 872 justus
511 800 610 872 qui
633 800 787 872 perit
812 800 875 854 in
894 799 1133 871 justitia
1161 815 1267 854 sua
1295 798 1469 869 (Eccl.
1502 799 1624 869 vn).
1656 799 1894 869 Tempe-

289 888 465 943 randa
494 896 579 943 est
597 903 731 961 ergo
744 887 973 957 justitia,
1007 885 1152 942 unde
1172 888 1322 942 Deus
1348 884 1539 942 suﬂ'ert
1565 887 1784 959 iniquos
1800 930 1813 953 ,
1836 895 1896 942 ut

292 977 462 1049 aliqui
492 992 559 1031 ex
591 976 672 1031 eis
699 975 1068 1049 corrigantur.
1107 977 1199 1033 Sol
1228 992 1343 1032 non
1372 976 1611 1032 occidat.
1662 975 1791 1031 Vult
1838 983 1896 1030 ut

291 1066 369 1122 ira
400 1080 515 1120 non
542 1066 723 1131 duret,
757 1064 887 1136 quia
916 1064 962 1118 si
991 1064 1181 1131 durat,
1215 1063 1375 1119 datur
1401 1064 1618 1121 occasio
1655 1064 1893 1119 diabolo.

292 1155 471 1210 Iratus
502 1154 649 1209 enim
682 1153 822 1209 male
853 1153 1080 1226 cogitat,
1115 1161 1167 1208 et
1197 1153 1277 1209 sic
1320 1170 1380 1208 se
1425 1153 1677 1208 diabolus
1705 1152 1897 1207 inserit

293 1250 351 1297 ut
380 1242 525 1297 mala
556 1250 800 1315 peragat.
837 1243 932 1299 Sol
961 1259 1077 1298 non
1103 1242 1341 1298 occidat.
1383 1241 1631 1296 Christus
1658 1249 1897 1297 mentem

290 1346 402 1386 non
432 1331 676 1400 deserat,
710 1330 803 1403 qui
831 1346 957 1385 cum
984 1331 1067 1385 ira
1094 1346 1377 1402 nunquam
1426 1330 1650 1384 habitat.

364 1420 541 1475 Vens.
573 1422 664 1477 27.
697 1450 767 1460 —
795 1420 997 1485 Nolite,
1030 1427 1135 1475 etc.
1169 1420 1303 1474 Duae
1333 1427 1460 1473 sunt
1487 1426 1662 1489 portae
1698 1417 1899 1490 quibus

292 1508 551 1564 diabolus
581 1508 744 1563 intrat
775 1524 789 1563 :
822 1508 1093 1578 cupiditas
1123 1515 1176 1563 et
1205 1508 1365 1563 timor
1391 1507 1462 1563 de
1488 1505 1744 1562 terrenis.
1777 1506 1900 1561 Eis-

291 1596 418 1652 dem
449 1598 507 1651 in
536 1597 869 1653 contrarium
898 1597 1076 1652 versis
1106 1596 1256 1653 Deus
1285 1597 1465 1652 intrat.
1499 1596 1582 1651 Illi
1611 1603 1737 1650 sunt
1756 1594 1900 1651 clau-

288 1686 507 1752 dendae,
542 1686 630 1741 isti
658 1686 983 1757 aperiendae.

361 1775 540 1831 Vens.
572 1778 661 1832 29.
693 1805 763 1815 —
795 1774 989 1830 Omnis
1009 1790 1212 1840 sermo,
1243 1782 1349 1830 etc.
1374 1774 1435 1828 In
1455 1773 1556 1828 Dei
1586 1788 1747 1829 servo
1776 1788 1895 1827 om-

290 1864 379 1920 nia
410 1864 560 1920 bona
587 1864 789 1919 debent
817 1864 1008 1931 videri,
1058 1877 1161 1919 nec
1189 1879 1255 1919 ex
1284 1862 1471 1936 aliqua
1496 1870 1653 1935 parte
1690 1861 1896 1934 puritas

291 1953 411 2023 ejus
441 1953 609 2008 debet
638 1952 913 2009 maculari.

362 2060 542 2115 Vens.
564 2063 654 2115 30.
678 2089 747 2100 —
768 2062 839 2115 Et
863 2060 1042 2116 nolite
1070 2058 1434 2116 contristare.
1457 2058 1559 2113 Per
1578 2056 1896 2113 inobedien-

288 2149 442 2216 tiam,
481 2150 761 2221 Spiritum
790 2153 1075 2216 sanctum,
1107 2148 1161 2202 id
1191 2154 1273 2202 est
1300 2146 1721 2218 praedicatorem
1749 2146 1895 2201 veri-

288 2238 441 2306 tatis,
466 2238 616 2310 quod
635 2246 719 2292 est
736 2237 997 2308 Spiritum
1020 2245 1266 2293 sanctum
1287 2236 1604 2293 contristare
1630 2243 1894 2307 quantum

289 2327 359 2383 ad
390 2343 516 2383 vos.
549 2324 709 2393 Quod
739 2342 849 2381 non
878 2326 1091 2381 debetis
1116 2326 1173 2380 in
1204 2341 1313 2398 quo
1343 2341 1442 2382 vos
1472 2324 1627 2397 quasi
1656 2339 1782 2379 cera
1821 2323 1894 2378 si-

288 2415 449 2488 gnati
481 2414 616 2470 estis
642 2419 761 2484 ejus
807 2414 1048 2487 imagine
1075 2415 1232 2470 vobis
1262 2414 1487 2481 relicta;
1533 2413 1620 2470 vel
1649 2412 1783 2468 estis
1812 2411 1891 2466 si-

288 2504 465 2576 gnati,
499 2504 555 2559 id
584 2511 667 2558 est
694 2504 914 2559 discreti
941 2519 972 2558 a
1002 2502 1177 2558 malis.

360 2611 538 2666 Vens.
562 2612 650 2665 3t.
674 2640 743 2650 —
773 2610 967 2666 Omnis
995 2610 1336 2665 amaritudo.
1368 2609 1497 2665 Haec
1525 2607 1735 2664 etiamsi
1764 2605 1893 2661 ﬁant

289 2698 687 2756 accedentibus
734 2698 931 2764 causis,
981 2706 1161 2753 tamen
1200 2698 1552 2770 temperanda
1581 2705 1723 2762 sunt,
1757 2696 1890 2751 Bla-

286 2788 920 2861 sphemia.Blasphemia
947 2795 1029 2843 est
1057 2804 1155 2858 per
1182 2802 1348 2859 quam
1368 2788 1437 2842 de
1466 2787 1585 2857 ipso
1615 2786 1732 2842 Deo
1754 2783 1892 2839 falsa

285 2878 568 2933 dicuntur.
601 2878 667 2931 Et
694 2876 819 2932 ideo
848 2876 1005 2947 pejus
1033 2884 1116 2931 est
1146 2876 1525 2947 blasphemare
1555 2890 1720 2947 quam
1749 2873 1894 2944 peje-

285 2981 437 3031 rare,
471 2966 597 3038 quia
625 2966 926 3037 pejerando
947 2964 1099 3020 falsa:
1115 2965 1198 3020 rei
1223 2965 1515 3020 adhibetur
1535 2964 1690 3019 testis
1712 2965 1886 3028 Deus;

285 3055 719 3127 blasphemando
750 3062 927 3110 autem
957 3055 1028 3110 de
1056 3054 1177 3125 ipso
1205 3055 1321 3110 Deo
1350 3052 1483 3111 falsa
1511 3052 1785 3109 dicuntur.

895 3224 1121 3281 CAPUT
1177 3224 1223 3279 V
1234 3264 1248 3279 .

365 3363 515 3418 Vens
542 3366 597 3420 2.
629 3391 697 3402 —
728 3361 791 3418 In
820 3361 1045 3419 odorem
1073 3362 1393 3417 suavitatis.
1428 3360 1484 3415 Si
1514 3358 1713 3415 Christi
1742 3373 1887 3415 mors

288 3454 406 3507 Deo
435 3451 537 3506 fuit
566 3450 750 3506 suavis
781 3450 944 3517 odor,
979 3465 1111 3523 ergo
1141 3458 1374 3505 mortem
1395 3449 1512 3519 ejus
1532 3449 1768 3503 libenter
1797 3461 1888 3503 ac-

290 3540 456 3612 cepit.
479 3540 605 3595 Non
633 3555 768 3612 ergo
788 3547 1154 3610 peccaverunt
1175 3539 1268 3610 qui
1290 3538 1444 3593 illum
1465 3536 1849 3593 crucifixerunt
1863 3535 1890 3590 Ἰ

290 3629 400 3684 Sed
430 3644 542 3684 non
563 3636 646 3683 est
668 3629 759 3696 ita,
784 3628 912 3699 quia
941 3628 1137 3696 injuste
1179 3628 1386 3695 justum
1416 3626 1735 3682 occiderunt
1759 3641 1771 3681 :
1797 3624 1891 3696 qui

289 3717 467 3771 Patris
497 3725 552 3772 et
581 3732 677 3771 sua
706 3716 977 3772 voluntate
1009 3716 1225 3770 oblatus
1255 3724 1362 3770 est.
1421 3715 1572 3769 Sicut
1620 3723 1671 3768 et
1697 3714 1885 3779 ludas,

290 3806 421 3877 quid
451 3805 616 3860 habet
645 3804 747 3859 nisi
764 3813 1051 3875 peccatum
1064 3804 1119 3858 in
1145 3804 1409 3859 tradendo
1438 3801 1746 3858 Christum?
1771 3802 1891 3856 Nisi

291 3905 470 3950 tamen
499 3911 559 3949 se
590 3882 824 3949 traderet
854 3893 1119 3959 Christus,
1145 3908 1256 3947 non
1283 3909 1408 3948 eum
1431 3892 1669 3947 traderet
1697 3891 1885 3946 ludas.

289 3983 534 4038 Tradidit
587 3983 759 4037 Judas
788 3982 1061 4037 Christum
1082 4024 1096 4050 ,
1130 3981 1348 4037 tradidit
1386 3997 1447 4037 se
1478 3981 1748 4035 Christus.
1781 3980 1889 4035 Sed

289 4071 377 4127 ille
429 4072 631 4143 agebat
680 4070 961 4144 negotium
1009 4086 1122 4126 suae
1150 4069 1478 4126 venditionis
1502 4112 1515 4135 ,
1555 4069 1659 4124 iste
1687 4076 1890 4123 nostra:

290 4159 700 4232 redemptionis.
755 4160 882 4215 Ideo
915 4159 1006 4215 ille
1053 4159 1218 4230 impie
1269 4158 1518 4231 deliquit,
1551 4158 1640 4214 hic
1668 4157 1888 4212 miseri-

292 4248 533 4305 corditer
562 4248 694 4321 egit.

360 4356 531 4410 Vens.
564 4357 617 4409 5.
656 4385 724 4395 ——
754 4354 985 4409 Avarus.
1015 4351 1310 4408 Avaritiam
1339 4351 1657 4408 idololatriae
1686 4359 1885 4422 mquat,

1907 3076 1958 3142 Ο

1988 461 2167 518 lectio.
2202 464 2321 518 Duo
2351 463 2652 535 conjungit,
2684 472 2762 531 ut,
2790 462 3018 534 scilicet,
3044 482 3154 521 non
3185 468 3586 525 communicent

1992 550 2382 607 consentiendo
2427 560 2480 608 et
2525 552 2873 625 redarguant.
2922 554 3018 610 His
3057 554 3202 610 enim
3231 554 3445 611 duobus
3474 573 3592 613 mo-

1991 639 2077 694 dis
2108 655 2216 695 non
2248 646 2299 695 te
2326 641 2559 697 maculat
2588 642 2781 710 malus,
2818 642 2865 697 si
2894 657 3003 699 non
3025 644 3322 711 consentis,
3353 652 3405 701 et
3433 645 3480 700 si
3509 660 3592 701 re-

1994 728 2238 798 darguis.
2269 728 2571 801 Utrumque
2599 738 2778 786 autem
2809 731 3124 804 complexus
3155 741 3239 788 est
3274 733 3587 805 Apostolus,

1993 814 2182 871 dicens
2207 834 2221 871 :
2245 818 2427 875 Nolite
2446 821 2886 887 communicare,
2913 829 3017 876 etc.
3042 864 3054 888 ,
3089 819 3142 876 id
3174 830 3257 876 est
3276 820 3441 878 nolite
3462 838 3594 877 con-

1994 904 2217 975 sentire,
2248 905 2466 961 laudare
2488 915 2542 963 et
2570 908 2891 979 approbare.
2914 909 2982 964 Et
3003 910 3128 981 quia
3158 925 3350 981 pamm
3379 917 3461 965 est
3480 927 3589 966 non

1995 994 2324 1061 consentire,
2377 995 2526 1051 addit
2555 1014 2570 1053 :
2602 998 2767 1069 Magis
2811 1001 3004 1054 autem
3047 998 3391 1071 redarguite,
3425 998 3480 1054 id
3510 1006 3593 1055 est

1996 1082 2406 1153 reprehendite,
2440 1084 2724 1156 corripite,
2775 1094 3039 1141 coercete.
3099 1088 3166 1141 Et
3214 1094 3297 1142 est
3353 1104 3596 1143 sensus:

1994 1170 2118 1224 Non
2149 1171 2265 1225 sitis
2298 1173 2698 1229 consentientes
2726 1174 2882 1228 malis
2911 1175 3265 1246 approbando
3294 1191 3378 1241 ea,
3413 1192 3592 1248 neque

1995 1258 2340 1331 negligentes
2368 1261 2674 1333 arguendo,
2721 1278 2898 1336 neque
2927 1263 3303 1336 superbientes
3328 1264 3594 1320 insultan-

1998 1354 2077 1402 ter
2105 1349 2403 1421 arguendo.

2070 1463 2238 1519 Vens.
2278 1468 2363 1520 13.
2394 1496 2463 1505 -
2497 1466 2699 1523 Omnia
2727 1472 2941 1523 autem.
2967 1466 3131 1537 Quasi
3156 1468 3304 1523 :Etsi
3344 1477 3500 1540 turpe
3529 1469 3598 1524 sit

1998 1550 2181 1606 dicere
2211 1569 2272 1607 ea
2303 1570 2422 1625 quae
2453 1554 2557 1625 ipsi
2585 1553 2805 1623 faciunt,
2838 1563 3017 1612 tamen
3046 1557 3419 1628 redarguenda
3446 1566 3592 1626 sunt,

1998 1640 2123 1713 quia
2172 1641 2251 1697 sic
2294 1642 2706 1699 manifestantur
2750 1662 2895 1716 saepe
2941 1662 3039 1717 per
3089 1645 3490 1702 confessionem
3542 1654 3596 1702 et

1904 1720 1959 1780 B
1984 1729 2354 1800 paenitentiam
2379 1749 2392 1786 :
2416 1740 2469 1787 et
2497 1732 2620 1788 ideo
2666 1733 3006 1805 arguendum
3037 1743 3137 1805 est,
3172 1734 3299 1807 quia
3324 1735 3470 1808 quod
3514 1734 3593 1792 sic

1995 1818 2395 1890 manifestatur,
2440 1821 2660 1877 vertitur
2704 1822 2757 1877 in
2800 1822 3016 1890 lumen,
3065 1824 3148 1879 vel
3205 1823 3282 1879 illi
3311 1824 3441 1879 mali
3469 1840 3589 1879 ma-

1995 1905 2317 1963 nifestantur
2356 1902 2595 1981 sibiipsis
2639 1911 2782 1982 quod
2838 1911 2967 1966 mali
3024 1920 3180 1979 sunt,
3241 1920 3294 1967 et
3346 1912 3470 1968 ideo
3500 1929 3590 1968 ar-

1994 1996 2217 2068 guendi,
2250 1997 2376 2069 quia
2408 1998 2487 2054 sic
2516 1998 2779 2071 incipiunt
2808 2016 2930 2055 esse
2958 2000 3163 2056 lumen.
3216 2001 3389 2057 Omne
3433 2003 3589 2058 enim

1994 2085 2138 2158 quod
2160 2088 2627 2158 manifestantur.
2648 2087 2708 2142 Id
2734 2096 2816 2143 est
2832 2088 3023 2155 malus,
3042 2105 3166 2145 cum
3183 2089 3281 2144 sibi
3304 2089 3594 2146 innotescit

1994 2188 2118 2228 esse
2148 2174 2341 2241 malus,
2374 2174 2432 2229 fit
2456 2175 2657 2231 lumen.
2688 2178 2903 2233 Lumen
2932 2182 3035 2233 est.
3069 2178 3130 2233 Id
3173 2186 3253 2233 est
3289 2195 3387 2251 per
3413 2178 3589 2252 poeni-

1992 2262 2217 2317 tentiam
2246 2262 2434 2335 incipit
2461 2266 2701 2320 converti
2731 2264 2787 2319 in
2828 2266 3052 2323 bonum.

2064 2394 2237 2449 Vens.
2270 2397 2358 2450 14.
2385 2425 2455 2437 -
2490 2398 2682 2469 Surge.
2702 2398 2807 2453 Per
2821 2397 3243 2455 confessionem.
3262 2401 3333 2455 Et
3348 2416 3579 2471 exurge.

1993 2482 2098 2537 Per
2127 2483 2572 2543 satisfactionem.

2062 2588 2234 2645 Vens.
2257 2595 2342 2647 16.
2366 2621 2435 2632 -
2451 2593 2803 2649 Redimentes
2822 2598 3064 2667 tempus.
3097 2593 3158 2649 Id
3186 2601 3287 2660 est,
3320 2595 3467 2666 quod
3492 2593 3588 2649 mi-

1992 2694 2095 2732 nus
2110 2677 2314 2734 fecistis
2330 2680 2387 2735 in
2401 2696 2510 2736 uno
2528 2690 2789 2753 tempore,
2810 2682 3073 2737 restituite
3089 2681 3146 2737 in
3161 2683 3266 2737 alio
3294 2682 3581 2738 dimidian-

1992 2778 2073 2826 tes
2096 2769 2215 2824 dies
2234 2785 2372 2842 quos
2388 2769 2537 2841 impii
2554 2786 2661 2825 non
2677 2770 2981 2826 dimidiant.
3001 2771 3104 2826 Alii
3121 2771 3266 2827 enim
3281 2771 3581 2837 dimidiant,

1991 2860 2082 2915 alii
2112 2860 2337 2930 implent
2363 2859 2501 2927 dies,
2533 2859 2625 2914 alii
2654 2874 2756 2915 nec
2786 2859 3080 2931 incipiunt;
3112 2860 3167 2915 id
3197 2868 3306 2927 est,
3340 2860 3432 2916 alii
3456 2876 3579 2915 mo-

1990 2948 2196 3003 riuntur
2236 2947 2294 3002 in
2337 2947 2603 3019 Egypto,
2651 2947 2742 3002 alii
2784 2948 2840 3003 in
2881 2948 3132 3018 deserto,
3179 2949 3272 3005 alii
3310 2949 3368 3004 in
3431 2958 3581 3004 terra

1991 3046 2192 3093 sancta.
2225 3038 2341 3092 Nec
2368 3036 2562 3091 mirum
2592 3036 2638 3090 si
2666 3036 2848 3091 minus
2892 3036 3125 3105 fecistis,
3165 3037 3420 3111 quoniam
3463 3038 3584 3095 dies

1988 3127 2116 3182 mali
2146 3133 2289 3192 sunt,
2337 3141 2438 3181 nec
2469 3133 2698 3196 possunt
2726 3126 2907 3181 omnia
2934 3127 3024 3199 agi
3052 3143 3149 3198 pro
3190 3127 3362 3183 libitu.

2025 3246 2031 3251 ‘
2062 3241 2233 3297 Vens.
2246 3244 2309 3298 2t
2322 3282 2335 3295 .
2352 3272 2421 3281 —
2438 3240 2683 3313 Subjecti
2698 3242 2961 3297 invicem.
2981 3242 3102 3298 Non
3120 3243 3293 3298 solum
3308 3242 3585 3299 auditores

1988 3330 2244 3402 praelatis,
2278 3330 2376 3385 sed
2406 3328 2566 3384 etiam
2594 3330 2803 3401 praelati
2833 3330 3060 3385 subditis
3082 3376 3094 3397 ,
3139 3332 3194 3386 in
3223 3332 3481 3388 charitate
3502 3333 3583 3388 eis

1990 3418 2277 3474 serviendo
2308 3426 2361 3473 et
2388 3417 2661 3473 humiliter
2686 3434 2867 3475 curam
2895 3420 3155 3492 gerendo.
3186 3421 3326 3476 Nam
3351 3421 3452 3477 etsi
3495 3420 3583 3476 di-

1989 3507 2165 3582 gnitas
2182 3507 2444 3576 majorum
2462 3515 2562 3572 est,
2584 3507 3093 3563 administratoriam
3112 3519 3286 3565 tamen
3305 3518 3385 3566 est
3404 3529 3419 3577 ;
3438 3511 3582 3566 unde

1989 3596 2313 3667 Apostolus:
2337 3596 2604 3652 Omnium
2634 3612 2723 3652 me
2752 3614 2977 3652 servum
3005 3598 3119 3668 feci
3135 3597 3187 3669 (Ι
3204 3599 3322 3654 Cor.
3349 3598 3452 3671 lx).
3485 3600 3582 3655 Est

1990 3701 2122 3757 ergo
2151 3684 2418 3753 majorum
2447 3685 2623 3756 (salva
2663 3692 2840 3739 tamen
2873 3685 3158 3757 dignitate)
3185 3687 3411 3752 servire,
3447 3688 3585 3743 sicut

1978 3758 2257 3828 'minorum
2290 3782 2371 3828 est
2416 3772 2691 3829 humiliter
2735 3773 2991 3841 obedire;
3044 3775 3161 3828 haec
3233 3783 3413 3831 autem
3470 3784 3581 3830 tam

1987 3862 2253 3931 majorum
2295 3877 2455 3934 quam
2495 3861 2765 3917 minorum
2806 3861 3045 3916 ordinata
3094 3862 3382 3931 subjectio,
3418 3863 3582 3919 debet

1988 3962 2112 4001 esse
2142 3946 2197 3999 in
2227 3953 2378 4002 casto
2406 3946 2595 4001 timore
2626 3945 2856 4012 Christi,
2892 3946 2983 4019 qui
3025 3945 3379 4002 humilitatem
3411 3962 3571 4001 man-

1988 4035 2149 4090 davit.

2060 4150 2227 4204 Vens.
2276 4153 2365 4206 22.
2412 4178 2481 4189 -
2533 4150 2807 4206 Mulieres.
2881 4151 3173 4222 Hucusque
3227 4150 3585 4207 communiter

1988 4238 2056 4292 de
2100 4237 2344 4293 moribus
2388 4238 2534 4311 egit,
2582 4254 2725 4295 nunc
2770 4239 3014 4311 quaedam
3046 4237 3273 4311 singulis
3304 4237 3582 4295 ordinibus

1989 4326 2201 4382 suadeL

290 4444 419 4515 quia
466 4442 644 4538 illum.
668 4458 915 4538 avaru‘m-
941 4439 1211 4538 significat
1253 4442 1408 4538 cujus
1456 4442 1605 4538 Deus
1634 4455 1890 4538 nummus
1912 4440 1963 4500 D
2062 4469 2227 4522 Vens.
2262 4471 2350 4525 2'1.
2374 4470 2577 4525 -Non
2609 4468 2905 4525 habentem
2935 4471 3239 4535 maculam,
3291 4478 3400 4525 etc.
3450 4469 3586 4538 Quia

289 4541 404 4599 est,
436 4531 524 4587 vel
554 4531 683 4603 quia
700 4547 786 4586 res
816 4529 917 4585 Dei
946 4545 1083 4602 quas
1105 4531 1251 4585 Deus
1272 4530 1385 4585 vult
1405 4528 1607 4584 servire
1636 4528 1885 4599 indigen-

287 4621 430 4674 tibus
458 4628 684 4690 usurpat
713 4619 817 4673 sibi
866 4627 917 4673 et
966 4619 1231 4684 recondit,
1268 4625 1320 4673 et
1352 4619 1465 4672 Deo
1494 4616 1718 4689 prtefert
1750 4617 1886 4671 sicut

290 4709 536 4765 idolatria
568 4708 668 4763 Dei
716 4707 1205 4775 honorificentiam.

356 4807 527 4861 Vens.
561 4808 613 4860 6.
637 4836 705 4845 —
736 4803 1004 4861 [nauibus
1032 4805 1231 4861 verbis.
1268 4803 1473 4859 Omnes
1505 4819 1691 4858 eorum
1722 4802 1885 4857 ratio-

292 4911 386 4950 nes
431 4903 558 4949 sunt
606 4892 787 4948 inania
836 4894 1039 4958 verba,
1090 4891 1268 4949 fructu
1297 4908 1489 4958 vacua,
1523 4892 1589 4946 ad
1620 4890 1884 4963 supplicia

292 4992 577 5048 trahentia.

360 5091 528 5146 Vens.
553 5093 604 5144 9.
624 5120 692 5129 ——
712 5092 953 5145 Fructus
983 5091 1155 5153 enim,
1191 5096 1294 5144 etc.
1328 5088 1495 5157 Hujus
1526 5087 1671 5142 modi
1702 5095 1885 5141 autem

289 5194 453 5250 opera
503 5186 629 5233 sunt
672 5178 877 5233 fructus
928 5186 981 5231 et
1028 5193 1166 5248 opus
1195 5177 1351 5231 lucis.
1378 5179 1445 5232 Et
1483 5177 1739 5247 justitia,
1775 5183 1879 5230 etc.

286 5267 499 5322 Iustitia
529 5274 581 5322 et
602 5267 801 5321 veritas
823 5275 947 5320 sunt
969 5274 1151 5336 partes
1172 5265 1443 5320 bonitatis.
1465 5267 1531 5320 Et
1552 5273 1634 5319 est
1657 5281 1879 5319 sensus:

289 5358 349 5411 In
381 5358 542 5412 omni
558 5356 806 5411 bonitate
836 5360 892 5410 et
904 5355 1140 5426 justitia
1172 5358 1227 5408 et
1256 5355 1515 5409 veritate.
1542 5354 1599 5407 Id
1622 5363 1723 5413 est,
1739 5354 1884 5422 justa

288 5453 339 5499 et
368 5459 500 5499 vera
528 5443 917 5500 convenienter
946 5442 1266 5515 loquamini.

358 5534 526 5589 Vens.
563 5537 650 5588 ll.
673 5533 1118 5604 —Redarguite.
1153 5532 1347 5586 Animo
1395 5530 1523 5595 leni,
1570 5539 1626 5584 ut
1654 5530 1782 5585 alibi
1810 5532 1883 5587 ait

290 5623 599 5693 Apostolus.
652 5622 768 5677 Hoc
815 5620 1067 5677 videlicet
1093 5620 1259 5693 agite,
1293 5629 1350 5676 ut
1381 5619 1511 5675 foris
1542 5620 1877 5688 terribiliter,

1984 4573 2081 4629 per
2119 4557 2391 4613 actionem
2436 4558 2636 4613 bonam
2683 4559 2882 4613 munda
2926 4567 3005 4613 est
3049 4573 3081 4611 a
3119 4558 3359 4624 macula,
3409 4567 3462 4613 et
3488 4575 3587 4629 per

1984 4661 2137 4717 spem
2166 4654 2319 4700 tensa
2347 4646 2415 4699 ad
2438 4662 2670 4716 superna
2692 4664 2704 4701 :
2724 4646 2951 4717 proinde
2983 4646 3146 4700 vestis
3178 4646 3294 4715 ejus
3324 4646 3380 4701 in
3402 4656 3584 4703 monte

1984 4741 2239 4806 tanquam
2284 4734 2375 4787 nix
2417 4734 2663 4788 dealbata
2691 4732 2915 4799 effulsit,
2966 4751 3087 4805 quas
3116 4733 3452 4808 significabat
3481 4738 3585 4791 Ec-

1983 4822 2205 4877 clesiam
2243 4821 2389 4876 omni
2438 4822 2647 4877 macula
2692 4821 2897 4893 peccati
2943 4823 3287 4891 mundatam,
3337 4841 3458 4896 qua:
3487 4840 3586 4896 per

1985 4911 2183 4965 Christi
2229 4911 2283 4965 in
2326 4911 2476 4983 ligno
2518 4912 2700 4968 crucis
2742 4912 3116 4967 extensionem
3164 4921 3385 4968 extensa
3428 4921 3512 4968 est
3554 4930 3584 4968 a

1986 5016 2139 5071 ruga,
2173 5008 2225 5054 et
2254 5000 2525 5054 desiderio
2556 4999 2626 5055 ad
2656 5001 2914 5056 coelestia.
2948 5002 3069 5057 Non
3102 5001 3399 5058 habentem
3427 5019 3583 5058 nunc

1983 5089 2401 5154 maculam,aut
2431 5089 2751 5159 rugam,sed
2779 5093 2844 5143 ut
2871 5092 2946 5145 sit
2975 5094 3196 5157 sancta,
3218 5089 3305 5145 hic
3333 5106 3434 5162 per
3450 5092 3596 5147 bona

1984 5192 2169 5248 opera,
2216 5181 2271 5231 et
2320 5178 2710 5243 immaculata,
2745 5177 2801 5229 in
2830 5178 3152 5233 abstinentia
3182 5179 3331 5235 mali.
3366 5180 3462 5236 Vel
3491 5182 3595 5236 hoc

1984 5265 2085 5319 erit
2113 5264 2167 5319 in
2230 5264 2436 5331 futuro,
2491 5266 2589 5320 erit
2638 5265 2784 5320 enim
2850 5273 2976 5323 tunc
3002 5267 3255 5323 Ecclesia
3292 5277 3475 5326 sancta
3504 5286 3603 5340 per

1985 5354 2246 5427 gloriam,
2295 5354 2634 5409 immaculata
2678 5369 2776 5424 per
2818 5355 3176 5426 corruptionis
3207 5358 3584 5413 remotionem.

1988 5444 2136 5498 Sicut
2165 5443 2411 5499 Christus
2443 5443 2577 5498 fudit
2606 5443 2926 5515 sanguinem
2948 5487 2961 5507 ,
3005 5453 3059 5499 ut
3090 5445 3294 5503 lavaret
3321 5445 3594 5501 maculam

1987 5532 2266 5601 Ecclesiae,
2300 5540 2352 5586 et
2381 5532 2619 5587 extendit
2649 5549 2708 5587 se
2737 5534 2791 5586 in
2818 5549 2998 5600 cruce,
3046 5544 3101 5588 ut
3135 5535 3345 5590 tolleret
3379 5549 3594 5607 rugam,

1992 5621 2072 5677 sic
2110 5629 2163 5678 et
2192 5620 2332 5688 viri,
2382 5621 2427 5676 si
2470 5638 2605 5694 opus
2636 5630 2752 5691 est,
2797 5622 2996 5679 debent
3026 5624 3164 5677 mori
3196 5638 3295 5693 pro
3327 5622 3600 5678 salvandis
