3968 6176
350 189 454 243 599

355 310 621 367 uxoribus
646 353 658 377 ,
729 318 781 365 et
822 310 991 367 verbo
1035 310 1157 367 vita:
1186 327 1279 367 eas
1309 310 1562 377 instrure,
1595 318 1652 366 ut
1681 310 2367 371 exhibeantAinimicitias
2419 329 2431 365 :

355 416 452 456 eas
477 400 615 455 Deo.

425 489 594 544 Vnus.
618 492 707 546 29.
753 520 822 530 -
851 491 1019 546 Nemo
1049 490 1202 545 enim
1230 505 1501 560 unquam.
1537 486 1643 557 Qui
1673 504 1809 560 ergo
1842 504 1953 543 ma-

350 576 464 632 vult
493 593 617 632 esse
648 576 765 632 sine
793 594 1042 649 corpore,
1077 593 1186 632 non
1215 592 1432 647 corpus,
1456 576 1553 632 sed
1581 577 1953 648 corruptiones

346 674 400 721 et
418 666 632 737 pondus
662 666 776 735 ejus
804 667 940 722 odit.
968 668 1126 723 Sicut
1162 670 1218 721 et
1240 666 1497 721 Christus
1528 667 1857 721 Ecclesiam.
1880 667 1953 720 Ita

354 751 515 810 faciat
559 755 643 810 vir
688 755 756 810 de
787 770 989 821 uxore,
1038 771 1157 827 qua:
1200 762 1282 809 est
1323 770 1450 809 caro
1495 755 1611 823 ejus
1641 754 1766 826 quia
1794 755 1873 810 sic
1900 763 1954 810 et

258 908 265 913 λ
353 841 594 898 Christus
625 843 789 897 nutrit
817 843 1120 898 Ecclesiam
1152 842 1274 898 cibo
1303 842 1547 914 corporis
1578 842 1678 910 sui,
1714 851 1768 896 et
1808 841 1952 897 fovet

353 930 721 1002 spiritualibus
776 930 1103 987 indumentis
1131 940 1559 1003 praeceptorum,
1616 931 1871 986 virtutum
1901 939 1954 986 et

358 1018 624 1075 bonorum
653 1034 895 1090 operum.

419 1107 590 1162 Vnus.
624 1112 785 1165 32.—-—
820 1110 1251 1166 Sacramentum
1283 1110 1381 1165 hoc
1412 1126 1701 1181 magnum.
1734 1109 1818 1165 Ne
1846 1109 1951 1163 ali-

349 1196 471 1268 quis
496 1204 705 1267 putaret
735 1198 789 1252 in
819 1198 936 1253 viro
967 1214 1088 1254 esse
1118 1206 1169 1253 et
1199 1215 1384 1265 uxore,
1419 1200 1716 1274 secundum
1745 1198 1950 1252 utrius-

353 1301 457 1356 que
502 1286 761 1341 naturalis
806 1304 966 1342 sexus
1018 1288 1447 1358 copulationem,
1503 1288 1952 1359 corporalemque

351 1374 686 1443 mixtionem,
719 1376 867 1431 addit
898 1394 910 1430 :
944 1380 1053 1449 Ego
1084 1378 1204 1434 dico
1232 1377 1297 1431 in
1330 1377 1568 1442 Christo,
1603 1385 1729 1442 etc.,
1765 1392 1951 1431 secun-

350 1463 479 1517 dum
538 1465 644 1520 hoc
701 1480 832 1538 ergo
887 1466 1031 1535 quod
1088 1465 1144 1519 in
1201 1464 1411 1520 Christo
1469 1474 1521 1521 et
1548 1465 1810 1532 Ecclesia,
1861 1481 1953 1521 ac-

840 185 1246 243 WALAFRIDI
1284 186 1529 243 STRABI
1566 186 1765 242 FULD.
1804 184 1978 242 MON.
2018 184 2171 242 OPP.
2213 186 2389 243 PARS
2425 186 2469 241 Ι.
2510 215 2580 228 -
2614 185 3085 245 THEOLOGICA.

3546 187 3651 242 600

2483 311 2611 383 quia
2649 319 2702 366 et
2730 312 2875 382 quod
2903 311 3138 381 patimur
3165 310 3415 367 homines
3442 310 3657 381 impor-

2050 407 2231 465 tunos,
2291 400 2369 454 illi
2423 399 2642 455 faciunt.
2704 400 2969 470 Instigant
3023 400 3173 455 enim
3212 408 3266 455 et
3311 399 3656 455 inﬂammant

2053 488 2176 543 illos
2207 496 2258 542 et
2287 496 2545 560 tanquam
2574 503 2707 544 vasa
2759 504 2857 542 sua
2902 496 3148 553 movent,
3181 496 3235 543 et
3261 487 3408 544 velut
3437 503 3654 561 organa

2052 585 2297 649 tangunt.
2331 577 2530 632 Contra
2559 576 2683 631 illos
2712 577 2978 632 habemus
3005 576 3274 633 occultam
3302 577 3534 645 luctam,
3579 576 3655 632 ad

2053 682 2217 738 quam
2247 681 2348 721 nos
2380 674 2555 720 armat
2584 665 2896 737 Apostolus.
2929 667 3322 723 Tenebrarum.
3353 666 3437 721 Ne
3462 674 3654 737 puten-

2051 763 2141 809 tur
2168 756 2445 810 daemones
2474 756 2618 810 hunc
2647 754 2920 810 visibilem
2947 755 3207 809 mundum
3228 770 3446 828 regere,
3470 754 3657 809 subdit

2052 842 2182 915 quid
2200 842 2420 898 nomine
2440 843 2630 897 mundi
2649 842 3002 898 intellexerit:
3027 844 3401 899 Tenebrarum
3419 843 3651 907 harum,

2051 931 2105 985 id
2127 939 2209 986 est
2229 940 2610 1002 peccatorum;
2634 931 2791 1002 quasi
2816 949 2829 986 :
2853 932 2975 986 Non
2994 930 3344 986 dominantur
3365 931 3651 987 daemones

2049 1020 2253 1075 mundo
2284 1020 2374 1091 qui
2416 1028 2624 1076 constat
2653 1020 2794 1075 cmlo
2823 1027 2875 1075 et
2906 1028 3076 1085 terra,
3109 1021 3204 1074 sed
3252 1020 3651 1091 peccatoribus.

2054 1108 2262 1164 Contra
2290 1110 2598 1181 spiritalia.
2631 1107 2801 1177 Quasi
2825 1127 2839 1163 :
2863 1108 3109 1163 Timendi
3146 1110 3330 1163 hostes
3380 1107 3511 1180 quia
3540 1108 3656 1179 spi-

2050 1194 2232 1252 ritales
2262 1206 2315 1252 et
2343 1197 2661 1263 invisibiles,
2697 1205 2750 1252 et
2780 1197 2908 1269 quia
2952 1212 3187 1267 nequam
3241 1214 3255 1251 ε
3305 1205 3360 1251 et
3400 1212 3509 1251 non
3544 1212 3646 1266 pro

2050 1301 2221 1356 parva
2268 1302 2357 1352 re,
2411 1286 2510 1340 sed
2560 1302 2660 1357 pro
2687 1285 2897 1342 cmlesti
2925 1286 3243 1340 haereditate
3272 1284 3514 1340 tollenda
3544 1302 3652 1355 pu-

2051 1382 2238 1446 gnant.
2273 1375 2341 1430 Ut
2371 1374 2617 1430 coelestia
2646 1375 2775 1430 dicit
2804 1375 3029 1430 virtutes
3049 1418 3062 1441 ,
3094 1375 3149 1428 in
3180 1374 3377 1445 quibus
3405 1389 3651 1446 pugnam

2049 1462 2355 1517 daemonum
2384 1463 2636 1533 patimur,
2668 1463 2755 1518 vel
2783 1463 3004 1545 spiritus
3033 1478 3263 1535 nequam
3294 1471 3417 1517 sunt
3447 1462 3504 1516 in
3526 1478 3647 1518 cte-

350 1551 548 1622 cipitur
578 1553 724 1625 quod
752 1553 955 1608 dictum
989 1562 1071 1608 est
1093 1572 1104 1607 :
1127 1555 1249 1607 Non
1274 1555 1386 1624 jam
1415 1554 1541 1617 duo,
1563 1554 1658 1608 sed
1690 1571 1793 1607 una
1823 1570 1949 1609 caro
2048 1550 2295 1619 lestibus,
2328 1552 2383 1606 id
2411 1559 2492 1606 est
2522 1552 2577 1606 in
2598 1553 2703 1608 hoc
2731 1551 2976 1607 inferiori
3006 1568 3154 1607 aere.
3187 1550 3297 1622 Ipsi
3318 1551 3462 1606 enim
3485 1551 3646 1622 quasi

351 1649 506 1707 sunt,
551 1648 603 1696 et
645 1643 915 1713 quomodo
962 1659 1195 1713 sponsus
1244 1651 1295 1697 et
1340 1657 1541 1712 sponsa
1571 1643 1837 1709 dicuntur,
1870 1642 1946 1698 sic
1976 1640 2259 1737 Bequites
2290 1648 2534 1713 pugnant
2560 1640 2615 1693 in
2665 1641 2817 1712 equis
2862 1639 3192 1695 hominibus.
3243 1640 3468 1713 Equites
3510 1654 3648 1711 ergo

353 1736 514 1800 caput
543 1737 595 1783 et
624 1745 842 1801 corpus.
893 1731 1016 1786 Sive
1061 1737 1192 1804 ergo
1221 1731 1428 1785 dicatur
1456 1739 1617 1802 caput
1645 1740 1698 1786 et
1724 1748 1940 1803 corpus,
1976 1728 2024 1737 “’
2049 1729 2382 1797 occidamus,
2416 1744 2585 1801 equos
2614 1728 3009 1799 possideamus.
3164 1729 3168 1732 ’

351 1816 467 1874 sive
524 1834 759 1889 sponsus
805 1827 857 1874 et
913 1836 1116 1891 sponsa
1159 1837 1325 1874 unum
1356 1820 1657 1892 intelligite.
1690 1821 1770 1875 Fit
1801 1820 1937 1874 enim

2120 1835 2289 1889 Vens.
2319 1836 2404 1889 14.
2430 1866 2497 1874 -
2524 1837 2782 1891 Succinti
2816 1836 3027 1892 lumbos
3057 1838 3286 1902 vestros,
3321 1844 3425 1891 etc.
3460 1834 3519 1889 Id
3569 1843 3652 1890 est

354 1922 421 1962 ex
458 1907 683 1997 _dUObus
728 1908 882 1979 quaSi
911 1924 1020 1963 una
1051 1910 1297 1981 (111³δάδηῖ
1338 1925 1573 1979 Persona
1595 1952 1607 1975 ν
1645 1909 1852 1964 δϐίῙίεΘῐ
1884 1925 1950 1965 εκ
2047 1924 2299 1979 carnales
2329 1923 2802 1994 concupiscentias
2823 1923 3045 1997 cingulo
3076 1923 3339 1979 castitatis
3367 1923 3647 1978 frenantes

352 1995 525 2066 capite
551 2003 605 2050 et
634 2011 899 2067 corpore,
952 2014 1017 2052 ex
1057 2013 1259 2069 sponso
1291 2005 1342 2051 et
1375 2014 1605 2067 sponsa:
1628 2014 1786 2069 quam
1817 1998 1943 2052 uni-

350 2091 517 2139 tatem
558 2084 750 2138 miram
795 2093 849 2140 et
898 2087 1247 2141 excellentem
1290 2087 1631 2141 commendat
1660 2087 1853 2155 Isaias,
1890 2088 1941 2142 in

350 2189 460 2244 quo
490 2172 731 2229 Christus
759 2174 1010 2245 loquens,
1032 2175 1137 2229 ait:
1160 2175 1309 2231 Sicut
1331 2192 1531 2246 sponsa
1559 2175 1796 2246 alligavit
1813 2176 1945 2230 mihi

347 2261 591 2327 mitram,
646 2271 699 2317 et
746 2263 885 2320 sicut
930 2280 1189 2334 sponsam
1233 2264 1441 2319 ornavit
1480 2281 1569 2318 me
1599 2273 1936 2319 ornamento.

349 2350 515 2419 Cujus
562 2351 859 2421 spiritualis
923 2352 1141 2407 unitatis
1191 2362 1595 2408 sacramentum
1656 2352 1754 2407 fuit
1809 2353 1939 2408 illud

347 2438 491 2509 quod
523 2438 576 2493 in
625 2439 825 2495 Genesi
870 2441 938 2496 de
986 2442 1184 2497 unione
1215 2441 1455 2513 conjugii
1492 2441 1562 2496 ad
1589 2441 1820 2497 litteram
1850 2442 1939 2497 di-

345 2525 501 2583 citur.

982 2671 1207 2728 CAPUT
1255 2671 1347 2727 VI.

428 2815 601 2872 Vnus.
622 2818 678 2872 2.
700 2843 771 2856 ——
800 2816 1079 2871 Primum.
1113 2812 1333 2869 Scilicet
1362 2812 1504 2869 inter
1532 2812 1785 2867 mandata
1819 2828 1941 2883 quae

344 2911 468 2959 sunt
493 2904 563 2960 ad
582 2904 855 2959 hominem
886 2903 941 2957 in
963 2902 1205 2958 secunda
1220 2901 1424 2957 tabula.
1457 2901 1542 2956 Ad
1562 2902 1671 2956 duo
1700 2917 1936 2973 namque

340 3000 611 3064 praecepta
640 2991 919 3049 charitatis
952 2991 1052 3045 Dei
1099 2998 1150 3045 et
1178 2990 1411 3060 proximi
1441 2990 1674 3060 pertinet
1704 2990 1934 3045 Decalo-

343 3098 466 3153 gus.
500 3082 584 3135 Ad
614 3082 847 3152 primum
875 3087 1205 3151 praeceptum
1235 3078 1335 3133 Dei
1382 3086 1493 3133 tres
1522 3079 1743 3133 chordae
1773 3079 1940 3148 perti-

342 3177 510 3234 nent,
534 3169 590 3223 id
620 3177 729 3235 est,
782 3169 883 3222 tria
911 3167 1185 3237 mandata,
1245 3166 1369 3237 quia
1417 3167 1565 3221 Deus
1596 3167 1809 3224 trinitas
1840 3176 1939 3221 est.

342 3258 427 3313 Ad
446 3258 669 3312 alterum
692 3272 823 3312 vero
843 3264 1195 3328 praeceptum,
1216 3255 1423 3311 scilicet
1463 3256 1711 3326 proximi,
1733 3263 1943 3327 septem

340 3346 581 3415 chordae,
614 3346 669 3400 id
690 3354 772 3400 est
793 3352 1000 3417 septem
1019 3345 1295 3399 mandata.
1328 3346 1396 3399 Et
1424 3344 1515 3398 illa
1544 3344 1648 3399 tria
1677 3345 1745 3399 ad
1766 3346 1939 3400 Deum

340 3434 663 3506 pertinentia
693 3442 817 3489 sunt
845 3434 900 3488 in
928 3434 1105 3504 prima
1137 3427 1336 3488 tabula.
1368 3434 1437 3487 Et
1465 3433 1569 3487 alia
1617 3441 1825 3504 septem
1868 3434 1939 3488 ad

343 3523 670 3594 proximum,
723 3524 777 3577 in
824 3523 1063 3579 secunda
1110 3522 1294 3578 tabula
1343 3522 1544 3593 scripta
1587 3531 1759 3577 erant.
1794 3523 1937 3577 Inter

344 3629 464 3683 quae
488 3612 592 3668 hoc
620 3613 815 3668 merito
835 3612 1073 3684 primum
1106 3620 1206 3679 est,
1232 3611 1382 3683 quia,
1407 3611 1544 3666 sicut
1566 3612 1712 3666 Deus
1739 3611 1938 3682 princi-’

338 3700 533 3772 paliter
578 3701 904 3773 principium
961 3709 1043 3757 est
1100 3701 1362 3767 hominis,
1423 3700 1500 3755 sic
1546 3708 1704 3771 pater
1734 3716 1935 3756 secun-

336 3789 509 3846 dario.
559 3790 723 3860 Cujus
768 3791 1005 3846 mandati
1052 3790 1271 3845 additur
1315 3788 1607 3860 promissio
1647 3789 1792 3860 quod
1825 3804 1935 3845 non

332 3878 389 3933 in
416 3878 536 3933 aliis
565 3887 668 3935 est.

410 3968 580 4023 Vnus.
614 3968 666 4021 5.
690 3998 759 4007 —
780 3969 937 4024 Servi
964 3967 1194 4023 obedite.
1228 3966 1473 4021 Servitus
1503 3966 1667 4036 coepit
1706 3981 1773 4021 ex
1803 3981 1933 4037 pec-

346 4064 500 4122 cato;
532 4056 705 4125 prima
739 4056 883 4109 enim
932 4054 1209 4111 servitutis
1257 4070 1417 4110 causa
1447 4062 1733 4124 peccatum
1757 4062 1933 4124 est,ut

332 4159 496 4199 nomo
524 4142 731 4197 homini
760 4142 1085 4198 conditionis
1117 4142 1334 4198 vinculo
1383 4141 1735 4208 subderetur,
1783 4144 1929 4214 quod

332 4258 443 4297 non
472 4240 571 4295 fuit
598 4240 701 4295 nisi
729 4242 846 4295 Deo
869 4240 1171 4310 judicante,
1204 4240 1349 4310 apud
1380 4255 1542 4310 quem
1571 4255 1680 4294 non
1711 4248 1795 4295 est
1828 4240 1928 4294 ini-

333 4330 531 4402 quitas,
578 4337 632 4385 et
678 4328 826 4385 novit
864 4329 1108 4384 diversas
1138 4344 1327 4399 pmnas
1358 4327 1567 4383 meritis
1594 4327 1921 4384 distribuere

327 4419 772 4491 delinquentium.
805 4420 871 4474 In
899 4419 1289 4491 simplicitate.
1313 4416 1565 4472 Liberam
1596 4416 1723 4473 facit
1754 4417 1928 4472 servi-

334 4516 535 4576 tutem;
588 4525 697 4564 non
726 4508 922 4564 timore
954 4507 1218 4574 subdolo,
1280 4506 1377 4561 sed
1438 4506 1585 4561 fideli
1614 4505 1925 4576 dilectione,

328 4597 505 4654 donec
554 4604 797 4653 transeat
838 4596 1128 4669 iniquitas,
1182 4602 1235 4651 et
1280 4594 1457 4651 omnis
1504 4603 1794 4651 evacuetur
1823 4611 1928 4666 po-

323 4692 509 4740 testas.
1700 4722 1709 4729 ο

396 4774 567 4829 Vens.
605 4777 691 4828 10.
724 4803 793 4815 --
821 4776 898 4830 De
927 4778 1147 4831 caetero.
1197 4775 1322 4829 Post
1369 4772 1630 4844 specialia
1659 4780 1929 4843 praacepta

326 4862 520 4934 quibus
550 4862 829 4917 admonuit
856 4863 1102 4933 singulos
1131 4863 1375 4928 ordines,
1409 4862 1464 4916 in
1485 4862 1762 4919 communi
1783 4876 1929 4917 nunc

326 4951 581 5006 admonet
611 4966 835 5017 omnes;
870 4951 1027 5022 quasi
1059 4968 1073 5005 :
1110 4952 1223 5005 Huc
1252 4967 1425 5021 usque
1456 4967 1555 5006 vos
1590 4950 1704 5019 juvi
1757 4949 1927 5004 verbo

326 5046 380 5093 et
408 5054 609 5108 opere;
662 5040 940 5109 deinceps,
992 5039 1047 5093 in
1076 5038 1287 5104 futuro,
1321 5039 1374 5092 in
1405 5038 1617 5109 reliquo
1655 5047 1921 5110 tempore,

323 5125 430 5181 ﬁde
461 5135 513 5181 et
540 5126 851 5183 dilectione.

392 5224 561 5278 Vens.
599 5226 685 5279 l2.
718 5253 788 5265 -—-
819 5224 1010 5279 Mundi
1041 5227 1303 5280 rectores.
1324 5223 1448 5278 Non
1469 5222 1590 5278 ideo
1622 5223 1700 5279 sic
1729 5222 1924 5295 appel-

320 5312 502 5367 lantur
523 5353 536 5380 ,
572 5311 699 5383 quia
744 5319 944 5385 regunt
974 5311 1258 5375 mundum,
1312 5311 1402 5383 qui
1451 5319 1663 5368 constat
1692 5328 1759 5368 ex
1784 5313 1924 5369 ccelo

323 5410 375 5459 et
407 5410 591 5467 terra;
625 5401 722 5456 sed
751 5400 1011 5455 mundum
1036 5409 1351 5471 peccatores
1372 5400 1520 5467 dicit,
1547 5401 1614 5457 de
1644 5418 1751 5473 quo
1767 5402 1925 5456 Joan-

326 5508 424 5547 nes
449 5510 461 5545 :
484 5493 555 5548 Et
582 5492 829 5548 mundus
861 5506 991 5546 eum
1022 5506 1133 5545 non
1155 5492 1407 5560 cognovit
1430 5492 1611 5559 (Joan.
1642 5491 1701 5559 Ι).
1737 5490 1920 5546 Talem

319 5580 582 5638 mundum
610 5580 687 5638 illi
717 5588 930 5653 regunt,
957 5585 1149 5636 contra
1179 5595 1316 5653 quos
1336 5579 1599 5638 habemus
1627 5587 1921 5652 perpetuas

2046 2027 2157 2066 non
2186 2011 2537 2080 simulatorie,
2575 2013 2671 2067 sed
2701 2012 2754 2066 in
2776 2012 3020 2078 veritate,
3047 2012 3133 2067 vel
3164 2028 3263 2082 per
3301 2012 3641 2068 cbaritatem.

2044 2101 2236 2156 Induti
2267 2102 2499 2157 loricam
2505 2103 2772 2173 justitia.
2797 2101 2963 2157 Recte
2991 2100 3162 2156 lorica
3182 2101 3403 2169 justitias
3417 2117 3628 2170 compa-

2044 2197 2212 2255 ratur,
2247 2189 2371 2261 quia
2394 2234 2408 2256 ,
2457 2189 2598 2245 sicut
2641 2189 2814 2246 lorica
2842 2189 3024 2244 multis
3054 2189 3274 2245 circulis
3316 2191 3634 2255 contexitur,

2042 2278 2114 2332 ita
2136 2278 2341 2347 justitia
2369 2278 2552 2333 multis
2598 2278 2890 2333 virtutibus
2933 2285 3162 2335 constat.
3196 2279 3634 2334 Aliterzlustitia

2037 2367 2224 2423 loricae
2264 2375 2442 2438 potest
2490 2367 2791 2438 comparari
2838 2367 2968 2439 quia
2992 2410 3004 2434 ,
3060 2367 3200 2423 sicut
3226 2367 3398 2423 lorica
3447 2377 3633 2437 pectus

2040 2455 2234 2524 munit,
2271 2464 2523 2511 ventrem
2561 2456 2798 2529 stringit,
2832 2455 3044 2511 femora
3069 2456 3328 2529 protegit,
3348 2456 3423 2511 ita
3438 2456 3641 2525 justitia

2041 2544 2346 2615 superﬂuas
2366 2544 2724 2617 cogitationes
2745 2561 2865 2616 quae
2896 2544 2951 2598 in
2970 2553 3192 2615 pectore
3213 2544 3420 2601 versari
3440 2544 3630 2609 solent,

2041 2633 2250 2703 repellit
2301 2650 2313 2687 :
2366 2633 2665 2706 ingluviem
2692 2633 2898 2690 ventris
2927 2632 3166 2706 stringit,
3197 2632 3464 2688 luxuriam
3494 2648 3632 2705 quo-

2041 2737 2145 2793 que
2174 2721 2451 2793 opprimit.

2109 2829 2278 2883 Vens.
2332 2830 2418 2882 15.
2459 2858 2528 2867 -
2578 2828 2845 2884 Calceati.
2901 2828 3113 2884 Marcus
3168 2827 3299 2884 dicit
3353 2827 3629 2899 apostolos

2038 2917 2309 2973 calceatos
2354 2916 2647 2983 sandaliis,
2699 2916 2785 2972 vel
2842 2915 3040 2982 soleis,
3102 2924 3159 2970 ut
3214 2932 3392 2989 neque
3437 2933 3535 2988 pes
3563 2916 3630 2971 sit

2034 3014 2235 3070 rectus,
2267 3021 2370 3062 nec
2398 3006 2576 3061 nudus
2606 3006 2676 3060 ad
2706 3013 2931 3074 terram,
2993 3004 3048 3060 id
3080 3014 3163 3060 est
3213 3020 3318 3061 nec
3346 3005 3641 3062 occultetur

2044 3094 2420 3164 Evangelium,
2446 3110 2547 3150 nec
2567 3093 2801 3148 terrenis
2821 3093 3120 3148 commodis
3137 3093 3413 3148 innitatur.
3440 3094 3627 3149 Pedes.

2045 3183 2103 3237 Id
2132 3190 2215 3237 est
2243 3181 2566 3239 alfectiones
2595 3183 2703 3236 sint
2730 3183 2951 3237 munitae
2991 3182 3278 3237 virtutibus
3326 3198 3394 3237 ne
3431 3197 3464 3236 a
3494 3181 3632 3237 vitiis

2041 3279 2372 3342 pungantur,
2403 3278 2461 3325 ut
2491 3270 2565 3324 ita
2598 3270 2703 3324 sint
2730 3270 2905 3341 parati
2935 3270 3001 3324 ad
3032 3270 3436 3341 praedicandum
3466 3271 3637 3325 Evan~

2040 3359 2245 3431 gelium
2262 3360 2406 3431 quod
2427 3359 2637 3413 nuntiat
2657 3374 2847 3430 pacem
2880 3359 3023 3414 inter
3050 3359 3223 3413 Deum
3253 3368 3305 3414 et
3330 3359 3631 3437 hominem;

2039 3448 2125 3505 vel
2155 3456 2212 3503 ut
2241 3448 2347 3502 sint
2374 3448 2550 3518 parati
2579 3448 2855 3519 complere
2885 3456 3158 3519 praecepta
3214 3448 3521 3522 Evangelii.

2112 3555 2280 3609 Vnus.
2320 3557 2403 3608 16.
2436 3584 2504 3593 -
2539 3556 2776 3610 Scutum
2804 3554 2955 3623 ﬁdei.
2980 3553 3140 3609 Fides
3170 3561 3250 3608 est
3272 3561 3504 3623 scutum,
3533 3554 3631 3608 sub

2038 3658 2146 3714 quo
2189 3650 2304 3697 tuta
2352 3650 2434 3697 est
2473 3642 2699 3711 justitia,
2756 3641 2894 3698 sicut
2938 3642 3036 3697 sub
3067 3641 3363 3698 munimine
3391 3642 3632 3697 omnium

2036 3731 2308 3797 virtutum,
2368 3731 2515 3802 quod
2569 3730 2913 3801 protenditur
2968 3739 3094 3786 ante
3151 3730 3337 3785 omnia
3391 3746 3547 3786 arma
3582 3739 3633 3786 et

2040 3820 2186 3892 quod
2214 3819 2391 3891 primo
2421 3818 2662 3874 omnium
2694 3819 2975 3892 impugnat
3003 3818 3273 3874 diabolus.

2116 3927 2286 3981 Vens.
2324 3928 2413 3980 17.
2445 3955 2515 3965 -
2541 3928 2609 3981 Et
2634 3926 2874 3997 galeam.
2919 3924 3088 3981 Galea
3118 3932 3201 3980 est
3228 3925 3371 3980 salus
3400 3933 3626 3987 aeterna,

2033 4014 2190 4083 cujus
2217 4014 2484 4069 memoria
2509 4022 2750 4069 mentem
2779 4013 3021 4069 obvolvit
3050 4030 3119 4068 ne
3149 4012 3382 4069 deﬁciat.
3420 4016 3487 4069 Et
3516 4015 3632 4084 gla-

2031 4104 2188 4158 dium
2233 4103 2490 4174 spiritus.
2540 4102 2781 4158 Verbum
2819 4101 2918 4156 Dei
2950 4110 3033 4156 est
3062 4102 3277 4174 gladius
3310 4101 3395 4157 bis
3423 4112 3630 4170 acutus,

2030 4191 2233 4246 docens
2264 4191 2333 4245 de
2364 4190 2755 4260 temporalibus
2785 4198 2837 4245 et
2867 4190 3102 4245 aeternis.
3135 4191 3359 4245 Illorum
3373 4191 3631 4245 consola-

2030 4280 2230 4335 tionem
2276 4278 2331 4333 in
2379 4279 2558 4334 Veteri
2583 4322 2595 4343 ,
2648 4279 2886 4334 istorum
2934 4278 3324 4349 perfectionem
3374 4279 3429 4332 in
3477 4280 3632 4334 Novo

1956 4392 2014 4456 D
2042 4369 2387 4423 Testamento
2406 4368 2748 4438 promittens.
2777 4366 2934 4435 Quod
2966 4368 3111 4422 enim
3136 4367 3510 4438 temporaliter
3529 4382 3635 4422 no-

2030 4456 2114 4511 bis
2138 4456 2468 4528 promissum
2518 4464 2618 4525 est,
2652 4457 2719 4510 ad
2767 4471 2932 4510 unam
2976 4464 3187 4526 partem
3219 4456 3386 4528 gladii
3434 4474 3448 4510 :
3486 4457 3633 4527 quod

2028 4562 2161 4601 vero
2182 4545 2237 4600 in
2258 4546 2647 4616 sempiternum
2665 4544 2733 4599 ad
2754 4544 2916 4598 aliam
2935 4553 3144 4615 partem
3165 4544 3330 4615 gladii
3358 4544 3614 4615 pertinet.

2028 4636 2168 4689 Nam
2189 4642 2242 4689 et
2261 4634 2384 4689 ideo
2415 4642 2507 4689 tuo
2528 4634 2871 4688 Testamenta
2890 4633 3159 4698 dicuntur,
3184 4633 3313 4705 quia
3333 4633 3501 4688 Vetus
3522 4642 3628 4688 ter-

2029 4738 2165 4777 rena
2208 4722 2487 4793 promittit,
2536 4723 2748 4779 Novum
2791 4720 3013 4777 aeterna.
3065 4723 3147 4776 De
3187 4722 3290 4777 hoc
3310 4721 3495 4794 gladio
3517 4723 3627 4776 Do-

2027 4811 2209 4865 minus
2236 4810 2309 4865 ait
2344 4828 2357 4864 :
2388 4812 2507 4866 Non
2528 4812 2655 4866 veni
2673 4826 2869 4883 pacem
2898 4811 3127 4866 mittere
3156 4813 3219 4866 in
3250 4814 3465 4866 terram
3483 4853 3495 4875 ,
3528 4811 3627 4866 sed

2026 4900 2280 4971 gladium
2326 4900 2545 4970 (Matth.
2596 4899 2678 4971 x).
2728 4900 2832 4954 Iste
2875 4899 3088 4972 gladius
3138 4916 3269 4955 vere
3299 4905 3491 4955 aeutus
3522 4907 3621 4967 est,

2028 4988 2157 5060 quia
2185 5004 2309 5043 eum
2341 5004 2502 5059 quem
2532 4987 2655 5042 fecit
2681 5004 2711 5041 a
2738 4988 2944 5043 mundo
2984 4986 3195 5042 dividit.

2100 5112 2268 5166 Vens.
2291 5114 2376 5168 18.
2401 5143 2469 5152 -
2497 5113 2561 5167 In
2582 5113 2809 5184 spiritu.
2846 5111 2980 5167 Orat
3008 5112 3063 5166 in
3085 5112 3295 5183 spiritu,
3318 5112 3409 5182 qui
3430 5111 3626 5167 munda

2027 5200 2359 5257 conscientia
2407 5209 2459 5256 et
2508 5200 2716 5273 integra
2766 5200 2873 5255 fide
2908 5209 3047 5255 orat.
3083 5202 3311 5257 Incarne
3342 5210 3492 5267 orat,
3541 5200 3627 5272 qui

2025 5289 2230 5359 polluta
2261 5298 2441 5344 mente
2474 5290 2667 5344 itermn
2697 5298 2904 5359 peccat,
2936 5305 3046 5345 non
3074 5305 3219 5355 casu,
3257 5288 3353 5344 sed
3386 5289 3455 5343 de
3504 5304 3628 5359 pro-

2026 5377 2224 5449 posito.

2097 5494 2264 5548 Vens.
2328 5496 2412 5546 19.
2475 5523 2543 5533 ——
2601 5494 2665 5548 In
2718 5495 3090 5566 apertionem.
3151 5493 3208 5547 Id
3238 5501 3321 5548 est
3351 5500 3408 5548 ut
3436 5500 3616 5564 aperte

2022 5578 2228 5650 pOSsim
2261 5593 2509 5635 reserare
2539 5578 2856 5648 mysterium
2881 5577 3182 5651 Evangelii,
3207 5577 3262 5635 id
3291 5586 3375 5634 est
3399 5586 3617 5636 secreta
