3964 6178
242 201 323 254 σοι
1089 181 1363 240 GLOSSA
1392 156 1803 239 ennmama.
1836 210 1906 223 -
1924 180 2142 237 EPIST.
2179 181 2272 237 AD
2306 182 2594 238 PHILIPP.
3396 186 3499 242 602

242 311 595 377 incarnationis
622 317 675 366 et
700 307 996 382 passionis.
1031 306 1201 377 Quasi
1233 326 1248 363 :
1294 308 1377 363 Ne
1406 322 1668 379 pressura
1696 305 1792 361 tri-
1823 305 1880 367 Α
1967 307 2138 362 Vnus.
2168 310 2259 363 23.
2292 309 2489 363 —Pa:c
2520 307 3032 378 fratribusJ’acem
3060 313 3213 379 Optat
3240 306 3340 378 eis,
3377 324 3500 380 qua;

247 402 508 463 bulationis
536 400 653 472 ipsa
690 398 979 457 formidine
1032 413 1262 455 acumen
1311 396 1577 453 doctrinae
1605 396 1799 453 obtun-
1903 402 1985 451 est
2009 396 2177 466 janua
2198 395 2519 451 dilectionis.

246 498 340 553 dat.

248 668 3490 696 Μ

1197 774 1653 849 EPISTOLA
1710 773 1843 849 AD
1905 773 2590 849 PHILIPPENSES.

744 1075 1260 1133 ARGUMENTUM,
1971 1060 2143 1116 Vnus.
2173 1064 2259 1117 12.
2308 1091 2379 1103 -
2414 1063 2570 1119 Scire
2628 1067 2822 1119 autem
2875 1065 3015 1129 volo,
3065 1070 3171 1119 etc.
3226 1062 3503 1118 Hactenus

1895 1149 2489 1206 communiter-locutus
2518 1160 2620 1222 est,
2660 1152 2787 1206 inde
2818 1153 2969 1223 ponit
3017 1151 3328 1223 specialiter
3375 1167 3498 1223 quae

1899 1239 2240 1293 tolerantiam
2313 1240 2599 1306 suadeant,
2662 1241 2886 1297 scilicet.
2945 1244 3052 1296 Pro
3106 1241 3255 1297 vobis
3284 1242 3501 1312 gratias

1899 1344 2001 1400 ago
2033 1348 2052 1383 :
2084 1329 2323 1399 Conﬁdo.
2365 1331 2457 1385 Vos
2475 1334 2669 1385 autem
2700 1331 2818 1387 volo
2851 1331 3017 1397 scire,
3070 1337 3199 1399 etc.,
3249 1329 3406 1401 quasi
3427 1328 3504 1383 di-

1900 1425 1987 1472 cat
2022 1435 2037 1471 :
2068 1416 2203 1472 Cum
2241 1417 2316 1472 ita
2340 1418 2458 1473 sitis
2486 1418 2731 1490 perfecti,
2782 1425 3135 1490 perseverate
3189 1425 3243 1473 et
3289 1424 3499 1484 cavete,

1899 1522 1969 1560 ne
1999 1505 2378 1562 tribulationes
2426 1508 2691 1602 instantes
2741 1509 2884 1563 hanc
2913 1514 3152 1564 vestram
3197 1506 3499 1561 diminuant

747 1582 978 1638 CAPUT
1010 1582 1301 1639 PRIMUM-
1900 1594 2313 1666 perfectionem,
2346 1597 2443 1651 sed
2473 1582 2781 1667 e'xemplum
2811 1597 2918 1651 mei
2939 1595 3214 1667 respicite.
3366 1596 3375 1603 ’

299 1701 447 1755 Vens.
482 1702 530 1753 1.
581 1729 651 1739 —-
711 1699 944 1755 Paulus.
1003 1697 1154 1753 More
1209 1697 1368 1753 solito
1416 1697 1800 1754 salutationem

1974 1684 2144 1739 Vnus.
2167 1688 2252 1740 13.
2285 1716 2355 1726 -
2388 1688 2454 1743 Ut
2474 1687 2722 1754 vincula,
2758 1694 2869 1741 etc.
2936 1683 3076 1754 Quia
3122 1699 3358 1756 namque
3390 1699 3493 1754 pa-

239 1788 481 1862 Ρηεωίιηι
511 1806 526 1853 ς
558 1774 759 1842 deinde
788 1794 999 1860 gratias
1030 1787 1146 1842 ι)θο
1176 1787 1289 1860 agit
1318 1803 1420 1858 pro
1442 1787 1541 1855 eis,
1601 1787 1802 1859 implo-
1901 1771 2099 1862 tienter
2120 1774 2384 1862 quaelibet
2413 1774 2557 1828 mala
2588 1774 2849 1839 sustineo,
2884 1781 3032 1862 patet
3090 1788 3199 1827 non
3230 1788 3353 1862 esse
3384 1787 3498 1862 sce-

241 1858 347 1934 rans
372 1878 446 1932 eis
473 1876 685 1945 majora
712 1858 877 1943 bona,
911 1883 969 1930 ut
1000 1883 1052 1930 et
1081 1875 1135 1930 in
1164 1858 1455 1931 virtutibus
1487 1858 1802 1933 crescentes

1902 1858 1987 1915 lus
2007 1859 2259 1916 falsitatis
2279 1878 2442 1935 quam
2470 1862 2524 1916 in
2536 1878 2623 1917 me
2640 1862 2787 1930 justa
2816 1861 3055 1918 vindicta
3082 1860 3365 1931 percellat,
3402 1861 3498 1915 sed

240 1968 296 2022 ad
322 1965 698 2038 perfectionem
753 1964 1097 2036 perveniant.
1131 1964 1339 2020 Deinde
1397 1966 1717 2037 patientiam
1746 1966 1802 2021 in

1902 1949 2194 2022 quamdam
2224 1950 2467 2007 veritatis
2515 1950 2769 2007 virtutem
2809 1965 2974 2023 quam
3009 1948 3312 2004 sustinendi
3341 1948 3502 2005 forti-

240 2055 641 2110 tribulationibus
673 2061 856 2109 monet
883 2053 1133 2125 exemplo
1164 2053 1245 2108 sui
1268 2061 1319 2109 et
1341 2054 1558 2121 Christi,
1610 2063 1803 2126 postea
1898 2039 2029 2094 ίυάο
2058 2038 2394 2111 magniﬁcat-

299 1194 650 1264 Philippenses
680 1199 805 1246 sunt
842 1191 1190 1247 Macedones.
1234 1191 1321 1257 Hi,
1372 1199 1599 1262 accepto
1628 1192 1800 1248 verbo

239 1282 468 1351 veritatis,
485 1281 838 1353 perstiterunt
858 1279 914 1334 in
943 1279 1071 1347 ﬁde,
1128 1296 1233 1336 nec
1261 1288 1585 1352 recepertmt
1632 1280 1802 1336 falsos

238 1371 495 1445 apostolos.
545 1371 663 1425 Hoc
708 1369 984 1425 collaudat
1037 1368 1286 1425 scribens
1331 1369 1411 1425 eis
1449 1385 1482 1424 a
1510 1369 1684 1425 Roma
1729 1370 1804 1426 de

234 1477 425 1519 carcere
451 1475 547 1531 per
570 1458 1026 1530 Epaphroditum.

238 2151 284 2199 ut
308 2150 515 2200 caveant
546 2159 578 2198 a
605 2142 864 2199 versutiis
892 2142 1481 2214 pseudoapostolorum
1506 2163 1519 2210 ;
1583 2145 1801 2199 tandem

1972 2128 2141 2183 Vnus.
2180 2130 2266 2183 τι.
2302 2158 2366 2169 -
2398 2128 2705 2197 Auderent,
2740 2136 2845 2185 etc.
2862 2112 3182 2183 Constantia
3212 2127 3357 2184 enim
3380 2128 3499 2198 ejus

236 2232 619 2288 admonitionem
680 2231 946 2287 moralem
1004 2231 1297 2300 interserit,
1329 2241 1383 2287 et
1432 2249 1605 2304 prope
1636 2232 1802 2288 ﬁnem
1899 2215 2099 2271 multos
2127 2217 2201 2271 ita
2222 2217 2495 2284 animavit,
2531 2225 2588 2272 ut
2607 2234 2717 2271 non
2736 2217 2989 2273 timerent
3008 2217 3410 2290 evangelizare.

237 2320 291 2376 de
308 2321 485 2392 gratia,
522 2336 689 2392 quam
721 2320 824 2375 sibi
852 2321 1081 2377 Romam
1112 2336 1212 2391 per
1242 2319 1676 2391 Epaphroditum
1707 2321 1804 2376 mi-
1976 2306 2145 2361 VERS-
2178 2308 2264 2362 1'7.
2300 2337 2365 2347 ·-
2428 2306 2667 2375 Quidam
2721 2310 2935 2373 autem,
2986 2315 3093 2363 θῑοο
3156 2306 3399 2364 ῧοηνίοῑί
3445 2306 3503 2362 in

239 2417 410 2477 serant,
440 2410 686 2483 gaudere
705 2425 765 2464 se
795 2408 942 2464 dicit.
986 2404 1321 2465 Timotheus.
1369 2410 1525 2465 Hunc
1554 2410 1797 2481 apponit,

1902 2395 2247 2451 contentione
2276 2411 2309 2450 a
2355 2411 2464 2462 me,
2505 2395 2805 2466 praedicant
2861 2395 3163 2451 secundum
3221 2396 3369 2468 quod
3399 2410 3502 2451 eos

238 2497 343 2570 quia
368 2514 482 2553 eum
514 2499 787 2553 missurus
808 2504 925 2553 erat
956 2497 1026 2553 ad
1069 2497 1190 2553 illos
1224 2516 1236 2551 ε
1270 2506 1495 2569 propter
1542 2500 1647 2554 hoc
1676 2516 1800 2554 eum
1899 2484 2110 2540 οοηγίοἱ
2142 2484 2347 2539 debere
2377 2484 2699 2555 praedicare.
2737 2486 2823 2540 Ειτ
2853 2486 3234 2540 contentione.
3268 2484 3352 2539 EX
3379 2484 3499 2555 pri-

238 2587 603 2659 quodammodo
646 2587 1060 2654 commendans,
1095 2594 1153 2641 ut
1208 2587 1401 2642 eadem
1447 2604 1568 2659 quae
1611 2588 1802 2643 scribit

1899 2580 2025 2628 vato
2059 2572 2204 2638 odio,
2260 2572 2404 2644 quod
2451 2572 2743 2644 aliquando
2779 2587 2995 2628 mecum
3047 2572 3413 2641 contulerunt,
3448 2581 3503 2629 et

240 2675 295 2729 ab
319 2691 378 2731 eo
410 2676 690 2747 recipiam.
723 2677 897 2732 δενυί,
935 2676 1137 2731 servos
1167 2675 1319 2746 dixit,
1369 2684 1428 2730 ιη
1483 2684 1537 2731 ει
1566 2675 1669 2747 ipsi
1698 2693 1800 2747 pro
1902 2660 2161 2716 confutati
2217 2668 2361 2715 sunt.
2420 2662 2488 2715 Et
2515 2677 2584 2715 ne
2622 2660 2967 2717 viderentur
2990 2661 3245 2729 correcti,
3298 2661 3450 2717 addit
3482 2679 3495 2718 :

239 2764 439 2821 Domino
466 2764 648 2820 ferant
700 2764 864 2821 dura.
932 2764 1161 2821 Christi.
1216 2765 1287 2821 Ut
1342 2771 1531 2820 contra
1589 2765 1800 2836 pseudo
1899 2751 2019 2806 Νοη
2043 2765 2188 2822 Ρανο
2221 2752 2433 2807 animo-

242 2860 377 2908 stent.
1971 2838 2142 2893 Vnus.
2177 2841 2263 2893 18.
2296 2869 2368 2879 --
2394 2838 2535 2907 Quid
2562 2840 2757 2895 enim?
2774 2839 2898 2894 Non
2927 2839 3181 2910 prohibet
3209 2854 3498 2896 mercena-

290 2941 441 2998 γης,
474 2946 523 2997 3,
557 2973 631 2984 __
678 2943 901 2999 Gratia,
943 2959 1043 3014 ago
1075 2944 1184 3000 Deo
1231 2958 1372 2999 meo.
1412 2941 1582 3012 Quasi
1614 2942 1797 2999 dicat;
1899 2926 2030 2995 rios,
2065 2926 2163 2981 sed
2191 2927 2471 2997 permittit,
2499 2927 2625 2998 quia
2638 2935 2690 2982 et
2719 2927 2826 2998 ipsi
2853 2927 3014 2983 utiles
3038 2936 3162 2983 sunt
3192 2928 3261 2984 ad
3290 2928 3493 3000 aliqua.

234 3031 369 3102 Agite
394 3047 509 3102 qua;
539 3030 728 3103 agitis,
772 3030 899 3102 quia
912 3031 1042 3086 talia
1072 3039 1215 3101 sunt,
1240 3031 1384 3086 unde
1415 3032 1587 3086 Deum
1610 3031 1794 3087 laudo.

1898 3015 2004 3071 Sed
2030 3016 2370 3087 etgaudebo.
2405 3016 2534 3071 Ideo
2563 3016 2780 3089 gaudeo
2808 3016 2878 3071 de
2917 3016 3076 3072 malis
3096 3016 3255 3085 meis,
3285 3016 3374 3073 vel
3428 3017 3499 3072 de

1900 3103 2143 3131 ...Λα-ιλιι,
2173 3104 2457 3131 πευι-ικιιιζζ
2509 3104 2628 3131 κηέη
2661 3104 2788 3131 εκᾹ...
2818 3104 2948 3131 ...ειηε
2974 3106 3119 3131 -..1.υ.

289 3119 439 3175 Vnus.
470 3124 520 3175 5.
553 3149 627 3161 —
661 3121 1199 3176 Communicatione.
1258 3120 1363 3175 Per
1419 3135 1582 3191 quam
1616 3128 1801 3175 vestra
1821 3103 1870 3131 υ
1900 3103 2146 3175 Ρτοίθοίιι
2173 3104 2480 3175 Evangelii,
2506 3104 2634 3175 fluia
2661 3104 2789 3159 inde
2818 3104 2951 3159 mihi
2974 3106 3141 3160 salus-

234 3209 509 3264 communia
538 3208 770 3278 fecistis,
806 3209 862 3263 in
891 3209 1199 3282 Evangelio
1230 3209 1539 3265 exaltando.

1970 3194 2140 3247 Vsus.
2170 3196 2261 3249 21.
2293 3223 2362 3233 -
2419 3194 2553 3249 Mihi
2608 3198 2803 3249 autem
2846 3195 3033 3250 vivere
3082 3194 3339 3251 Christus
3391 3199 3498 3264 est,

288 3296 440 3352 VERS.
474 3301 524 3353 6.
557 3330 630 3339 —
669 3298 977 3366 Conﬁdens.
1033 3279 1202 3366 Quasi
1238 3315 1249 3353 :
1304 3299 1584 3369 Deprecor
1614 3306 1669 3353 ut
1691 3306 1801 3353 ste-
1900 3288 2004 3337 etc.
2039 3279 2209 3350 Quasi
2238 3281 2446 3336 diceret
2480 3299 2493 3335 :
2525 3281 2717 3337 Merito
2748 3281 3024 3336 Christum
3060 3281 3354 3353 magniﬁco
3385 3283 3500 3339 sive

231 3384 302 3454 tis,
330 3394 377 3441 et
403 3386 614 3442 conﬁdo
647 3387 753 3442 hoc
782 3386 961 3457 ipsum
991 3385 1109 3440 fieri
1148 3401 1180 3441 a
1210 3386 1367 3442 vobis
1399 3387 1543 3458 quod
1581 3402 1797 3456 precor,

1901 3369 2029 3435 vita,
2063 3369 2178 3425 sive
2202 3378 2399 3435 morte,
2431 3369 2560 3440 quia
2610 3370 2866 3427 Christus
2908 3370 3054 3426 mihi
3099 3373 3299 3438 vivere,
3329 3371 3387 3426 id
3416 3379 3502 3427 est

230 3487 320 3527 non
346 3482 515 3530 autem
546 3474 700 3530 aliud
736 3493 752 3542 ;
781 3456 878 3530 sed
898 3475 1083 3531 videte
1104 3491 1174 3530 ne
1206 3474 1407 3529 frustra
1418 3456 1725 3530 confidam.
1900 3457 2030 3513 mihi
2060 3457 2171 3513 νίίθι
2200 3458 2288 3513 hic
2318 3474 2418 3528 Per
2464 3456 2628 3513 ﬁdem
2679 3467 2733 3513 θῐ
2792 3474 2965 3529 Spem:
3016 3466 3068 3514 et
3110 3460 3167 3513 in
3194 3458 3377 3514 Ῑυίυΐο
3396 3475 3499 3531 Per

289 3564 545 3631 Perﬁciet.
576 3566 706 3635 Ipse
736 3572 791 3618 ut
819 3563 1049 3619 velimus
1089 3572 1352 3635 operatur
1387 3563 1672 3636 incipiens,
1708 3564 1801 3636 qui

1900 3546 2158 3617 speciem.
2190 3546 2297 3601 Pro
2326 3547 2431 3602 hac
2486 3546 2593 3602 vita
2620 3547 2852 3602 mortale
2913 3562 3115 3618 corpus
3146 3547 3384 3616 tradidit,
3436 3555 3496 3603 ut

234 3649 505 3707 volentibus
525 3634 858 3724 cooperatur
886 3634 1205 3723 perficiens.
1500 3634 1513 3636 ί
1728 3634 1741 3636 ⁷

1898 3636 2077 3706 ipsum
2107 3634 2411 3690 immortale
2441 3635 2497 3688 in
2525 3644 2787 3691 aeternum
2837 3635 3088 3706 recipiat,
3121 3636 3266 3690 unde
3288 3644 3342 3691 et
3372 3635 3501 3690 sub-

292 3740 442 3796 Vans.
474 3744 526 3796 7.
560 3723 648 3782 -ν
669 3743 828 3798 Sicut
858 3746 943 3797 est
971 3743 1135 3797 mihi.
1171 3741 1250 3796 Ita
1279 3741 1490 3815 gratias
1546 3757 1673 3815 ago,
1705 3741 1802 3797 de-
1901 3723 2060 3815 ditft
2080 3724 2220 3779 mori
2250 3724 2483 3815 111mm}-

229 3842 401 3897 precor
415 3839 466 3884 et
494 3829 735 3900 conﬁdo,
754 3830 920 3886 'sicut
939 3833 1169 3902 justum
1209 3811 1306 3886 est
1322 3833 1557 3898 sentire,
1585 3811 1663 3885 vid
1719 3838 1802 3886 est

1978 3813 2143 3867 Vnus.
2166 3816 2256 3869 22.
2288 3843 2357 3852 -
2418 3811 2568 3881 Quod
2596 3814 2646 3868 si
2700 3813 2903 3883 vivere,
2961 3820 3066 3868 etc.
3124 3811 3370 3867 Christus
3415 3820 3499 3868 est

230 3914 292 3969 ita
314 3917 462 3974 velle.
494 3920 564 3973 Et
591 3899 819 3990 expauit
875 3899 1119 3985 causam,
1171 3935 1232 3975 eo
1261 3918 1403 3992 quod
1447 3920 1681 3975 habeam
1710 3935 1802 3976 vos

1900 3901 2034 3954 mihi
2056 3899 2260 3970 vivere,
2283 3909 2340 3955 ut
2356 3916 2479 3956 eum
2508 3899 2874 3974 magniﬁcam.
2935 3899 3092 3970 Quod
3139 3901 3186 3955 si
3233 3908 3332 3967 est,
3367 3908 3497 3957 tunc

229 4003 281 4056 in
302 4007 469 4073 corde,
498 3988 709 4084 bonum
740 4007 896 4062 vobis
924 4006 1203 4075 desidero,
1270 3988 1384 4063 sive
1419 4007 1522 4062 sim
1565 4007 1799 4075 vinctus,

1901 3989 2087 4044 nescio
2118 3989 2246 4061 quid
2289 3988 2507 4062 eligam,
2558 3989 2717 4055 mori,
2767 4005 2834 4043 an
2889 3989 3096 4046 vivere.
3129 3988 3298 4059 Quasi
3332 4006 3347 4045 :
3380 3989 3500 4045 Nisi

229 4092 384 4148 sciens
410 4112 506 4151 vos
537 4074 760 4168 quoque
790 4095 1023 4165 vinctos,
1057 4096 1171 4151 sive
1203 4095 1507 4151 defendens
1540 4096 1802 4168 Evange-

1901 4078 2008 4147 hic,
2042 4077 2247 4135 fructus
2278 4086 2442 4147 esset,
2472 4093 2581 4134 non
2628 4078 2869 4147 dubium,
2903 4078 3033 4150 quin
3063 4079 3204 4134 mori
3226 4078 3493 4152 eligerem

227 4177 353 4246 lium,
382 4184 521 4255 quod
554 4164 609 4239 ξι
638 4164 736 4239 ηδε
764 4182 959 4240 facitis.
1012 4164 1015 4165 ⁷
1703 4164 1727 4168 ⁷
1896 4174 1956 4255 ut
1984 4166 2256 4255 Christum
2287 4167 2545 4222 haberem
2574 4164 2858 4238 praemium
2893 4185 2905 4222 :
2930 4175 2981 4223 et
3011 4167 3153 4237 ideo,
3189 4183 3258 4223 ne
3273 4166 3492 4223 dubite-

289 4269 437 4327 Vans.
464 4276 514 4327 8.
546 4303 617 4313 —
655 4273 895 4345 Cupiam
915 4288 1110 4329 omnes
1140 4289 1253 4340 vos,
1286 4280 1391 4329 etc.
1418 4273 1478 4327 Id
1509 4281 1591 4328 est
1613 4273 1802 4328 intimo

1902 4254 1968 4309 tis
1997 4254 2133 4310 mori
2163 4271 2264 4326 pro
2294 4255 2522 4311 Christo.

226 4369 391 4413 amore
410 4360 626 4431 Christi,
653 4369 709 4415 ut
735 4344 811 4416 ab
840 4377 907 4416 eo
965 4360 1206 4432 perfecte
1262 4361 1582 4433 diligamini,
1618 4362 1703 4417 vel
1735 4377 1801 4417 eo
1828 4430 1867 4433 _
1972 4344 2151 4433 V533:
2174 4345 2263 4401 24·
2297 4374 2365 4384 -
2393 4346 2733 4433 Permanere
2774 4349 2987 4414 autem»
3030 4351 3132 4400 θῑοο
3174 4344 3318 4433 Ecce
3348 4344 3495 4433 (ἰυβά

225 4443 399 4502 affectu
430 4430 671 4523 diligatis
702 4450 887 4505 Deum
928 4430 983 4505 et
1047 4430 1507 4522 proximos,'quo
1551 4449 1799 4505 Christus
1828 4430 2012 4490 Πηοη
2055 4432 2410 4523 δίδίίωεῗίίιιδν
2457 4433 2555 4488 sed
2600 4432 2743 4505 (ἰυοά
2797 4432 2979 4523 παίω-³
3034 4432 3294 4523 θκρβάίιη
3318 4431 3490 4504 eligit:

226 4534 305 4602 qui
332 4520 559 4592 animum
590 4538 790 4609 posuit.
827 4538 925 4594 Vel
981 4520 1087 4595 hoc
1147 4538 1389 4595 refertur
1419 4520 1506 4593 Vad
1550 4539 1605 4593 id
1653 4539 1800 4610 quod
1898 4529 2121 4592 Ρτορίθν
2139 4522 2471 4587 maritalem,
2507 4537 2629 4591 qua?
2657 4537 2769 4591 Ρτὶθ
2795 4521 3046 4576 omnibus
3079 4520 3332 4589 eligenda
3352 4528 3452 4576 εει·

227 4637 374 4693 supra
399 4625 548 4693 dixit,
611 4643 670 4681 se
716 4627 1032 4683 desiderare
1081 4643 1176 4683 eos
1234 4644 1356 4683 esse
1403 4627 1582 4683 socios
1612 4628 1798 4698 gaudii
1974 4637 2145 4691 Vnus.
2175 4639 2264 4693 25.
2297 4667 2365 4676 _
2396 4638 2467 4691 Et
2492 4637 2764 4708 gaudium
2779 4636 2929 4705 ﬁdei,
2953 4643 3058 4692 etc.
3091 4636 3152 4691 Id
3181 4643 3302 4691 est:
3336 4636 3404 4693 Ut
3424 4636 3493 4692 de

224 4710 312 4764 sui.
344 4713 407 4767 Et
435 4714 763 4770 determinat
792 4717 1086 4788 quomodo,
1121 4716 1328 4772 scilicet
1344 4732 1532 4772 amore
1575 4716 1793 4786 Christi,
1897 4723 2004 4780 ﬁde
2034 4733 2211 4780 vestra
2239 4724 2597 4796 gaudeamus,
2631 4724 2717 4779 vel
2749 4732 2806 4778 ut
2836 4740 2934 4779 vos
2974 4725 3044 4779 de
3075 4722 3184 4781 ﬁde
3211 4725 3492 4796 gaudeatis

222 4812 315 4853 non
342 4801 594 4871 humano,
616 4812 674 4858 ut
702 4804 1000 4875 participes
1032 4805 1231 4860 habeat
1260 4806 1315 4859 in
1346 4806 1482 4861 Deo.
1554 4884 1565 4897 .
1896 4812 1948 4867 in
1981 4829 2047 4868 ea
2067 4812 2430 4885 proficientes.
2465 4812 2622 4882 Quod
2651 4828 2761 4868 non
2789 4821 2871 4869 est
2917 4812 3023 4867 nisi
3047 4813 3140 4868 ubi
3185 4821 3269 4869 est
3293 4814 3493 4869 munda

283 4897 439 4953 Vens.
473 4903 559 4955 10.
595 4931 662 4942 -
689 4903 753 4959 Ut
776 4903 1022 4974 probetis
1063 4905 1303 4974 potiora.
1341 4903 1401 4958 Id
1447 4912 1548 4974 est,
1583 4913 1641 4959 ut
1669 4919 1792 4961 cre—
1896 4902 2248 4959 conscientia.
3512 4960 3519 4971 ,

223 4987 568 5043 scatcharitas
597 4997 782 5045 vestra
819 4990 875 5045 in
905 4990 1155 5058 scientia,
1218 5000 1277 5045 ut
1331 4992 1568 5063 probare
1598 5002 1652 5048 et
1682 4994 1793 5050 dis-
1966 4992 2137 5047 Vnus.
2173 4994 2262 5048 28.
2295 5022 2364 5030 —
2394 4992 2463 5046 Et
2494 4992 2593 5049 hoc
2614 5008 2649 5047 a
2679 4993 2803 5059 Deo,
2837 4998 2943 5047 etc.
2978 4990 3155 5046 Etiam
3174 4991 3321 5064 quod
3346 4992 3491 5063 pati-

223 5086 427 5130 cernere
446 5077 630 5133 sciatis
658 5094 768 5133 non
810 5078 987 5133 solum
1018 5096 1138 5150 quae
1189 5089 1313 5134 sunt
1371 5081 1515 5136 mala
1545 5089 1597 5137 et
1627 5082 1789 5153 bona,
1894 5072 2025 5134 mini
2056 5096 2163 5136 non
2186 5096 2218 5134 a
2251 5079 2406 5135 vobis
2449 5088 2550 5147 est,
2599 5079 2695 5136 sed
2727 5096 2761 5135 a
2791 5081 2939 5134 Deo:
2974 5079 3103 5151 quia
3149 5096 3247 5152 pro
3286 5080 3492 5138 “merito

223 5161 305 5215 sed
331 5163 487 5219 etiam
516 5164 659 5221 inter
688 5167 833 5223 bona
862 5184 985 5239 quae
1006 5168 1113 5222 sint
1142 5169 1375 5239 potiora,
1419 5178 1475 5224 ut
1505 5179 1627 5241 post
1658 5188 1792 5242 pro-
1894 5168 2091 5224 Christi
2109 5169 2199 5240 qui
2219 5168 2360 5223 Patri
2380 5168 2639 5237 obedivit,
2673 5170 2788 5225 haec
2810 5168 2948 5224 inter
2975 5168 3106 5224 alias
3136 5169 3336 5243 gratias
3365 5170 3490 5226 data
3558 5202 3565 5209 ~

224 5246 475 5308 bationem
508 5256 638 5310 sitis
666 5257 877 5311 sinceri
907 5256 962 5310 in
1013 5257 1188 5327 vobis,
1224 5257 1340 5313 sine
1372 5259 1630 5329 cperibus
1661 5276 1789 5315 cor-
1898 5268 1980 5325 est
2016 5258 2190 5313 vobis.

223 5340 482 5409 ruptionis,
509 5351 563 5397 et
584 5352 840 5414 quantum
871 5346 939 5400 ad
967 5346 1295 5417 proximum,
1320 5349 1443 5404 sine
1458 5350 1786 5421 offensione.
1964 5348 2132 5402 Vens.
2166 5350 2255 5403 29.
2291 5378 2360 5387 -
2390 5348 2508 5404 Νοη
2544 5349 2745 5413 solum,
2781 5354 2884 5404 etc.
2927 5347 3226 5420 Utrumque
3266 5363 3400 5421 ergo
3420 5348 3491 5403 ad

284 5424 440 5485 Vens.
474 5435 561 5487 11.
595 5462 663 5472 -
692 5434 908 5507 Repleti
936 5436 1152 5505 fructu,
1186 5443 1290 5492 etc.
1333 5436 1393 5491 Id
1422 5445 1503 5492 est
1534 5438 1788 5493 mercede
1892 5436 1989 5490 Dei
2021 5435 2250 5507 gratiam
2297 5437 2547 5507 pertinet,
2605 5444 2657 5492 et
2688 5434 2824 5491 ﬁdes
2880 5436 3235 5502 credentium,
3270 5444 3323 5492 et
3352 5435 3488 5490 tole-

219 5512 433 5586 justitiae,
464 5520 606 5576 adeo
634 5520 748 5577 sitis
804 5522 979 5595 gloria
1008 5532 1061 5580 et
1089 5524 1208 5579 laus
1243 5526 1358 5591 Dei,
1395 5534 1451 5580 ut
1499 5542 1601 5597 pro
1633 5526 1789 5582 vobis
1891 5525 2063 5579 rantia
2085 5525 2419 5596 patientium,
2443 5525 2567 5598 quia
2598 5534 2884 5598 utrumque
2918 5525 3050 5581 dixit
3067 5541 3188 5580 esse
3209 5524 3481 5578 donatum.

223 5602 448 5665 dicatur:
472 5610 739 5670 Mirabilis
761 5616 906 5672 Deus
929 5615 989 5671 in
1015 5615 1228 5672 sanctis
1248 5617 1366 5672 suis
1387 5615 1563 5689 (Psal.
1588 5616 1783 5687 van).
1969 5616 2133 5671 VERS.
2169 5618 2256 5670 30.
2287 5645 2354 5656 —
2377 5615 2549 5684 Quale
2580 5619 2637 5674 et
2664 5616 2884 5675 vidistis
2902 5616 2965 5670 in
2997 5628 3105 5671 me.
3131 5611 3360 5681 Quando
3382 5628 3488 5669 nu-
