3964 6178
438 269 540 322 603

905 265 1312 323 WALAFRIDI
1350 265 1593 322 STRABI
1630 264 1829 322 FULD.
1869 262 2043 321 MON.
2084 262 2236 320 OPP.
2278 262 2454 321 PARS
2493 263 2535 319 Ι.
2576 293 2645 304 -
2681 259 3150 347 THEQLOGICA.

3621 262 3726 319 θοι

425 390 528 445 dus
558 390 879 446 verberatus
908 407 1028 445 sum
1052 406 1154 461 pro
1183 390 1409 445 muliere
1454 390 1777 461 pythonissa
1832 405 1867 445 a
1912 403 2020 462 qua
2048 390 2105 452 Α
2124 388 2323 443 Christi
2354 404 2477 460 qua
2515 386 2752 442 maxime
2785 387 2839 441 in
2869 385 3127 457 passione
3159 386 3413 459 apparuit
3443 405 3459 453 ;
3491 403 3637 442 nunc
3655 386 3727 443 de

428 478 673 550 spiritum
701 479 1000 552 malignum
1028 479 1254 549 exclusi,
1282 494 1403 551 qua
1446 494 1702 551 magnum
1755 486 2017 552 quastum

424 567 721 639 prastabat
749 567 983 624 dominis
1012 567 1144 625 suis.

1025 715 1251 773 CAPUT
1308 716 1375 771 II.

497 876 665 932 Vens.
700 878 751 941 1,
781 880 834 933 2.
867 906 937 918 -
969 876 1029 932 Si
1057 893 1166 949 qua
1219 876 1546 939 consolatio.
1588 884 1691 932 etc.
1746 875 1803 931 Si
1852 874 2016 931 vultis

419 964 618 1021 habere
644 964 1069 1020 consolationem
1100 964 1155 1018 in
1186 965 1347 1019 rebus
1378 964 1598 1034 Christi,
1629 965 1684 1019 id
1714 972 1797 1019 est
1816 963 2017 1019 remis-

421 1053 574 1108 sione
622 1061 967 1125 peccatorum
1015 1061 1067 1108 et
1098 1053 1152 1107 in
1183 1052 1305 1108 aliis
1332 1053 1490 1108 donis
1523 1071 1537 1119 ;
1569 1054 1654 1109 vel
1688 1070 1701 1108 :
1734 1053 1780 1107 si
1811 1069 2015 1108 conso-

417 1142 523 1198 lari
551 1158 639 1196 me
669 1142 849 1211 vultis,
884 1144 935 1198 si
965 1142 1107 1215 quod
1139 1143 1409 1199 solatium
1445 1143 1745 1198 charitatis
1777 1150 1857 1197 est
1914 1159 2016 1198 vo-

418 1230 523 1300 bis,
541 1230 595 1285 id
620 1238 703 1286 est
728 1230 774 1285 si
804 1230 966 1286 vultis
997 1238 1054 1285 ut
1074 1231 1311 1287 charitas
1334 1231 1690 1287 ecclesiarum
1708 1248 1829 1303 qua
1856 1240 2016 1287 orant

421 1326 476 1375 et
504 1318 649 1375 bona
691 1326 853 1392 agunt
909 1334 1006 1390 pro
1056 1318 1324 1384 fratribus,
1367 1319 1437 1374 sit
1476 1319 1631 1374 vobis
1687 1319 1936 1373 solatium
1968 1327 2021 1375 et

419 1407 747 1466 confortatio
779 1407 831 1462 in
862 1407 1280 1464 adversitatibus
1308 1407 1525 1463 vestris.
1555 1409 1617 1465 Si
1643 1426 1752 1481 qua
1781 1409 2019 1464 societas

419 1496 679 1571 spiritus.
725 1497 954 1567 Propter
981 1497 1120 1552 hanc
1169 1495 1484 1553 societatem
1541 1496 1619 1551 illi
1663 1496 1719 1551 in
1752 1513 1888 1568 quos
1916 1496 2027 1568 pri-

419 1585 584 1641 mitus
614 1585 762 1641 venit
782 1585 1015 1658 Spiritus
1074 1593 1311 1652 sanctus,
1369 1585 1572 1658 linguis
1600 1585 1843 1640 omnium
1873 1601 2013 1658 gen-

419 1673 553 1730 tium
580 1682 703 1729 sunt
722 1673 903 1730 locuti.
940 1675 998 1732 Si
1017 1692 1126 1747 qua
1144 1675 1378 1730 viscera.
1402 1674 1462 1728 Id
1493 1682 1574 1729 est
1623 1672 1873 1729 aﬂ‘ectum
1897 1673 2019 1744 pie-

2128 476 2372 532 claritate
2389 477 2528 546 ejus,
2560 483 2613 531 et
2644 474 2791 549 quod
2820 484 2873 530 et
2903 483 3164 547 quantum
3193 475 3474 532 humilitas
3502 491 3726 531 merea-

2116 574 2203 620 tur
2234 565 2489 621 ostendit.

2189 682 2360 737 Vens.
2396 684 2483 738 10.
2505 710 2577 723 -
2606 683 2673 739 Ut
2691 682 2757 736 in
2776 682 3026 738 nomine.
3057 680 3160 736 Hic
3201 681 3382 752 aperit
3410 682 3500 738 cui
3531 682 3722 739 datum

2132 769 2203 826 sit
2230 786 2429 826 nomen
2451 770 2674 836 Dei,cui
2693 769 2872 825 omnis
2884 777 3137 825 creatura
3163 769 3331 825 ﬂectit
3360 786 3528 841 genu,
3551 771 3607 825 id
3638 779 3725 827 est

2116 858 2252 914 Deo.
2277 858 2386 913 Sed
2415 857 2554 913 forte
2573 858 2867 925 diceretur,
2901 858 3046 931 quod
3068 858 3233 913 homo
3254 859 3551 931 adoptione
3570 860 3726 915 Deus

2118 947 2267 1018 quod
2298 964 2363 1002 ex
2390 955 2544 1017 parte
2584 947 2872 1017 ad0ptivus
2911 946 3030 1001 erit.
3065 946 3338 1018 Adoptivo
3376 956 3560 1003 autem
3601 949 3726 1003 Deo

2117 1051 2228 1091 non
2248 1035 2415 1091 ﬂectit
2447 1052 2592 1107 genu
2621 1043 2897 1102 creatura,
2923 1034 3019 1089 sed
3054 1050 3207 1090 vero.
3256 1036 3485 1090 Constat
3535 1044 3726 1091 autem

2116 1124 2392 1178 Christum
2436 1140 2626 1179 verum
2672 1126 2847 1180 Deum
2904 1139 3046 1193 esse,
3104 1125 3193 1180 cui
3256 1124 3492 1181 ﬂectitur
3545 1142 3722 1199 genu,

2117 1228 2229 1268 non
2260 1213 2602 1284 adoptivum.

2189 1320 2359 1374 Vens.
2395 1322 2479 1375 11.
2513 1349 2582 1361 —
2613 1317 3075 1391 QuiaEDominus,
3106 1326 3211 1375 etc.
3259 1318 3421 1388 Quod
3448 1320 3541 1377 hic
3588 1322 3725 1393 qui-

2117 1408 2241 1462 dam
2296 1416 2519 1480 negant,
2580 1408 2873 1464 dicentes:
2906 1406 3193 1476 Quomodo
3240 1416 3421 1478 potest
3468 1407 3611 1479 ﬁeri,
3667 1420 3728 1466 ut

2118 1497 2280 1551 homo
2308 1496 2377 1551 sit
2405 1497 2459 1550 in
2492 1496 2662 1568 gloria
2707 1498 2808 1551 Dei
2861 1497 3077 1552 Patris?
3098 1497 3199 1553 sed
3227 1497 3274 1552 si
3302 1498 3596 1569 adoptivus
3628 1501 3722 1568 sit,

2118 1587 2282 1641 homo
2312 1586 2460 1640 Deus
2489 1585 2545 1640 in
2574 1585 2746 1656 gloria
2775 1585 2876 1641 Dei
2905 1585 3083 1642 Patris
3112 1601 3238 1643 esse
3267 1602 3375 1641 non
3404 1595 3605 1658 potest.

2190 1692 2360 1746 Vens.
2396 1694 2481 1746 13.
2516 1723 2584 1731 -
2613 1694 2757 1748 Deus
2788 1693 2961 1748 enim.
2994 1693 3109 1747 Nec
3127 1692 3338 1763 de’ipsa
3357 1709 3727 1764 perseveran-

418 1763 540 1818 tatis
561 1763 769 1818 habetis
802 1780 930 1835 erga
950 1780 1058 1819 me.
1091 1764 1213 1818 Non
1230 1763 1354 1818 dico
1384 1763 1557 1834 ipsam
1587 1762 2007 1833 miserationem,

2122 1779 2188 1833 tia
2218 1780 2347 1834 honi
2405 1779 2575 1835 voluit
2605 1781 2753 1835 Deus
2810 1788 3029 1835 sanctos
3089 1796 3221 1835 suos
3252 1780 3307 1834 in
3337 1781 3552 1837 viribus
3580 1784 3720 1846 suis,

418 1851 475 1906 id
503 1859 588 1907 est
607 1851 989 1907 exhibitionem
1037 1851 1438 1907 misericordia.
1501 1851 1558 1907 Si
1612 1851 1732 1920 ista,
1770 1851 2007 1922 inquam,

418 1939 582 1995 vultis
610 1939 767 1995 vobis
794 1940 1077 2011 prodesse,
1125 1941 1362 2013 implete
1397 1940 1669 2012 gaudium
1723 1956 1931 2004 meum,
1956 1939 2012 1994 id

421 2037 505 2085 est
529 2036 703 2085 estote
732 2028 985 2095 humiles,
1019 2031 1343 2097 unanimes,
1363 2029 1510 2102 quod
1540 2028 1691 2083 eritis
1720 2027 2011 2082 habueritis

417 2116 561 2174 idem
593 2133 808 2188 sapere,
841 2125 944 2173 etc.

488 2225 660 2281 Vens.
692 2226 836 2278 5.—
863 2224 1018 2280 Nihil
1062 2240 1166 2297 per
1212 2226 1653 2281 contentionem.
1706 2224 1850 2278 Nota
1888 2238 2012 2280 con-

416 2313 688 2371 tentiones
716 2311 884 2368 fuisse
912 2313 1053 2367 inter
1087 2329 1201 2369 eos.
1226 2314 1566 2387 Superiores,
1600 2320 1702 2368 etc.
1745 2314 1888 2367 Vere
1907 2313 2011 2367 hoc

418 2402 857 2469 existimandum,
892 2400 1020 2474 quia
1074 2390 1252 2472 potest
1293 2418 1417 2458 esse
1447 2402 1503 2456 in
1547 2401 1655 2457 olio
1685 2400 1890 2473 aliquid
1918 2416 2010 2455 oc-

416 2491 637 2561 cultum,
661 2506 769 2564 quo
800 2489 1048 2560 superior
1078 2489 1166 2557 sit,
1212 2490 1376 2547 etiam
1406 2491 1452 2545 si
1486 2491 1691 2546 bonum
1739 2496 2007 2556 nostrum,

416 2595 524 2655 quo
552 2580 797 2635 videmur
816 2578 1125 2649 superiores
1149 2595 1293 2648 esse,
1325 2596 1435 2635 non
1467 2579 1537 2633 sit
1565 2578 1854 2634 occultum.

487 2682 658 2737 Vens.
691 2684 745 2737 4.
777 2711 846 2720 -
867 2681 988 2737 Non
1015 2696 1137 2753 qua:
1184 2698 1289 2736 sua
1318 2686 1479 2737 sunt.
1546 2681 1643 2735 Hic
1691 2679 1850 2735 docet
1875 2694 2011 2750 quo-

416 2770 579 2826 modo
607 2770 773 2825 vitent
805 2769 1207 2824 contentionem
1238 2777 1290 2824 et
1304 2769 1521 2825 inanem
1540 2768 1793 2842 gloriam,
1822 2776 1874 2822 et
1903 2783 2011 2839 quo

414 2858 581 2914 modo
609 2857 937 2914 arbitrentur
965 2856 1099 2912 alios
1129 2858 1455 2928 superiores,
1516 2857 1719 2913 scilicet
1746 2856 1793 2910 si
1821 2855 2009 2912 consi-

417 2947 726 3003 deraverint
746 2962 855 3002 non
872 2961 972 3001 sua
1001 2944 1166 3015 bona,
1198 2947 1298 3002 sed
1326 2947 1575 3002 aliorum.

486 3064 657 3118 Vens.
678 3065 729 3117 5.
762 3092 832 3103 —
860 3062 966 3117 Hoc
996 3061 1151 3116 enim
1189 3062 1417 3127 sentite,
1451 3069 1555 3117 etc.
1601 3060 1768 3129 Quasi
1813 3062 1959 3117 dicat
1994 3080 2006 3115 :

414 3151 797 3222 Unusquisque
852 3165 961 3206 non
1013 3158 1220 3221 quaret
1270 3165 1427 3204 suum
1479 3150 1853 3220 commodum,
1913 3150 2009 3205 sed

414 3238 665 3305 aliorum,
700 3239 836 3295 sicut
867 3240 1132 3296 Christus.
1168 3239 1250 3293 Ad
1295 3238 1608 3309 patientiam
1655 3246 1707 3294 et
1734 3238 2004 3294 humilita-

413 3335 520 3385 tem
540 3342 639 3383 vos
670 3327 854 3384 invito.
888 3329 1003 3386 Hoc
1051 3329 1195 3385 enim
1250 3327 1460 3383 debetis
1505 3327 1561 3381 in
1618 3327 1773 3383 vobis
1806 3327 2009 3383 sentire

416 3417 562 3488 quod
593 3417 646 3471 in
679 3417 902 3473 Christo
957 3418 1072 3473 fuit.
1115 3418 1263 3473 Sicut
1307 3416 1555 3471 Christus
1594 3432 1702 3471 non
1761 3416 2008 3488 quasivit

413 3521 531 3575 sua,
564 3506 661 3561 sed
691 3515 893 3573 nostra,
926 3508 998 3563 ita
1034 3522 1135 3562 nos
1174 3506 1407 3561 invicem
1444 3520 1611 3562 onera
1665 3514 1854 3561 nostra
1874 3520 2005 3576 por-

413 3600 611 3649 temus.

482 3700 650 3756 Vens.
688 3704 738 3756 6.
764 3731 833 3741 —
865 3703 970 3769 Qui
997 3718 1128 3758 cum
1156 3703 1218 3757 in
1246 3704 1451 3773 forma.
1502 3700 1784 3755 Pramittit
1799 3700 1907 3754 alta
1937 3700 2005 3755 de

412 3789 646 3855 Christo,
681 3796 737 3844 ut
764 3790 819 3845 hi
867 3790 922 3845 in
959 3791 1154 3862 quibus
1185 3798 1268 3846 est
1328 3790 1479 3846 locus
1520 3789 1842 3857 abjectionis
1894 3804 2005 3843 non

408 3877 774 3952 dedignentur
826 3879 1119 3934 humiliari.
1169 3880 1288 3935 Non
1326 3880 1609 3951 rapinam.
1676 3877 2003 3948 Usurpando

410 3968 557 4039 quod
572 3983 728 4021 suum
758 3983 869 4022 non
897 3976 1063 4033 esset,
1099 3977 1157 4039 ut
1193 3966 1441 4022 diabolus
1480 3975 1531 4021 et
1564 3965 1772 4036 primus
1816 3967 1999 4021 homo.

414 4038 534 4121 Vel,
566 4071 677 4110 non
701 4062 784 4111 est
812 4056 1105 4111 arbitratus
1136 4038 1194 4111 se
1223 4055 1488 4127 aqualem
1507 4055 1623 4109 Deo
1653 4070 1776 4109 esse
1807 4070 2002 4110 secun-

410 4144 542 4198 dum
572 4143 979 4209 humanitatem,
1039 4144 1185 4216 quod
1215 4152 1363 4200 esset
1420 4142 1670 4213 rapinam
1708 4141 1907 4208 facere,
1948 4142 2001 4196 id

410 4239 493 4288 est
520 4247 629 4287 non
659 4248 819 4287 suum
838 4249 1186 4303 prasumere.
1220 4233 1324 4288 Sed
1352 4232 1735 4303 semetipsum.
1765 4230 2002 4286 Ostensa

410 4320 713 4387 altitudine,
740 4321 923 4375 subdit
945 4321 1014 4376 de
1044 4320 1362 4375 humilitate.

480 4411 668 4480 (AUG.,
696 4409 868 4466 Ench.
901 4426 950 4465 c.
985 4411 1053 4464 35
1096 4412 1154 4465 et
1201 4408 1314 4479 36.)
1364 4407 1671 4463 Exinanivit
1713 4416 1893 4462 autem
1940 4424 2000 4462 se

406 4498 639 4554 formam
670 4498 811 4554 servi
845 4497 1139 4570 accipiens,
1199 4506 1325 4563 etc.,
1378 4512 1549 4567 usque
1581 4496 1652 4551 ad
1678 4493 1874 4552 factum
1915 4504 1997 4551 est

408 4596 466 4642 ut
494 4588 657 4643 homo
689 4587 934 4642 Christus
974 4585 1183 4641 nullum
1213 4594 1399 4657 posset
1453 4584 1655 4639 habere
1698 4592 1999 4655 peccatum.

480 4678 741 4731 Formam
769 4678 935 4733 servi.
958 4676 1083 4730 Non
1113 4674 1339 4731 formam
1377 4672 1478 4728 Dei
1506 4673 1759 4727 amittens
1784 4691 1797 4727 :
1830 4672 2004 4728 forma

410 4765 552 4820 servi
582 4764 831 4830 accessit,
865 4780 974 4819 non
1005 4763 1181 4818 forma
1207 4763 1305 4818 Dei
1327 4760 1608 4818 abscessit.
1645 4762 2002 4818 Exinanivit.

409 4853 702 4909 Exinanire
725 4861 809 4909 est
835 4853 907 4907 ab
955 4852 1346 4908 invisibilitatis
1384 4867 1496 4906 sua
1536 4850 1909 4924 magnitudine
1945 4868 2004 4907 se

409 4942 676 4998 visibilem
704 4942 1098 4997 demonstrare.

482 5067 650 5121 Vens.
680 5067 734 5121 7.
768 5096 838 5106 —-
866 5066 1091 5120 Factus.
1126 5064 1436 5121 Secundum
1456 5062 1688 5118 formam
1718 5063 1882 5128 servi,
1913 5063 2003 5135 qui

412 5163 527 5210 erat
554 5154 785 5210 infectus
817 5153 1114 5209 secundum
1170 5152 1395 5208 formam
1424 5153 1525 5207 Dei
1563 5160 1614 5208 et
1662 5152 1832 5207 etiam
1881 5168 1997 5207 suo.

411 5243 633 5299 Habitu.
667 5242 727 5297 Id
754 5251 836 5297 est
864 5230 1299 5297 conversatione.

483 5364 650 5418 Vens.
685 5365 736 5415 8.
769 5392 837 5402 —
884 5362 1242 5429 Humiliavit,
1318 5369 1421 5417 etc.
1484 5360 1741 5427 (CHRYS.)
1802 5359 2003 5431 Sponte

413 5452 581 5509 Filius
609 5450 758 5507 Patri
812 5449 1069 5516 obedivit,
1104 5466 1211 5505 non
1242 5450 1397 5521 quasi
1447 5450 1503 5504 in
1561 5448 1837 5514 serv'ilem,
1872 5457 1999 5513 etc.,

412 5557 586 5616 usque
615 5541 686 5597 ad
717 5539 863 5612 quod
890 5538 1129 5593 omnium
1161 5538 1394 5593 maxime
1435 5538 1654 5592 Patrem
1688 5538 1998 5594 honoravit.

486 5660 651 5715 Vens.
686 5662 738 5713 9.
788 5687 856 5697 -
912 5658 1149 5734 Propter
1194 5654 1355 5729 quod.
1408 5653 1645 5709 Ostensa
1702 5653 2001 5709 humilitate

2112 1868 2209 1923 sed
2238 1868 2293 1922 in
2325 1869 2444 1940 ipso
2492 1869 2719 1941 gloriari
2753 1885 2766 1925 :
2798 1869 2890 1941 qui
2920 1869 3001 1924 eis
3031 1884 3142 1924 non
3182 1868 3359 1924 solum
3410 1870 3504 1925 dat
3552 1872 3720 1941 adju-

2109 1957 2310 2012 torium
2357 1958 2519 2029 quale
2567 1959 2746 2028 primo
2798 1956 3007 2013 homini
3066 1957 3393 2013 dedit:si.ne
3446 1976 3559 2032 quo
3606 1978 3723 2017 non

2109 2040 2730 2118 possunt—perseverare
2758 2046 2806 2101 si
2834 2047 3022 2113 velint,
3057 2046 3154 2101 sed
3185 2046 3241 2100 in
3267 2048 3348 2102 eis
3382 2049 3554 2104 etiam
3581 2066 3720 2122 ope-

2116 2142 2268 2190 ratur
2298 2143 2351 2191 et
2386 2135 2548 2205 velle,
2578 2144 2636 2190 ut
2666 2135 2923 2208 quoniam
2978 2151 3088 2191 non
3116 2138 3557 2206 perseverabunt
3613 2139 3721 2194 nisi

2111 2232 2165 2279 et
2193 2225 2403 2295 possint
2433 2233 2485 2279 et
2506 2224 2693 2295 velint,
2718 2223 3111 2296 perseverandi
3149 2224 3229 2279 eis
3270 2234 3326 2280 et
3373 2227 3720 2297 possibilitas

2111 2321 2164 2369 et
2183 2313 2435 2368 voluntas
2455 2313 2653 2369 divina
2674 2313 3152 2389 gratiﬁlargitate
3189 2314 3445 2372 donetur.
3481 2316 3721 2372 Tantum

2111 2401 2311 2475 quippe
2353 2402 2553 2473 Spiritu
2606 2410 2797 2458 sancto
2843 2405 3160 2460 ascenditur
3196 2404 3455 2460 voluntas
3495 2420 3713 2472 eorum,

2111 2499 2169 2545 ut
2194 2491 2319 2545 ideo
2341 2491 2552 2562 possint
2582 2479 2708 2563 q'uia
2730 2491 2810 2548 sic
2835 2493 3024 2548 volunt
3053 2511 3066 2547 :
3099 2494 3221 2550 ideo
3250 2493 3329 2549 sic
3367 2493 3559 2560 velint,
3586 2484 3717 2566 quia

2110 2580 2259 2635 Deus
2280 2588 2535 2651 operatur
2562 2588 2618 2635 ut
2640 2580 2829 2636 velint.

2182 2696 2353 2750 Vens.
2388 2697 2473 2749 14.
2496 2726 2564 2736 -
2596 2694 2799 2751 Omnia
2817 2701 3030 2753 autem.
3073 2697 3337 2771 Adjungit
3382 2696 3714 2769 patientiam

2107 2783 2412 2839 humilitati.

2183 2873 2352 2927 Vens.
2376 2874 2461 2926 15.
2497 2904 2565 2913 -
2596 2873 2854 2929 Nationis
2876 2891 3087 2947 prava,
3144 2882 3249 2931 etc.
3282 2875 3347 2930 Id
3394 2882 3479 2931 est
3528 2875 3706 2931 malo-

2112 2977 2251 3030 rum,
2272 2961 2363 3033 qui
2394 2969 2600 3016 rectum
2634 2961 2882 3017 ordinem
2920 2963 3224 3034 depravant
3260 2972 3314 3019 et
3362 2972 3705 3035 pervertunt.

2111 3048 2215 3118 Qui
2246 3050 2496 3106 dicuntur
2514 3050 2682 3118 natio,
2716 3050 2845 3122 quia
2886 3067 2997 3106 non
3024 3061 3149 3107 sunt
3177 3052 3351 3107 renati
3380 3069 3450 3108 ex
3479 3068 3629 3125 aqua
3658 3061 3711 3109 et

2039 3112 2087 3175 Ο
2110 3112 2310 3208 Spiritu
2342 3146 2553 3194 sancto.
2584 3112 2751 3194 Sicut.
2775 3140 3105 3196 luminaria.
3137 3141 3281 3196 Bene
3304 3112 3714 3197 88116105³1αωί-

2103 3226 2327 3280 naribus
2358 3234 2654 3297 comparat.
2687 3226 2837 3283 Sicut
2856 3228 3001 3282 enim
3050 3228 3238 3283 stellas
3267 3228 3391 3285 cali
3441 3244 3556 3284 non
3599 3245 3697 3285 ex-

2105 3314 2331 3387 stinguit
2357 3330 2483 3380 nox,
2532 3315 2612 3371 sic
2629 3323 2840 3370 mentes
2883 3314 3125 3372 fidelium
3170 3317 3518 3372 adharentes
3566 3317 3706 3374 calo

2106 3418 2278 3459 sacra
2310 3403 2603 3474 Scriptura
2632 3419 2741 3459 non
2768 3403 3027 3460 obscurat
3054 3405 3326 3460 mundana
3342 3405 3632 3477 iniquitas.

2176 3493 2347 3547 Vens.
2378 3496 2465 3549 20.
2498 3524 2565 3533 -—
2597 3493 2890 3548 Neminem
2918 3495 3093 3560 enim,
3145 3502 3249 3549 etc.
3302 3495 3420 3550 Hoc
3451 3501 3699 3564 tempore

2109 3580 2262 3635 multi
2291 3596 2416 3636 cum
2444 3581 2707 3651 Apostolo
2730 3581 3078 3652 mercenarii,
3114 3580 3215 3637 filii
3240 3596 3374 3638 vero
3405 3582 3494 3637 vel
3525 3591 3706 3653 pasto-

2107 3685 2197 3725 res
2216 3668 2351 3724 nulli
2381 3669 2484 3724 nisi
2504 3669 2837 3724 Timotheus.

2176 3784 2345 3838 Vens.
2377 3787 2468 3839 21.
2499 3813 2567 3823 —
2590 3784 2811 3849 Omnes,
2846 3790 2953 3840 etc.
2984 3784 3047 3838 Hi
3070 3793 3196 3838 sunt
3223 3786 3581 3852 mercenarii,
3615 3786 3705 3857 qui

2104 3880 2227 3926 sunt
2257 3870 2541 3937 tolerandi,
2576 3872 2703 3943 quia
2746 3872 2941 3927 eadem
2988 3873 3190 3927 habent
3208 3872 3265 3926 in
3311 3887 3425 3941 ore,
3481 3890 3609 3945 qua
3653 3882 3703 3928 et

2102 3967 2369 4030 pastores,
2405 3960 2494 4031 qui
2523 3960 2708 4031 utique
2737 3968 2861 4014 sunt
2892 3960 3176 4033 diligendi.
3213 3962 3381 4015 Fures
3430 3976 3567 4017 vero
3613 3962 3698 4032 qui

2103 4046 2243 4103 falsa
2272 4049 2589 4119 pradicant,
2623 4056 2676 4103 et
2702 4048 2942 4104 latrones
2971 4048 3064 4121 qui
3092 4049 3368 4115 occidunt,
3419 4060 3553 4105 sunt
3600 4064 3691 4105 ca-

2104 4136 2283 4191 vendi.

2696 4289 2920 4346 CAPUT
2958 4290 3049 4344 III.

2018 4473 2071 4533 D
2176 4466 2341 4521 Vens.
2363 4469 2409 4519 1.
2427 4470 2573 4522 —De
2584 4470 2804 4524 caetero.
2819 4466 2989 4536 Quasi
3005 4485 3017 4521 :
3032 4467 3150 4524 Huc
3163 4483 3337 4539 usque
3355 4467 3597 4523 instruxi
3606 4484 3694 4523 vos

2104 4554 2377 4626 quomodo
2406 4554 2650 4609 debeatis
2671 4563 2815 4609 stare
2846 4555 2900 4609 in
2921 4555 3067 4612 bello
3084 4564 3273 4612 contra
3294 4556 3691 4623 tribulationes,

2103 4643 2172 4698 de
2223 4650 2417 4698 catero
2466 4643 2983 4713 pseudoapostolos,
3014 4661 3084 4699 ne
3110 4644 3312 4717 legalia
3340 4644 3414 4699 ab
3445 4646 3529 4699 eis
3562 4645 3694 4702 reci-

2102 4732 2264 4803 piatis
2294 4747 2511 4800 moneo,
2547 4733 2644 4786 sed
2675 4731 2836 4787 tidem
2867 4732 3071 4787 Christi
3100 4733 3272 4793 solam
3301 4731 3563 4789 suﬂicere
3584 4750 3693 4789 cre-

2103 4820 2261 4879 datis.
2298 4821 2378 4874 De
2409 4820 2719 4876 sinceritate
2739 4819 2867 4876 fidei
2887 4821 3075 4892 incipit
3102 4821 3370 4878 Scribere.
3406 4824 3479 4878 Ut
3499 4823 3694 4877 diutius

2102 4917 2320 4964 maneat
2350 4909 2620 4980 scriptura
2649 4926 2808 4982 quam
2831 4910 3090 4981 prolatio.

2174 5041 2339 5094 Vens.
2376 5043 2429 5094 3.
2462 5070 2530 5080 —-
2560 5041 2665 5118 Nos
2695 5041 2869 5107 enim,
2908 5048 3015 5097 etc.
3050 5040 3110 5094 Id
3140 5048 3220 5095 est
3243 5058 3257 5094 :
3280 5039 3396 5095 Nos
3428 5040 3691 5096 habemus

2104 5128 2574 5185 circumcisionem
2609 5144 2620 5183 :
2657 5130 2759 5183 hoc
2792 5129 2957 5183 voluit
2996 5129 3179 5184 dicere
3208 5128 3506 5199 Apostolus
3542 5147 3555 5184 :
3589 5129 3697 5183 Nos

2104 5233 2289 5271 sumus
2314 5217 2541 5285 justitia.
2576 5217 2929 5273 Circumcisio
2973 5217 3115 5272 enim
3152 5217 3361 5284 justitia
3389 5224 3495 5273 est.
3530 5217 3697 5290 Magis

2103 5314 2282 5361 autem
2315 5307 2658 5361 commendat
2677 5306 2906 5362 dicendo
2924 5323 3023 5361 nos
3052 5322 3174 5361 esse
3196 5305 3687 5369 circumcisionem,

2104 5392 2158 5445 id
2190 5399 2270 5445 est
2293 5391 2577 5460 justitiam,
2613 5407 2776 5462 quam
2816 5391 3049 5446 dicendo
3092 5406 3194 5445 nos
3238 5406 3362 5446 esse
3404 5390 3693 5446 circumci-

2104 5496 2212 5546 sos,
2248 5479 2302 5533 id
2332 5488 2414 5534 est
2439 5480 2615 5548 justos
2649 5496 2660 5534 :
2696 5480 2772 5534 sic
2833 5488 3011 5534 tamen
3044 5488 3102 5533 ut
3131 5496 3254 5534 cum
3296 5478 3566 5547 justitiam
3611 5477 3691 5532 di-

2103 5570 2174 5625 cit
2203 5585 2345 5634 esse,
2374 5570 2550 5638 justos
2581 5569 2968 5639 intelligamus.
3006 5570 3111 5636 Qui
3143 5568 3366 5641 Spiritu
3408 5570 3531 5635 Dei,
3592 5566 3690 5629 vel,

2106 5661 2228 5727 Deo,
2265 5667 2370 5715 etc.
2404 5658 2564 5714 Notat
2595 5658 2852 5731 Spiritum
2898 5657 3115 5713 Domini
3157 5658 3245 5713 cui
3276 5657 3441 5713 latria
3474 5656 3695 5713 exhibe-
