3964 6178
143 309 226 362 605

1006 294 1278 352 GLOSSA
1310 294 1723 370 ORDINARIA.
1746 324 1816 336 —-
1836 294 2051 352 EPIST.
2085 295 2180 351 AD
2218 295 2506 352 PHILIPP.

3323 297 3426 349 606

148 436 235 491 tur,
277 423 372 479 sed
415 438 484 479 ea
531 421 758 478 servitus
804 419 907 476 soli
955 419 1194 475 Creatori
1237 421 1573 475 exhibenda.
1611 420 1806 481 AliaA
1838 419 1939 474 soli
1970 428 2148 474 tamen
2189 420 2320 489 justi
2367 419 2603 491 gloriose
2648 418 3096 484 immutabuntur,
3135 426 3188 475 et
3235 432 3433 474 occur-

147 524 212 574 est
237 512 478 577 servitus,
504 528 610 583 qua
637 527 734 582 per
763 509 1081 566 charitatem
1110 509 1371 578 jubemur
1397 511 1620 566 servire
1651 511 1732 564 in-

144 606 310 666 vicem,
343 617 463 672 qua!
494 600 688 655 Grznce
735 599 932 654 dicitur
977 599 1142 653 dulia.
1196 601 1264 654 Et
1311 615 1426 656 non
1464 601 1526 655 in
1559 615 1732 656 carne

143 693 404 764 ﬁduciam.
455 688 633 743 Carne
686 687 858 742 servit
927 686 1021 758 qui
1070 687 1138 742 de
1193 687 1354 741 rebus
1421 687 1732 742 carnalibus

145 786 299 852 sperat
335 793 394 832 se
421 777 640 848 placere
671 777 808 830 Deo.
860 775 995 830 Cum
1046 791 1178 831 vero
1223 783 1276 830 et
1328 775 1447 846 ipsa
1477 791 1606 831 caro
1636 793 1734 846 per

147 871 267 924 bona
286 881 445 937 opera
475 865 688 936 spiritui
733 864 999 930 subditur,
1053 863 1244 935 spiritu
1292 864 1561 918 servimus
1593 867 1728 932 Deo,

149 957 223 1030 qui
249 969 463 1011 carnem
499 954 809 1018 domamus,
833 961 891 1007 ut
921 951 1141 1023 spiritus
1162 952 1496 1022 obtemperet
1524 954 1660 1009 Deo.

206 1063 362 1118 Vsus.
395 1061 444 1115 4.
477 1091 548 1101 -
586 1062 922 1132 Quanquam
970 1064 1026 1116 et
1059 1077 1177 1132 ego,
1231 1068 1337 1115 etc.
1377 1061 1458 1115 Ne
1489 1059 1733 1116 videatur

152 1151 417 1224 Apostolus
462 1157 814 1205 contemnere
856 1149 910 1203 in
957 1149 1077 1203 aliis
1127 1149 1274 1220 quod
1325 1165 1434 1204 non
1468 1150 1650 1215 habet,
1681 1158 1735 1205 et

155 1257 244 1297 non
271 1255 426 1311 posse
455 1237 628 1293 ﬁdere
658 1238 713 1292 in
743 1254 927 1305 carne,
963 1237 1148 1292 subdit
1180 1254 1192 1293 :
1232 1239 1589 1312 Quanquam,
1622 1246 1729 1294 etc.

209 1357 365 1410 Vsus.
401 1357 453 1408 5.
488 1385 560 1395 —
591 1356 668 1410 De
701 1354 852 1410 tribu
881 1354 1205 1426 Benjamin.
1242 1354 1436 1408 Tribus
1455 1354 1733 1424 Benjamin

147 1444 356 1500 adhaesit
380 1443 553 1508 Judae,
589 1458 698 1497 non
727 1443 995 1498 recedens
1026 1459 1058 1495 a
1091 1442 1310 1513 templo,
1347 1443 1564 1514 quando
1593 1441 1734 1498 facta

149 1543 214 1589 est
239 1531 508 1603 separatio
543 1531 600 1585 in
648 1546 810 1587 servo
839 1531 1172 1586 Salomonis.
1209 1531 1358 1586 Tunc
1389 1531 1533 1585 enim
1562 1531 1732 1586 tribus

150 1623 265 1677 Juda
293 1637 405 1691 quae
425 1628 544 1674 erat
576 1621 749 1690 regia,
802 1627 854 1674 et
896 1620 1066 1674 tribus
1123 1620 1422 1687 Benjamin,
1462 1626 1515 1674 et
1559 1620 1732 1674 tribus

153 1711 255 1765 Levi
282 1726 394 1780 quae
421 1715 536 1763 erat
566 1708 941 1778 sacerdotalis,
998 1717 1382 1763 remanserunt
1413 1708 1592 1778 simul,
1622 1724 1730 1763 non

154 1799 433 1854 recedentes
454 1813 487 1851 a
515 1796 822 1851 Jerusalem
854 1805 907 1852 et
935 1812 967 1851 a
999 1797 1224 1866 templo.

214 1888 362 1941 Vsus.
401 1888 451 1940 7.
505 1916 576 1926 -
627 1889 865 1958 Propter
925 1886 1231 1941 Christum.
1294 1887 1377 1940 Ne
1431 1885 1722 1941 adventum

158 1975 326 2030 Christi
368 1975 739 2039 ostenderem,
792 1973 879 2028 vel
925 1974 1165 2029 nondum
1211 1973 1434 2041 factum,
1480 1973 1566 2028 vel
1596 1991 1720 2030 esse

161 2063 470 2133 superfluum.
517 2063 707 2117 Inania
747 2063 891 2117 enim
938 2071 1086 2117 erant
1127 2065 1242 2118 haec
1271 2062 1452 2118 omnia
1484 2063 1720 2134 impedi-

162 2161 324 2215 menta,
355 2169 420 2207 ne
447 2153 802 2208 accederetur
823 2152 890 2205 ad
919 2152 1166 2222 gratiam.

217 2241 365 2295 Vsus.
396 2244 446 2294 8.
487 2271 557 2280 —
608 2242 1003 2296 Verumtamen
1052 2243 1344 2297 existimo.
1390 2243 1513 2297 Non
1546 2241 1722 2297 solum

162 2337 343 2401 propter
369 2329 643 2383 Christum
683 2329 990 2383 habendum
1030 2328 1099 2382 ita
1129 2330 1421 2385 arbitratus
1453 2348 1593 2397 sum,
1623 2331 1721 2386 sed

165 2418 337 2472 etiamsi
379 2417 553 2488 ipsum
589 2433 699 2473 non
761 2433 981 2488 possem
1045 2419 1284 2490 assequi.
1336 2423 1571 2492 Propter
1617 2421 1720 2475 hoc

167 2507 324 2572 solum,
354 2506 554 2561 scilicet
584 2514 816 2578 propter
843 2507 1144 2561 scientiam
1175 2523 1336 2578 quam
1367 2509 1434 2562 de
1463 2510 1593 2563 Jesu
1620 2509 1719 2562 ha-

169 2595 341 2662 bemus,
353 2596 840 2667 praeminentem,
860 2595 1072 2650 czeteris
1085 2595 1346 2651 scientiis.
1368 2599 1432 2654 Ut
1446 2602 1716 2654 stercora.

169 2681 304 2748 Quasi
333 2700 345 2735 :
374 2683 490 2738 Non
523 2692 734 2738 tantum
783 2683 1108 2738 detrimenta
1151 2684 1438 2751 bonorum,
1474 2686 1571 2740 sed
1601 2703 1720 2758 qua:

169 2771 401 2842 inquinant
432 2773 542 2840 jam
593 2772 980 2827 observantem
1014 2788 1026 2826 :
1060 2781 1112 2827 et
1140 2773 1242 2827 hoc
1281 2774 1424 2840 ideo,
1458 2782 1516 2828 ut
1545 2775 1600 2828 in
1630 2774 1718 2828 fu-

171 2867 262 2913 turo
287 2859 539 2914 Christum
569 2861 809 2916 habeant
839 2860 1122 2932 praemium
1158 2877 1170 2916 :
1205 2869 1258 2915 et
1287 2861 1374 2917 hic
1400 2862 1503 2916 sim
1533 2863 1589 2916 in
1626 2862 1719 2917 illo

172 2949 431 3004 membrum
455 2966 466 3005 :
491 2951 644 3022 quod
674 2950 829 3006 aliter
854 2950 1039 3021 nequit
1064 2949 1181 3006 fieri
1205 2952 1310 3006 nisi
1337 2952 1427 3006 illa
1455 2953 1719 3008 aestimem

172 3045 212 3090 ιιι
235 3046 464 3094 stercora.

1833 517 1956 564 rent
1985 509 2219 564 Domino
2239 509 2292 564 in
2323 525 2447 564 aera
2466 509 2731 580 deportati
2761 509 2830 563 ab
2861 507 3090 579 angelis.
3126 507 3284 578 [mpii
3305 523 3434 562 vero

1832 598 2128 652 manebunt
2177 598 2231 652 in
2279 605 2421 653 terra
2470 613 2753 670 quousque
2792 597 3097 668 percipiant
3135 596 3437 652 terribilem

1831 686 2151 740 sententiam
2175 686 2394 755 judicis.

1907 776 2026 832 Non
2051 776 2192 847 quod
2201 777 2326 846 jam
2363 777 2695 848 acceperim.
2734 775 2850 829 Hoc
2884 773 3013 828 dicit
3043 773 3111 828 de
3143 790 3222 842 se,
3257 789 3327 828 ne
3358 772 3437 828 illi

1833 878 1970 934 quos
2019 863 2218 931 laudat,
2266 871 2322 917 ut
2368 864 2620 918 homines
2669 863 3009 928 extollantur,
3055 863 3153 917 sed
3191 862 3435 917 laborem

1831 952 2116 1018 adderent,
2152 961 2208 1006 ut
2239 952 2354 1023 ipse
2405 951 2531 1006 facit
2580 952 2672 1023 qui
2721 959 2899 1006 tantus
2946 959 3047 1005 est.
3097 952 3303 1023 Sequor
3331 967 3434 1005 au-

1833 1045 1967 1106 tem,
1992 1047 2096 1095 etc.
2130 1041 2251 1094 Non
2280 1041 2534 1112 passibus
2567 1040 2834 1111 corporis,
2865 1039 2962 1094 sed
2995 1039 3192 1094 mentis
3221 1037 3434 1094 affecti-

1832 1129 1935 1183 bus
1977 1137 2028 1184 et
2074 1129 2196 1183 vita:
2235 1129 2500 1195 moribus,
2549 1137 2606 1183 ut
2637 1129 2845 1200 possim
2881 1145 3003 1183 esse
3048 1127 3323 1199 perfectus
3346 1129 3434 1197 ju-

1832 1217 1992 1272 stitiae
2021 1233 2310 1288 possessor
2343 1236 2355 1272 :
2390 1217 2481 1288 qui
2529 1225 2680 1272 recto
2719 1218 2909 1272 itinere
2955 1216 3022 1271 de
3061 1217 3150 1272 die
3195 1217 3248 1271 in
3286 1215 3432 1272 diem

1832 1307 2097 1377 spirituali
2136 1307 2490 1361 renovatione
2519 1306 2830 1377 proﬁciens,
2857 1307 2968 1374 jam
2997 1305 3280 1376 perfectus
3313 1321 3432 1360 sum

1833 1395 2076 1464 ejusdem
2101 1395 2322 1464 justitiae
2352 1395 2545 1450 viator.
2600 1393 2880 1450 Perfectus
2907 1395 3052 1449 enim
3083 1402 3205 1449 erat
3232 1393 3430 1462 viator,

1833 1484 1929 1538 sed
1959 1485 2199 1538 nondum
2232 1483 2402 1555 ipsius
2431 1482 2640 1538 itineris
2664 1482 2998 1554 perfectione
3029 1491 3342 1554 perventor.
3375 1484 3436 1539 Si

1832 1590 1936 1644 quo
1957 1573 2117 1630 modo
2148 1573 2639 1645 comprehendam.
2666 1573 2778 1628 Hoc
2796 1571 2926 1628 dicit
2949 1572 3077 1644 quia
3098 1570 3313 1626 difﬁcile
3330 1579 3432 1626 est.

1832 1662 1900 1716 Et
1929 1678 1997 1716 ne
2028 1661 2276 1716 videatur
2325 1662 2655 1732 superfluum
2700 1670 2776 1716 tot
2823 1661 2953 1732 pati,
3004 1677 3125 1715 cum
3175 1659 3339 1715 ﬁdem
3383 1669 3436 1714 et

1751 1785 1806 1845 Β
1833 1750 1934 1804 alia
1968 1751 2109 1805 bona
2139 1751 2354 1817 habeat,
2391 1751 2573 1804 subdit
2607 1768 2620 1803 :
2655 1750 2845 1804 Merito
2875 1765 2972 1820 pro
3002 1748 3092 1803 illa
3120 1749 3295 1820 gloria
3324 1756 3439 1845 tan-

1829 1847 1941 1893 tum
1973 1839 2182 1904 laboro,
2218 1839 2342 1910 quia
2364 1841 2479 1895 Non
2513 1839 2636 1893 dico
2666 1839 2811 1909 quod
2844 1841 2962 1908 iam
2992 1839 3306 1909 acceperim
3335 1837 3436 1891 ali-

1830 1928 1958 2000 quid
1991 1946 2005 1982 :
2037 1928 2162 2000 quia
2191 1927 2237 1981 si
2268 1927 2397 1999 quid
2429 1927 2616 2000 gloria:
2646 1927 2852 1997 accepi,
2901 1926 3035 1980 nihil
3068 1933 3152 1981 est
3179 1925 3248 1979 ad
3277 1939 3431 1980 com-

1829 2016 2167 2088 parationem
2200 2015 2412 2070 futurae.
2447 2018 2558 2072 Aut
2582 2015 2626 2069 si
2659 2015 2790 2086 quid
2817 2015 3026 2086 accepi,
3061 2021 3120 2068 ut
3149 2013 3218 2068 de
3247 2013 3438 2086 cogni-

1827 2106 1973 2161 tione
2005 2105 2220 2171 Christi,
2254 2121 2364 2159 non
2391 2105 2514 2160 dico
2547 2105 2691 2176 quod
2738 2105 2792 2158 in
2843 2104 2934 2159 illa
2974 2106 3265 2178 perfectus
3303 2103 3431 2158 sim.

1826 2195 1894 2248 Et
1927 2194 1973 2248 si
1999 2193 2071 2248 ita
2103 2195 2170 2249 de
2199 2210 2307 2260 me,
2343 2193 2469 2267 quid
2499 2194 2567 2248 de
2594 2193 2756 2247 aliis?

1899 2310 2066 2364 Vens.
2104 2313 2188 2364 13.
2217 2341 2287 2351 -
2311 2310 2442 2377 Quae
2469 2309 2691 2382 quidem
2733 2313 2906 2365 retro.
2950 2307 3135 2363 Priora
3166 2315 3285 2363 acta
3317 2322 3428 2362 non

1826 2398 1952 2470 quia
1990 2397 2150 2467 mala,
2199 2398 2295 2453 sed
2339 2414 2504 2468 parva
2547 2399 2618 2452 ad
2666 2397 2939 2466 meritum,
2991 2397 3088 2453 sed
3117 2397 3184 2452 ad
3215 2395 3426 2470 potiora

1825 2496 2102 2554 extensus,
2136 2495 2192 2541 ut
2223 2503 2439 2557 semper
2467 2485 2710 2558 proficiat
2739 2487 2795 2540 in
2824 2486 3038 2542 melius.

1896 2604 2064 2657 Vnus.
2092 2603 2176 2656 14.
2193 2632 2262 2642 -
2283 2605 2608 2676 Persequor.
2628 2603 2709 2658 Eo
2730 2619 2902 2676 usque
2924 2603 3100 2659 donec
3123 2603 3336 2659 veniam
3360 2603 3428 2659 ad

1823 2691 2150 2746 destinatum
2164 2692 2385 2746 bonum.
2400 2693 2672 2764 Supernae
2683 2693 3011 2749 vocationis.
3029 2693 3088 2748 Id
3105 2701 3187 2748 est
3206 2701 3426 2749 aeterna“:

1822 2780 1964 2850 vitae,
1996 2780 2064 2834 ad
2099 2797 2259 2852 quam
2277 2789 2435 2836 vocat
2461 2783 2630 2850 Deus,
2651 2789 2704 2836 et
2731 2781 2857 2836 ideo
2889 2781 3058 2855 digna
3085 2798 3175 2837 res
3193 2789 3294 2851 est,
3317 2789 3422 2838 etc.

1894 2887 2062 2942 Vnus.
2100 2889 2186 2941 15.
2209 2917 2279 2928 -
2306 2889 2556 2958 Perfecti
2585 2904 2800 2944 sumus.
2836 2888 3130 2944 Sciendum
3161 2889 3306 2961 quod
3329 2890 3424 2959 ju-

1821 2975 1962 3030 stitia
1992 2991 2101 3047 qua
2124 2976 2304 3044 justus
2334 2991 2400 3031 ex
2447 2975 2554 3031 ﬁde
2602 2976 2732 3032 vivit
2769 2993 2903 3032 vera
2925 2976 3136 3048 justitia
3164 2986 3266 3044 est,
3300 2995 3423 3050 quae

1818 3063 1945 3120 licet
1973 3080 2082 3119 non
2112 3064 2382 3120 immerito
2410 3065 2464 3119 in
2493 3065 2765 3136 aliquibus
2788 3066 2951 3135 justis
2983 3083 3082 3138 pro
3112 3067 3272 3136 hujus
3302 3067 3428 3123 vitae

223 3153 370 3209 Vsus.
391 3158 440 3209 9.
477 3185 544 3196 --
585 3155 762 3210 Meam
799 3157 1112 3226 justitiam,
1160 3163 1265 3212 etc.
1309 3155 1366 3212 Si
1395 3173 1460 3212 ex
1483 3155 1606 3228 lege
1639 3144 1788 3212 estC
1818 3153 2114 3224 capacitate
2143 3153 2382 3224 perfecta
2409 3154 2640 3223 dicatur,
2660 3171 2834 3226 parva
2854 3163 3035 3210 tamen
3065 3165 3150 3211 est
3177 3156 3248 3211 ad
3278 3156 3426 3211 illam

168 3241 346 3308 justitia,
387 3243 659 3315 quomodo
701 3243 826 3298 tua?
869 3245 1127 3317 Nunquid
1170 3253 1227 3300 tu
1271 3245 1367 3300 tibi
1412 3244 1714 3316 imposuisti

169 3327 344 3399 legem?
369 3333 507 3386 Deus
537 3333 722 3405 legem
753 3333 901 3386 dedit
948 3341 998 3387 et
1049 3333 1320 3404 imposuit.
1351 3335 1498 3389 Deus
1529 3343 1578 3389 te
1609 3335 1718 3406 legi

174 3432 261 3472 sua
283 3419 642 3492 obtemperare
670 3422 952 3492 praecepit.
1003 3422 1110 3477 Sed
1151 3431 1203 3478 et
1253 3432 1342 3478 tua
1372 3431 1470 3487 est,
1499 3424 1620 3494 quia
1648 3424 1718 3478 de

171 3504 264 3576 lege
288 3511 552 3578 praesumis
583 3519 672 3566 tua
705 3511 977 3566 voluntate
1009 3519 1060 3566 te
1090 3511 1270 3585 legem
1300 3528 1463 3583 posse
1496 3512 1719 3584 implere

174 3594 422 3652 aestimans.

228 3682 450 3755 (CHRYS.)
494 3686 662 3742 Recte
712 3687 844 3742 dixit
880 3705 892 3742 :
926 3689 1046 3746 Non
1095 3689 1302 3745 habens
1332 3705 1516 3744 meam
1539 3691 1721 3761 justi-

175 3771 301 3841 tiam,
329 3781 443 3840 etc.,
476 3793 650 3848 usque
681 3777 754 3832 ad
785 3794 906 3848 quae
936 3794 999 3832 ex
1034 3786 1217 3834 nostro
1267 3778 1445 3834 studio
1476 3777 1724 3850 profecta

175 3868 287 3914 sunt.

230 3950 314 4006 Sed
340 3952 508 4022 illam,
539 3961 645 4009 etc.
688 3954 878 4025 (AUG.)
916 3953 1048 4024 Quae
1098 3955 1345 4026 impetrat
1374 3972 1406 4012 a
1439 3958 1571 4025 Deo,
1605 3973 1724 4028 qua:

170 4035 272 4090 tollit
298 4040 545 4110 timorem,
603 4051 733 4113 etc.,
783 4061 956 4116 usque
997 4046 1069 4100 ad
1113 4045 1334 4102 omnino
1374 4047 1611 4102 tollenda
1643 4055 1726 4103 est

175 4129 422 4184 secundum
449 4133 695 4186 umbram
740 4133 998 4204 legalium
1039 4133 1349 4206 figurarum.
1395 4138 1630 4193 Iustitia
1664 4141 1726 4193 in

175 4213 272 4278 ﬁde.
301 4218 490 4274 Iustitia
521 4221 734 4278 scilicet
764 4231 846 4276 est
877 4239 974 4277 ens
1023 4223 1074 4277 in
1115 4222 1241 4289 fide,
1277 4233 1328 4280 et
1356 4225 1495 4281 sicut
1527 4243 1591 4281 ex
1616 4225 1723 4282 fide

180 4311 275 4357 nata
299 4315 386 4372 est,
418 4308 482 4363 ita
513 4310 746 4366 existere
775 4325 883 4366 non
914 4312 1074 4367 habet
1104 4313 1207 4368 nisi
1237 4313 1292 4367 in
1315 4313 1439 4370 fide.

230 4409 368 4466 Vens.
402 4419 480 4470 10.
513 4448 581 4458 -
613 4419 693 4473 Ad
718 4421 1185 4490 cognoscendum.
1223 4421 1414 4476 Subdit
1443 4437 1728 4478 commen-

1817 3257 2093 3312 magnam,
2129 3259 2288 3314 quam
2336 3244 2481 3314 cepit
2525 3244 2808 3315 aequalitas
2855 3245 3178 3318 angelorum
3213 3263 3225 3299 :
3261 3261 3426 3316 quam

1819 3330 1911 3403 qui
1939 3330 2182 3386 nondum
2212 3332 2468 3397 habebat,
2502 3341 2554 3387 et
2584 3341 2808 3404 pr0pter
2855 3333 3005 3388 illam
3049 3350 3171 3404 quae
3203 3335 3319 3403 jam
3345 3333 3429 3388 in-

1819 3428 1954 3484 erat,
1990 3419 2313 3490 perfectum,
2351 3430 2402 3474 et
2425 3429 2648 3492 propter
2685 3422 2845 3476 istam
2879 3439 2998 3494 qum
3027 3423 3205 3478 adhuc
3237 3423 3423 3478 deerat

1819 3508 2197 3579 imperfectum
2230 3526 2290 3564 se
2320 3525 2444 3564 esse
2491 3510 2725 3566 dicebat.
2779 3513 2847 3564 At
2891 3511 3070 3566 minor
3118 3511 3189 3566 ita
3213 3512 3429 3580 justitia

1821 3596 1951 3652 facit
1979 3597 2254 3666 meritum,
2286 3598 2460 3666 major
2499 3599 2592 3653 illa
2634 3599 2942 3669 prmmium.
2978 3599 3105 3654 ldeo
3145 3600 3238 3670 qui
3267 3599 3426 3654 istam

1821 3701 1930 3740 non
1962 3684 2226 3757 sequitur,
2258 3686 2404 3740 illam
2428 3703 2537 3742 non
2565 3687 2894 3759 assequitur.
2915 3689 2985 3742 Et
3013 3690 3065 3743 si
3092 3689 3225 3760 quid
3254 3690 3429 3745 aliter

1823 3776 2042 3846 sapitis.
2065 3775 2123 3828 Id
2145 3782 2246 3843 est,
2285 3775 2330 3828 si
2361 3775 2489 3846 quid
2521 3775 2718 3829 melius
2747 3775 2815 3829 ad
2849 3775 3053 3831 cultum
3074 3776 3175 3830 Dei
3203 3777 3423 3848 excogi-

1824 3863 2087 3930 taveritis,
2140 3864 2299 3918 etiam
2350 3865 2454 3919 hoc
2503 3865 2703 3919 donum
2755 3865 2853 3919 Dei
2898 3881 3019 3920 esse
3068 3865 3270 3930 sciatis,
3305 3866 3428 3937 quia

1825 3953 1930 4008 hoc
1967 3953 2227 4008 revelabit
2269 3953 2445 4009 vobis.
2493 3954 2600 4008 Sed
2645 3970 2713 4008 ne
2758 3970 2861 4026 qua
2907 3953 3032 4008 inde
3075 3954 3424 4026 praesumptio

1825 4042 2076 4111 oriretur,
2111 4042 2291 4096 subdit
2329 4061 2340 4096 :
2375 4043 2441 4096 ad
2483 4043 2627 4114 quod
2678 4043 3026 4113 pervenimus
3069 4050 3128 4098 ut
3156 4043 3302 4100 idem
3329 4059 3423 4099 sa-

1825 4131 2040 4202 piamus
2073 4149 2085 4185 :
2116 4131 2220 4186 hoc
2250 4138 2332 4186 est
2361 4146 2470 4186 non
2519 4139 2672 4186 extra
2722 4132 2964 4204 regulam
2993 4131 3296 4203 disciplina:
3320 4148 3414 4188 sa-

1826 4236 1978 4290 pere,
2011 4221 2107 4274 sed
2139 4220 2283 4290 quod
2314 4236 2600 4276 commune
2618 4220 2686 4275 sit
2707 4229 2760 4275 et
2777 4221 3084 4277 modestum
3115 4221 3169 4276 in
3196 4222 3426 4278 veritate

1829 4308 2162 4378 evangelica.
2177 4310 2569 4365 Verumtamen
2591 4309 2682 4364 ad.
2703 4309 2864 4364 Modo
2881 4309 3181 4380 imperfecti
3213 4327 3419 4378 sumus,

1829 4398 1992 4452 modo
2021 4397 2178 4452 aliter
2208 4397 2470 4468 sapimus,
2492 4398 2588 4453 sed
2621 4406 2800 4453 tamen
2831 4413 3058 4454 necesse
3090 4407 3191 4464 est,
3226 4407 3281 4453 ut
3314 4415 3424 4454 om-

181 4497 404 4556 dationem
433 4502 573 4573 ﬁdei,
604 4523 704 4578 per
754 4484 919 4562 multa
964 4526 1084 4580 qua;
1123 4509 1266 4564 facit.
1312 4511 1459 4566 Facit
1489 4512 1634 4566 enim
1664 4521 1719 4567 et
1750 4508 1803 4570 D
1828 4502 1927 4540 “es
1958 4484 2099 4580 idem
2132 4485 2319 4580 demo
2351 4485 2641 4580 saPiamus’
2673 4488 2744 4541 ad
2771 4487 2912 4559 quad
2927 4487 3289 4580 Ρθνυθηξπδῗῗ
3316 4485 3422 4543 ﬁde

183 4583 222 4636 in
246 4588 332 4643 alia
358 4592 456 4648 vita
479 4610 812 4669 cognoscere
846 4598 1022 4653 Deum
1061 4598 1316 4669 perfecte,
1349 4600 1439 4671 qui
1470 4600 1558 4656 hic
1590 4616 1714 4657 cre-

179 4672 307 4731 ditur.
337 4679 398 4734 Et
419 4683 613 4741 habere
643 4687 1122 4754 resurrectionem,
1173 4705 1294 4759 quae
1323 4697 1508 4744 nostra
1539 4705 1722 4745 resur-

179 4765 312 4821 rectio
339 4778 411 4824 est
435 4773 598 4829 virtus
640 4784 690 4829 et
741 4775 974 4832 efﬁcacia
1023 4778 1438 4833 resurrectionis
1488 4779 1711 4834 Christi.

181 4849 233 4904 Et
261 4853 303 4908 in
329 4857 418 4915 hac
442 4862 546 4918 vita
574 4865 774 4920 habere
821 4865 1137 4922 societatem
1187 4866 1241 4920 in
1278 4867 1534 4938 patiendo
1565 4886 1576 4922 :
1610 4861 1718 4922 nisi

186 4940 299 4996 enim
323 4963 411 5016 per
448 4949 623 5020 ﬁdem,
659 4969 819 5009 nemo
857 4963 1000 5010 tanta
1030 4963 1302 5027 pateretur
1336 4973 1347 5011 :
1381 4965 1431 5011 et
1462 4956 1712 5030 conﬁgu-

196 5031 414 5091 rationem
443 5042 642 5113 mortis,
676 5043 729 5097 id
761 5052 842 5099 est
888 5052 944 5098 ut
992 5044 1304 5110 moriamur,
1341 5046 1478 5102 sicut
1506 5047 1642 5117 ipse,
1676 5047 1722 5101 si

189 5130 295 5185 Opus
321 5134 408 5182 est.

220 5232 382 5326 "Vens.
414 5245 492 5297 11.
525 5275 592 5285 -
625 5246 950 5303 Occurram.
1003 5247 1118 5304 Deo
1164 5249 1406 5304 tribuens
1433 5267 1552 5322 qua:
1581 5251 1713 5306 mihi

181 5318 338 5392 tribuit,
375 5344 462 5398 per
501 5333 599 5389 hoc
648 5345 908 5390 venturus
947 5337 1016 5390 ad
1064 5318 1534 5392 resurrectionem.
1588 5340 1704 5406 Vel,

181 5419 405 5471 occurram
471 5421 680 5479 Christo
725 5425 780 5478 in
820 5425 1026 5494 judicio
1084 5427 1227 5498 quod
1286 5436 1591 5482 sanctorum
1640 5438 1720 5483 est

183 5499 362 5585 tantum,
394 5510 602 5567 veniens
651 5514 799 5585 prius
848 5516 916 5569 ad
966 5516 1419 5572 resurrectionem
1459 5532 1638 5571 veram
1671 5528 1721 5571 et

184 5583 445 5667 gloriosam,
479 5619 594 5672 qua:
625 5619 732 5658 non
759 5612 841 5658 est
870 5603 1011 5658 inter
1043 5614 1302 5672 mortuos,
1338 5606 1435 5661 sed
1464 5605 1624 5677 longe
1655 5623 1720 5661 ex

194 5681 373 5737 mortuis
401 5703 412 5738 :
444 5691 557 5760 quia
597 5693 720 5750 licet
760 5709 953 5751 omnes
982 5704 1265 5768 resurgant
1311 5696 1365 5751 in
1397 5695 1482 5752 die
1509 5696 1716 5765 judicii,

1822 4583 1875 4628 et
1897 4574 2142 4640 scientia,
2167 4578 2222 4630 et
2243 4577 2303 4629 in
2326 4575 2518 4630 eadem
2524 4590 2964 4646 permaneamus
2988 4575 3203 4646 regula.
3227 4575 3287 4630 Id
3317 4584 3418 4645 est,

1822 4679 1988 4734 opere
2019 4663 2407 4734 compleamus.

1903 4779 2066 4834 Vens.
2104 4783 2188 4834 18.
2223 4811 2289 4819 -
2323 4781 2582 4835 Inimicos
2627 4783 2832 4834 crucis.
2869 4778 2974 4847 Qui
2997 4779 3200 4834 ‘carnis
3230 4781 3424 4837 obser-

1839 4869 2046 4922 vantias
2073 4869 2355 4938 inducunt,
2387 4883 2605 4924 crucem
2635 4868 2963 4938 superﬂuam
2991 4878 3257 4925 asserunt.

1899 4985 2066 5039 Vens.
2103 4987 2187 5039 19.
2222 5015 2289 5023 -—
2323 4984 2568 5052 Quorum
2607 4986 2741 5040 deus
2789 4989 2985 5042 venter
3025 4990 3128 5042 est.
3167 4984 3336 5054 Quasi
3365 4987 3421 5041 in

1827 5087 1954 5128 esca
1987 5073 2152 5137 salus,
2188 5081 2245 5126 ut
2274 5073 2409 5128 deus
2439 5073 2508 5127 sit
2551 5082 2756 5142 venter,
2812 5082 2865 5128 et
2905 5074 3209 5147 gloriantur
3238 5075 3295 5130 in
3325 5091 3424 5148 pu-

1827 5161 2022 5215 dendis
2078 5161 2434 5230 circumcicis,
2493 5162 2637 5232 quod
2695 5169 2778 5216 est
2840 5171 3052 5219 terrena
3098 5180 3321 5236 sapere,
3370 5175 3424 5222 et

1827 5249 2086 5321 quidquid
2118 5249 2340 5316 faciunt,
2373 5266 2471 5321 pro
2503 5259 2692 5306 ventre
2734 5249 2953 5306 faciunt.
2990 5252 3087 5308 Vel
3117 5269 3274 5310 escas
3302 5272 3424 5327 quae

1827 5339 2027 5392 ventris
2057 5346 2200 5404 sunt,
2234 5338 2633 5400 faciuntdeum
2671 5357 2684 5393 :
2719 5339 2846 5394 dum
2878 5356 2971 5396 eas
2995 5341 3299 5410 justiﬁcare
3331 5345 3420 5399 ho-

1824 5427 1999 5481 mines
2031 5427 2232 5496 dicunt,
2269 5437 2321 5483 et
2349 5428 2520 5500 gloria
2558 5444 2746 5483 eorum
2797 5430 2851 5483 in
2903 5430 3098 5485 talibus
3142 5440 3243 5497 est,
3279 5434 3421 5488 unde

1823 5515 2084 5572 confundi
2113 5526 2165 5571 et
2201 5517 2526 5572 erubescere
2556 5527 2801 5588 possunt,
2827 5518 2957 5573 dum
2979 5537 3075 5590 per
3106 5520 3422 5590 temporalia

1822 5621 1880 5659 se
1906 5604 2188 5674 justificari
2220 5606 2421 5661 dicunt.
2457 5609 2640 5678 Itaque
2679 5607 2852 5678 gloria
2883 5623 3069 5662 eorum
3101 5607 3413 5677 temporalis

1821 5695 2084 5768 perducet
2115 5711 2210 5752 eos
2243 5696 2308 5749 ad
2345 5695 2720 5753 confusionem
2751 5705 3028 5752 aeternam.
