3964 6178
356 366 363 371 _
461 290 566 344 607

994 288 1397 346 WALAFRIDI
1424 287 1669 344 STRABI
1698 284 1899 342 FULD.
1932 282 2103 339 MON.
2137 280 2294 339 OPP.
2324 282 2498 338 PARS
2526 283 2568 337 l.
2600 312 2669 325 —
2697 281 3169 340 THEOLOGICA.

3652 287 3765 339 608

540 413 712 469 Vens.
741 416 833 472 20.
863 442 933 455 -—
964 415 1165 472 Nostra
1192 414 1561 471 conversatio.
1615 411 1674 466 Id
1720 418 1803 465 est
1832 408 2064 465 vivendo
2093 406 2220 468 Aut
2260 407 2535 461 modestus
2581 423 2850 471 incessus,
2893 407 3113 461 humilis
3142 423 3321 463 sermo
3352 416 3407 463 et
3427 408 3771 477 hujusmodi.

466 509 519 558 et
547 501 905 575 intelligendo
938 503 1108 557 simus
1156 502 1364 557 similes
1411 500 1644 572 angelis.
1691 498 1845 555 Unde
1878 498 2058 563 etiam,

468 590 526 646 id
556 598 657 656 est,
691 599 890 662 praeter
917 592 1201 647 commoda
1245 607 1369 663 quae
1413 592 1527 660 jam
1570 590 1850 655 habemus,
1887 590 2063 645 etiam

471 681 772 739 Dominum
793 685 1206 755 exspectamus.

1090 857 1315 913 CAPUT
1353 856 1442 911 IV.

542 982 710 1037 Vens.
747 985 797 1036 1.
831 1010 899 1021 -
933 981 1229 1049 Gaudium,
1282 985 1337 1037 et
1380 982 1710 1037 consolatio.
1762 980 1823 1034 Id
1850 987 1933 1036 est
1952 995 2063 1057 per

468 1085 606 1142 quos
636 1070 691 1124 in
722 1070 977 1141 prmsenti
1019 1069 1263 1125 laatificor
1310 1078 1362 1125 et
1410 1070 1465 1124 in
1513 1070 1691 1126 futuro
1740 1069 2060 1124 coronabor.

469 1158 762 1229 Discipulis
793 1159 937 1214 enim
968 1158 1021 1215 in
1053 1174 1229 1232 agone
1261 1158 1578 1225 victoribus,
1611 1158 1809 1230 dignus
1840 1157 1941 1213 erit
1971 1173 2062 1213 co-

466 1263 598 1304 rona
628 1247 910 1319 magister.

541 1336 713 1391 Vens.
746 1340 799 1393 2.
833 1367 903 1377 ——
933 1337 1197 1394 Evodiam
1244 1354 1390 1410 rogo.
1442 1346 1547 1393 etc.
1600 1335 1803 1393 Omnes
1841 1351 2059 1402 moneo,

467 1426 567 1481 sed
596 1426 905 1496 specialiter
934 1427 1199 1482 Evodiam
1228 1434 1282 1482 et
1313 1427 1607 1498 Syntichen
1632 1444 1644 1480 :
1680 1425 1808 1496 quia
1837 1426 1923 1481 hae
1952 1441 2066 1479 mu-

464 1513 626 1571 lieres
644 1514 927 1588 ‘religiosas
960 1516 1347 1586 praedicatores
1377 1517 1657 1586 suscipere
1687 1514 1952 1569 solebant.

540 1604 713 1660 Vens.
747 1607 799 1660 3.
820 1636 889 1644 —
911 1605 1171 1661 Nomina.
1203 1604 1308 1672 Qui
1338 1604 1558 1661 discreti
1589 1611 1711 1658 sunt
1741 1603 1950 1658 meritis
1981 1602 2063 1656 di-

468 1708 659 1749 versas
689 1694 999 1748 mansiones
1031 1694 1303 1749 habebunt
1334 1693 1389 1747 in
1417 1701 1619 1748 (eterna
1649 1692 1831 1747 domo.
1866 1690 2021 1747 Unde
2046 1709 2059 1744 :

2233 498 2399 551 Bome
2432 498 2621 567 fames.
2660 498 2851 568 (Λυσι.)
2889 496 3062 551 Nobis
3091 496 3201 551 vita
3230 505 3440 563 nostra,
3476 496 3594 550 aliis
3626 497 3775 551 bona

2162 584 2302 639 fama
2332 585 2647 640 necessaria
2680 593 2778 639 est.
2815 585 3047 639 Proinde
3086 585 3332 656 quisquis
3362 601 3392 638 a
3434 584 3773 658 ﬂagitiorum

2160 672 2475 729 criminibus
2505 674 2668 728 vitam
2699 689 2851 728 suam
2867 674 3122 739 custodit,
3143 673 3245 728 sibi
3276 673 3581 739 benefacit;
3614 675 3773 749 quis-

2164 762 2284 834 quis
2313 770 2493 818 autem
2517 761 2735 829 famam,
2760 763 2919 818 etiam
2957 762 3013 816 in
3032 763 3168 817 alios
3196 761 3512 818 misericors
3542 771 3646 816 est.

2233 878 2403 934 Vens.
2439 880 2523 935 10.
2553 909 2622 918 -
2647 879 2896 946 Gavisus,
2918 886 3022 936 etc.
3045 878 3145 937 Hic
3172 887 3588 945 commemorat,
3621 880 3777 952 quod

2162 965 2264 1022 sibi
2306 984 2451 1038 saepe
2499 968 2815 1024 necessaria
2860 967 3153 1034 miserant,
3226 968 3372 1023 unde
3419 968 3771 1023 alacritatem

2162 1072 2314 1111 suam
2342 1056 2749 1127 propensiorem
2783 1055 2976 1111 factam
3006 1057 3242 1112 ostendit
3282 1057 3407 1127 quia
3438 1056 3494 1110 in
3524 1072 3637 1129 quo
3667 1073 3774 1111 ne-

2163 1145 2434 1217 gligentes
2481 1144 2605 1200 facti
2648 1144 2882 1211 fuerant,
2934 1146 3177 1199 adhibita
3219 1145 3445 1199 solertia
3485 1146 3773 1209 iterarunt,

2163 1242 2221 1288 ut
2252 1250 2525 1289 memores
2554 1232 2678 1289 facti
2718 1234 2948 1305 apostoli
2991 1226 3073 1288 sui
3122 1234 3329 1289 fructus
3377 1234 3692 1289 emitterent
3719 1234 3775 1288 in

2162 1324 2360 1379 horreo
2390 1323 2597 1378 caelesti
2639 1323 2973 1378 condendos.
3022 1324 3356 1396 Aliquando,
3407 1332 3514 1378 etc.
3566 1323 3776 1393 Aliquo

2163 1419 2428 1482 tempore,
2462 1411 2589 1483 quia
2612 1427 2721 1466 non
2752 1411 2901 1466 omni
2928 1419 3241 1482 potuerunt.
3269 1411 3648 1480 Reﬂoruistis.
3678 1410 3780 1465 Mi-

2163 1500 2443 1555 nistrando
2479 1500 2611 1554 mihi
2653 1499 2982 1554 necessaria.
3035 1499 3168 1569 Qum
3213 1499 3537 1553 ministratio
3567 1499 3779 1554 dicitur

2164 1588 2284 1653 ﬂos,
2331 1588 2459 1661 quia
2502 1589 2630 1644 inde
2680 1587 2889 1644 fructus
2932 1588 3056 1643 vitae
3099 1596 3317 1644 mternze
3364 1587 3640 1658 provenit.
3668 1590 3779 1643 Pro

2164 1695 2273 1732 me.
2306 1676 2445 1746 Quia
2470 1677 2602 1731 mihi
2633 1678 2853 1747 prodest
2885 1684 3066 1732 vestra
3110 1676 3438 1747 compassio.
3472 1677 3555 1731 Ne
3587 1685 3778 1730 autem

470 1782 536 1839 In
567 1782 726 1838 domo
756 1785 948 1837 Patris
982 1785 1095 1838 mei
1123 1782 1447 1839 mansiones
1477 1783 1675 1837 multa:
1706 1786 1840 1836 sunt
1872 1782 2058 1851 (Joan.

2177 1766 2475 1822 riderentur
2520 1766 2698 1836 aliqua
2738 1766 2879 1820 mala
2925 1780 3088 1820 causa
3154 1764 3517 1820 intermisisse
3567 1765 3775 1818 addit:

469 1871 612 1941 xxv).
646 1871 802 1926 Libro
828 1872 977 1927 vitae.
1016 1870 1427 1927 Pracdestinatio
1477 1870 1531 1924 in
1578 1887 1683 1942 qua
1732 1885 1922 1924 omnes
1954 1868 2066 1922 sal—

470 1958 633 2016 vandi
663 1959 1029 2030 prindestinati
1062 1968 1204 2014 sunt.
1240 1959 1409 2029 Quasi
1435 1959 1663 2027 :Nolite,
1696 1974 1729 2013 ο
1759 1957 2067 2029 Philippen-

470 2062 582 2113 ses,
611 2047 850 2120 graviter
878 2049 1025 2103 ferre
1054 2050 1197 2121 quod
1241 2065 1433 2105 omnes
1480 2064 1579 2104 vos
1608 2047 1662 2102 in
1694 2046 1922 2118 epistola
1947 2062 2067 2101 mea

473 2134 757 2208 sigillatim
802 2152 911 2192 non
954 2138 1248 2208 nominavi,
1302 2138 1425 2209 quia
1467 2137 1569 2193 etsi
1619 2137 1673 2191 in
1705 2152 1767 2191 ea
1795 2152 1905 2191 non
1936 2136 2067 2191 estis

473 2223 681 2295 scripti,
717 2224 772 2279 in
804 2225 940 2280 libro
967 2234 1148 2283 tamen
1178 2226 1301 2282 vitae
1329 2226 1699 2281 continemini.

545 2313 714 2368 Vens.
751 2315 799 2367 Ιι.
835 2345 902 2354 -
936 2314 1201 2383 Gaudete,
1249 2323 1351 2370 etc.
1388 2315 1619 2369 Laetatus
1651 2315 1707 2368 in
1738 2313 1846 2370 ﬁde
1877 2329 2065 2368 eorum

474 2409 527 2456 et
557 2402 835 2473 operibus,
886 2403 1181 2474 Apostolus
1228 2412 1285 2458 ut
1326 2404 1623 2459 alacriores
1671 2404 1796 2469 sint,
1839 2410 1985 2473 optat
2014 2402 2068 2455 in

470 2491 577 2546 hoc
621 2491 801 2546 studio
842 2492 1185 2563 proficientes
1231 2493 1469 2564 gaudere
1516 2492 1569 2545 in
1612 2492 1862 2558 Domino,
1917 2499 1970 2546 et
2014 2491 2067 2547 id

470 2578 643 2645 iterat,
676 2587 732 2634 ut
753 2596 811 2635 se
843 2581 898 2634 in
929 2580 1007 2635 eis
1037 2597 1163 2637 vere
1187 2582 1427 2654 gaudere
1458 2582 1725 2636 ostendat.

547 2668 716 2723 Vens.
750 2672 891 2723 5.—
919 2670 1203 2726 Modestia.
1239 2671 1299 2724 Id
1340 2678 1423 2725 est
1456 2678 1637 2725 rectus
1684 2668 1901 2735 modus,
1935 2676 1993 2723 ut
2016 2670 2069 2722 in

473 2755 707 2811 Domino
746 2756 817 2811 sit
854 2773 1015 2814 omne
1054 2758 1338 2832 gaudium,
1388 2766 1441 2813 et
1478 2760 1583 2814 hoc
1629 2774 1729 2829 per
1766 2773 1866 2812 vos
1905 2754 2066 2812 addi-

478 2852 636 2900 scant
657 2845 769 2899 alii.
793 2846 894 2901 Vel
920 2847 1195 2905 modestia
1214 2852 1350 2903 nota
1367 2848 1441 2903 sit
1460 2848 1718 2903 omnibus
1740 2844 1989 2901 fidelibus
2017 2854 2071 2900 et

476 2931 809 3001 inﬁdelibus,
860 2943 919 2990 ut
955 2936 1233 2990 imitentur
1275 2951 1345 2989 ne
1391 2936 1602 3005 possint
1642 2935 2066 3005 reprehendere.

475 3022 747 3079 Dominus
762 3040 933 3096 prope
956 3028 1059 3090 est,
1084 3024 1137 3079 id
1157 3031 1239 3079 est
1254 3032 1480 3094 paratus
1497 3024 1626 3079 dare
1646 3024 1908 3095 quidquid
1931 3039 2070 3095 opus

474 3117 559 3165 est
588 3110 643 3164 in
674 3112 1045 3181 spiritualibus
1072 3112 1158 3167 vel
1188 3112 1600 3183 temporalibus.
1632 3114 1712 3168 De
1734 3112 1883 3167 nulla
1915 3130 1974 3166 re

470 3197 538 3252 tis
565 3198 783 3253 solliciti
816 3208 869 3254 et
899 3200 1090 3255 timidi.
1126 3200 1233 3256 Sed
1262 3200 1551 3272 petitiones
1576 3202 1658 3259 ,de
1686 3201 1769 3256 his
1801 3218 1920 3272 qum
1944 3200 2067 3257 vul-

469 3285 539 3341 tis
564 3286 878 3357 impetrare.

540 3374 710 3429 Vens.
745 3380 796 3430 6.
822 3377 1007 3432 —Sed
1038 3380 1102 3433 in
1131 3379 1287 3435 omni
1306 3381 1587 3435 oratione.
1623 3378 1808 3434 Oratio
1841 3386 1893 3434 et
1917 3378 2071 3432 obse-

467 3463 658 3531 cratio,
692 3466 1051 3520 communiter
1078 3482 1179 3535 pro
1210 3482 1268 3521 se
1309 3466 1394 3522 vel
1431 3467 1571 3533 aliis,
1614 3469 1683 3521 de
1717 3466 2067 3537 quibuslibet,

469 3560 523 3606 at
552 3552 740 3623 petitio
771 3553 838 3608 de
877 3554 1043 3609 rebus
1083 3555 1401 3610 nominatim
1442 3555 1768 3611 necessariis
1798 3553 1871 3608 fit.
1904 3556 2071 3610 Inno-

471 3645 713 3697 tescant.
739 3642 867 3698 Hec
886 3642 1079 3698 notitia
1104 3643 1421 3699 assiduitate
1444 3644 1521 3710 tit,
1557 3652 1609 3700 et
1636 3643 1911 3715 vigilantia
1939 3659 2068 3698 ora-

467 3728 650 3784 tionis.
685 3731 832 3786 Tunc
862 3731 1080 3787 demum
1126 3749 1232 3804 pax
1276 3734 1511 3788 custodit
1548 3734 1715 3789 corda
1746 3733 1798 3786 in
1830 3732 2065 3788 Christo.

469 3818 585 3874 Hoc
613 3818 737 3874 ideo
766 3820 915 3887 dicit,
948 3821 1070 3893 quia
1100 3822 1192 3893 qui
1218 3838 1342 3878 cum
1379 3824 1495 3877 Deo
1525 3822 1686 3876 habet
1715 3838 1925 3891 pacem,
1959 3836 2071 3874 non

468 3907 619 3962 timet
648 3917 884 3963 mentem
926 3910 1232 3965 adversam.
1279 3911 1438 3983 Apud
1480 3914 1677 3966 Deum.
1709 3910 1807 3965 Vel
1836 3909 2065 3983 angelis,

472 3995 564 4066 qui
591 3996 707 4051 Deo
748 4012 843 4052 eas
886 3996 1138 4053 offerunt.
1174 3999 1327 4054 Unde
1361 4017 1374 4053 :
1407 4000 1541 4054 Cum
1572 3998 1824 4063 oraretis,
1859 3998 2068 4053 oratio-

471 4098 599 4139 nem
629 4092 870 4140 vestram
901 4086 1067 4139 obtuli
1107 4087 1252 4157 apud
1290 4088 1483 4142 Deum.
1519 4087 1617 4142 Vel
1663 4087 1818 4141 nobis
1851 4087 2068 4141 innote-

470 4180 626 4228 scant
655 4173 798 4243 apud
826 4174 999 4228 Deum
1040 4191 1137 4245 per
1176 4175 1541 4241 tolerantiam,
1579 4191 1686 4229 non
1716 4176 1858 4246 apud
1890 4175 2068 4229 homi—

468 4276 568 4316 nes
596 4277 694 4331 per
716 4262 1054 4331 jactantiam.

540 4359 711 4415 Vens.
745 4362 799 4414 7.
823 4391 893 4400 —
918 4362 988 4415 Et
1011 4378 1131 4433 pax
1159 4363 1278 4425 Dei,
1332 4360 1386 4415 id
1438 4369 1520 4417 est
1548 4362 1697 4416 Deus
1728 4362 1820 4433 qui
1851 4370 1934 4416 est
1960 4376 2068 4431 pax

465 4464 696 4516 summa,
721 4466 843 4521 quae
869 4458 972 4505 nec
999 4449 1229 4521 cogitari
1272 4458 1467 4520 potest,
1519 4459 1571 4505 et
1600 4450 1723 4505 ideo
1761 4458 1911 4505 extra
1941 4466 2065 4505 eum

464 4537 612 4593 nullo
634 4553 770 4609 opus
796 4546 897 4594 est.
927 4540 1253 4611 Exsuperat
1270 4556 1493 4595 omnem
1516 4555 1765 4595 sensum.
1782 4540 2064 4604 Nostrum,

468 4642 577 4679 non
627 4642 818 4681 eorum
862 4627 951 4699 qui
993 4644 1213 4698 semper
1260 4628 1443 4682 vident
1489 4626 1685 4684 faciem
1736 4627 1926 4682 Patris.
1969 4626 2069 4682 Vel

465 4729 574 4783 pax
605 4730 708 4785 qua
738 4714 856 4785 ipse
888 4718 1032 4771 Deus
1062 4724 1289 4787 pacatus
1311 4724 1411 4781 est,
1438 4720 1672 4789 superat
1697 4732 1920 4772 omnem
1941 4733 2069 4771 sen-

469 4811 841 4872 su-m:pr£eter
861 4821 1037 4870 suum,
1054 4805 1179 4877 quia
1199 4821 1301 4861 nec
1330 4821 1430 4860 nos
1461 4805 1540 4861 sic
1569 4821 1860 4876 possumus
1884 4821 2066 4869 nosse,

470 4905 576 4946 nec
606 4889 701 4945 ulli
730 4892 931 4965 angeli.

545 4987 713 5041 Vens.
750 4993 799 5042 8.
824 4990 983 5043 —De
1003 4994 1221 5057 caetero,
1248 4992 1479 5061 fratres,
1503 4997 1608 5045 etc.
1631 4990 1906 5046 Hactenus
1936 5004 2068 5045 con-

469 5081 548 5126 tra
579 5084 958 5144 persecutores
999 5085 1053 5132 et
1099 5086 1285 5132 contra
1316 5078 1915 5150 pseudoprazdicatores
1944 5094 2069 5133 mo—

472 5162 604 5215 nuit.
640 5164 719 5217 De
750 5173 949 5219 caetero
981 5173 1159 5222 autem
1205 5166 1259 5220 in
1288 5167 1657 5227 conclusione.
1694 5184 1815 5239 quae
1843 5168 1907 5221 ad
1939 5184 2071 5238 per-

472 5249 761 5306 fectionem
793 5261 916 5310 sunt
945 5255 1184 5325 exponit.
1238 5255 1588 5329 Quwcunque
1622 5260 1792 5318 iusta.
1828 5256 1973 5310 Istud
2005 5257 2070 5310 ad

472 5339 803 5411 proximum.
838 5341 1066 5408 Sancta,
1109 5343 1163 5396 in
1200 5344 1419 5414 propria
1444 5344 1579 5411 vita;
1613 5354 1663 5398 et
1696 5354 1752 5399 ut
1774 5344 1952 5399 minus
1985 5345 2071 5397 di-

472 5436 642 5493 catur,
660 5446 1003 5503 qutecunque
1021 5436 1157 5488 sunt
1176 5433 1463 5497 amabilia,
1480 5433 1534 5486 id
1566 5444 1665 5495 est.
1682 5434 1854 5488 amari
1878 5434 2067 5506 digna,

2164 1854 2322 1911 modo
2342 1854 2699 1923 reﬂoruistis,
2734 1854 2833 1909 sed
2862 1861 2984 1909 ante
3015 1854 3205 1910 erratis
3233 1852 3483 1924 occupati
3513 1860 3568 1908 et
3600 1852 3777 1923 impe-

2165 1943 2258 2001 diti
2280 1943 2552 2015 aliquibus
2582 1943 2846 1998 adversis.

2242 2058 2408 2113 Vens.
2445 2061 2529 2112 11.
2563 2089 2631 2097 -
2660 2060 2779 2114 Non
2811 2059 2991 2130 quasi.
3012 2057 3135 2113 Non
3164 2064 3388 2129 propter
3409 2072 3489 2121 se,
3515 2057 3619 2112 sed
3650 2072 3773 2128 pro-

2166 2145 2362 2202 fectum
2394 2162 2583 2202 eorum
2613 2147 2831 2219 gaudet.

2238 2261 2407 2315 Vens.
2434 2264 2517 2317 12.
2542 2291 2610 2300 —
2630 2261 2751 2315 Scio
2784 2265 2841 2315 et
2872 2259 3187 2317 humiliari.
3243 2258 3348 2328 Qui
3396 2259 3636 2329 penuria
3669 2274 3774 2313 non

2166 2348 2449 2420 frangitur,
2485 2365 2515 2402 a
2561 2349 2862 2419 gratiarum
2910 2348 3120 2403 actione
3157 2363 3265 2402 non
3312 2347 3627 2403 retrahitur.
3673 2346 3776 2415 Qui

2167 2453 2347 2491 rerum
2390 2437 2762 2507 temporalium
2802 2437 3075 2503 desiderio
3121 2452 3229 2491 non
3272 2436 3625 2500 accenditur,
3679 2435 3774 2490 scit

2168 2524 2453 2591 humiliari,
2488 2525 2540 2579 id
2564 2534 2643 2579 est
2672 2525 2910 2596 inopiam
2948 2524 3076 2596 pati.
3128 2524 3444 2580 Abundare.
3471 2522 3580 2591 Qui
3612 2539 3773 2580 accc.

2166 2614 2271 2685 ptis
2301 2615 2463 2668 rebus
2495 2629 2600 2669 non
2630 2613 2917 2682 extollitur,
2953 2613 3042 2685 qui
3063 2629 3154 2667 eas
3181 2614 3249 2668 ad
3279 2629 3441 2667 usum
3471 2628 3633 2667 vanas
3661 2611 3776 2685 glo-

2167 2702 2260 2757 riae
2281 2719 2388 2757 non
2420 2702 2713 2774 intorquet,
2744 2700 2834 2774 qui
2865 2701 3014 2757 solus
3064 2717 3171 2756 non
3212 2700 3462 2771 possidet
3494 2700 3648 2772 quod
3676 2717 3768 2755 ac-

2168 2790 2329 2861 cepit,
2378 2791 2475 2845 sed
2522 2806 2645 2845 cum
2687 2789 3054 2863 indigentibus
3100 2788 3523 2844 misericorditer
3550 2788 3770 2853 dividit,

2168 2879 2271 2935 scit
2298 2878 2593 2933 abundare.
2627 2878 2729 2947 Qui
2763 2878 3003 2949 acceptis
3031 2877 3301 2933 alimentis
3331 2892 3444 2932 non
3473 2876 3545 2931 ad
3576 2876 3767 2950 ingur—

2169 2960 2480 3038 gitationem
2510 2967 2732 3034 ventris,
2775 2982 2875 3021 nec
2922 2966 3044 3037 plus
3073 2965 3221 3021 carni
3254 2965 3439 3019 tribuit
3468 2981 3642 3037 quam
3674 2981 3769 3019 ne-

2171 3056 2398 3111 cessitas
2420 3055 2568 3128 petit,
2606 3055 2705 3109 scit
2736 3054 2939 3109 satiari.
2981 3054 3087 3123 Qui
3116 3053 3500 3109 alimentorum
3534 3052 3767 3124 inopiam

2004 3129 2069 3213 5."
2097 3127 2147 3190 Ο
2169 3145 2286 3199 sine
2318 3144 2733 3198 murmuratione
2764 3143 2968 3207 tolerat,
3024 3159 3123 3197 nec
3162 3159 3261 3213 pro
3291 3142 3624 3197 necessitate
3654 3142 3766 3197 vic-

2170 3240 2252 3287 tus
2283 3233 2396 3304 agit
2423 3232 2646 3303 aliquid,
2670 3232 2813 3286 unde
2845 3232 3024 3286 anima
3047 3231 3259 3302 peccati
3296 3230 3555 3303 laqueum
3586 3230 3766 3286 incur-

2169 3329 2266 3385 rat,
2302 3320 2397 3376 scit
2432 3319 2655 3375 esurire.

2240 3438 2409 3493 Vens.
2448 3438 2615 3490 17.--
2647 3436 2765 3492 Νοη
2799 3438 2929 3508 quia
2949 3451 3153 3508 quaero.
3187 3435 3384 3490 Datum
3417 3442 3503 3489 est
3536 3450 3631 3489 res
3660 3432 3767 3504 ipsa

2170 3543 2291 3597 quae
2322 3525 2495 3592 datur,
2550 3533 2605 3578 ut
2657 3540 2869 3590 munus,
2922 3524 3093 3587 cibus,
3145 3532 3303 3593 potus
3346 3531 3398 3577 et
3440 3521 3765 3592 hujusmodi.

2170 3615 2393 3669 Fructus
2422 3621 2600 3669 autem
2630 3629 2797 3684 opera
2827 3613 2986 3677 bona,
3021 3621 3073 3668 et
3104 3620 3255 3666 recta
3270 3611 3519 3667 voluntas
3543 3611 3755 3667 datoris.

2167 3702 2321 3758 Unde
2353 3702 2616 3757 Dominus
2652 3701 2705 3755 in
2736 3700 3033 3773 Evangelio
3063 3716 3173 3755 non
3203 3700 3276 3754 ait
3296 3699 3651 3769 simpliciter:
3676 3698 3768 3765 Qui

2166 3793 2371 3864 recipit
2389 3792 2615 3862 justum
2644 3791 2727 3845 vel
2778 3790 3126 3863 prophetam,
3173 3789 3273 3843 sed
3297 3787 3505 3842 addidit
3540 3803 3552 3841 :
3587 3789 3650 3841 in
3681 3803 3766 3841 no-

2167 3882 2321 3934 mine
2334 3879 2481 3950 justi
2508 3879 2594 3933 vel
2618 3878 2921 3951 prophetaa.
2958 3877 3240 3947 Suscipere
3272 3875 3415 3930 enim
3448 3876 3760 3947 prOphetam

2167 3968 2253 4022 vel
2280 3968 2501 4036 justum,
2534 3967 2715 4021 datum
2746 3974 2844 4021 est.
2878 3967 2935 4019 In
2974 3967 3191 4020 nomine
3215 3965 3347 4034 justi
3376 3964 3466 4019 vel
3494 3964 3765 4036 prophetae

2168 4057 2271 4111 hoc
2301 4055 2498 4121 facere,
2533 4054 2738 4110 fructus
2768 4063 2868 4109 est.
2899 4054 3073 4108 Eliam
3115 4054 3327 4124 pavisse
3358 4054 3622 4126 leguntur
3649 4068 3763 4108 cor—

2169 4162 2269 4200 vus
2298 4153 2351 4199 et
2382 4144 2565 4198 vidua.
2599 4144 2706 4198 Sed
2730 4159 2830 4214 per
2859 4157 3081 4198 corvum
3111 4142 3201 4215 qui
3231 4157 3338 4197 non
3372 4140 3599 4196 nomine
3625 4140 3761 4211 justi,

2170 4234 2293 4287 dato
2340 4232 2686 4303 pascebatur,
2740 4247 2842 4302 per
2883 4231 3115 4295 viduam,
3165 4230 3353 4296 fructu,
3404 4230 3532 4300 quia
3565 4229 3763 4285 sciebat

2171 4320 2314 4392 quod
2354 4321 2628 4375 hominem
2678 4320 2778 4374 Dei
2826 4327 3094 4390 pasceret.
3135 4320 3240 4374 Sed
3273 4321 3560 4390 fructum.
3605 4318 3664 4372 Id
3694 4322 3765 4370 est

2170 4410 2369 4465 bonam
2406 4417 2457 4464 et
2504 4419 2706 4464 rectam
2748 4408 3076 4464 voluntatem
3117 4407 3275 4463 bonae
3324 4406 3632 4478 Operationi
3669 4404 3758 4459 ad-

2086 4483 2139 4544 D
2165 4498 2425 4568 junctam.
2462 4498 2583 4553 Non
2614 4497 2756 4552 enim
2789 4505 2901 4551 tam
2930 4496 3127 4570 gaudet
3160 4496 3485 4550 subventum
3510 4511 3637 4549 esse
3669 4507 3767 4546 sua:

2166 4586 2495 4653 necessitati,
2544 4601 2706 4657 quam
2751 4585 2964 4639 illorum
3008 4582 3409 4657 congratulatur
3436 4580 3761 4637 fecunditati.

2240 4694 2409 4747 Vens.
2448 4696 2529 4746 18.
2565 4723 2632 4732 -
2661 4693 2725 4746 In
2766 4692 3009 4747 odorem.
3051 4690 3183 4759 Quae
3213 4688 3379 4743 missa
3409 4698 3535 4743 sunt
3565 4705 3595 4742 a
3623 4686 3767 4742 vobis

2170 4782 2383 4853 placent
2403 4783 2518 4835 Deo
2549 4788 2605 4834 ut
2634 4780 2768 4835 odor
2796 4778 3169 4833 suavissimus.
3195 4778 3591 4847 Comparantur
3618 4776 3769 4831 etiam

2170 4869 2396 4925 orationi
2427 4886 2548 4941 qua:
2579 4877 2661 4924 est
2692 4867 2975 4923 incensum
3013 4867 3132 4921 Dei.
3168 4866 3320 4921 Unde
3351 4864 3555 4920 dicitur
3588 4883 3600 4918 :
3636 4866 3765 4919 Date

2171 4958 2611 5029 eleemosynam,
2662 4961 2717 5011 et
2768 4972 2891 5011 ecce
2940 4956 3132 5011 omnia
3174 4953 3391 5010 munda
3443 4957 3585 5009 sunt
3628 4951 3765 5008 vobis

2172 5046 2327 5117 (Luc.
2364 5048 2490 5114 χι).

2244 5163 2412 5216 Vens.
2452 5163 2535 5215 19.
2570 5191 2637 5199 -
2661 5161 2895 5232 Impleat
2925 5175 3088 5215 omne
3118 5158 3462 5213 desiderium
3496 5160 3757 5212 vestrum.

2172 5252 2293 5305 Non
2323 5250 2377 5303 in
2408 5249 2654 5315 terrenis,
2681 5250 2779 5305 sed
2810 5249 2862 5302 in
2895 5246 3089 5319 gloria.
3112 5247 3207 5301 Vel
3240 5245 3413 5317 gloria
3443 5244 3645 5299 Christi
3673 5243 3765 5296 im-

2171 5339 2388 5410 plentur
2434 5337 2705 5392 desideria
2748 5345 3075 5403 sanctorum,
3119 5343 3174 5389 ut
3215 5336 3330 5405 ipse
3362 5334 3617 5388 Christus
3647 5330 3764 5384 inde

2174 5428 2244 5482 sit
2275 5427 2566 5502 gloriosus.
