3964 6178
143 250 258 305 609

1024 247 1298 306 GLOSSA
1334 246 1746 306 ORDINARIA.
1787 276 1856 290 -
1902 244 2120 302 EPIST.
2157 244 2252 302 AD
2283 243 2571 303 COLOSS.

3368 247 3472 301 610

1093 509 1539 582 EPISTOLA
1584 509 1713 581 AD
1777 508 2443 583 COLOSSENSES.

712 817 1221 879 ARGUMENTUM.

228 934 626 999 Colossenses,
657 932 795 989 sicut
825 940 878 988 et
907 933 1290 999 Laodicenses,
1324 940 1449 988 sunt
1479 931 1684 999 Asiani,
1719 940 1774 987 et

141 1026 254 1098 ipsi
306 1021 581 1095 praventi
636 1029 789 1077 erant
835 1037 867 1075 a
912 1020 1404 1092 pseudoapostolis,
1438 1036 1539 1075 nec
1568 1020 1640 1075 ad
1671 1020 1772 1075 hos

145 1112 399 1170 accessit
431 1111 550 1183 ipse
573 1110 886 1181 Apostolus,
920 1110 1018 1163 sed
1049 1125 1145 1164 eos
1166 1126 1267 1180 per
1286 1108 1572 1180 epistolam
1603 1109 1769 1165 corri-

145 1204 248 1277 git.
284 1200 597 1256 Audierant
627 1198 772 1253 enim
794 1199 1020 1253 verbum
1051 1198 1121 1253 ab
1144 1197 1438 1269 Archippo,
1461 1197 1551 1269 qui
1582 1206 1633 1252 et
1662 1197 1770 1251 mi-

144 1291 453 1346 nisterium
482 1288 539 1342 in
561 1303 657 1343 eos
686 1286 914 1357 accepit.
941 1288 1090 1359 Ergo
1122 1285 1416 1356 Apostolus
1438 1286 1550 1355 jam
1574 1285 1771 1357 ligatus

144 1379 350 1435 scribit
383 1377 469 1432 eis
505 1376 576 1430 ab
605 1375 826 1448 Epheso
870 1391 970 1446 per
1017 1374 1297 1431 Tichicum
1342 1374 1662 1441 diaconem,
1716 1381 1769 1429 et

150 1466 492 1524 Onesimum
511 1463 841 1535 acolythum.

691 1592 915 1649 CAPUT
952 1591 1242 1649 PRIMUM.

222 1711 407 1765 Vens.
443 1711 470 1763 1
484 1750 497 1762 .
521 1736 592 1748 —-
610 1709 846 1763 Paulus.
868 1707 1036 1762 Solito
1056 1722 1211 1762 more
1233 1706 1607 1762 salutationem
1629 1721 1770 1777 pra-

150 1798 337 1853 mittit.
374 1796 499 1866 Qua
528 1795 815 1868 pramissa
860 1796 929 1851 de
976 1795 1133 1851 bonis
1177 1811 1366 1851 eorum
1396 1794 1767 1867 gratiasagit,

154 1896 205 1942 et
233 1885 415 1941 ﬁdem
446 1893 498 1940 et
528 1884 874 1941 dilectionem
903 1884 1295 1939 commendans
1342 1892 1481 1949 orat,
1516 1891 1573 1938 ut
1600 1881 1768 1953 perﬁ-

148 1975 369 2032 ciantur
404 1973 465 2028 in
485 1972 720 2043 Christo,
754 1972 908 2040 cujus
938 1971 1203 2029 beneﬁcia
1250 1981 1303 2028 et
1340 1972 1630 2042 primatum
1676 1987 1768 2025 se-

152 2064 398 2121 cundum
440 2069 726 2133 utramque
765 2068 1018 2116 naturam
1054 2061 1429 2128 commendat;
1460 2059 1656 2115 deinde
1685 2059 1770 2114 sui

1797 822 1854 882 Α
1943 819 2150 891 Dignos
2177 833 2280 873 nos
2308 817 2467 888 fecit.
2500 816 2624 873 Non
2651 816 2709 870 in
2737 815 2884 887 lege,
2916 815 3013 872 sed
3045 818 3108 873 in
3151 817 3390 883 lumine,
3420 815 3475 870 id

1872 913 1957 962 est
1983 922 2085 977 per
2116 907 2289 961 Deum
2319 905 2413 977 qui
2440 911 2524 959 est
2550 904 2734 960 lumen
2762 904 2832 960 de
2862 904 3085 969 lumine,
3109 905 3264 974 cujus
3295 904 3476 978 gratia

1870 994 2261 1050 illuminamur.
2299 994 2397 1048 Vel
2426 995 2489 1049 in
2521 994 2758 1059 lumine,
2817 993 2873 1048 id
2907 1002 2990 1049 est
3017 994 3074 1048 in
3101 993 3247 1049 clara
3276 994 3474 1067 cogni-

1872 1082 2036 1148 tione,
2069 1097 2103 1137 a
2122 1098 2231 1154 quo
2261 1081 2489 1137 devians
2518 1081 2664 1137 cadit
2684 1081 2738 1135 in
2758 1081 3031 1137 tenebras.
3056 1080 3474 1137 Sortis.Volun-

1872 1178 1957 1226 tas
1989 1170 2109 1238 Dei,
2142 1170 2199 1224 in
2224 1171 2464 1225 humano
2493 1186 2699 1242 genere
2730 1185 2852 1225 sors
2875 1178 2958 1225 est
2985 1170 3131 1240 apud
3160 1185 3322 1242 quem
3362 1186 3474 1226 non

1870 1266 1955 1315 est
1981 1259 2252 1332 iniquitas,
2287 1258 2385 1315 sed
2413 1258 2597 1314 omnia
2627 1257 2755 1314 facit
2782 1275 2883 1330 per
2904 1257 3190 1329 justitiam,
3224 1258 3327 1315 etsi
3373 1274 3471 1316 oc-

1871 1347 2093 1405 cultam.

1942 1463 2114 1518 Vnus.
2149 1466 2235 1518 13.
2269 1492 2338 1503 -
2368 1464 2596 1535 Eripuit
2623 1478 2724 1518 nos
2752 1462 2821 1518 de
2856 1467 3154 1536 potestate.
3198 1462 3259 1517 ld
3289 1470 3375 1517 est
3401 1462 3470 1517 de

1870 1550 2106 1618 inferno;
2138 1550 2194 1605 in
2215 1567 2323 1622 quo
2352 1550 2716 1606 tenebamura
2736 1550 2989 1605 diabolo:
3013 1559 3123 1605 tam
3152 1567 3218 1605 ex
3247 1551 3473 1622 proprio

1874 1655 2039 1711 quam
2067 1656 2133 1695 ex
2164 1639 2365 1696 delicto
2393 1639 2545 1694 Ada.
2568 1641 2642 1694 Et
2669 1641 2994 1706 transtulit,
3017 1647 3123 1695 etc.
3146 1638 3377 1709 Quando
3395 1647 3474 1694 at-

1871 1728 2070 1783 tollens
2097 1744 2199 1783 nos
2228 1728 2297 1783 de
2336 1728 2446 1783 imo
2492 1727 2700 1794 tartari,
2749 1727 2955 1782 induxit
3003 1728 3059 1783 in
3098 1729 3297 1785 coelum
3344 1743 3472 1783 cum

1881 1816 2044 1873 unico
2076 1817 2209 1873 Filio
2238 1833 2358 1872 suo.
2387 1817 2507 1871 1am
2528 1816 2672 1872 enim
2701 1817 3009 1886 credentes,
3042 1817 3135 1889 qui
3165 1816 3271 1871 ﬁxa
3290 1824 3473 1872 mente

1876 1905 2059 1960 devoti
2089 1913 2233 1973 sunt,
2266 1913 2527 1960 exeuntes
2556 1904 2626 1960 de
2656 1904 2858 1961 saculo
2884 1905 3023 1961 duce
3070 1905 3311 1961 dextera
3364 1906 3472 1960 Pa-

1871 1993 1971 2047 tris
2000 1993 2197 2066 angelo
2230 1993 2560 2048 inducuntur
2588 1993 2646 2047 in
2673 1992 2892 2049 calum.
2926 1996 3174 2066 Regnum
3202 1993 3355 2049 Filii.
3393 1993 3474 2048 De

1871 2098 1979 2153 quo
1999 2082 2117 2153 ipse
2137 2082 2267 2137 dicit
2285 2099 2298 2135 :
2324 2084 2574 2155 Regnum
2586 2099 2781 2138 meum
2798 2099 2913 2138 non
2930 2087 3015 2137 est
3033 2082 3100 2138 de
3119 2083 3218 2139 hoc
3239 2081 3475 2150 mundo;

160 2151 459 2207 ministerii
510 2151 789 2223 dignatem
835 2164 1275 2207 commemorans
1313 2157 1498 2204 monet
1540 2166 1608 2203 ne
1664 2164 1766 2218 per

1876 2151 1981 2225 non
2009 2151 2082 2224 ait
2115 2172 2272 2226 :Non
2303 2178 2387 2226 est
2401 2151 2511 2237 hic,
2538 2171 2657 2240 sed,
2687 2188 2802 2228 non
2823 2175 2909 2227 est
2936 2171 3089 2236 hinc,
3122 2170 3250 2243 quia
3304 2186 3472 2241 pere-

157 2238 509 2311 prophetiam
538 2238 623 2294 vel
645 2237 784 2309 legis
832 2238 1188 2294 caremonias
1230 2237 1438 2294 seducti
1480 2254 1510 2292 a
1552 2236 1767 2292 Christo

157 2328 460 2395 recedant;
494 2327 715 2381 tandem
741 2341 933 2381 omnes
963 2326 1124 2381 simul
1165 2326 1466 2382 secundmn
1512 2341 1675 2381 sexus
1713 2333 1768 2380 et

155 2422 341 2472 atates
377 2423 437 2469 et
476 2414 817 2471 conditiones
854 2414 1139 2470 moraliter
1184 2414 1420 2483 instruit,
1474 2421 1527 2468 et
1569 2413 1627 2467 in
1658 2412 1767 2468 ﬁne

165 2504 516 2575 Archippum
541 2510 850 2558 commonet
880 2502 1169 2559 sollicitum
1200 2502 1317 2559 fore
1339 2503 1577 2573 suscepti
1607 2502 1766 2556 mini-

155 2591 322 2647 sterii.
356 2592 680 2663 Apostolus,
715 2599 821 2647 etc.
861 2591 1005 2646 Nota
1019 2590 1273 2647 omnibus
1302 2590 1573 2663 dignitate
1619 2598 1767 2646 recte

162 2679 247 2735 hic
275 2679 601 2751 apostolum
631 2695 690 2734 se
722 2678 984 2745 nominat,
1005 2679 1128 2750 quia
1145 2688 1198 2734 et
1217 2680 1306 2735 hic
1325 2679 1605 2750 apostolus
1624 2687 1764 2746 erat,

161 2768 357 2839 quibus
388 2784 495 2839 per
521 2767 820 2838 discipulos
849 2783 978 2823 suos
1009 2767 1421 2838 pradicaverat.‘

228 2857 413 2912 Vsus.
446 2860 499 2912 3.
532 2887 602 2897 —
634 2856 858 2912 Gratias
888 2857 1131 2928 agimus.
1167 2856 1420 2912 Ostendit
1470 2856 1615 2911 bona
1645 2872 1768 2927 qua

168 2953 522 3016 receperunt,
553 2944 683 3000 dum
710 2960 814 3015 pro
842 2944 926 2999 his
955 2944 1158 3017 gratias
1188 2944 1320 3018 agit.

224 3033 409 3090 Vsus.
443 3037 502 3089 6.
539 3033 809 3102 --Sicut,
844 3041 949 3089 etc.
982 3034 1042 3088 Id
1092 3041 1207 3103 est,
1242 3034 1316 3088 ita
1342 3049 1475 3104 pure
1512 3041 1565 3088 et
1612 3050 1762 3100 vere,

162 3120 293 3179 sicut
323 3138 438 3194 per
465 3137 553 3177 me
582 3129 637 3177 et
662 3120 798 3177 alios
826 3120 974 3177 venit
988 3121 1045 3175 in
1074 3121 1389 3177 universum
1417 3120 1767 3188 mundum,et

163 3210 336 3267 adhuc
393 3218 581 3265 manet
619 3208 676 3264 in
714 3225 800 3278 eo,
834 3209 992 3282 quasi
1018 3208 1162 3266 dicat
1196 3228 1209 3263 :
1241 3211 1361 3265 Non
1389 3210 1570 3265 minus
1611 3210 1765 3265 vobis

164 3296 364 3353 factum
431 3305 535 3368 est,
593 3308 757 3369 quam
802 3297 860 3353 in
915 3296 1038 3352 aliis
1093 3297 1359 3353 ecclesiis.
1421 3299 1557 3354 Cum
1614 3297 1684 3352 sit
1710 3298 1767 3353 in

160 3385 359 3441 mundo
378 3384 761 3458 Evangelium,
787 3383 1076 3442 fructiﬁcat
1095 3385 1169 3439 ibi
1184 3402 1285 3456 per
1314 3386 1459 3441 bona
1504 3401 1689 3457 opera,
1713 3395 1765 3441 et

159 3473 353 3529 crescit
383 3480 679 3546 augmento
712 3473 971 3542 scientia,
1006 3481 1060 3529 et
1088 3489 1318 3529 numero
1347 3472 1610 3530 ﬁdelium.
1641 3476 1763 3530 Non

166 3576 257 3632 per
286 3563 403 3618 hoc
430 3562 468 3615 ii
497 3561 622 3633 plus
650 3562 854 3617 habent
882 3578 1046 3633 quam
1074 3577 1193 3628 vos,
1226 3562 1324 3619 sed
1354 3561 1425 3617 ita
1480 3562 1585 3618 hoc
1639 3562 1743 3620 faci

163 3649 321 3717 Deus,
359 3649 506 3706 sicut
534 3657 619 3705 est
648 3649 705 3704 in
731 3650 908 3716 vobis,
940 3656 996 3706 et
1024 3649 1150 3706 ideo
1176 3650 1253 3706 nil
1302 3649 1515 3705 debetis
1568 3666 1763 3723 super-

167 3737 391 3794 addere.

228 3827 402 3882 Vsas.
436 3829 493 3881 7.
525 3855 596 3867 —
623 3827 733 3883 Pro
759 3826 929 3896 vobis,
963 3834 1068 3883 etc.
1102 3826 1350 3896 Quorum
1368 3826 1599 3882 salutem
1618 3825 1764 3882 desi-

169 3913 390 3982 derans,
423 3915 589 3987 capit
615 3914 950 3987 Archippum
980 3915 1261 3984 adjuvare.

231 4003 403 4060 Vens.
461 4007 514 4058 8.
564 4034 634 4045 —
673 4006 741 4060 In
785 4005 1025 4076 Spiritu.
1059 4003 1199 4073 Quia
1240 4021 1343 4076 pro
1368 4002 1759 4077 spiritualibus,

165 4107 264 4148 non
289 4108 397 4163 pro
427 4091 747 4149 carnalibus
776 4092 1020 4166 diligitis.
1130 4086 1135 4095 ’

231 4198 400 4254 Vm.
437 4201 491 4254 9.
524 4227 594 4239 -—
634 4200 997 4271 Impleamini
1043 4200 1107 4255 in
1154 4201 1331 4255 omni.
1378 4199 1633 4272 Magnum
1679 4204 1765 4253 est

168 4285 319 4356 plene
350 4287 495 4343 scire
523 4287 654 4359 quid
676 4289 825 4343 Deus
846 4288 997 4355 velit,
1025 4287 1084 4342 in
1102 4288 1356 4343 omnibus
1374 4288 1541 4343 rebus
1569 4286 1763 4343 activa

172 4374 286 4431 vita
312 4383 371 4430 et
400 4376 841 4447 contemplativa
860 4415 875 4431 .

232 4462 401 4518 Vnus.
437 4465 601 4520 10.-
620 4465 686 4519 In
706 4465 967 4521 scientia.
990 4465 1059 4520 Ut
1088 4478 1198 4519 non
1217 4463 1474 4537 ignorent
1500 4462 1629 4519 fidei
1649 4479 1762 4519 sua

171 4550 426 4621 speciem,
458 4550 513 4605 id
542 4559 625 4607 est
653 4567 770 4608 rem
799 4560 1095 4623 speratam,
1128 4551 1273 4607 unde
1300 4551 1446 4607 ﬁrmi
1475 4559 1650 4607 erunt.

230 4656 400 4713 Vens.
438 4660 526 4711 11.
558 4686 630 4698 -
657 4658 725 4713 In
752 4660 911 4715 omni
936 4660 1170 4715 virtute.
1204 4659 1315 4713 Vos
1330 4658 1453 4715 dico
1470 4657 1759 4714 confortati

166 4756 196 4797 a
222 4743 335 4800 Deo
366 4744 423 4800 in
453 4742 601 4800 omni
628 4745 843 4815 virtute,
875 4747 1125 4803 castitate
1167 4745 1379 4803 scilicet
1423 4755 1477 4801 et
1524 4746 1756 4801 cateris.

166 4829 315 4900 Quod
344 4832 485 4888 bene
515 4841 695 4904 potest
722 4833 811 4890 ille
843 4834 935 4905 qui
966 4842 1048 4890 est
1077 4834 1299 4890 claritas
1329 4834 1531 4901 Patris,
1563 4833 1618 4889 id
1676 4842 1760 4889 est

164 4918 342 4976 Filius.
377 4920 476 4977 Vel
496 4920 798 4979 secundum
820 4924 967 4994 quod
987 4923 1196 4979 claram
1216 4923 1585 4997 cognitionem
1601 4923 1759 4979 vobis

168 5005 327 5064 dedit.

230 5096 397 5153 Vens.
433 5100 522 5154 12.
553 5128 624 5139 -
659 5099 881 5156 Gratias
910 5104 1171 5172 agentes.
1202 5099 1326 5155 Jam
1353 5099 1541 5173 incipit
1571 5100 1757 5156 dicere

169 5185 301 5253 quod
328 5185 418 5241 lex
446 5202 560 5241 non
586 5186 830 5257 prodest,
866 5187 965 5243 sed
994 5196 1173 5255 nocet,
1209 5196 1263 5242 et
1281 5188 1531 5244 Christus
1550 5189 1618 5244 ad
1638 5203 1756 5244 om-

165 5271 248 5327 nia
274 5274 413 5330 bona
443 5272 640 5330 sufﬁcit
670 5292 687 5329 :
718 5274 864 5348 quod
895 5274 1023 5331 inde
1052 5284 1231 5347 potest
1278 5276 1423 5346 sciri,
1484 5293 1610 5332 cum
1639 5277 1758 5348 ipse

169 5368 215 5413 et
240 5361 325 5416 alii
353 5362 583 5434 apostoli
612 5363 729 5435 (qui
760 5364 813 5418 in
832 5363 1104 5436 legalibus
1134 5363 1373 5436 fuerant)
1406 5365 1487 5421 eis
1516 5365 1759 5420 dimissis

167 5448 230 5503 ad
255 5448 523 5506 Christum
551 5452 919 5525 confugerunt
952 5469 966 5508 :
1002 5451 1170 5521 Quasi
1198 5453 1345 5510 dicat
1378 5472 1391 5508 :
1439 5454 1546 5510 Pro
1601 5452 1759 5508 vobis

166 5549 368 5594 oramus
404 5556 527 5606 nos,
577 5540 785 5611 gratias
844 5550 1073 5613 agentes
1119 5541 1257 5609 Deo,
1298 5541 1425 5597 ideo
1497 5541 1628 5614 quia
1657 5556 1759 5596 nos

168 5621 348 5698 dignos
376 5626 522 5699 facit,
557 5628 706 5705 quod
735 5645 1018 5704 nunquam
1047 5630 1138 5688 lex
1165 5631 1359 5704 potuit.

1870 2259 2120 2331 grinatur
2149 2259 2372 2329 quidem
2401 2259 2458 2313 in
2490 2258 2715 2325 mundo,
2748 2259 2845 2314 sed
2875 2274 2987 2315 non
3015 2268 3098 2314 est
3127 2260 3195 2314 de
3244 2259 3469 2314 mundo.

1866 2348 2060 2420 Regno
2090 2347 2237 2402 enim
2266 2362 2365 2402 suo
2393 2346 2544 2413 dicit,
2577 2350 2654 2403 De
2683 2346 2893 2404 mundo
2922 2364 3038 2403 non
3063 2349 3220 2413 estis,
3252 2347 3349 2403 sed
3376 2364 3472 2420 ego

1867 2436 2010 2507 elegi
2040 2453 2131 2492 vos
2159 2436 2225 2492 de
2254 2436 2489 2492 mundo.
2538 2436 2710 2491 Erant
2736 2436 2805 2492 de
2849 2435 3073 2503 mundo,
3132 2435 3353 2508 quando
3398 2434 3471 2491 ad

1865 2524 2055 2579 mundi
2084 2523 2382 2595 principem
2410 2523 2778 2595 pertinebant.

1939 2631 2109 2685 VERS.
2135 2631 2223 2685 14.
2272 2660 2343 2671 -—
2372 2630 2847 2702 Redemptionem.
2880 2628 3169 2686 Destructa
3195 2634 3467 2700 potestate

1870 2718 2074 2774 diaboli
2101 2717 2333 2774 facultas
2363 2718 2631 2773 libertatis
2661 2716 2820 2773 nobis
2849 2717 2974 2772 data
3023 2724 3107 2772 est
3140 2716 3265 2773 fuso
3321 2717 3469 2772 illius

1869 2806 2155 2878 sanguine,
2189 2807 2283 2878 qui
2310 2806 2520 2861 nullum
2550 2805 2733 2860 habuit
2760 2813 3064 2877 peccatum.
3098 2806 3170 2861 Ut
3197 2804 3321 2877 quia
3349 2805 3469 2861 dia-

1868 2894 2030 2950 bolus
2060 2894 2184 2950 illos
2209 2894 2406 2950 merito
2436 2894 2672 2961 tenebat,
2707 2910 2846 2966 quos
2874 2893 3082 2965 peccati
3119 2908 3246 2950 reos
3271 2894 3467 2950 condi-

1867 2983 2012 3038 tione
2032 2983 2224 3039 mortis
2253 2983 2558 3051 obstrinxit,
2603 2984 2704 3038 hos
2734 2998 2832 3055 per
2876 2999 3002 3038 eum
3044 2983 3241 3039 merito
3282 2982 3469 3038 dimit-

1866 3080 2025 3137 teret,
2079 3088 2241 3143 quem
2289 3071 2491 3127 nullius
2531 3071 2744 3144 peccati
2795 3088 2949 3128 reum
2986 3071 3255 3131 immerito
3301 3086 3469 3144 pana

1869 3160 2062 3215 mortis
2090 3158 2288 3216 aﬁ‘ecit.

1961 3267 2131 3322 Vens.
2158 3269 2321 3322 15.-
2353 3267 2460 3335 Qui
2488 3271 2573 3323 est
2600 3269 2808 3339 imago.
2840 3266 3206 3341 Aliterimago
3220 3266 3370 3341 regis
3388 3275 3472 3323 est

1864 3354 1923 3410 in
1969 3371 2207 3421 nummo,
2258 3355 2417 3411 aliter
2462 3355 2519 3410 in
2566 3354 2714 3411 filio.
2762 3356 2878 3411 Nos
2922 3372 3109 3411 sumus
3176 3372 3466 3426 nummus,

1865 3443 1921 3497 in
1952 3444 2149 3514 quibus
2176 3443 2361 3515 imago
2409 3444 2510 3498 Dei
2558 3444 2803 3499 Christus
2839 3444 3025 3500 Filius.
3079 3444 3236 3500 Nulla
3286 3445 3468 3518 imago

1747 3572 1767 3618 ι
1797 3532 1847 3596 C
1865 3530 1967 3586 Dei
1995 3532 2160 3587 debet
2188 3532 2316 3598 coli,
2348 3531 2452 3586 nisi
2482 3530 2573 3587 illa
2602 3549 2744 3605 qua,
2780 3533 2883 3589 hoc
2906 3539 2990 3589 est
3016 3533 3164 3605 quod
3190 3534 3329 3605 ipse,
3363 3548 3469 3590 nec

1865 3618 1987 3691 ipsa
2015 3635 2118 3691 pro
2146 3619 2263 3687 illo,
2296 3620 2395 3675 sed
2424 3635 2542 3677 cum
2572 3618 2684 3677 illo.

1938 3725 2108 3781 Vsus.
2143 3729 2230 3781 18.
2251 3755 2322 3767 -
2354 3726 2535 3799 Caput
2564 3727 2812 3798 corporis
2827 3728 3107 3783 Ecclesia.
3142 3726 3280 3796 Quia
3310 3727 3381 3781 ita
3402 3743 3463 3783 se

1863 3814 2028 3869 habet
2058 3814 2129 3869 ad
2158 3813 2479 3875 Ecclesiam,
2515 3813 2653 3869 sicut
2671 3822 2833 3885 caput
2863 3815 2933 3870 ad
2972 3830 3193 3886 corpus.
3241 3815 3310 3870 Et
3338 3830 3463 3871 cum

1863 3901 2111 3959 Ecclesia
2142 3902 2212 3958 ab
2239 3903 2377 3959 Abel
2391 3902 2576 3974 coepit,
2600 3903 2873 3975 quomodo
2892 3911 3055 3976 caput
3072 3903 3300 3958 eorum?
3318 3904 3464 3959 Bene

1865 3992 1995 4063 quia
2025 4000 2107 4047 est
2127 3991 2451 4064 principium
2483 3991 2764 4057 Ecclesia,
2816 3992 2870 4047 id
2905 4000 2989 4048 est
3033 3991 3301 4069 fundator.
3358 3993 3463 4061 Qui

1864 4085 1951 4137 est
1975 4082 2346 4154 principium.
2380 4080 2642 4137 Ecclesia
2671 4082 2974 4137 secundum
3013 4081 3369 4152 divinitatem,
3405 4081 3462 4136 id

1865 4177 1947 4225 est
1976 4168 2234 4225 fundator
2250 4168 2529 4241 Ecclesia,
2550 4169 2677 4241 quia
2693 4185 2886 4227 omnes
2899 4171 3097 4239 justos,
3123 4170 3217 4242 qui
3238 4171 3306 4227 ab
3325 4169 3462 4226 Abel

1864 4273 2038 4328 usque
2070 4257 2142 4312 ad
2162 4256 2412 4311 ultimum
2436 4257 2643 4327 justum
2673 4267 3007 4331 generantur
3030 4258 3229 4314 virtute
3270 4258 3465 4313 divini-

1864 4345 1991 4400 tatis
2049 4353 2103 4400 et
2152 4345 2544 4402 misericordia
2569 4363 2683 4402 sua
2712 4347 2856 4402 dono
2875 4346 3214 4402 illuminant.
3249 4347 3461 4401 Secun-

1862 4433 1993 4490 dum
2020 4434 2412 4490 humanitatem
2442 4434 2607 4489 etiam
2637 4442 2817 4505 potest
2844 4435 2952 4491 dici
2989 4434 3311 4506 principium
3347 4435 3459 4490 Ec-

1862 4522 2067 4589 clesia,
2099 4522 2223 4595 quia
2252 4539 2421 4595 super
2465 4521 2631 4579 ﬁdem
2677 4523 3029 4579 humanitatis
3076 4523 3194 4592 ejus
3237 4522 3462 4578 fundata

1861 4618 1963 4667 est.
1995 4610 2064 4666 Et
2093 4611 2233 4667 bene
2260 4610 2380 4683 ipse
2406 4618 2489 4667 est
2516 4619 2681 4682 caput
2701 4620 2753 4667 et
2794 4610 3139 4683 principium,
3174 4619 3227 4666 et
3256 4618 3460 4681 rector,

1861 4707 1917 4754 et
1946 4698 2221 4770 fundator,
2264 4699 2394 4771 quia
2420 4699 2539 4771 ipse
2555 4708 2637 4755 est
2655 4698 3071 4773 primogenitus,
3095 4708 3201 4756 etc.
3234 4701 3459 4757 Primo-

1859 4789 2106 4861 genitus,
2134 4796 2239 4845 etc.
2273 4789 2425 4844 Sicut
2452 4796 2611 4843 natus
2640 4796 2724 4843 est
2752 4796 2875 4843 ante
2902 4787 3087 4844 omnia
3114 4788 3182 4844 de
3233 4789 3369 4855 Deo,
3401 4797 3461 4844 ut

1779 4892 1832 4953 D
1860 4876 2044 4932 omnia
2072 4885 2304 4941 crearet,
2338 4877 2418 4932 sic
2454 4876 2619 4931 homo
2645 4876 2857 4948 primus
2873 4878 3133 4950 resurgit,
3164 4885 3225 4933 ut
3248 4886 3459 4934 restau-

1860 4972 1963 5031 ret,
1996 4972 2055 5020 ut
2084 4980 2304 5036 semper
2332 4963 2401 5020 sit
2429 4964 2640 5037 primus
2669 4973 2725 5023 et
2753 4963 3032 5038 princeps.

1932 5071 2102 5126 Vens.
2138 5075 2225 5128 19.
2259 5100 2329 5113 -—
2356 5072 2802 5128 Plenitudinem.
2825 5071 2967 5142 Quia
2984 5072 3166 5128 omnia
3184 5081 3364 5145 potest
3392 5090 3458 5130 ex

1856 5174 1949 5226 se;
1983 5159 2129 5215 unde
2164 5176 2179 5215 :
2212 5159 2372 5217 Sicut
2418 5162 2590 5216 Pater
2636 5160 2801 5216 habet
2846 5164 3023 5218 vitam
3069 5163 3134 5218 in
3178 5179 3259 5229 se,
3291 5164 3373 5221 sic
3402 5168 3461 5221 et

1856 5247 2038 5304 Filius
2067 5250 2166 5321 qui
2193 5250 2437 5305 suscitat
2466 5252 2523 5305 et
2550 5249 2798 5319 viviﬁcat
2828 5241 2961 5323 quos
2990 5252 3131 5317 vult,
3166 5251 3246 5307 sic
3265 5259 3457 5311 osten-

1861 5333 2010 5392 ditur
2030 5336 2305 5409 perfectus
2333 5337 2481 5393 Deus
2511 5354 2655 5394 esse.

1935 5451 2103 5508 Vens.
2134 5455 2224 5510 20.
2266 5482 2337 5493 -—
2372 5454 2481 5509 Per
2509 5470 2642 5511 eum
2669 5457 3060 5513 reconciliare.
3100 5457 3217 5512 Deo
3254 5438 3477 5527 placuit.

1859 5555 1962 5611 per
1991 5556 2117 5596 eum
2145 5540 2526 5608 reconciliare,
2558 5550 2614 5600 et
2640 5543 2759 5616 ipse
2785 5544 3091 5617 paciﬁcavit
3125 5560 3235 5600 non
3262 5543 3455 5615 gratis,

1859 5627 1958 5685 sed
1988 5644 2092 5702 per
2120 5630 2448 5704 sanguinem
2467 5631 2711 5717 coelestia
2725 5640 2780 5690 et
2808 5632 3106 5702 terrestria,
3136 5630 3281 5689 unde
3308 5636 3477 5712 patet“

2735 5820 2761 5855 ἔ
