  <div class='ocr_page' id='page_1' title='image "/cluster/home/n/w/nwhite01/storage/ocr_20150623/114/hvd.32044052819893/311.png"; bbox 0 0 3968 6176; ppageno 0'>
   <div class='ocr_carea' id='block_1_1' title="bbox 472 257 568 309">
    <p class='ocr_par' dir='ltr' id='par_1_1' title="bbox 472 257 568 309">
     <span class='ocr_line' id='line_1_1' title="bbox 472 257 568 309; baseline -0.021 0"><span class='ocrx_word' id='word_1_1' title='bbox 472 257 568 309; x_wconf 81' lang='grc'><strong>611</strong></span> 
     </span>
    </p>
   </div>
   <div class='ocr_carea' id='block_1_2' title="bbox 1006 249 3152 310">
    <p class='ocr_par' dir='ltr' id='par_1_2' title="bbox 1006 249 3152 310">
     <span class='ocr_line' id='line_1_2' title="bbox 1006 249 3152 310; baseline -0.002 0"><span class='ocrx_word' id='word_1_2' title='bbox 1006 253 1410 310; x_wconf 80' lang='lat' dir='ltr'><strong>WALAFRIDI</strong></span> <span class='ocrx_word' id='word_1_3' title='bbox 1436 252 1678 310; x_wconf 82' lang='lat' dir='ltr'><strong>STRABI</strong></span> <span class='ocrx_word' id='word_1_4' title='bbox 1707 252 1908 310; x_wconf 86' lang='lat' dir='ltr'><strong>FULD.</strong></span> <span class='ocrx_word' id='word_1_5' title='bbox 1931 249 2104 308; x_wconf 86' lang='lat' dir='ltr'><strong>MON.</strong></span> <span class='ocrx_word' id='word_1_6' title='bbox 2136 250 2288 310; x_wconf 90' lang='lat' dir='ltr'><strong>OPP.</strong></span> <span class='ocrx_word' id='word_1_7' title='bbox 2321 250 2495 309; x_wconf 82' lang='lat' dir='ltr'><strong>PARS</strong></span> <span class='ocrx_word' id='word_1_8' title='bbox 2525 252 2567 307; x_wconf 90' lang='grc' dir='ltr'><strong>Ι.</strong></span> <span class='ocrx_word' id='word_1_9' title='bbox 2587 282 2657 294; x_wconf 88' lang='grc'><strong>--</strong></span> <span class='ocrx_word' id='word_1_10' title='bbox 2681 250 3152 308; x_wconf 85' lang='lat' dir='ltr'><strong>THEOLOGICA.</strong></span> 
     </span>
    </p>
   </div>
   <div class='ocr_carea' id='block_1_3' title="bbox 3672 253 3782 306">
    <p class='ocr_par' dir='ltr' id='par_1_3' title="bbox 3672 253 3782 306">
     <span class='ocr_line' id='line_1_3' title="bbox 3672 253 3782 306; baseline 0.018 -2"><span class='ocrx_word' id='word_1_11' title='bbox 3672 253 3782 306; x_wconf 69' lang='grc' dir='ltr'><strong>δη</strong></span> 
     </span>
    </p>
   </div>
   <div class='ocr_carea' id='block_1_4' title="bbox 477 375 3787 448">
    <p class='ocr_par' dir='ltr' id='par_1_4' title="bbox 477 375 3787 448">
     <span class='ocr_line' id='line_1_4' title="bbox 477 375 3787 448; baseline -0.001 -15"><span class='ocrx_word' id='word_1_12' title='bbox 477 376 682 434; x_wconf 89' lang='lat' dir='ltr'><strong>homini</strong></span> <span class='ocrx_word' id='word_1_13' title='bbox 712 376 964 433; x_wconf 76' lang='lat' dir='ltr'><strong>introitus</strong></span> <span class='ocrx_word' id='word_1_14' title='bbox 993 377 1048 432; x_wconf 91' lang='lat' dir='ltr'><strong>in</strong></span> <span class='ocrx_word' id='word_1_15' title='bbox 1077 378 1294 433; x_wconf 77' lang='lat' dir='ltr'><strong>coelum.</strong></span> <span class='ocrx_word' id='word_1_16' title='bbox 1348 379 1551 434; x_wconf 87' lang='lat' dir='ltr'><strong>Omnia</strong></span> <span class='ocrx_word' id='word_1_17' title='bbox 1596 393 1694 448; x_wconf 89' lang='lat' dir='ltr'><strong>per</strong></span> <span class='ocrx_word' id='word_1_18' title='bbox 1737 394 1862 434; x_wconf 90' lang='lat' dir='ltr'><strong>eum</strong></span> <span class='ocrx_word' id='word_1_19' title='bbox 1906 378 2066 446; x_wconf 86' lang='lat' dir='ltr'><strong>facta,</strong></span> <span class='ocrx_word' id='word_1_20' title='bbox 2091 380 2147 440; x_wconf 86' lang='grc' dir='ltr'><strong>Α</strong></span> <span class='ocrx_word' id='word_1_21' title='bbox 2253 377 2528 434; x_wconf 82' lang='lat' dir='ltr'><strong>Gaudens.</strong></span> <span class='ocrx_word' id='word_1_22' title='bbox 2557 377 2660 433; x_wconf 88' lang='lat' dir='ltr'><strong>Per</strong></span> <span class='ocrx_word' id='word_1_23' title='bbox 2688 378 2790 434; x_wconf 91' lang='lat' dir='ltr'><strong>hoc</strong></span> <span class='ocrx_word' id='word_1_24' title='bbox 2811 377 3172 448; x_wconf 78' lang='lat' dir='ltr'><strong>promptiores</strong></span> <span class='ocrx_word' id='word_1_25' title='bbox 3194 375 3319 432; x_wconf 79' lang='lat' dir='ltr'><strong>facit</strong></span> <span class='ocrx_word' id='word_1_26' title='bbox 3347 375 3495 432; x_wconf 82' lang='lat' dir='ltr'><strong>circa</strong></span> <span class='ocrx_word' id='word_1_27' title='bbox 3527 376 3787 448; x_wconf 80' lang='lat' dir='ltr'><strong>Evange-</strong></span> 
     </span>
    </p>
   </div>
   <div class='ocr_carea' id='block_1_5' title="bbox 479 467 1165 538">
    <p class='ocr_par' dir='ltr' id='par_1_5' title="bbox 479 467 1165 538">
     <span class='ocr_line' id='line_1_5' title="bbox 479 467 1165 538; baseline 0 -17"><span class='ocrx_word' id='word_1_28' title='bbox 479 467 534 522; x_wconf 91' lang='lat' dir='ltr'><strong>in</strong></span> <span class='ocrx_word' id='word_1_29' title='bbox 564 467 684 538; x_wconf 91' lang='lat' dir='ltr'><strong>ipso</strong></span> <span class='ocrx_word' id='word_1_30' title='bbox 706 475 929 522; x_wconf 89' lang='lat' dir='ltr'><strong>auctore</strong></span> <span class='ocrx_word' id='word_1_31' title='bbox 960 467 1165 523; x_wconf 88' lang='lat' dir='ltr'><strong>vivunt.</strong></span> 
     </span>
    </p>
   </div>
   <div class='ocr_carea' id='block_1_6' title="bbox 550 555 2071 625">
    <p class='ocr_par' dir='ltr' id='par_1_6' title="bbox 550 555 2071 625">
     <span class='ocr_line' id='line_1_6' title="bbox 550 555 2071 625; baseline 0.001 -15"><span class='ocrx_word' id='word_1_32' title='bbox 550 556 720 611; x_wconf 87' lang='lat' dir='ltr'><strong>Vens.</strong></span> <span class='ocrx_word' id='word_1_33' title='bbox 754 560 841 612; x_wconf 97' lang='grc'><strong>21.</strong></span> <span class='ocrx_word' id='word_1_34' title='bbox 874 586 943 596; x_wconf 90' lang='grc'><strong>-</strong></span> <span class='ocrx_word' id='word_1_35' title='bbox 986 557 1239 612; x_wconf 79' lang='lat' dir='ltr'><strong>Alienati</strong></span> <span class='ocrx_word' id='word_1_36' title='bbox 1283 560 1341 611; x_wconf 89' lang='lat' dir='ltr'><strong>et</strong></span> <span class='ocrx_word' id='word_1_37' title='bbox 1383 557 1608 612; x_wconf 85' lang='lat' dir='ltr'><strong>inimici</strong></span> <span class='ocrx_word' id='word_1_38' title='bbox 1650 555 1880 611; x_wconf 91' lang='lat' dir='ltr'><strong>concilio</strong></span> <span class='ocrx_word' id='word_1_39' title='bbox 1930 557 2071 625; x_wconf 84' lang='lat' dir='ltr'><strong>ejus,</strong></span> 
     </span>
    </p>
   </div>
   <div class='ocr_carea' id='block_1_7' title="bbox 480 644 2072 717">
    <p class='ocr_par' dir='ltr' id='par_1_7' title="bbox 480 644 2072 717">
     <span class='ocr_line' id='line_1_7' title="bbox 480 644 2072 717; baseline 0.001 -18"><span class='ocrx_word' id='word_1_40' title='bbox 480 645 624 717; x_wconf 90' lang='lat' dir='ltr'><strong>quod</strong></span> <span class='ocrx_word' id='word_1_41' title='bbox 652 644 798 700; x_wconf 91' lang='lat' dir='ltr'><strong>idem</strong></span> <span class='ocrx_word' id='word_1_42' title='bbox 826 644 981 709; x_wconf 89' lang='lat' dir='ltr'><strong>valet,</strong></span> <span class='ocrx_word' id='word_1_43' title='bbox 1017 644 1144 715; x_wconf 88' lang='lat' dir='ltr'><strong>quia</strong></span> <span class='ocrx_word' id='word_1_44' title='bbox 1173 660 1282 698; x_wconf 91' lang='lat' dir='ltr'><strong>non</strong></span> <span class='ocrx_word' id='word_1_45' title='bbox 1312 653 1633 715; x_wconf 89' lang='lat' dir='ltr'><strong>receperunt</strong></span> <span class='ocrx_word' id='word_1_46' title='bbox 1654 661 1774 716; x_wconf 85' lang='lat' dir='ltr'><strong>quae</strong></span> <span class='ocrx_word' id='word_1_47' title='bbox 1793 661 1894 715; x_wconf 92' lang='lat' dir='ltr'><strong>per</strong></span> <span class='ocrx_word' id='word_1_48' title='bbox 1922 645 2072 716; x_wconf 88' lang='lat' dir='ltr'><strong>Moy-</strong></span> 
     </span>
    </p>
   </div>
   <div class='ocr_carea' id='block_1_8' title="bbox 479 732 1828 804">
    <p class='ocr_par' dir='ltr' id='par_1_8' title="bbox 479 732 1828 804">
     <span class='ocr_line' id='line_1_8' title="bbox 479 732 1828 804; baseline 0 -16"><span class='ocrx_word' id='word_1_49' title='bbox 479 749 576 790; x_wconf 90' lang='lat' dir='ltr'><strong>sen</strong></span> <span class='ocrx_word' id='word_1_50' title='bbox 606 733 879 788; x_wconf 79' lang='lat' dir='ltr'><strong>mandavit</strong></span> <span class='ocrx_word' id='word_1_51' title='bbox 908 735 1053 788; x_wconf 87' lang='lat' dir='ltr'><strong>Deus</strong></span> <span class='ocrx_word' id='word_1_52' title='bbox 1082 741 1267 804; x_wconf 81' lang='lat' dir='ltr'><strong>utpote</strong></span> <span class='ocrx_word' id='word_1_53' title='bbox 1297 733 1477 789; x_wconf 81' lang='lat' dir='ltr'><strong>devoti</strong></span> <span class='ocrx_word' id='word_1_54' title='bbox 1506 733 1668 788; x_wconf 86' lang='lat' dir='ltr'><strong>idolis</strong></span> <span class='ocrx_word' id='word_1_55' title='bbox 1697 732 1828 788; x_wconf 89' lang='lat' dir='ltr'><strong>suis.</strong></span> 
     </span>
    </p>
   </div>
   <div class='ocr_carea' id='block_1_9' title="bbox 552 822 2070 895">
    <p class='ocr_par' dir='ltr' id='par_1_9' title="bbox 552 822 2070 895">
     <span class='ocr_line' id='line_1_9' title="bbox 552 822 2070 895; baseline 0.001 -19"><span class='ocrx_word' id='word_1_56' title='bbox 552 823 717 877; x_wconf 87' lang='lat' dir='ltr'><strong>Vens.</strong></span> <span class='ocrx_word' id='word_1_57' title='bbox 736 825 824 878; x_wconf 86' lang='lat'><strong>22.</strong></span> <span class='ocrx_word' id='word_1_58' title='bbox 848 851 917 862; x_wconf 92' lang='lat'>—</span> <span class='ocrx_word' id='word_1_59' title='bbox 944 823 1344 879; x_wconf 75' lang='lat' dir='ltr'><strong>Reconciliavit</strong></span> <span class='ocrx_word' id='word_1_60' title='bbox 1373 824 1435 877; x_wconf 87' lang='lat' dir='ltr'><strong>in</strong></span> <span class='ocrx_word' id='word_1_61' title='bbox 1467 839 1712 895; x_wconf 88' lang='lat' dir='ltr'><strong>corpore.</strong></span> <span class='ocrx_word' id='word_1_62' title='bbox 1765 822 1822 878; x_wconf 88' lang='lat' dir='ltr'><strong>Si</strong></span> <span class='ocrx_word' id='word_1_63' title='bbox 1860 830 2070 878; x_wconf 87' lang='lat' dir='ltr'><strong>morta-</strong></span> 
     </span>
    </p>
   </div>
   <div class='ocr_carea' id='block_1_10' title="bbox 476 909 2070 981">
    <p class='ocr_par' dir='ltr' id='par_1_10' title="bbox 476 909 2070 981">
     <span class='ocr_line' id='line_1_10' title="bbox 476 909 2070 981; baseline 0.001 -16"><span class='ocrx_word' id='word_1_64' title='bbox 476 911 542 965; x_wconf 85' lang='lat' dir='ltr'><strong>lis</strong></span> <span class='ocrx_word' id='word_1_65' title='bbox 573 918 625 966; x_wconf 91' lang='lat' dir='ltr'><strong>et</strong></span> <span class='ocrx_word' id='word_1_66' title='bbox 655 917 901 965; x_wconf 88' lang='lat' dir='ltr'><strong>mortuus</strong></span> <span class='ocrx_word' id='word_1_67' title='bbox 945 911 1118 980; x_wconf 88' lang='lat' dir='ltr'><strong>potuit</strong></span> <span class='ocrx_word' id='word_1_68' title='bbox 1167 910 1544 981; x_wconf 82' lang='lat' dir='ltr'><strong>reconciliare,</strong></span> <span class='ocrx_word' id='word_1_69' title='bbox 1589 911 1700 980; x_wconf 88' lang='lat' dir='ltr'><strong>jam</strong></span> <span class='ocrx_word' id='word_1_70' title='bbox 1747 909 2070 968; x_wconf 87' lang='lat' dir='ltr'><strong>immortalis</strong></span> 
     </span>
    </p>
   </div>
   <div class='ocr_carea' id='block_1_11' title="bbox 474 998 1088 1070">
    <p class='ocr_par' dir='ltr' id='par_1_11' title="bbox 474 998 1088 1070">
     <span class='ocr_line' id='line_1_11' title="bbox 474 998 1088 1070; baseline 0 -16"><span class='ocrx_word' id='word_1_71' title='bbox 474 1006 651 1070; x_wconf 90' lang='lat' dir='ltr'><strong>potest</strong></span> <span class='ocrx_word' id='word_1_72' title='bbox 682 1000 860 1054; x_wconf 87' lang='lat' dir='ltr'><strong>omnia</strong></span> <span class='ocrx_word' id='word_1_73' title='bbox 885 998 1088 1056; x_wconf 81' lang='lat' dir='ltr'><strong>facere.</strong></span> 
     </span>
    </p>
   </div>
   <div class='ocr_carea' id='block_1_12' title="bbox 544 1088 2069 1162">
    <p class='ocr_par' dir='ltr' id='par_1_12' title="bbox 544 1088 2069 1162">
     <span class='ocr_line' id='line_1_12' title="bbox 544 1088 2069 1162; baseline 0.003 -20"><span class='ocrx_word' id='word_1_74' title='bbox 544 1088 714 1143; x_wconf 86' lang='lat' dir='ltr'><strong>Vens.</strong></span> <span class='ocrx_word' id='word_1_75' title='bbox 737 1092 826 1144; x_wconf 92' lang='lat'><strong>23.</strong></span> <span class='ocrx_word' id='word_1_76' title='bbox 847 1119 916 1129; x_wconf 97' lang='lat'><strong><em>—</em></strong></span> <span class='ocrx_word' id='word_1_77' title='bbox 935 1090 993 1145; x_wconf 90' lang='lat' dir='ltr'><strong>Si</strong></span> <span class='ocrx_word' id='word_1_78' title='bbox 1018 1093 1208 1145; x_wconf 89' lang='lat' dir='ltr'><strong>tamen</strong></span> <span class='ocrx_word' id='word_1_79' title='bbox 1227 1090 1596 1162; x_wconf 79' lang='lat' dir='ltr'><strong>permanetis.</strong></span> <span class='ocrx_word' id='word_1_80' title='bbox 1616 1089 1744 1145; x_wconf 90' lang='lat' dir='ltr'><strong>Ideo</strong></span> <span class='ocrx_word' id='word_1_81' title='bbox 1760 1097 1836 1144; x_wconf 88' lang='lat' dir='ltr'><strong>tot</strong></span> <span class='ocrx_word' id='word_1_82' title='bbox 1854 1097 1906 1144; x_wconf 90' lang='lat' dir='ltr'><strong>et</strong></span> <span class='ocrx_word' id='word_1_83' title='bbox 1922 1097 2069 1146; x_wconf 87' lang='lat' dir='ltr'><strong>tanta</strong></span> 
     </span>
    </p>
   </div>
   <div class='ocr_carea' id='block_1_13' title="bbox 471 1175 2064 1249">
    <p class='ocr_par' dir='ltr' id='par_1_13' title="bbox 471 1175 2064 1249">
     <span class='ocr_line' id='line_1_13' title="bbox 471 1175 2064 1249; baseline 0.002 -18"><span class='ocrx_word' id='word_1_84' title='bbox 471 1175 682 1231; x_wconf 81' lang='lat' dir='ltr'><strong>dixerat</strong></span> <span class='ocrx_word' id='word_1_85' title='bbox 709 1176 778 1232; x_wconf 90' lang='lat' dir='ltr'><strong>de</strong></span> <span class='ocrx_word' id='word_1_86' title='bbox 808 1176 1042 1244; x_wconf 86' lang='lat' dir='ltr'><strong>Christo,</strong></span> <span class='ocrx_word' id='word_1_87' title='bbox 1078 1185 1134 1232; x_wconf 92' lang='lat' dir='ltr'><strong>ut</strong></span> <span class='ocrx_word' id='word_1_88' title='bbox 1160 1177 1263 1249; x_wconf 89' lang='lat' dir='ltr'><strong>ipsi</strong></span> <span class='ocrx_word' id='word_1_89' title='bbox 1295 1185 1497 1248; x_wconf 87' lang='lat' dir='ltr'><strong>ponant</strong></span> <span class='ocrx_word' id='word_1_90' title='bbox 1527 1194 1678 1248; x_wconf 85' lang='lat' dir='ltr'><strong>spem</strong></span> <span class='ocrx_word' id='word_1_91' title='bbox 1711 1178 1767 1231; x_wconf 93' lang='lat' dir='ltr'><strong>in</strong></span> <span class='ocrx_word' id='word_1_92' title='bbox 1814 1194 1880 1234; x_wconf 91' lang='lat' dir='ltr'><strong>eo</strong></span> <span class='ocrx_word' id='word_1_93' title='bbox 1927 1179 2064 1244; x_wconf 91' lang='lat' dir='ltr'><strong>solo,</strong></span> 
     </span>
    </p>
   </div>
   <div class='ocr_carea' id='block_1_14' title="bbox 472 1265 2067 1338">
    <p class='ocr_par' dir='ltr' id='par_1_14' title="bbox 472 1265 2067 1338">
     <span class='ocr_line' id='line_1_14' title="bbox 472 1265 2067 1338; baseline 0.001 -19"><span class='ocrx_word' id='word_1_94' title='bbox 472 1265 524 1319; x_wconf 90' lang='lat' dir='ltr'><strong>in</strong></span> <span class='ocrx_word' id='word_1_95' title='bbox 555 1281 661 1336; x_wconf 91' lang='lat' dir='ltr'><strong>quo</strong></span> <span class='ocrx_word' id='word_1_96' title='bbox 692 1265 872 1321; x_wconf 87' lang='lat' dir='ltr'><strong>omnia</strong></span> <span class='ocrx_word' id='word_1_97' title='bbox 904 1275 1063 1332; x_wconf 85' lang='lat' dir='ltr'><strong>sunt;</strong></span> <span class='ocrx_word' id='word_1_98' title='bbox 1099 1282 1209 1321; x_wconf 91' lang='lat' dir='ltr'><strong>non</strong></span> <span class='ocrx_word' id='word_1_99' title='bbox 1237 1266 1400 1338; x_wconf 87' lang='lat' dir='ltr'><strong>aliqui</strong></span> <span class='ocrx_word' id='word_1_100' title='bbox 1427 1266 1817 1322; x_wconf 88' lang='lat' dir='ltr'><strong>elementorum</strong></span> <span class='ocrx_word' id='word_1_101' title='bbox 1844 1267 1931 1324; x_wconf 85' lang='lat' dir='ltr'><strong>vel</strong></span> <span class='ocrx_word' id='word_1_102' title='bbox 1964 1283 2067 1322; x_wconf 90' lang='lat' dir='ltr'><strong>an-</strong></span> 
     </span>
    </p>
   </div>
   <div class='ocr_carea' id='block_1_15' title="bbox 472 1354 2064 1426">
    <p class='ocr_par' dir='ltr' id='par_1_15' title="bbox 472 1354 2064 1426">
     <span class='ocr_line' id='line_1_15' title="bbox 472 1354 2064 1426; baseline 0.001 -18"><span class='ocrx_word' id='word_1_103' title='bbox 472 1354 720 1426; x_wconf 86' lang='lat' dir='ltr'><strong>gelorum</strong></span> <span class='ocrx_word' id='word_1_104' title='bbox 751 1372 809 1409; x_wconf 91' lang='lat' dir='ltr'><strong>se</strong></span> <span class='ocrx_word' id='word_1_105' title='bbox 837 1355 1202 1424; x_wconf 87' lang='lat' dir='ltr'><strong>subjiciendos</strong></span> <span class='ocrx_word' id='word_1_106' title='bbox 1231 1363 1420 1425; x_wconf 86' lang='lat' dir='ltr'><strong>putent</strong></span> <span class='ocrx_word' id='word_1_107' title='bbox 1452 1373 1464 1409; x_wconf 91' lang='lat'><strong>:</strong></span> <span class='ocrx_word' id='word_1_108' title='bbox 1500 1356 1588 1411; x_wconf 92' lang='lat' dir='ltr'><strong>hic</strong></span> <span class='ocrx_word' id='word_1_109' title='bbox 1618 1356 1768 1410; x_wconf 90' lang='lat' dir='ltr'><strong>solus</strong></span> <span class='ocrx_word' id='word_1_110' title='bbox 1799 1356 2064 1412; x_wconf 90' lang='lat' dir='ltr'><strong>colendus</strong></span> 
     </span>
    </p>
   </div>
   <div class='ocr_carea' id='block_1_16' title="bbox 473 1444 2066 1515">
    <p class='ocr_par' dir='ltr' id='par_1_16' title="bbox 473 1444 2066 1515">
     <span class='ocr_line' id='line_1_16' title="bbox 473 1444 2066 1515; baseline 0.001 -17"><span class='ocrx_word' id='word_1_111' title='bbox 473 1451 575 1508; x_wconf 90' lang='lat' dir='ltr'><strong>est,</strong></span> <span class='ocrx_word' id='word_1_112' title='bbox 609 1451 662 1498; x_wconf 89' lang='lat' dir='ltr'><strong>et</strong></span> <span class='ocrx_word' id='word_1_113' title='bbox 691 1444 760 1498; x_wconf 91' lang='lat' dir='ltr'><strong>ad</strong></span> <span class='ocrx_word' id='word_1_114' title='bbox 791 1444 936 1499; x_wconf 86' lang='lat' dir='ltr'><strong>hunc</strong></span> <span class='ocrx_word' id='word_1_115' title='bbox 965 1459 1072 1498; x_wconf 91' lang='lat' dir='ltr'><strong>non</strong></span> <span class='ocrx_word' id='word_1_116' title='bbox 1119 1444 1470 1498; x_wconf 72' lang='lat' dir='ltr'><strong>aestimandus</strong></span> <span class='ocrx_word' id='word_1_117' title='bbox 1519 1452 1602 1498; x_wconf 90' lang='lat' dir='ltr'><strong>est</strong></span> <span class='ocrx_word' id='word_1_118' title='bbox 1649 1444 1956 1515; x_wconf 88' lang='lat' dir='ltr'><strong>quisquam.</strong></span> <span class='ocrx_word' id='word_1_119' title='bbox 2001 1446 2066 1499; x_wconf 91' lang='lat' dir='ltr'><strong>In</strong></span> 
     </span>
    </p>
   </div>
   <div class='ocr_carea' id='block_1_17' title="bbox 470 1530 2064 1601">
    <p class='ocr_par' dir='ltr' id='par_1_17' title="bbox 470 1530 2064 1601">
     <span class='ocr_line' id='line_1_17' title="bbox 470 1530 2064 1601; baseline 0.001 -13"><span class='ocrx_word' id='word_1_120' title='bbox 470 1533 756 1588; x_wconf 86' lang='lat' dir='ltr'><strong>universa.</strong></span> <span class='ocrx_word' id='word_1_121' title='bbox 810 1530 942 1601; x_wconf 86' lang='lat' dir='ltr'><strong>Quae</strong></span> <span class='ocrx_word' id='word_1_122' title='bbox 988 1547 1131 1588; x_wconf 89' lang='lat' dir='ltr'><strong>nova</strong></span> <span class='ocrx_word' id='word_1_123' title='bbox 1177 1541 1424 1588; x_wconf 85' lang='lat' dir='ltr'><strong>creatura</strong></span> <span class='ocrx_word' id='word_1_124' title='bbox 1470 1533 1633 1588; x_wconf 91' lang='lat' dir='ltr'><strong>modo</strong></span> <span class='ocrx_word' id='word_1_125' title='bbox 1664 1540 1746 1588; x_wconf 91' lang='lat' dir='ltr'><strong>est</strong></span> <span class='ocrx_word' id='word_1_126' title='bbox 1773 1533 1874 1588; x_wconf 91' lang='lat' dir='ltr'><strong>sub</strong></span> <span class='ocrx_word' id='word_1_127' title='bbox 1905 1533 2064 1600; x_wconf 82' lang='lat' dir='ltr'><strong>coelo,</strong></span> 
     </span>
    </p>
   </div>
   <div class='ocr_carea' id='block_1_18' title="bbox 469 1619 2066 1694">
    <p class='ocr_par' dir='ltr' id='par_1_18' title="bbox 469 1619 2066 1694">
     <span class='ocr_line' id='line_1_18' title="bbox 469 1619 2066 1694; baseline 0.003 -20"><span class='ocrx_word' id='word_1_128' title='bbox 469 1619 650 1676; x_wconf 89' lang='lat' dir='ltr'><strong>adhuc</strong></span> <span class='ocrx_word' id='word_1_129' title='bbox 686 1628 865 1676; x_wconf 89' lang='lat' dir='ltr'><strong>tamen</strong></span> <span class='ocrx_word' id='word_1_130' title='bbox 913 1629 997 1676; x_wconf 89' lang='lat' dir='ltr'><strong>est</strong></span> <span class='ocrx_word' id='word_1_131' title='bbox 1041 1621 1350 1694; x_wconf 85' lang='lat' dir='ltr'><strong>peregrina,</strong></span> <span class='ocrx_word' id='word_1_132' title='bbox 1405 1622 1502 1677; x_wconf 90' lang='lat' dir='ltr'><strong>sed</strong></span> <span class='ocrx_word' id='word_1_133' title='bbox 1561 1630 1744 1677; x_wconf 88' lang='lat' dir='ltr'><strong>tamen</strong></span> <span class='ocrx_word' id='word_1_134' title='bbox 1781 1622 1963 1678; x_wconf 87' lang='lat' dir='ltr'><strong>veniet</strong></span> <span class='ocrx_word' id='word_1_135' title='bbox 1999 1623 2066 1678; x_wconf 88' lang='lat' dir='ltr'><strong>ad</strong></span> 
     </span>
    </p>
   </div>
   <div class='ocr_carea' id='block_1_19' title="bbox 470 1709 716 1782">
    <p class='ocr_par' dir='ltr' id='par_1_19' title="bbox 470 1709 716 1782">
     <span class='ocr_line' id='line_1_19' title="bbox 470 1709 716 1782; baseline 0.004 -19"><span class='ocrx_word' id='word_1_136' title='bbox 470 1709 716 1782; x_wconf 80' lang='lat' dir='ltr'><strong>gloriam.</strong></span> 
     </span>
    </p>
   </div>
   <div class='ocr_carea' id='block_1_20' title="bbox 543 1798 2065 1871">
    <p class='ocr_par' dir='ltr' id='par_1_20' title="bbox 543 1798 2065 1871">
     <span class='ocr_line' id='line_1_20' title="bbox 543 1798 2065 1871; baseline 0.001 -19"><span class='ocrx_word' id='word_1_137' title='bbox 543 1799 712 1853; x_wconf 90' lang='lat' dir='ltr'><strong>Vens.</strong></span> <span class='ocrx_word' id='word_1_138' title='bbox 741 1800 830 1855; x_wconf 67' lang='lat'><strong>24.</strong></span> <span class='ocrx_word' id='word_1_139' title='bbox 859 1827 928 1838; x_wconf 92' lang='lat'><strong>-—</strong></span> <span class='ocrx_word' id='word_1_140' title='bbox 957 1798 1266 1871; x_wconf 85' lang='lat' dir='ltr'><strong>Adimpleo.</strong></span> <span class='ocrx_word' id='word_1_141' title='bbox 1295 1800 1374 1853; x_wconf 91' lang='lat' dir='ltr'><strong>Ea</strong></span> <span class='ocrx_word' id='word_1_142' title='bbox 1405 1799 1720 1870; x_wconf 89' lang='lat' dir='ltr'><strong>passionum</strong></span> <span class='ocrx_word' id='word_1_143' title='bbox 1751 1815 1870 1871; x_wconf 72' lang='lat' dir='ltr'><strong>quae</strong></span> <span class='ocrx_word' id='word_1_144' title='bbox 1902 1800 2065 1854; x_wconf 90' lang='lat' dir='ltr'><strong>Chri-</strong></span> 
     </span>
    </p>
   </div>
   <div class='ocr_carea' id='block_1_21' title="bbox 471 1887 2062 1960">
    <p class='ocr_par' dir='ltr' id='par_1_21' title="bbox 471 1887 2062 1960">
     <span class='ocr_line' id='line_1_21' title="bbox 471 1887 2062 1960; baseline 0.001 -20"><span class='ocrx_word' id='word_1_145' title='bbox 471 1895 585 1942; x_wconf 88' lang='lat' dir='ltr'><strong>stus</strong></span> <span class='ocrx_word' id='word_1_146' title='bbox 631 1887 903 1952; x_wconf 88' lang='lat' dir='ltr'><strong>sustinuit,</strong></span> <span class='ocrx_word' id='word_1_147' title='bbox 953 1887 1046 1956; x_wconf 70' lang='lat' dir='ltr'><strong>vel</strong></span> <span class='ocrx_word' id='word_1_148' title='bbox 1085 1903 1204 1958; x_wconf 74' lang='lat' dir='ltr'><strong>quae</strong></span> <span class='ocrx_word' id='word_1_149' title='bbox 1251 1887 1415 1942; x_wconf 91' lang='lat' dir='ltr'><strong>modo</strong></span> <span class='ocrx_word' id='word_1_150' title='bbox 1460 1888 1728 1944; x_wconf 88' lang='lat' dir='ltr'><strong>sustinere</strong></span> <span class='ocrx_word' id='word_1_151' title='bbox 1787 1888 2062 1960; x_wconf 85' lang='lat' dir='ltr'><strong>praecepit,</strong></span> 
     </span>
    </p>
   </div>
   <div class='ocr_carea' id='block_1_22' title="bbox 470 1975 2067 2048">
    <p class='ocr_par' dir='ltr' id='par_1_22' title="bbox 470 1975 2067 2048">
     <span class='ocr_line' id='line_1_22' title="bbox 470 1975 2067 2048; baseline 0.001 -17"><span class='ocrx_word' id='word_1_152' title='bbox 470 1992 592 2047; x_wconf 60' lang='lat' dir='ltr'><strong>qua</strong></span> <span class='ocrx_word' id='word_1_153' title='bbox 637 1975 815 2031; x_wconf 90' lang='lat' dir='ltr'><strong>adhuc</strong></span> <span class='ocrx_word' id='word_1_154' title='bbox 865 1976 1061 2032; x_wconf 89' lang='lat' dir='ltr'><strong>desunt</strong></span> <span class='ocrx_word' id='word_1_155' title='bbox 1104 1975 1396 2047; x_wconf 90' lang='lat' dir='ltr'><strong>adimpleo,</strong></span> <span class='ocrx_word' id='word_1_156' title='bbox 1448 1976 1505 2031; x_wconf 90' lang='lat' dir='ltr'><strong>id</strong></span> <span class='ocrx_word' id='word_1_157' title='bbox 1551 1985 1633 2032; x_wconf 89' lang='lat' dir='ltr'><strong>est</strong></span> <span class='ocrx_word' id='word_1_158' title='bbox 1679 1985 1900 2048; x_wconf 89' lang='lat' dir='ltr'><strong>paratus</strong></span> <span class='ocrx_word' id='word_1_159' title='bbox 1947 1993 2067 2048; x_wconf 87' lang='lat' dir='ltr'><strong>sum</strong></span> 
     </span>
    </p>
   </div>
   <div class='ocr_carea' id='block_1_23' title="bbox 467 2064 598 2136">
    <p class='ocr_par' dir='ltr' id='par_1_23' title="bbox 467 2064 598 2136">
     <span class='ocr_line' id='line_1_23' title="bbox 467 2064 598 2136; baseline 0 -16"><span class='ocrx_word' id='word_1_160' title='bbox 467 2064 598 2136; x_wconf 90' lang='lat' dir='ltr'><strong>pati.</strong></span> 
     </span>
    </p>
   </div>
   <div class='ocr_carea' id='block_1_24' title="bbox 539 2171 2066 2243">
    <p class='ocr_par' dir='ltr' id='par_1_24' title="bbox 539 2171 2066 2243">
     <span class='ocr_line' id='line_1_24' title="bbox 539 2171 2066 2243; baseline 0 -17"><span class='ocrx_word' id='word_1_161' title='bbox 539 2171 706 2226; x_wconf 89' lang='lat' dir='ltr'><strong>Vens.</strong></span> <span class='ocrx_word' id='word_1_162' title='bbox 741 2174 830 2227; x_wconf 81' lang='grc'><strong>25.</strong></span> <span class='ocrx_word' id='word_1_163' title='bbox 870 2201 938 2210; x_wconf 92' lang='grc'><strong><em>-</em></strong></span> <span class='ocrx_word' id='word_1_164' title='bbox 977 2172 1184 2227; x_wconf 77' lang='lat' dir='ltr'><strong>Factus</strong></span> <span class='ocrx_word' id='word_1_165' title='bbox 1210 2189 1336 2227; x_wconf 86' lang='lat' dir='ltr'><strong>sum</strong></span> <span class='ocrx_word' id='word_1_166' title='bbox 1367 2187 1479 2243; x_wconf 89' lang='lat' dir='ltr'><strong>ego.</strong></span> <span class='ocrx_word' id='word_1_167' title='bbox 1531 2171 1833 2226; x_wconf 81' lang='lat' dir='ltr'><strong>Ministrum</strong></span> <span class='ocrx_word' id='word_1_168' title='bbox 1877 2172 2066 2228; x_wconf 90' lang='lat' dir='ltr'><strong>Evan-</strong></span> 
     </span>
    </p>
   </div>
   <div class='ocr_carea' id='block_1_25' title="bbox 459 2259 2066 2333">
    <p class='ocr_par' dir='ltr' id='par_1_25' title="bbox 459 2259 2066 2333">
     <span class='ocr_line' id='line_1_25' title="bbox 459 2259 2066 2333; baseline 0.001 -19"><span class='ocrx_word' id='word_1_169' title='bbox 459 2259 592 2333; x_wconf 83' lang='lat' dir='ltr'><strong>gelii</strong></span> <span class='ocrx_word' id='word_1_170' title='bbox 615 2275 648 2314; x_wconf 90' lang='lat' dir='ltr'><strong>a</strong></span> <span class='ocrx_word' id='word_1_171' title='bbox 668 2261 782 2314; x_wconf 90' lang='lat' dir='ltr'><strong>Deo</strong></span> <span class='ocrx_word' id='word_1_172' title='bbox 802 2275 903 2331; x_wconf 90' lang='lat' dir='ltr'><strong>per</strong></span> <span class='ocrx_word' id='word_1_173' title='bbox 923 2259 1199 2314; x_wconf 87' lang='lat' dir='ltr'><strong>Christum</strong></span> <span class='ocrx_word' id='word_1_174' title='bbox 1219 2277 1279 2314; x_wconf 92' lang='lat' dir='ltr'><strong>se</strong></span> <span class='ocrx_word' id='word_1_175' title='bbox 1339 2260 1535 2316; x_wconf 87' lang='lat' dir='ltr'><strong>factum</strong></span> <span class='ocrx_word' id='word_1_176' title='bbox 1564 2260 1714 2326; x_wconf 89' lang='lat' dir='ltr'><strong>dicit,</strong></span> <span class='ocrx_word' id='word_1_177' title='bbox 1737 2269 1792 2315; x_wconf 92' lang='lat' dir='ltr'><strong>ut</strong></span> <span class='ocrx_word' id='word_1_178' title='bbox 1823 2261 2066 2316; x_wconf 88' lang='lat' dir='ltr'><strong>ministe-</strong></span> 
     </span>
    </p>
   </div>
   <div class='ocr_carea' id='block_1_26' title="bbox 466 2356 2066 2429">
    <p class='ocr_par' dir='ltr' id='par_1_26' title="bbox 466 2356 2066 2429">
     <span class='ocr_line' id='line_1_26' title="bbox 466 2356 2066 2429; baseline 0.001 -19"><span class='ocrx_word' id='word_1_179' title='bbox 466 2356 604 2410; x_wconf 91' lang='lat' dir='ltr'><strong>rium</strong></span> <span class='ocrx_word' id='word_1_180' title='bbox 638 2371 671 2411; x_wconf 90' lang='lat' dir='ltr'><strong>a</strong></span> <span class='ocrx_word' id='word_1_181' title='bbox 701 2357 816 2411; x_wconf 92' lang='lat' dir='ltr'><strong>Deo</strong></span> <span class='ocrx_word' id='word_1_182' title='bbox 844 2364 1102 2428; x_wconf 86' lang='lat' dir='ltr'><strong>coeptum,</strong></span> <span class='ocrx_word' id='word_1_183' title='bbox 1135 2373 1235 2427; x_wconf 90' lang='lat' dir='ltr'><strong>per</strong></span> <span class='ocrx_word' id='word_1_184' title='bbox 1261 2357 1516 2412; x_wconf 91' lang='lat' dir='ltr'><strong>idoneum</strong></span> <span class='ocrx_word' id='word_1_185' title='bbox 1566 2373 1785 2412; x_wconf 85' lang='lat' dir='ltr'><strong>servum</strong></span> <span class='ocrx_word' id='word_1_186' title='bbox 1834 2357 2066 2429; x_wconf 89' lang='lat' dir='ltr'><strong>implea-</strong></span> 
     </span>
    </p>
   </div>
   <div class='ocr_carea' id='block_1_27' title="bbox 466 2444 2069 2517">
    <p class='ocr_par' dir='ltr' id='par_1_27' title="bbox 466 2444 2069 2517">
     <span class='ocr_line' id='line_1_27' title="bbox 466 2444 2069 2517; baseline 0.002 -18"><span class='ocrx_word' id='word_1_187' title='bbox 466 2453 571 2512; x_wconf 89' lang='lat' dir='ltr'><strong>tur,</strong></span> <span class='ocrx_word' id='word_1_188' title='bbox 607 2446 754 2516; x_wconf 91' lang='lat' dir='ltr'><strong>quod</strong></span> <span class='ocrx_word' id='word_1_189' title='bbox 784 2445 1030 2517; x_wconf 87' lang='lat' dir='ltr'><strong>ignotum</strong></span> <span class='ocrx_word' id='word_1_190' title='bbox 1062 2444 1160 2500; x_wconf 88' lang='lat' dir='ltr'><strong>fuit</strong></span> <span class='ocrx_word' id='word_1_191' title='bbox 1187 2462 1219 2499; x_wconf 88' lang='lat' dir='ltr'><strong>a</strong></span> <span class='ocrx_word' id='word_1_192' title='bbox 1249 2446 1485 2502; x_wconf 68' lang='lat' dir='ltr'><strong>saeculis.</strong></span> <span class='ocrx_word' id='word_1_193' title='bbox 1521 2448 1664 2502; x_wconf 89' lang='lat' dir='ltr'><strong>Data</strong></span> <span class='ocrx_word' id='word_1_194' title='bbox 1695 2451 1780 2502; x_wconf 90' lang='lat' dir='ltr'><strong>est</strong></span> <span class='ocrx_word' id='word_1_195' title='bbox 1803 2448 1963 2502; x_wconf 85' lang='lat' dir='ltr'><strong>mihi.</strong></span> <span class='ocrx_word' id='word_1_196' title='bbox 1999 2448 2069 2502; x_wconf 89' lang='lat' dir='ltr'><strong>Ut</strong></span> 
     </span>
    </p>
   </div>
   <div class='ocr_carea' id='block_1_28' title="bbox 468 2532 2066 2605">
    <p class='ocr_par' dir='ltr' id='par_1_28' title="bbox 468 2532 2066 2605">
     <span class='ocr_line' id='line_1_28' title="bbox 468 2532 2066 2605; baseline 0.001 -17"><span class='ocrx_word' id='word_1_197' title='bbox 468 2532 723 2604; x_wconf 89' lang='lat' dir='ltr'><strong>impleam</strong></span> <span class='ocrx_word' id='word_1_198' title='bbox 754 2535 898 2604; x_wconf 87' lang='lat' dir='ltr'><strong>quod</strong></span> <span class='ocrx_word' id='word_1_199' title='bbox 929 2534 1075 2589; x_wconf 90' lang='lat' dir='ltr'><strong>Deus</strong></span> <span class='ocrx_word' id='word_1_200' title='bbox 1104 2534 1490 2604; x_wconf 79' lang='lat' dir='ltr'><strong>praeordinavit</strong></span> <span class='ocrx_word' id='word_1_201' title='bbox 1518 2535 1586 2590; x_wconf 91' lang='lat' dir='ltr'><strong>de</strong></span> <span class='ocrx_word' id='word_1_202' title='bbox 1618 2535 1792 2605; x_wconf 87' lang='lat' dir='ltr'><strong>vobis,</strong></span> <span class='ocrx_word' id='word_1_203' title='bbox 1825 2551 1923 2591; x_wconf 88' lang='lat' dir='ltr'><strong>vos</strong></span> <span class='ocrx_word' id='word_1_204' title='bbox 1953 2535 2066 2590; x_wconf 89' lang='lat' dir='ltr'><strong>sci-</strong></span> 
     </span>
    </p>
   </div>
   <div class='ocr_carea' id='block_1_29' title="bbox 467 2621 2068 2693">
    <p class='ocr_par' dir='ltr' id='par_1_29' title="bbox 467 2621 2068 2693">
     <span class='ocr_line' id='line_1_29' title="bbox 467 2621 2068 2693; baseline 0.001 -17"><span class='ocrx_word' id='word_1_205' title='bbox 467 2621 596 2678; x_wconf 89' lang='lat' dir='ltr'><strong>licet</strong></span> <span class='ocrx_word' id='word_1_206' title='bbox 621 2638 719 2693; x_wconf 90' lang='lat' dir='ltr'><strong>per</strong></span> <span class='ocrx_word' id='word_1_207' title='bbox 748 2622 1177 2678; x_wconf 84' lang='lat' dir='ltr'><strong>incarnationem</strong></span> <span class='ocrx_word' id='word_1_208' title='bbox 1209 2623 1423 2679; x_wconf 90' lang='lat' dir='ltr'><strong>salvari.</strong></span> <span class='ocrx_word' id='word_1_209' title='bbox 1458 2623 1572 2679; x_wconf 85' lang='lat' dir='ltr'><strong>Hoc</strong></span> <span class='ocrx_word' id='word_1_210' title='bbox 1599 2623 1748 2690; x_wconf 88' lang='lat' dir='ltr'><strong>dicit,</strong></span> <span class='ocrx_word' id='word_1_211' title='bbox 1781 2639 1850 2678; x_wconf 90' lang='lat' dir='ltr'><strong>ne</strong></span> <span class='ocrx_word' id='word_1_212' title='bbox 1880 2623 2068 2678; x_wconf 87' lang='lat' dir='ltr'><strong>videa-</strong></span> 
     </span>
    </p>
   </div>
   <div class='ocr_carea' id='block_1_30' title="bbox 469 2711 2068 2784">
    <p class='ocr_par' dir='ltr' id='par_1_30' title="bbox 469 2711 2068 2784">
     <span class='ocr_line' id='line_1_30' title="bbox 469 2711 2068 2784; baseline 0.001 -19"><span class='ocrx_word' id='word_1_213' title='bbox 469 2718 559 2765; x_wconf 91' lang='lat' dir='ltr'><strong>tur</strong></span> <span class='ocrx_word' id='word_1_214' title='bbox 587 2711 738 2765; x_wconf 90' lang='lat' dir='ltr'><strong>salus</strong></span> <span class='ocrx_word' id='word_1_215' title='bbox 785 2727 895 2766; x_wconf 92' lang='lat' dir='ltr'><strong>non</strong></span> <span class='ocrx_word' id='word_1_216' title='bbox 947 2727 1070 2766; x_wconf 90' lang='lat' dir='ltr'><strong>esse</strong></span> <span class='ocrx_word' id='word_1_217' title='bbox 1117 2712 1391 2782; x_wconf 89' lang='lat' dir='ltr'><strong>promissa</strong></span> <span class='ocrx_word' id='word_1_218' title='bbox 1434 2711 1707 2784; x_wconf 85' lang='lat' dir='ltr'><strong>gentibus.</strong></span> <span class='ocrx_word' id='word_1_219' title='bbox 1759 2711 1880 2777; x_wconf 91' lang='lat' dir='ltr'><strong>Vel,</strong></span> <span class='ocrx_word' id='word_1_220' title='bbox 1922 2712 2068 2767; x_wconf 86' lang='lat' dir='ltr'><strong>mihi</strong></span> 
     </span>
    </p>
   </div>
   <div class='ocr_carea' id='block_1_31' title="bbox 462 2800 2070 2872">
    <p class='ocr_par' dir='ltr' id='par_1_31' title="bbox 462 2800 2070 2872">
     <span class='ocr_line' id='line_1_31' title="bbox 462 2800 2070 2872; baseline 0.001 -18"><span class='ocrx_word' id='word_1_221' title='bbox 462 2800 597 2854; x_wconf 86' lang='lat' dir='ltr'><strong>data</strong></span> <span class='ocrx_word' id='word_1_222' title='bbox 625 2803 710 2855; x_wconf 87' lang='lat' dir='ltr'><strong>est</strong></span> <span class='ocrx_word' id='word_1_223' title='bbox 740 2801 802 2855; x_wconf 89' lang='lat' dir='ltr'><strong>in</strong></span> <span class='ocrx_word' id='word_1_224' title='bbox 829 2801 993 2864; x_wconf 82' lang='lat' dir='ltr'><strong>vobis,</strong></span> <span class='ocrx_word' id='word_1_225' title='bbox 1025 2807 1233 2854; x_wconf 90' lang='lat' dir='ltr'><strong>tantum</strong></span> <span class='ocrx_word' id='word_1_226' title='bbox 1253 2808 1337 2854; x_wconf 91' lang='lat' dir='ltr'><strong>est</strong></span> <span class='ocrx_word' id='word_1_227' title='bbox 1364 2800 1510 2855; x_wconf 89' lang='lat' dir='ltr'><strong>enim</strong></span> <span class='ocrx_word' id='word_1_228' title='bbox 1531 2801 1677 2871; x_wconf 91' lang='lat' dir='ltr'><strong>quod</strong></span> <span class='ocrx_word' id='word_1_229' title='bbox 1704 2816 1737 2855; x_wconf 91' lang='lat' dir='ltr'><strong>a</strong></span> <span class='ocrx_word' id='word_1_230' title='bbox 1757 2800 1892 2856; x_wconf 89' lang='lat' dir='ltr'><strong>meis</strong></span> <span class='ocrx_word' id='word_1_231' title='bbox 1923 2816 2070 2872; x_wconf 66' lang='lat' dir='ltr'><strong>quae-</strong></span> 
     </span>
    </p>
   </div>
   <div class='ocr_carea' id='block_1_32' title="bbox 471 2886 1311 2960">
    <p class='ocr_par' dir='ltr' id='par_1_32' title="bbox 471 2886 1311 2960">
     <span class='ocr_line' id='line_1_32' title="bbox 471 2886 1311 2960; baseline 0.002 -18"><span class='ocrx_word' id='word_1_232' title='bbox 471 2886 628 2954; x_wconf 89' lang='lat' dir='ltr'><strong>ritur,</strong></span> <span class='ocrx_word' id='word_1_233' title='bbox 653 2895 914 2960; x_wconf 86' lang='lat' dir='ltr'><strong>quantum</strong></span> <span class='ocrx_word' id='word_1_234' title='bbox 946 2888 991 2942; x_wconf 90' lang='lat' dir='ltr'><strong>si</strong></span> <span class='ocrx_word' id='word_1_235' title='bbox 1020 2903 1053 2942; x_wconf 91' lang='lat' dir='ltr'><strong>a</strong></span> <span class='ocrx_word' id='word_1_236' title='bbox 1082 2889 1311 2959; x_wconf 91' lang='lat' dir='ltr'><strong>meipso.</strong></span> 
     </span>
    </p>
   </div>
   <div class='ocr_carea' id='block_1_33' title="bbox 539 2995 2069 3067">
    <p class='ocr_par' dir='ltr' id='par_1_33' title="bbox 539 2995 2069 3067">
     <span class='ocr_line' id='line_1_33' title="bbox 539 2995 2069 3067; baseline 0.001 -17"><span class='ocrx_word' id='word_1_237' title='bbox 539 2995 709 3050; x_wconf 88' lang='lat' dir='ltr'><strong>Vens.</strong></span> <span class='ocrx_word' id='word_1_238' title='bbox 732 2999 822 3065; x_wconf 89' lang='grc'><strong>28,</strong></span> <span class='ocrx_word' id='word_1_239' title='bbox 844 2998 935 3052; x_wconf 87' lang='lat'><strong>29.</strong></span> <span class='ocrx_word' id='word_1_240' title='bbox 960 3025 1028 3034; x_wconf 94' lang='lat'><strong>—-</strong></span> <span class='ocrx_word' id='word_1_241' title='bbox 1053 2996 1452 3067; x_wconf 85' lang='lat' dir='ltr'><strong>Corripientes.</strong></span> <span class='ocrx_word' id='word_1_242' title='bbox 1477 2995 1926 3051; x_wconf 90' lang='lat' dir='ltr'><strong>Contradicentes</strong></span> <span class='ocrx_word' id='word_1_243' title='bbox 1947 3010 2069 3051; x_wconf 91' lang='lat' dir='ltr'><strong>cor-</strong></span> 
     </span>
    </p>
   </div>
   <div class='ocr_carea' id='block_1_34' title="bbox 465 3082 2138 3161">
    <p class='ocr_par' dir='ltr' id='par_1_34' title="bbox 465 3082 2138 3161">
     <span class='ocr_line' id='line_1_34' title="bbox 465 3082 2138 3161; baseline 0.001 -23"><span class='ocrx_word' id='word_1_244' title='bbox 465 3082 693 3155; x_wconf 90' lang='lat' dir='ltr'><strong>ripimus</strong></span> <span class='ocrx_word' id='word_1_245' title='bbox 715 3093 769 3138; x_wconf 91' lang='lat' dir='ltr'><strong>et</strong></span> <span class='ocrx_word' id='word_1_246' title='bbox 787 3083 1075 3150; x_wconf 91' lang='lat' dir='ltr'><strong>vincimus,</strong></span> <span class='ocrx_word' id='word_1_247' title='bbox 1100 3091 1154 3138; x_wconf 90' lang='lat' dir='ltr'><strong>et</strong></span> <span class='ocrx_word' id='word_1_248' title='bbox 1173 3084 1493 3139; x_wconf 90' lang='lat' dir='ltr'><strong>obedientes</strong></span> <span class='ocrx_word' id='word_1_249' title='bbox 1512 3084 1790 3140; x_wconf 90' lang='lat' dir='ltr'><strong>docemus.</strong></span> <span class='ocrx_word' id='word_1_250' title='bbox 1825 3084 1890 3140; x_wconf 89' lang='lat' dir='ltr'><strong>In</strong></span> <span class='ocrx_word' id='word_1_251' title='bbox 1910 3086 2066 3141; x_wconf 89' lang='lat' dir='ltr'><strong>omni</strong></span> <span class='ocrx_word' id='word_1_252' title='bbox 2089 3098 2138 3161; x_wconf 72' lang='grc' dir='ltr'>α</span> 
     </span>
    </p>
   </div>
   <div class='ocr_carea' id='block_1_35' title="bbox 461 3171 2067 3243">
    <p class='ocr_par' dir='ltr' id='par_1_35' title="bbox 461 3171 2067 3243">
     <span class='ocr_line' id='line_1_35' title="bbox 461 3171 2067 3243; baseline 0.001 -16"><span class='ocrx_word' id='word_1_253' title='bbox 461 3173 764 3243; x_wconf 82' lang='lat' dir='ltr'><strong>sapientia,</strong></span> <span class='ocrx_word' id='word_1_254' title='bbox 820 3181 923 3228; x_wconf 92' lang='lat' dir='ltr'><strong>etc.</strong></span> <span class='ocrx_word' id='word_1_255' title='bbox 979 3172 1118 3226; x_wconf 88' lang='lat' dir='ltr'><strong>Vera</strong></span> <span class='ocrx_word' id='word_1_256' title='bbox 1169 3171 1432 3243; x_wconf 88' lang='lat' dir='ltr'><strong>sapientia</strong></span> <span class='ocrx_word' id='word_1_257' title='bbox 1487 3181 1587 3241; x_wconf 90' lang='lat' dir='ltr'><strong>est,</strong></span> <span class='ocrx_word' id='word_1_258' title='bbox 1647 3189 1772 3229; x_wconf 92' lang='lat' dir='ltr'><strong>cum</strong></span> <span class='ocrx_word' id='word_1_259' title='bbox 1821 3173 2067 3229; x_wconf 89' lang='lat' dir='ltr'><strong>Christus</strong></span> 
     </span>
    </p>
   </div>
   <div class='ocr_carea' id='block_1_36' title="bbox 464 3260 2061 3334">
    <p class='ocr_par' dir='ltr' id='par_1_36' title="bbox 464 3260 2061 3334">
     <span class='ocr_line' id='line_1_36' title="bbox 464 3260 2061 3334; baseline 0.001 -20"><span class='ocrx_word' id='word_1_260' title='bbox 464 3260 802 3332; x_wconf 84' lang='lat' dir='ltr'><strong>agnoscitur.</strong></span> <span class='ocrx_word' id='word_1_261' title='bbox 832 3263 898 3318; x_wconf 91' lang='lat' dir='ltr'><strong>Ut</strong></span> <span class='ocrx_word' id='word_1_262' title='bbox 919 3261 1305 3328; x_wconf 72' lang='lat' dir='ltr'><strong>exhibea-mus,</strong></span> <span class='ocrx_word' id='word_1_263' title='bbox 1331 3269 1434 3317; x_wconf 87' lang='lat' dir='ltr'><strong>etc.</strong></span> <span class='ocrx_word' id='word_1_264' title='bbox 1460 3263 1526 3317; x_wconf 84' lang='lat' dir='ltr'><strong>In</strong></span> <span class='ocrx_word' id='word_1_265' title='bbox 1546 3280 1667 3334; x_wconf 89' lang='lat' dir='ltr'><strong>quo.</strong></span> <span class='ocrx_word' id='word_1_266' title='bbox 1690 3261 1858 3331; x_wconf 85' lang='lat' dir='ltr'><strong>Quasi</strong></span> <span class='ocrx_word' id='word_1_267' title='bbox 1887 3263 2061 3319; x_wconf 89' lang='lat' dir='ltr'><strong>dicat:</strong></span> 
     </span>
    </p>
   </div>
   <div class='ocr_carea' id='block_1_37' title="bbox 464 3347 2065 3422">
    <p class='ocr_par' dir='ltr' id='par_1_37' title="bbox 464 3347 2065 3422">
     <span class='ocr_line' id='line_1_37' title="bbox 464 3347 2065 3422; baseline 0.003 -20"><span class='ocrx_word' id='word_1_268' title='bbox 464 3347 666 3403; x_wconf 86' lang='lat' dir='ltr'><strong>Labori</strong></span> <span class='ocrx_word' id='word_1_269' title='bbox 695 3365 819 3406; x_wconf 90' lang='lat' dir='ltr'><strong>meo</strong></span> <span class='ocrx_word' id='word_1_270' title='bbox 849 3349 1097 3422; x_wconf 86' lang='lat' dir='ltr'><strong>adjungit</strong></span> <span class='ocrx_word' id='word_1_271' title='bbox 1118 3351 1266 3406; x_wconf 90' lang='lat' dir='ltr'><strong>Deus</strong></span> <span class='ocrx_word' id='word_1_272' title='bbox 1294 3349 1549 3407; x_wconf 87' lang='lat' dir='ltr'><strong>miracula</strong></span> <span class='ocrx_word' id='word_1_273' title='bbox 1578 3351 1648 3406; x_wconf 92' lang='lat' dir='ltr'><strong>ad</strong></span> <span class='ocrx_word' id='word_1_274' title='bbox 1689 3350 2065 3408; x_wconf 85' lang='lat' dir='ltr'><strong>conﬁrmatio-</strong></span> 
     </span>
    </p>
   </div>
   <div class='ocr_carea' id='block_1_38' title="bbox 467 3452 615 3492">
    <p class='ocr_par' dir='ltr' id='par_1_38' title="bbox 467 3452 612 3492">
     <span class='ocr_line' id='line_1_38' title="bbox 467 3452 612 3492; baseline 0.014 -2"><span class='ocrx_word' id='word_1_275' title='bbox 467 3452 612 3492; x_wconf 75' lang='lat' dir='ltr'><strong>nenL</strong></span> 
     </span>
    </p>
   </div>
   <div class='ocr_carea' id='block_1_39' title="bbox 1105 3554 1425 3611">
    <p class='ocr_par' dir='ltr' id='par_1_39' title="bbox 1105 3554 1425 3611">
     <span class='ocr_line' id='line_1_39' title="bbox 1105 3554 1425 3611; baseline 0.003 -2"><span class='ocrx_word' id='word_1_276' title='bbox 1105 3554 1332 3610; x_wconf 81' lang='lat' dir='ltr'><strong>CAPUT</strong></span> <span class='ocrx_word' id='word_1_277' title='bbox 1357 3556 1425 3611; x_wconf 92' lang='lat' dir='ltr'><strong>II.</strong></span> 
     </span>
    </p>
   </div>
   <div class='ocr_carea' id='block_1_40' title="bbox 533 3685 2062 3758">
    <p class='ocr_par' dir='ltr' id='par_1_40' title="bbox 533 3685 2062 3758">
     <span class='ocr_line' id='line_1_40' title="bbox 533 3685 2062 3758; baseline 0.001 -18"><span class='ocrx_word' id='word_1_278' title='bbox 533 3685 704 3748; x_wconf 83' lang='lat' dir='ltr'><strong>Vens.</strong></span> <span class='ocrx_word' id='word_1_279' title='bbox 740 3689 790 3740; x_wconf 93' lang='grc'><strong>1.</strong></span> <span class='ocrx_word' id='word_1_280' title='bbox 824 3715 894 3727; x_wconf 92' lang='lat'><strong>-—-</strong></span> <span class='ocrx_word' id='word_1_281' title='bbox 929 3687 1068 3752; x_wconf 86' lang='lat' dir='ltr'><strong>Volo,</strong></span> <span class='ocrx_word' id='word_1_282' title='bbox 1107 3694 1208 3742; x_wconf 91' lang='lat' dir='ltr'><strong>etc.</strong></span> <span class='ocrx_word' id='word_1_283' title='bbox 1245 3686 1501 3758; x_wconf 88' lang='lat' dir='ltr'><strong>Sequitur</strong></span> <span class='ocrx_word' id='word_1_284' title='bbox 1531 3704 1543 3740; x_wconf 92' lang='lat'><strong>:</strong></span> <span class='ocrx_word' id='word_1_285' title='bbox 1577 3689 1686 3743; x_wconf 88' lang='lat' dir='ltr'><strong>Pro</strong></span> <span class='ocrx_word' id='word_1_286' title='bbox 1723 3688 1890 3745; x_wconf 84' lang='lat' dir='ltr'><strong>vobis.</strong></span> <span class='ocrx_word' id='word_1_287' title='bbox 1941 3689 2062 3742; x_wconf 92' lang='lat' dir='ltr'><strong>Non</strong></span> 
     </span>
    </p>
   </div>
   <div class='ocr_carea' id='block_1_41' title="bbox 469 3773 2070 3848">
    <p class='ocr_par' dir='ltr' id='par_1_41' title="bbox 469 3773 2070 3848">
     <span class='ocr_line' id='line_1_41' title="bbox 469 3773 2070 3848; baseline 0 -18"><span class='ocrx_word' id='word_1_288' title='bbox 469 3773 615 3830; x_wconf 88' lang='lat' dir='ltr'><strong>enim</strong></span> <span class='ocrx_word' id='word_1_289' title='bbox 651 3774 830 3829; x_wconf 90' lang='lat' dir='ltr'><strong>minus</strong></span> <span class='ocrx_word' id='word_1_290' title='bbox 858 3791 959 3846; x_wconf 91' lang='lat' dir='ltr'><strong>pro</strong></span> <span class='ocrx_word' id='word_1_291' title='bbox 999 3775 1083 3829; x_wconf 88' lang='lat' dir='ltr'><strong>his</strong></span> <span class='ocrx_word' id='word_1_292' title='bbox 1114 3793 1250 3847; x_wconf 91' lang='lat' dir='ltr'><strong>quos</strong></span> <span class='ocrx_word' id='word_1_293' title='bbox 1298 3792 1407 3831; x_wconf 91' lang='lat' dir='ltr'><strong>non</strong></span> <span class='ocrx_word' id='word_1_294' title='bbox 1448 3776 1600 3844; x_wconf 90' lang='lat' dir='ltr'><strong>vidit,</strong></span> <span class='ocrx_word' id='word_1_295' title='bbox 1636 3793 1797 3848; x_wconf 89' lang='lat' dir='ltr'><strong>quam</strong></span> <span class='ocrx_word' id='word_1_296' title='bbox 1841 3793 1944 3848; x_wconf 90' lang='lat' dir='ltr'><strong>pro</strong></span> <span class='ocrx_word' id='word_1_297' title='bbox 1985 3776 2070 3831; x_wconf 90' lang='lat' dir='ltr'><strong>his</strong></span> 
     </span>
    </p>
   </div>
   <div class='ocr_carea' id='block_1_42' title="bbox 457 3863 1519 3935">
    <p class='ocr_par' dir='ltr' id='par_1_42' title="bbox 457 3863 1519 3935">
     <span class='ocr_line' id='line_1_42' title="bbox 457 3863 1519 3935; baseline 0.002 -18"><span class='ocrx_word' id='word_1_298' title='bbox 457 3879 596 3935; x_wconf 91' lang='lat' dir='ltr'><strong>quos</strong></span> <span class='ocrx_word' id='word_1_299' title='bbox 628 3863 760 3920; x_wconf 90' lang='lat' dir='ltr'><strong>vidit</strong></span> <span class='ocrx_word' id='word_1_300' title='bbox 789 3864 1052 3920; x_wconf 89' lang='lat' dir='ltr'><strong>sollicitus</strong></span> <span class='ocrx_word' id='word_1_301' title='bbox 1083 3863 1180 3918; x_wconf 82' lang='lat' dir='ltr'><strong>fuit</strong></span> <span class='ocrx_word' id='word_1_302' title='bbox 1208 3865 1519 3935; x_wconf 84' lang='lat' dir='ltr'><strong>Apostolus.</strong></span> 
     </span>
    </p>
   </div>
   <div class='ocr_carea' id='block_1_43' title="bbox 529 3953 2063 4022">
    <p class='ocr_par' dir='ltr' id='par_1_43' title="bbox 529 3953 2063 4022">
     <span class='ocr_line' id='line_1_43' title="bbox 529 3953 2063 4022; baseline -0.001 -14"><span class='ocrx_word' id='word_1_303' title='bbox 529 3953 702 4008; x_wconf 91' lang='lat' dir='ltr'><strong>Vens.</strong></span> <span class='ocrx_word' id='word_1_304' title='bbox 734 3957 788 4010; x_wconf 89' lang='lat'><strong>2.</strong></span> <span class='ocrx_word' id='word_1_305' title='bbox 821 3983 890 3994; x_wconf 91' lang='lat'><strong>-—</strong></span> <span class='ocrx_word' id='word_1_306' title='bbox 912 3955 1188 4010; x_wconf 79' lang='lat' dir='ltr'><strong>Instructi</strong></span> <span class='ocrx_word' id='word_1_307' title='bbox 1209 3955 1272 4008; x_wconf 86' lang='lat' dir='ltr'><strong>in</strong></span> <span class='ocrx_word' id='word_1_308' title='bbox 1292 3954 1598 4009; x_wconf 85' lang='lat' dir='ltr'><strong>charitate.</strong></span> <span class='ocrx_word' id='word_1_309' title='bbox 1625 3953 1803 4022; x_wconf 89' lang='lat' dir='ltr'><strong>Quam</strong></span> <span class='ocrx_word' id='word_1_310' title='bbox 1826 3954 1973 4008; x_wconf 89' lang='lat' dir='ltr'><strong>Deus</strong></span> <span class='ocrx_word' id='word_1_311' title='bbox 1993 3954 2063 4008; x_wconf 90' lang='lat' dir='ltr'><strong>ad</strong></span> 
     </span>
    </p>
   </div>
   <div class='ocr_carea' id='block_1_44' title="bbox 459 4040 2062 4113">
    <p class='ocr_par' dir='ltr' id='par_1_44' title="bbox 459 4040 2062 4113">
     <span class='ocr_line' id='line_1_44' title="bbox 459 4040 2062 4113; baseline 0.002 -20"><span class='ocrx_word' id='word_1_312' title='bbox 459 4054 562 4094; x_wconf 91' lang='lat' dir='ltr'><strong>nos</strong></span> <span class='ocrx_word' id='word_1_313' title='bbox 590 4040 796 4106; x_wconf 87' lang='lat' dir='ltr'><strong>habuit,</strong></span> <span class='ocrx_word' id='word_1_314' title='bbox 833 4041 924 4113; x_wconf 92' lang='lat' dir='ltr'><strong>qui</strong></span> <span class='ocrx_word' id='word_1_315' title='bbox 953 4058 1054 4112; x_wconf 91' lang='lat' dir='ltr'><strong>pro</strong></span> <span class='ocrx_word' id='word_1_316' title='bbox 1085 4042 1241 4096; x_wconf 91' lang='lat' dir='ltr'><strong>nobis</strong></span> <span class='ocrx_word' id='word_1_317' title='bbox 1276 4042 1469 4096; x_wconf 90' lang='lat' dir='ltr'><strong>Filium</strong></span> <span class='ocrx_word' id='word_1_318' title='bbox 1499 4042 1740 4097; x_wconf 88' lang='lat' dir='ltr'><strong>tradidit.</strong></span> <span class='ocrx_word' id='word_1_319' title='bbox 1773 4043 1840 4098; x_wconf 83' lang='lat' dir='ltr'><strong>In</strong></span> <span class='ocrx_word' id='word_1_320' title='bbox 1870 4059 2062 4099; x_wconf 85' lang='lat' dir='ltr'><strong>omnes</strong></span> 
     </span>
    </p>
   </div>
   <div class='ocr_carea' id='block_1_45' title="bbox 465 4128 2063 4202">
    <p class='ocr_par' dir='ltr' id='par_1_45' title="bbox 465 4128 2063 4202">
     <span class='ocr_line' id='line_1_45' title="bbox 465 4128 2063 4202; baseline 0.003 -20"><span class='ocrx_word' id='word_1_321' title='bbox 465 4128 712 4184; x_wconf 84' lang='lat' dir='ltr'><strong>divitias.</strong></span> <span class='ocrx_word' id='word_1_322' title='bbox 748 4129 808 4183; x_wconf 89' lang='lat' dir='ltr'><strong>Id</strong></span> <span class='ocrx_word' id='word_1_323' title='bbox 836 4137 919 4184; x_wconf 91' lang='lat' dir='ltr'><strong>est</strong></span> <span class='ocrx_word' id='word_1_324' title='bbox 947 4131 1135 4201; x_wconf 91' lang='lat' dir='ltr'><strong>copias</strong></span> <span class='ocrx_word' id='word_1_325' title='bbox 1163 4131 1473 4187; x_wconf 83' lang='lat' dir='ltr'><strong>intellectus</strong></span> <span class='ocrx_word' id='word_1_326' title='bbox 1498 4131 1664 4201; x_wconf 89' lang='lat' dir='ltr'><strong>pleni,</strong></span> <span class='ocrx_word' id='word_1_327' title='bbox 1699 4131 1790 4186; x_wconf 92' lang='lat' dir='ltr'><strong>ubi</strong></span> <span class='ocrx_word' id='word_1_328' title='bbox 1819 4130 2063 4202; x_wconf 89' lang='lat' dir='ltr'><strong>perfecte</strong></span> 
     </span>
    </p>
   </div>
   <div class='ocr_carea' id='block_1_46' title="bbox 459 4216 2062 4286">
    <p class='ocr_par' dir='ltr' id='par_1_46' title="bbox 459 4216 2062 4286">
     <span class='ocr_line' id='line_1_46' title="bbox 459 4216 2062 4286; baseline 0.002 -15"><span class='ocrx_word' id='word_1_329' title='bbox 459 4216 530 4271; x_wconf 91' lang='lat' dir='ltr'><strong>de</strong></span> <span class='ocrx_word' id='word_1_330' title='bbox 558 4217 809 4272; x_wconf 87' lang='lat' dir='ltr'><strong>humanis</strong></span> <span class='ocrx_word' id='word_1_331' title='bbox 836 4226 889 4273; x_wconf 92' lang='lat' dir='ltr'><strong>et</strong></span> <span class='ocrx_word' id='word_1_332' title='bbox 918 4219 1116 4274; x_wconf 89' lang='lat' dir='ltr'><strong>divinis</strong></span> <span class='ocrx_word' id='word_1_333' title='bbox 1140 4221 1378 4274; x_wconf 87' lang='lat' dir='ltr'><strong>habeant</strong></span> <span class='ocrx_word' id='word_1_334' title='bbox 1405 4220 1757 4286; x_wconf 87' lang='lat' dir='ltr'><strong>intellectum,</strong></span> <span class='ocrx_word' id='word_1_335' title='bbox 1808 4220 1955 4275; x_wconf 91' lang='lat' dir='ltr'><strong>velut</strong></span> <span class='ocrx_word' id='word_1_336' title='bbox 1993 4220 2062 4274; x_wconf 90' lang='lat' dir='ltr'><strong>de</strong></span> 
     </span>
    </p>
   </div>
   <div class='ocr_carea' id='block_1_47' title="bbox 460 4305 2062 4380">
    <p class='ocr_par' dir='ltr' id='par_1_47' title="bbox 460 4305 2062 4380">
     <span class='ocr_line' id='line_1_47' title="bbox 460 4305 2062 4380; baseline 0.003 -21"><span class='ocrx_word' id='word_1_337' title='bbox 460 4305 644 4360; x_wconf 91' lang='lat' dir='ltr'><strong>anima</strong></span> <span class='ocrx_word' id='word_1_338' title='bbox 675 4314 729 4361; x_wconf 88' lang='lat' dir='ltr'><strong>et</strong></span> <span class='ocrx_word' id='word_1_339' title='bbox 757 4306 827 4362; x_wconf 92' lang='lat' dir='ltr'><strong>de</strong></span> <span class='ocrx_word' id='word_1_340' title='bbox 857 4308 1111 4378; x_wconf 87' lang='lat' dir='ltr'><strong>supernis</strong></span> <span class='ocrx_word' id='word_1_341' title='bbox 1143 4308 1444 4380; x_wconf 90' lang='lat' dir='ltr'><strong>spiritibus.</strong></span> <span class='ocrx_word' id='word_1_342' title='bbox 1486 4309 1658 4364; x_wconf 84' lang='lat' dir='ltr'><strong>Aliter</strong></span> <span class='ocrx_word' id='word_1_343' title='bbox 1708 4308 1854 4364; x_wconf 90' lang='lat' dir='ltr'><strong>enim</strong></span> <span class='ocrx_word' id='word_1_344' title='bbox 1900 4324 2062 4364; x_wconf 90' lang='lat' dir='ltr'><strong>nemo</strong></span> 
     </span>
    </p>
   </div>
   <div class='ocr_carea' id='block_1_48' title="bbox 456 4393 1346 4468">
    <p class='ocr_par' dir='ltr' id='par_1_48' title="bbox 456 4393 1346 4468">
     <span class='ocr_line' id='line_1_48' title="bbox 456 4393 1346 4468; baseline 0.002 -20"><span class='ocrx_word' id='word_1_345' title='bbox 456 4393 525 4449; x_wconf 90' lang='lat' dir='ltr'><strong>ad</strong></span> <span class='ocrx_word' id='word_1_346' title='bbox 555 4394 925 4468; x_wconf 76' lang='lat' dir='ltr'><strong>cognitionem</strong></span> <span class='ocrx_word' id='word_1_347' title='bbox 954 4396 1054 4451; x_wconf 92' lang='lat' dir='ltr'><strong>Dei</strong></span> <span class='ocrx_word' id='word_1_348' title='bbox 1083 4397 1346 4452; x_wconf 88' lang='lat' dir='ltr'><strong>ascendit.</strong></span> 
     </span>
    </p>
   </div>
   <div class='ocr_carea' id='block_1_49' title="bbox 2171 464 3788 539">
    <p class='ocr_par' dir='ltr' id='par_1_49' title="bbox 2171 464 3788 539">
     <span class='ocr_line' id='line_1_49' title="bbox 2171 464 3788 539; baseline -0.001 -20"><span class='ocrx_word' id='word_1_349' title='bbox 2171 464 2323 534; x_wconf 90' lang='lat' dir='ltr'><strong>lium,</strong></span> <span class='ocrx_word' id='word_1_350' title='bbox 2356 466 2480 537; x_wconf 89' lang='lat' dir='ltr'><strong>quia</strong></span> <span class='ocrx_word' id='word_1_351' title='bbox 2509 466 2745 539; x_wconf 84' lang='lat' dir='ltr'><strong>gaudere</strong></span> <span class='ocrx_word' id='word_1_352' title='bbox 2774 483 2833 521; x_wconf 90' lang='lat' dir='ltr'><strong>se</strong></span> <span class='ocrx_word' id='word_1_353' title='bbox 2877 466 3005 522; x_wconf 90' lang='lat' dir='ltr'><strong>dicit</strong></span> <span class='ocrx_word' id='word_1_354' title='bbox 3047 465 3104 520; x_wconf 91' lang='lat' dir='ltr'><strong>in</strong></span> <span class='ocrx_word' id='word_1_355' title='bbox 3149 465 3508 536; x_wconf 90' lang='lat' dir='ltr'><strong>dispositione</strong></span> <span class='ocrx_word' id='word_1_356' title='bbox 3552 480 3788 519; x_wconf 89' lang='lat' dir='ltr'><strong>conver—</strong></span> 
     </span>
    </p>
   </div>
   <div class='ocr_carea' id='block_1_50' title="bbox 2173 553 3786 620">
    <p class='ocr_par' dir='ltr' id='par_1_50' title="bbox 2173 553 3786 620">
     <span class='ocr_line' id='line_1_50' title="bbox 2173 553 3786 620; baseline -0.001 -12"><span class='ocrx_word' id='word_1_357' title='bbox 2173 555 2396 610; x_wconf 88' lang='lat' dir='ltr'><strong>sationis</strong></span> <span class='ocrx_word' id='word_1_358' title='bbox 2427 571 2618 610; x_wconf 90' lang='lat' dir='ltr'><strong>eorum</strong></span> <span class='ocrx_word' id='word_1_359' title='bbox 2649 563 2702 610; x_wconf 91' lang='lat' dir='ltr'><strong>et</strong></span> <span class='ocrx_word' id='word_1_360' title='bbox 2728 554 2852 610; x_wconf 87' lang='lat' dir='ltr'><strong>ﬁdei</strong></span> <span class='ocrx_word' id='word_1_361' title='bbox 2891 554 3199 620; x_wconf 88' lang='lat' dir='ltr'><strong>stabilitate,</strong></span> <span class='ocrx_word' id='word_1_362' title='bbox 3251 562 3308 608; x_wconf 90' lang='lat' dir='ltr'><strong>ut</strong></span> <span class='ocrx_word' id='word_1_363' title='bbox 3351 554 3592 610; x_wconf 90' lang='lat' dir='ltr'><strong>scientes</strong></span> <span class='ocrx_word' id='word_1_364' title='bbox 3636 553 3786 608; x_wconf 89' lang='lat' dir='ltr'><strong>unde</strong></span> 
     </span>
    </p>
   </div>
   <div class='ocr_carea' id='block_1_51' title="bbox 2170 642 3282 714">
    <p class='ocr_par' dir='ltr' id='par_1_51' title="bbox 2170 642 3282 714">
     <span class='ocr_line' id='line_1_51' title="bbox 2170 642 3282 714; baseline 0.001 -17"><span class='ocrx_word' id='word_1_365' title='bbox 2170 642 2419 714; x_wconf 86' lang='lat' dir='ltr'><strong>placeant</strong></span> <span class='ocrx_word' id='word_1_366' title='bbox 2449 645 2566 699; x_wconf 93' lang='lat' dir='ltr'><strong>Deo</strong></span> <span class='ocrx_word' id='word_1_367' title='bbox 2593 645 2650 699; x_wconf 92' lang='lat' dir='ltr'><strong>in</strong></span> <span class='ocrx_word' id='word_1_368' title='bbox 2678 660 2742 700; x_wconf 90' lang='lat' dir='ltr'><strong>eo</strong></span> <span class='ocrx_word' id='word_1_369' title='bbox 2772 643 2963 700; x_wconf 91' lang='lat' dir='ltr'><strong>ﬁerent</strong></span> <span class='ocrx_word' id='word_1_370' title='bbox 2994 642 3282 699; x_wconf 89' lang='lat' dir='ltr'><strong>ﬁrmiores.</strong></span> 
     </span>
    </p>
   </div>
   <div class='ocr_carea' id='block_1_52' title="bbox 2243 758 3784 816">
    <p class='ocr_par' dir='ltr' id='par_1_52' title="bbox 2243 758 3784 816">
     <span class='ocr_line' id='line_1_52' title="bbox 2243 758 3784 816; baseline 0 -2"><span class='ocrx_word' id='word_1_371' title='bbox 2243 760 2409 814; x_wconf 89' lang='lat' dir='ltr'><strong>Vens.</strong></span> <span class='ocrx_word' id='word_1_372' title='bbox 2433 761 2485 814; x_wconf 86' lang='lat'><strong>7.</strong></span> <span class='ocrx_word' id='word_1_373' title='bbox 2510 789 2580 800; x_wconf 90' lang='lat'><strong><em>—-</em></strong></span> <span class='ocrx_word' id='word_1_374' title='bbox 2602 760 2876 816; x_wconf 86' lang='lat' dir='ltr'><strong>Radicati.</strong></span> <span class='ocrx_word' id='word_1_375' title='bbox 2908 760 3146 816; x_wconf 88' lang='lat' dir='ltr'><strong>Minores</strong></span> <span class='ocrx_word' id='word_1_376' title='bbox 3174 758 3228 814; x_wconf 91' lang='lat' dir='ltr'><strong>in</strong></span> <span class='ocrx_word' id='word_1_377' title='bbox 3271 759 3444 816; x_wconf 88' lang='lat' dir='ltr'><strong>activa</strong></span> <span class='ocrx_word' id='word_1_378' title='bbox 3482 758 3617 815; x_wconf 88' lang='lat' dir='ltr'><strong>vita.</strong></span> <span class='ocrx_word' id='word_1_379' title='bbox 3669 759 3784 814; x_wconf 86' lang='lat' dir='ltr'><strong>Su-</strong></span> 
     </span>
    </p>
   </div>
   <div class='ocr_carea' id='block_1_53' title="bbox 2169 846 3784 922">
    <p class='ocr_par' dir='ltr' id='par_1_53' title="bbox 2169 846 3784 922">
     <span class='ocr_line' id='line_1_53' title="bbox 2169 846 3784 922; baseline 0 -20"><span class='ocrx_word' id='word_1_380' title='bbox 2169 863 2270 919; x_wconf 85' lang='lat' dir='ltr'><strong>per</strong></span> <span class='ocrx_word' id='word_1_381' title='bbox 2288 847 2424 904; x_wconf 89' lang='lat' dir='ltr'><strong>alios</strong></span> <span class='ocrx_word' id='word_1_382' title='bbox 2451 849 2717 918; x_wconf 75' lang='lat' dir='ltr'><strong>aediﬁcati</strong></span> <span class='ocrx_word' id='word_1_383' title='bbox 2747 850 2809 904; x_wconf 89' lang='lat' dir='ltr'><strong>in</strong></span> <span class='ocrx_word' id='word_1_384' title='bbox 2831 851 2968 922; x_wconf 89' lang='lat' dir='ltr'><strong>ipso.</strong></span> <span class='ocrx_word' id='word_1_385' title='bbox 3003 848 3063 904; x_wconf 91' lang='lat' dir='ltr'><strong>Id</strong></span> <span class='ocrx_word' id='word_1_386' title='bbox 3092 855 3175 904; x_wconf 89' lang='lat' dir='ltr'><strong>est</strong></span> <span class='ocrx_word' id='word_1_387' title='bbox 3206 863 3305 904; x_wconf 90' lang='lat' dir='ltr'><strong>vos</strong></span> <span class='ocrx_word' id='word_1_388' title='bbox 3333 848 3573 917; x_wconf 87' lang='lat' dir='ltr'><strong>majores</strong></span> <span class='ocrx_word' id='word_1_389' title='bbox 3608 847 3708 919; x_wconf 87' lang='lat' dir='ltr'><strong>qui</strong></span> <span class='ocrx_word' id='word_1_390' title='bbox 3726 846 3784 902; x_wconf 87' lang='lat' dir='ltr'><strong>in</strong></span> 
     </span>
    </p>
   </div>
   <div class='ocr_carea' id='block_1_54' title="bbox 2170 935 2801 1007">
    <p class='ocr_par' dir='ltr' id='par_1_54' title="bbox 2170 935 2801 1007">
     <span class='ocr_line' id='line_1_54' title="bbox 2170 935 2801 1007; baseline 0 -15"><span class='ocrx_word' id='word_1_391' title='bbox 2170 935 2621 1007; x_wconf 87' lang='lat' dir='ltr'><strong>contemplatione</strong></span> <span class='ocrx_word' id='word_1_392' title='bbox 2652 937 2801 993; x_wconf 90' lang='lat' dir='ltr'><strong>estis.</strong></span> 
     </span>
    </p>
   </div>
   <div class='ocr_carea' id='block_1_55' title="bbox 2241 1063 3788 1137">
    <p class='ocr_par' dir='ltr' id='par_1_55' title="bbox 2241 1063 3788 1137">
     <span class='ocr_line' id='line_1_55' title="bbox 2241 1063 3788 1137; baseline 0 -19"><span class='ocrx_word' id='word_1_393' title='bbox 2241 1063 2410 1119; x_wconf 89' lang='lat' dir='ltr'><strong>Vens.</strong></span> <span class='ocrx_word' id='word_1_394' title='bbox 2444 1069 2495 1118; x_wconf 93' lang='lat'><strong>8.</strong></span> <span class='ocrx_word' id='word_1_395' title='bbox 2528 1094 2597 1104; x_wconf 93' lang='lat'><strong>—</strong></span> <span class='ocrx_word' id='word_1_396' title='bbox 2626 1066 2956 1121; x_wconf 86' lang='lat' dir='ltr'><strong>Fallaciam.</strong></span> <span class='ocrx_word' id='word_1_397' title='bbox 2989 1063 3147 1134; x_wconf 89' lang='lat' dir='ltr'><strong>Quod</strong></span> <span class='ocrx_word' id='word_1_398' title='bbox 3175 1064 3244 1119; x_wconf 91' lang='lat' dir='ltr'><strong>de</strong></span> <span class='ocrx_word' id='word_1_399' title='bbox 3275 1063 3398 1137; x_wconf 84' lang='lat' dir='ltr'><strong>lege</strong></span> <span class='ocrx_word' id='word_1_400' title='bbox 3413 1063 3788 1135; x_wconf 62' lang='lat' dir='ltr'><strong>pseudopraz-</strong></span> 
     </span>
    </p>
   </div>
   <div class='ocr_carea' id='block_1_56' title="bbox 2122 1139 3787 1222">
    <p class='ocr_par' dir='ltr' id='par_1_56' title="bbox 2122 1139 3787 1222">
     <span class='ocr_line' id='line_1_56' title="bbox 2122 1139 3787 1222; baseline 0.002 -16"><span class='ocrx_word' id='word_1_401' title='bbox 2122 1139 2124 1142; x_wconf 55' lang='grc'><em>’</em></span> <span class='ocrx_word' id='word_1_402' title='bbox 2169 1151 2440 1207; x_wconf 89' lang='lat' dir='ltr'><strong>dicatores</strong></span> <span class='ocrx_word' id='word_1_403' title='bbox 2469 1153 2675 1210; x_wconf 89' lang='lat' dir='ltr'><strong>dicunt.</strong></span> <span class='ocrx_word' id='word_1_404' title='bbox 2709 1156 2781 1209; x_wconf 86' lang='lat' dir='ltr'><strong>Et</strong></span> <span class='ocrx_word' id='word_1_405' title='bbox 2808 1155 3061 1210; x_wconf 79' lang='lat' dir='ltr'><strong>inanem.</strong></span> <span class='ocrx_word' id='word_1_406' title='bbox 3095 1153 3235 1222; x_wconf 89' lang='lat' dir='ltr'><strong>Quia</strong></span> <span class='ocrx_word' id='word_1_407' title='bbox 3282 1153 3336 1207; x_wconf 91' lang='lat' dir='ltr'><strong>in</strong></span> <span class='ocrx_word' id='word_1_408' title='bbox 3386 1153 3491 1210; x_wconf 90' lang='lat' dir='ltr'><strong>hac</strong></span> <span class='ocrx_word' id='word_1_409' title='bbox 3541 1151 3787 1209; x_wconf 79' lang='lat' dir='ltr'><strong>falsitate</strong></span> 
     </span>
    </p>
   </div>
   <div class='ocr_carea' id='block_1_57' title="bbox 2168 1239 3786 1314">
    <p class='ocr_par' dir='ltr' id='par_1_57' title="bbox 2168 1239 3786 1314">
     <span class='ocr_line' id='line_1_57' title="bbox 2168 1239 3786 1314; baseline 0.001 -20"><span class='ocrx_word' id='word_1_410' title='bbox 2168 1239 2312 1294; x_wconf 89' lang='lat' dir='ltr'><strong>nulla</strong></span> <span class='ocrx_word' id='word_1_411' title='bbox 2342 1241 2562 1309; x_wconf 89' lang='lat' dir='ltr'><strong>utilitas,</strong></span> <span class='ocrx_word' id='word_1_412' title='bbox 2599 1243 2743 1314; x_wconf 92' lang='lat' dir='ltr'><strong>quod</strong></span> <span class='ocrx_word' id='word_1_413' title='bbox 2773 1243 2911 1297; x_wconf 91' lang='lat' dir='ltr'><strong>solet</strong></span> <span class='ocrx_word' id='word_1_414' title='bbox 2957 1241 3250 1313; x_wconf 87' lang='lat' dir='ltr'><strong>aliquando</strong></span> <span class='ocrx_word' id='word_1_415' title='bbox 3308 1258 3430 1297; x_wconf 90' lang='lat' dir='ltr'><strong>esse</strong></span> <span class='ocrx_word' id='word_1_416' title='bbox 3488 1241 3546 1296; x_wconf 92' lang='lat' dir='ltr'><strong>in</strong></span> <span class='ocrx_word' id='word_1_417' title='bbox 3603 1241 3786 1298; x_wconf 85' lang='lat' dir='ltr'><strong>falsis.</strong></span> 
     </span>
    </p>
   </div>
   <div class='ocr_carea' id='block_1_58' title="bbox 2169 1329 3790 1402">
    <p class='ocr_par' dir='ltr' id='par_1_58' title="bbox 2169 1329 3790 1402">
     <span class='ocr_line' id='line_1_58' title="bbox 2169 1329 3790 1402; baseline 0 -19"><span class='ocrx_word' id='word_1_418' title='bbox 2169 1329 2491 1385; x_wconf 85' lang='lat' dir='ltr'><strong>Secundum</strong></span> <span class='ocrx_word' id='word_1_419' title='bbox 2520 1331 2821 1386; x_wconf 86' lang='lat' dir='ltr'><strong>elementa.</strong></span> <span class='ocrx_word' id='word_1_420' title='bbox 2847 1329 2975 1384; x_wconf 91' lang='lat' dir='ltr'><strong>Illos</strong></span> <span class='ocrx_word' id='word_1_421' title='bbox 2993 1330 3162 1400; x_wconf 86' lang='lat' dir='ltr'><strong>tangit</strong></span> <span class='ocrx_word' id='word_1_422' title='bbox 3183 1329 3273 1402; x_wconf 91' lang='lat' dir='ltr'><strong>qui</strong></span> <span class='ocrx_word' id='word_1_423' title='bbox 3293 1329 3611 1400; x_wconf 86' lang='lat' dir='ltr'><strong>prudentius</strong></span> <span class='ocrx_word' id='word_1_424' title='bbox 3637 1329 3790 1384; x_wconf 86' lang='lat' dir='ltr'><strong>idola</strong></span> 
     </span>
    </p>
   </div>
   <div class='ocr_carea' id='block_1_59' title="bbox 2167 1420 3789 1497">
    <p class='ocr_par' dir='ltr' id='par_1_59' title="bbox 2167 1420 3789 1497">
     <span class='ocr_line' id='line_1_59' title="bbox 2167 1420 3789 1497; baseline 0.001 -26"><span class='ocrx_word' id='word_1_425' title='bbox 2167 1427 2441 1486; x_wconf 86' lang='lat' dir='ltr'><strong>exponunt</strong></span> <span class='ocrx_word' id='word_1_426' title='bbox 2488 1420 2749 1487; x_wconf 88' lang='lat' dir='ltr'><strong>dicentes,</strong></span> <span class='ocrx_word' id='word_1_427' title='bbox 2801 1420 2940 1474; x_wconf 85' lang='lat' dir='ltr'><strong>Juno</strong></span> <span class='ocrx_word' id='word_1_428' title='bbox 2981 1427 3063 1473; x_wconf 93' lang='lat' dir='ltr'><strong>est</strong></span> <span class='ocrx_word' id='word_1_429' title='bbox 3107 1435 3220 1483; x_wconf 90' lang='lat' dir='ltr'><strong>aer,</strong></span> <span class='ocrx_word' id='word_1_430' title='bbox 3258 1420 3543 1488; x_wconf 89' lang='lat' dir='ltr'><strong>Neptunus</strong></span> <span class='ocrx_word' id='word_1_431' title='bbox 3573 1434 3739 1473; x_wconf 89' lang='lat' dir='ltr'><strong>mare</strong></span> <span class='ocrx_word' id='word_1_432' title='bbox 3774 1451 3789 1497; x_wconf 69' lang='grc'>;</span> 
     </span>
    </p>
   </div>
   <div class='ocr_carea' id='block_1_60' title="bbox 2165 1498 3785 1575">
    <p class='ocr_par' dir='ltr' id='par_1_60' title="bbox 2165 1498 3785 1575">
     <span class='ocr_line' id='line_1_60' title="bbox 2165 1498 3785 1575; baseline 0.002 -22"><span class='ocrx_word' id='word_1_433' title='bbox 2165 1498 2291 1556; x_wconf 90' lang='lat' dir='ltr'><strong>ideo</strong></span> <span class='ocrx_word' id='word_1_434' title='bbox 2321 1517 2441 1556; x_wconf 91' lang='lat' dir='ltr'><strong>cum</strong></span> <span class='ocrx_word' id='word_1_435' title='bbox 2473 1502 2676 1559; x_wconf 89' lang='lat' dir='ltr'><strong>diceret</strong></span> <span class='ocrx_word' id='word_1_436' title='bbox 2693 1503 3002 1558; x_wconf 84' lang='lat' dir='ltr'><strong>secundum</strong></span> <span class='ocrx_word' id='word_1_437' title='bbox 3020 1503 3432 1575; x_wconf 84' lang='lat' dir='ltr'><strong>philosophiam</strong></span> <span class='ocrx_word' id='word_1_438' title='bbox 3445 1503 3785 1571; x_wconf 82' lang='lat' dir='ltr'><strong>etinanem,</strong></span> 
     </span>
    </p>
   </div>
   <div class='ocr_carea' id='block_1_61' title="bbox 2167 1588 3789 1661">
    <p class='ocr_par' dir='ltr' id='par_1_61' title="bbox 2167 1588 3789 1661">
     <span class='ocr_line' id='line_1_61' title="bbox 2167 1588 3789 1661; baseline 0.002 -19"><span class='ocrx_word' id='word_1_439' title='bbox 2167 1588 2333 1657; x_wconf 89' lang='lat' dir='ltr'><strong>addit,</strong></span> <span class='ocrx_word' id='word_1_440' title='bbox 2369 1591 2681 1647; x_wconf 83' lang='lat' dir='ltr'><strong>secundum</strong></span> <span class='ocrx_word' id='word_1_441' title='bbox 2710 1592 2993 1646; x_wconf 87' lang='lat' dir='ltr'><strong>elementa</strong></span> <span class='ocrx_word' id='word_1_442' title='bbox 3009 1591 3212 1646; x_wconf 86' lang='lat' dir='ltr'><strong>mundi</strong></span> <span class='ocrx_word' id='word_1_443' title='bbox 3237 1609 3257 1646; x_wconf 91' lang='lat'><strong><em>:</em></strong></span> <span class='ocrx_word' id='word_1_444' title='bbox 3288 1590 3443 1661; x_wconf 89' lang='lat' dir='ltr'><strong>quasi</strong></span> <span class='ocrx_word' id='word_1_445' title='bbox 3468 1591 3789 1646; x_wconf 88' lang='lat' dir='ltr'><strong>admonens</strong></span> 
     </span>
    </p>
   </div>
   <div class='ocr_carea' id='block_1_62' title="bbox 2168 1678 3792 1752">
    <p class='ocr_par' dir='ltr' id='par_1_62' title="bbox 2168 1678 3792 1752">
     <span class='ocr_line' id='line_1_62' title="bbox 2168 1678 3792 1752; baseline 0.001 -21"><span class='ocrx_word' id='word_1_446' title='bbox 2168 1693 2236 1732; x_wconf 92' lang='lat' dir='ltr'><strong>ne</strong></span> <span class='ocrx_word' id='word_1_447' title='bbox 2275 1679 2680 1752; x_wconf 91' lang='lat' dir='ltr'><strong>qualescunque</strong></span> <span class='ocrx_word' id='word_1_448' title='bbox 2721 1679 3043 1736; x_wconf 89' lang='lat' dir='ltr'><strong>adoratores</strong></span> <span class='ocrx_word' id='word_1_449' title='bbox 3088 1678 3521 1746; x_wconf 88' lang='lat' dir='ltr'><strong>simulacrorum,</strong></span> <span class='ocrx_word' id='word_1_450' title='bbox 3564 1679 3674 1734; x_wconf 86' lang='lat' dir='ltr'><strong>sed</strong></span> <span class='ocrx_word' id='word_1_451' title='bbox 3734 1686 3792 1733; x_wconf 89' lang='lat' dir='ltr'><strong>et</strong></span> 
     </span>
    </p>
   </div>
   <div class='ocr_carea' id='block_1_63' title="bbox 2095 1740 3792 1840">
    <p class='ocr_par' dir='ltr' id='par_1_63' title="bbox 2095 1740 3792 1840">
     <span class='ocr_line' id='line_1_63' title="bbox 2095 1740 3792 1840; baseline 0.002 -23"><span class='ocrx_word' id='word_1_452' title='bbox 2095 1740 2148 1799; x_wconf 83' lang='grc' dir='ltr'>Β</span> <span class='ocrx_word' id='word_1_453' title='bbox 2169 1740 2322 1834; x_wconf 77' lang='lat' dir='ltr'><strong>quasi</strong></span> <span class='ocrx_word' id='word_1_454' title='bbox 2351 1740 2608 1824; x_wconf 75' lang='lat' dir='ltr'><strong>doctores</strong></span> <span class='ocrx_word' id='word_1_455' title='bbox 2627 1775 2681 1824; x_wconf 88' lang='lat' dir='ltr'><strong>et</strong></span> <span class='ocrx_word' id='word_1_456' title='bbox 2702 1767 3155 1840; x_wconf 87' lang='lat' dir='ltr'><strong>interpretatores</strong></span> <span class='ocrx_word' id='word_1_457' title='bbox 3169 1767 3452 1840; x_wconf 87' lang='lat' dir='ltr'><strong>signorum</strong></span> <span class='ocrx_word' id='word_1_458' title='bbox 3495 1740 3792 1823; x_wconf 82' lang='lat' dir='ltr'><strong>cavendos</strong></span> 
     </span>
    </p>
   </div>
   <div class='ocr_carea' id='block_1_64' title="bbox 2169 1868 2310 1908">
    <p class='ocr_par' dir='ltr' id='par_1_64' title="bbox 2169 1868 2310 1908">
     <span class='ocr_line' id='line_1_64' title="bbox 2169 1868 2310 1908; baseline 0 0"><span class='ocrx_word' id='word_1_459' title='bbox 2169 1868 2310 1908; x_wconf 90' lang='lat' dir='ltr'><strong>esse.</strong></span> 
     </span>
    </p>
   </div>
   <div class='ocr_carea' id='block_1_65' title="bbox 2249 1970 3790 2043">
    <p class='ocr_par' dir='ltr' id='par_1_65' title="bbox 2249 1970 3790 2043">
     <span class='ocr_line' id='line_1_65' title="bbox 2249 1970 3790 2043; baseline 0 -18"><span class='ocrx_word' id='word_1_460' title='bbox 2249 1970 2418 2026; x_wconf 88' lang='lat' dir='ltr'><strong>Vens.</strong></span> <span class='ocrx_word' id='word_1_461' title='bbox 2453 1974 2505 2026; x_wconf 86' lang='lat'><strong>9.</strong></span> <span class='ocrx_word' id='word_1_462' title='bbox 2525 2000 2596 2012; x_wconf 93' lang='lat'>—</span> <span class='ocrx_word' id='word_1_463' title='bbox 2628 1972 3024 2043; x_wconf 82' lang='lat' dir='ltr'><strong>Corporaliter.</strong></span> <span class='ocrx_word' id='word_1_464' title='bbox 3055 1971 3178 2026; x_wconf 88' lang='lat' dir='ltr'><strong>Non</strong></span> <span class='ocrx_word' id='word_1_465' title='bbox 3209 1971 3335 2043; x_wconf 87' lang='lat' dir='ltr'><strong>quia</strong></span> <span class='ocrx_word' id='word_1_466' title='bbox 3369 1985 3686 2041; x_wconf 85' lang='lat' dir='ltr'><strong>corporeus</strong></span> <span class='ocrx_word' id='word_1_467' title='bbox 3716 1971 3790 2025; x_wconf 92' lang='lat' dir='ltr'><strong>sit</strong></span> 
     </span>
    </p>
   </div>
   <div class='ocr_carea' id='block_1_66' title="bbox 2169 2059 3792 2131">
    <p class='ocr_par' dir='ltr' id='par_1_66' title="bbox 2169 2059 3792 2131">
     <span class='ocr_line' id='line_1_66' title="bbox 2169 2059 3792 2131; baseline -0.002 -12"><span class='ocrx_word' id='word_1_468' title='bbox 2169 2063 2336 2130; x_wconf 91' lang='lat' dir='ltr'><strong>Deus,</strong></span> <span class='ocrx_word' id='word_1_469' title='bbox 2369 2061 2468 2116; x_wconf 91' lang='lat' dir='ltr'><strong>sed</strong></span> <span class='ocrx_word' id='word_1_470' title='bbox 2498 2060 2680 2116; x_wconf 84' lang='lat' dir='ltr'><strong>Verbo</strong></span> <span class='ocrx_word' id='word_1_471' title='bbox 2713 2060 2974 2114; x_wconf 88' lang='lat' dir='ltr'><strong>translato</strong></span> <span class='ocrx_word' id='word_1_472' title='bbox 3002 2075 3134 2115; x_wconf 89' lang='lat' dir='ltr'><strong>usus</strong></span> <span class='ocrx_word' id='word_1_473' title='bbox 3164 2067 3265 2128; x_wconf 91' lang='lat' dir='ltr'><strong>est,</strong></span> <span class='ocrx_word' id='word_1_474' title='bbox 3300 2060 3428 2131; x_wconf 92' lang='lat' dir='ltr'><strong>quia</strong></span> <span class='ocrx_word' id='word_1_475' title='bbox 3468 2059 3522 2112; x_wconf 91' lang='lat' dir='ltr'><strong>in</strong></span> <span class='ocrx_word' id='word_1_476' title='bbox 3573 2060 3792 2130; x_wconf 88' lang='lat' dir='ltr'><strong>templo</strong></span> 
     </span>
    </p>
   </div>
   <div class='ocr_carea' id='block_1_67' title="bbox 2168 2147 3788 2220">
    <p class='ocr_par' dir='ltr' id='par_1_67' title="bbox 2168 2147 3788 2220">
     <span class='ocr_line' id='line_1_67' title="bbox 2168 2147 3788 2220; baseline -0.003 -13"><span class='ocrx_word' id='word_1_477' title='bbox 2168 2150 2498 2214; x_wconf 89' lang='lat' dir='ltr'><strong>manufacto,</strong></span> <span class='ocrx_word' id='word_1_478' title='bbox 2532 2165 2639 2204; x_wconf 91' lang='lat' dir='ltr'><strong>non</strong></span> <span class='ocrx_word' id='word_1_479' title='bbox 2673 2149 3042 2220; x_wconf 87' lang='lat' dir='ltr'><strong>corporaliter,</strong></span> <span class='ocrx_word' id='word_1_480' title='bbox 3084 2148 3181 2204; x_wconf 89' lang='lat' dir='ltr'><strong>sed</strong></span> <span class='ocrx_word' id='word_1_481' title='bbox 3228 2147 3588 2203; x_wconf 89' lang='lat' dir='ltr'><strong>umbratiliter</strong></span> <span class='ocrx_word' id='word_1_482' title='bbox 3618 2148 3788 2202; x_wconf 84' lang='lat' dir='ltr'><strong>habi-</strong></span> 
     </span>
    </p>
   </div>
   <div class='ocr_carea' id='block_1_68' title="bbox 2169 2237 3782 2310">
    <p class='ocr_par' dir='ltr' id='par_1_68' title="bbox 2169 2237 3782 2310">
     <span class='ocr_line' id='line_1_68' title="bbox 2169 2237 3782 2310; baseline -0.004 -14"><span class='ocrx_word' id='word_1_483' title='bbox 2169 2241 2322 2305; x_wconf 90' lang='lat' dir='ltr'><strong>tavit,</strong></span> <span class='ocrx_word' id='word_1_484' title='bbox 2360 2239 2415 2293; x_wconf 91' lang='lat' dir='ltr'><strong>id</strong></span> <span class='ocrx_word' id='word_1_485' title='bbox 2463 2245 2546 2293; x_wconf 89' lang='lat' dir='ltr'><strong>est</strong></span> <span class='ocrx_word' id='word_1_486' title='bbox 2592 2237 3070 2310; x_wconf 73' lang='lat' dir='ltr'><strong>praeﬁgurantibus</strong></span> <span class='ocrx_word' id='word_1_487' title='bbox 3117 2237 3309 2309; x_wconf 85' lang='lat' dir='ltr'><strong>signis.</strong></span> <span class='ocrx_word' id='word_1_488' title='bbox 3365 2237 3782 2309; x_wconf 80' lang='lat' dir='ltr'><strong>Corporaliter,</strong></span> 
     </span>
    </p>
   </div>
   <div class='ocr_carea' id='block_1_69' title="bbox 2170 2325 3790 2402">
    <p class='ocr_par' dir='ltr' id='par_1_69' title="bbox 2170 2325 3790 2402">
     <span class='ocr_line' id='line_1_69' title="bbox 2170 2325 3790 2402; baseline -0.004 -18"><span class='ocrx_word' id='word_1_489' title='bbox 2170 2330 2297 2402; x_wconf 91' lang='lat' dir='ltr'><strong>quia</strong></span> <span class='ocrx_word' id='word_1_490' title='bbox 2326 2329 2380 2382; x_wconf 93' lang='lat' dir='ltr'><strong>in</strong></span> <span class='ocrx_word' id='word_1_491' title='bbox 2411 2325 2612 2382; x_wconf 89' lang='lat' dir='ltr'><strong>Christi</strong></span> <span class='ocrx_word' id='word_1_492' title='bbox 2643 2342 2876 2398; x_wconf 88' lang='lat' dir='ltr'><strong>corpore</strong></span> <span class='ocrx_word' id='word_1_493' title='bbox 2907 2327 3052 2397; x_wconf 87' lang='lat' dir='ltr'><strong>quod</strong></span> <span class='ocrx_word' id='word_1_494' title='bbox 3075 2328 3303 2397; x_wconf 88' lang='lat' dir='ltr'><strong>sumpsit</strong></span> <span class='ocrx_word' id='word_1_495' title='bbox 3322 2326 3391 2380; x_wconf 88' lang='lat' dir='ltr'><strong>de</strong></span> <span class='ocrx_word' id='word_1_496' title='bbox 3418 2325 3634 2398; x_wconf 83' lang='lat' dir='ltr'><strong>virgine</strong></span> <span class='ocrx_word' id='word_1_497' title='bbox 3665 2333 3790 2378; x_wconf 87' lang='lat' dir='ltr'><strong>tan-</strong></span> 
     </span>
    </p>
   </div>
   <div class='ocr_carea' id='block_1_70' title="bbox 2172 2415 3784 2491">
    <p class='ocr_par' dir='ltr' id='par_1_70' title="bbox 2172 2415 3784 2491">
     <span class='ocr_line' id='line_1_70' title="bbox 2172 2415 3784 2491; baseline -0.004 -17"><span class='ocrx_word' id='word_1_498' title='bbox 2172 2434 2338 2491; x_wconf 89' lang='lat' dir='ltr'><strong>quam</strong></span> <span class='ocrx_word' id='word_1_499' title='bbox 2369 2417 2424 2472; x_wconf 91' lang='lat' dir='ltr'><strong>in</strong></span> <span class='ocrx_word' id='word_1_500' title='bbox 2455 2416 2657 2487; x_wconf 89' lang='lat' dir='ltr'><strong>templo</strong></span> <span class='ocrx_word' id='word_1_501' title='bbox 2679 2416 2884 2471; x_wconf 89' lang='lat' dir='ltr'><strong>habitat</strong></span> <span class='ocrx_word' id='word_1_502' title='bbox 2912 2417 3079 2485; x_wconf 88' lang='lat' dir='ltr'><strong>Deus,</strong></span> <span class='ocrx_word' id='word_1_503' title='bbox 3096 2415 3192 2471; x_wconf 92' lang='lat' dir='ltr'><strong>sed</strong></span> <span class='ocrx_word' id='word_1_504' title='bbox 3221 2431 3331 2470; x_wconf 91' lang='lat' dir='ltr'><strong>non</strong></span> <span class='ocrx_word' id='word_1_505' title='bbox 3361 2415 3431 2468; x_wconf 89' lang='lat' dir='ltr'><strong>ita</strong></span> <span class='ocrx_word' id='word_1_506' title='bbox 3459 2415 3513 2468; x_wconf 92' lang='lat' dir='ltr'><strong>in</strong></span> <span class='ocrx_word' id='word_1_507' title='bbox 3547 2415 3784 2480; x_wconf 86' lang='lat' dir='ltr'><strong>sanctis,</strong></span> 
     </span>
    </p>
   </div>
   <div class='ocr_carea' id='block_1_71' title="bbox 2170 2502 3788 2579">
    <p class='ocr_par' dir='ltr' id='par_1_71' title="bbox 2170 2502 3788 2579">
     <span class='ocr_line' id='line_1_71' title="bbox 2170 2502 3788 2579; baseline -0.004 -17"><span class='ocrx_word' id='word_1_508' title='bbox 2170 2507 2296 2579; x_wconf 90' lang='lat' dir='ltr'><strong>quia</strong></span> <span class='ocrx_word' id='word_1_509' title='bbox 2327 2506 2416 2561; x_wconf 90' lang='lat' dir='ltr'><strong>ille</strong></span> <span class='ocrx_word' id='word_1_510' title='bbox 2447 2513 2608 2576; x_wconf 91' lang='lat' dir='ltr'><strong>caput</strong></span> <span class='ocrx_word' id='word_1_511' title='bbox 2635 2504 2691 2559; x_wconf 91' lang='lat' dir='ltr'><strong>in</strong></span> <span class='ocrx_word' id='word_1_512' title='bbox 2719 2521 2828 2577; x_wconf 89' lang='lat' dir='ltr'><strong>quo</strong></span> <span class='ocrx_word' id='word_1_513' title='bbox 2857 2521 3050 2560; x_wconf 84' lang='lat' dir='ltr'><strong>omnes</strong></span> <span class='ocrx_word' id='word_1_514' title='bbox 3101 2521 3315 2572; x_wconf 90' lang='lat' dir='ltr'><strong>sensus,</strong></span> <span class='ocrx_word' id='word_1_515' title='bbox 3351 2503 3587 2570; x_wconf 89' lang='lat' dir='ltr'><strong>insistit;</strong></span> <span class='ocrx_word' id='word_1_516' title='bbox 3620 2502 3788 2574; x_wconf 86' lang='lat' dir='ltr'><strong>quasi</strong></span> 
     </span>
    </p>
   </div>
   <div class='ocr_carea' id='block_1_72' title="bbox 2169 2592 3780 2665">
    <p class='ocr_par' dir='ltr' id='par_1_72' title="bbox 2169 2592 3780 2665">
     <span class='ocr_line' id='line_1_72' title="bbox 2169 2592 3780 2665; baseline -0.003 -15"><span class='ocrx_word' id='word_1_517' title='bbox 2169 2596 2319 2650; x_wconf 90' lang='lat' dir='ltr'><strong>solus</strong></span> <span class='ocrx_word' id='word_1_518' title='bbox 2348 2603 2543 2663; x_wconf 90' lang='lat' dir='ltr'><strong>tactus,</strong></span> <span class='ocrx_word' id='word_1_519' title='bbox 2578 2593 2772 2665; x_wconf 90' lang='lat' dir='ltr'><strong>quibus</strong></span> <span class='ocrx_word' id='word_1_520' title='bbox 2803 2593 2963 2648; x_wconf 88' lang='lat' dir='ltr'><strong>datus</strong></span> <span class='ocrx_word' id='word_1_521' title='bbox 2995 2599 3082 2647; x_wconf 87' lang='lat' dir='ltr'><strong>est</strong></span> <span class='ocrx_word' id='word_1_522' title='bbox 3101 2592 3324 2663; x_wconf 90' lang='lat' dir='ltr'><strong>spiritus</strong></span> <span class='ocrx_word' id='word_1_523' title='bbox 3345 2593 3413 2646; x_wconf 91' lang='lat' dir='ltr'><strong>ad</strong></span> <span class='ocrx_word' id='word_1_524' title='bbox 3431 2607 3780 2658; x_wconf 85' lang='lat' dir='ltr'><strong>mensuram,</strong></span> 
     </span>
    </p>
   </div>
   <div class='ocr_carea' id='block_1_73' title="bbox 2169 2682 3788 2756">
    <p class='ocr_par' dir='ltr' id='par_1_73' title="bbox 2169 2682 3788 2756">
     <span class='ocr_line' id='line_1_73' title="bbox 2169 2682 3788 2756; baseline -0.002 -17"><span class='ocrx_word' id='word_1_525' title='bbox 2169 2685 2238 2739; x_wconf 91' lang='lat' dir='ltr'><strong>de</strong></span> <span class='ocrx_word' id='word_1_526' title='bbox 2267 2683 2464 2756; x_wconf 90' lang='lat' dir='ltr'><strong>quibus</strong></span> <span class='ocrx_word' id='word_1_527' title='bbox 2494 2698 2604 2738; x_wconf 91' lang='lat' dir='ltr'><strong>non</strong></span> <span class='ocrx_word' id='word_1_528' title='bbox 2625 2691 2804 2753; x_wconf 90' lang='lat' dir='ltr'><strong>potest</strong></span> <span class='ocrx_word' id='word_1_529' title='bbox 2833 2682 2941 2737; x_wconf 93' lang='lat' dir='ltr'><strong>dici</strong></span> <span class='ocrx_word' id='word_1_530' title='bbox 2975 2700 2988 2736; x_wconf 92' lang='lat'><strong>:</strong></span> <span class='ocrx_word' id='word_1_531' title='bbox 3029 2683 3258 2738; x_wconf 81' lang='lat' dir='ltr'><strong>Verbum</strong></span> <span class='ocrx_word' id='word_1_532' title='bbox 3287 2698 3417 2738; x_wconf 88' lang='lat' dir='ltr'><strong>caro</strong></span> <span class='ocrx_word' id='word_1_533' title='bbox 3436 2684 3663 2752; x_wconf 83' lang='lat' dir='ltr'><strong>factum</strong></span> <span class='ocrx_word' id='word_1_534' title='bbox 3697 2685 3788 2736; x_wconf 83' lang='lat' dir='ltr'><strong>est</strong></span> 
     </span>
    </p>
   </div>
   <div class='ocr_carea' id='block_1_74' title="bbox 2170 2769 3777 2844">
    <p class='ocr_par' dir='ltr' id='par_1_74' title="bbox 2170 2769 3777 2844">
     <span class='ocr_line' id='line_1_74' title="bbox 2170 2769 3777 2844; baseline -0.003 -16"><span class='ocrx_word' id='word_1_535' title='bbox 2170 2773 2352 2842; x_wconf 85' lang='lat' dir='ltr'><strong>(Joan.</strong></span> <span class='ocrx_word' id='word_1_536' title='bbox 2386 2773 2446 2844; x_wconf 85' lang='grc' dir='ltr'><strong>ι),</strong></span> <span class='ocrx_word' id='word_1_537' title='bbox 2479 2787 2582 2828; x_wconf 90' lang='lat' dir='ltr'><strong>nec</strong></span> <span class='ocrx_word' id='word_1_538' title='bbox 2613 2770 2904 2842; x_wconf 89' lang='lat' dir='ltr'><strong>quisquam</strong></span> <span class='ocrx_word' id='word_1_539' title='bbox 2947 2771 3167 2826; x_wconf 89' lang='lat' dir='ltr'><strong>illorum</strong></span> <span class='ocrx_word' id='word_1_540' title='bbox 3214 2769 3409 2826; x_wconf 90' lang='lat' dir='ltr'><strong>dicitur</strong></span> <span class='ocrx_word' id='word_1_541' title='bbox 3450 2769 3777 2841; x_wconf 81' lang='lat' dir='ltr'><strong>unigenitus</strong></span> 
     </span>
    </p>
   </div>
   <div class='ocr_carea' id='block_1_75' title="bbox 2168 2861 2289 2917">
    <p class='ocr_par' dir='ltr' id='par_1_75' title="bbox 2168 2861 2289 2917">
     <span class='ocr_line' id='line_1_75' title="bbox 2168 2861 2289 2917; baseline 0.008 -2"><span class='ocrx_word' id='word_1_542' title='bbox 2168 2861 2289 2917; x_wconf 89' lang='lat' dir='ltr'><strong>Dei.</strong></span> 
     </span>
    </p>
   </div>
   <div class='ocr_carea' id='block_1_76' title="bbox 2241 2964 3781 3039">
    <p class='ocr_par' dir='ltr' id='par_1_76' title="bbox 2241 2964 3781 3039">
     <span class='ocr_line' id='line_1_76' title="bbox 2241 2964 3781 3039; baseline -0.001 -17"><span class='ocrx_word' id='word_1_543' title='bbox 2241 2969 2408 3022; x_wconf 90' lang='lat' dir='ltr'><strong>Vens.</strong></span> <span class='ocrx_word' id='word_1_544' title='bbox 2446 2971 2531 3024; x_wconf 82' lang='grc'><strong>12.</strong></span> <span class='ocrx_word' id='word_1_545' title='bbox 2562 2997 2633 3008; x_wconf 92' lang='lat'><strong>-—</strong></span> <span class='ocrx_word' id='word_1_546' title='bbox 2664 2967 2988 3039; x_wconf 84' lang='lat' dir='ltr'><strong>Consepulti</strong></span> <span class='ocrx_word' id='word_1_547' title='bbox 3017 2967 3090 3022; x_wconf 90' lang='lat' dir='ltr'><strong>ei.</strong></span> <span class='ocrx_word' id='word_1_548' title='bbox 3105 2965 3165 3020; x_wconf 89' lang='lat' dir='ltr'><strong>Id</strong></span> <span class='ocrx_word' id='word_1_549' title='bbox 3183 2974 3266 3020; x_wconf 91' lang='lat' dir='ltr'><strong>est</strong></span> <span class='ocrx_word' id='word_1_550' title='bbox 3280 2965 3347 3020; x_wconf 87' lang='lat' dir='ltr'><strong>ad</strong></span> <span class='ocrx_word' id='word_1_551' title='bbox 3362 2964 3781 3020; x_wconf 90' lang='lat' dir='ltr'><strong>similitudinem</strong></span> 
     </span>
    </p>
   </div>
   <div class='ocr_carea' id='block_1_77' title="bbox 2168 3055 3782 3128">
    <p class='ocr_par' dir='ltr' id='par_1_77' title="bbox 2168 3055 3782 3128">
     <span class='ocr_line' id='line_1_77' title="bbox 2168 3055 3782 3128; baseline -0.001 -18"><span class='ocrx_word' id='word_1_552' title='bbox 2168 3056 2459 3128; x_wconf 67' lang='lat' dir='ltr'><strong>sepulturae</strong></span> <span class='ocrx_word' id='word_1_553' title='bbox 2481 3055 2598 3125; x_wconf 86' lang='lat' dir='ltr'><strong>ejus</strong></span> <span class='ocrx_word' id='word_1_554' title='bbox 2618 3055 2889 3126; x_wconf 86' lang='lat' dir='ltr'><strong>baptizati.</strong></span> <span class='ocrx_word' id='word_1_555' title='bbox 2909 3058 3016 3110; x_wconf 88' lang='lat' dir='ltr'><strong>Per</strong></span> <span class='ocrx_word' id='word_1_556' title='bbox 3035 3055 3204 3124; x_wconf 83' lang='lat' dir='ltr'><strong>ﬁdem</strong></span> <span class='ocrx_word' id='word_1_557' title='bbox 3221 3056 3584 3128; x_wconf 80' lang='lat' dir='ltr'><strong>operationis.</strong></span> <span class='ocrx_word' id='word_1_558' title='bbox 3610 3055 3671 3108; x_wconf 90' lang='lat' dir='ltr'><strong>Id</strong></span> <span class='ocrx_word' id='word_1_559' title='bbox 3695 3063 3782 3110; x_wconf 91' lang='lat' dir='ltr'><strong>est</strong></span> 
     </span>
    </p>
   </div>
   <div class='ocr_carea' id='block_1_78' title="bbox 2169 3143 3778 3216">
    <p class='ocr_par' dir='ltr' id='par_1_78' title="bbox 2169 3143 3778 3216">
     <span class='ocr_line' id='line_1_78' title="bbox 2169 3143 3778 3216; baseline -0.002 -14"><span class='ocrx_word' id='word_1_560' title='bbox 2169 3146 2446 3202; x_wconf 87' lang='lat' dir='ltr'><strong>credendo</strong></span> <span class='ocrx_word' id='word_1_561' title='bbox 2475 3161 2640 3216; x_wconf 88' lang='lat' dir='ltr'><strong>opera</strong></span> <span class='ocrx_word' id='word_1_562' title='bbox 2672 3144 2792 3199; x_wconf 89' lang='lat' dir='ltr'><strong>Dei.</strong></span> <span class='ocrx_word' id='word_1_563' title='bbox 2824 3144 3059 3214; x_wconf 80' lang='lat' dir='ltr'><strong>Exponit</strong></span> <span class='ocrx_word' id='word_1_564' title='bbox 3086 3160 3253 3198; x_wconf 91' lang='lat' dir='ltr'><strong>unum</strong></span> <span class='ocrx_word' id='word_1_565' title='bbox 3283 3144 3351 3198; x_wconf 91' lang='lat' dir='ltr'><strong>de</strong></span> <span class='ocrx_word' id='word_1_566' title='bbox 3381 3143 3640 3214; x_wconf 90' lang='lat' dir='ltr'><strong>operibus</strong></span> <span class='ocrx_word' id='word_1_567' title='bbox 3673 3144 3778 3199; x_wconf 90' lang='lat' dir='ltr'><strong>Dei</strong></span> 
     </span>
    </p>
   </div>
   <div class='ocr_carea' id='block_1_79' title="bbox 2169 3232 3788 3306">
    <p class='ocr_par' dir='ltr' id='par_1_79' title="bbox 2169 3232 3788 3306">
     <span class='ocr_line' id='line_1_79' title="bbox 2169 3232 3788 3306; baseline -0.003 -16"><span class='ocrx_word' id='word_1_568' title='bbox 2169 3234 2316 3306; x_wconf 91' lang='lat' dir='ltr'><strong>quod</strong></span> <span class='ocrx_word' id='word_1_569' title='bbox 2345 3234 2617 3305; x_wconf 64' lang='lat' dir='ltr'><strong>praecipue</strong></span> <span class='ocrx_word' id='word_1_570' title='bbox 2646 3249 2872 3290; x_wconf 91' lang='lat' dir='ltr'><strong>necesse</strong></span> <span class='ocrx_word' id='word_1_571' title='bbox 2902 3240 2986 3287; x_wconf 87' lang='lat' dir='ltr'><strong>est</strong></span> <span class='ocrx_word' id='word_1_572' title='bbox 3011 3232 3236 3288; x_wconf 87' lang='lat' dir='ltr'><strong>credere</strong></span> <span class='ocrx_word' id='word_1_573' title='bbox 3256 3232 3563 3287; x_wconf 89' lang='lat' dir='ltr'><strong>volentibus</strong></span> <span class='ocrx_word' id='word_1_574' title='bbox 3592 3248 3788 3286; x_wconf 86' lang='lat' dir='ltr'><strong>resur-</strong></span> 
     </span>
    </p>
   </div>
   <div class='ocr_carea' id='block_1_80' title="bbox 2167 3321 3781 3396">
    <p class='ocr_par' dir='ltr' id='par_1_80' title="bbox 2167 3321 3781 3396">
     <span class='ocr_line' id='line_1_80' title="bbox 2167 3321 3781 3396; baseline -0.002 -18"><span class='ocrx_word' id='word_1_575' title='bbox 2167 3339 2321 3396; x_wconf 86' lang='lat' dir='ltr'><strong>gere,</strong></span> <span class='ocrx_word' id='word_1_576' title='bbox 2370 3323 2576 3378; x_wconf 91' lang='lat' dir='ltr'><strong>scilicet</strong></span> <span class='ocrx_word' id='word_1_577' title='bbox 2633 3323 2777 3393; x_wconf 93' lang='lat' dir='ltr'><strong>quod</strong></span> <span class='ocrx_word' id='word_1_578' title='bbox 2835 3321 3109 3377; x_wconf 90' lang='lat' dir='ltr'><strong>Christum</strong></span> <span class='ocrx_word' id='word_1_579' title='bbox 3150 3321 3428 3378; x_wconf 90' lang='lat' dir='ltr'><strong>suscitavit</strong></span> <span class='ocrx_word' id='word_1_580' title='bbox 3486 3321 3657 3387; x_wconf 89' lang='lat' dir='ltr'><strong>Deus,</strong></span> <span class='ocrx_word' id='word_1_581' title='bbox 3724 3327 3781 3375; x_wconf 90' lang='lat' dir='ltr'><strong>et</strong></span> 
     </span>
    </p>
   </div>
   <div class='ocr_carea' id='block_1_81' title="bbox 2168 3409 3777 3483">
    <p class='ocr_par' dir='ltr' id='par_1_81' title="bbox 2168 3409 3777 3483">
     <span class='ocr_line' id='line_1_81' title="bbox 2168 3409 3777 3483; baseline -0.002 -17"><span class='ocrx_word' id='word_1_582' title='bbox 2168 3411 2317 3483; x_wconf 92' lang='lat' dir='ltr'><strong>quod</strong></span> <span class='ocrx_word' id='word_1_583' title='bbox 2345 3410 2596 3482; x_wconf 86' lang='lat' dir='ltr'><strong>exemplo</strong></span> <span class='ocrx_word' id='word_1_584' title='bbox 2626 3410 2823 3466; x_wconf 89' lang='lat' dir='ltr'><strong>Christi</strong></span> <span class='ocrx_word' id='word_1_585' title='bbox 2860 3410 3144 3467; x_wconf 90' lang='lat' dir='ltr'><strong>suscitabit</strong></span> <span class='ocrx_word' id='word_1_586' title='bbox 3199 3410 3322 3466; x_wconf 90' lang='lat' dir='ltr'><strong>illos</strong></span> <span class='ocrx_word' id='word_1_587' title='bbox 3364 3409 3509 3465; x_wconf 90' lang='lat' dir='ltr'><strong>unde</strong></span> <span class='ocrx_word' id='word_1_588' title='bbox 3538 3409 3727 3464; x_wconf 87' lang='lat' dir='ltr'><strong>subdit</strong></span> <span class='ocrx_word' id='word_1_589' title='bbox 3761 3426 3777 3462; x_wconf 89' lang='lat'><strong>:</strong></span> 
     </span>
    </p>
   </div>
   <div class='ocr_carea' id='block_1_82' title="bbox 2174 3501 2758 3570">
    <p class='ocr_par' dir='ltr' id='par_1_82' title="bbox 2174 3501 2758 3570">
     <span class='ocr_line' id='line_1_82' title="bbox 2174 3501 2758 3570; baseline -0.005 -13"><span class='ocrx_word' id='word_1_590' title='bbox 2174 3501 2278 3570; x_wconf 88' lang='lat' dir='ltr'><strong>Qui</strong></span> <span class='ocrx_word' id='word_1_591' title='bbox 2306 3501 2620 3567; x_wconf 83' lang='lat' dir='ltr'><strong>suscitavit,</strong></span> <span class='ocrx_word' id='word_1_592' title='bbox 2655 3507 2758 3556; x_wconf 88' lang='lat' dir='ltr'><strong>etc.</strong></span> 
     </span>
    </p>
   </div>
   <div class='ocr_carea' id='block_1_83' title="bbox 2237 3631 3774 3703">
    <p class='ocr_par' dir='ltr' id='par_1_83' title="bbox 2237 3631 3774 3703">
     <span class='ocr_line' id='line_1_83' title="bbox 2237 3631 3774 3703; baseline -0.002 -15"><span class='ocrx_word' id='word_1_593' title='bbox 2237 3634 2408 3688; x_wconf 86' lang='lat' dir='ltr'><strong>Vens.</strong></span> <span class='ocrx_word' id='word_1_594' title='bbox 2443 3635 2536 3688; x_wconf 73' lang='grc'><strong>14.</strong></span> <span class='ocrx_word' id='word_1_595' title='bbox 2573 3662 2644 3674; x_wconf 89' lang='grc'><strong><em>-</em></strong></span> <span class='ocrx_word' id='word_1_596' title='bbox 2672 3633 2895 3689; x_wconf 86' lang='lat' dir='ltr'><strong>Delens.</strong></span> <span class='ocrx_word' id='word_1_597' title='bbox 2939 3633 3064 3687; x_wconf 90' lang='lat' dir='ltr'><strong>Non</strong></span> <span class='ocrx_word' id='word_1_598' title='bbox 3105 3631 3280 3687; x_wconf 89' lang='lat' dir='ltr'><strong>solum</strong></span> <span class='ocrx_word' id='word_1_599' title='bbox 3318 3631 3475 3686; x_wconf 87' lang='lat' dir='ltr'><strong>vobis</strong></span> <span class='ocrx_word' id='word_1_600' title='bbox 3515 3631 3774 3703; x_wconf 83' lang='lat' dir='ltr'><strong>gentibus</strong></span> 
     </span>
    </p>
   </div>
   <div class='ocr_carea' id='block_1_84' title="bbox 2165 3719 3766 3790">
    <p class='ocr_par' dir='ltr' id='par_1_84' title="bbox 2165 3719 3766 3790">
     <span class='ocr_line' id='line_1_84' title="bbox 2165 3719 3766 3790; baseline -0.001 -14"><span class='ocrx_word' id='word_1_601' title='bbox 2165 3722 2312 3777; x_wconf 90' lang='lat' dir='ltr'><strong>Deus</strong></span> <span class='ocrx_word' id='word_1_602' title='bbox 2342 3721 2584 3786; x_wconf 90' lang='lat' dir='ltr'><strong>donavit,</strong></span> <span class='ocrx_word' id='word_1_603' title='bbox 2618 3721 2716 3776; x_wconf 88' lang='lat' dir='ltr'><strong>sed</strong></span> <span class='ocrx_word' id='word_1_604' title='bbox 2745 3730 2796 3776; x_wconf 92' lang='lat' dir='ltr'><strong>et</strong></span> <span class='ocrx_word' id='word_1_605' title='bbox 2827 3720 2985 3775; x_wconf 91' lang='lat' dir='ltr'><strong>nobis</strong></span> <span class='ocrx_word' id='word_1_606' title='bbox 3013 3721 3214 3775; x_wconf 66' lang='lat' dir='ltr'><strong>Judaeis</strong></span> <span class='ocrx_word' id='word_1_607' title='bbox 3260 3719 3766 3790; x_wconf 73' lang='lat' dir='ltr'><strong>praevaricationes,</strong></span> 
     </span>
    </p>
   </div>
   <div class='ocr_carea' id='block_1_85' title="bbox 2177 3809 3483 3882">
    <p class='ocr_par' dir='ltr' id='par_1_85' title="bbox 2177 3809 3483 3882">
     <span class='ocr_line' id='line_1_85' title="bbox 2177 3809 3483 3882; baseline -0.003 -16"><span class='ocrx_word' id='word_1_608' title='bbox 2177 3827 2296 3882; x_wconf 74' lang='lat' dir='ltr'><strong>quae</strong></span> <span class='ocrx_word' id='word_1_609' title='bbox 2326 3819 2451 3866; x_wconf 92' lang='lat' dir='ltr'><strong>sunt</strong></span> <span class='ocrx_word' id='word_1_610' title='bbox 2480 3827 2546 3866; x_wconf 84' lang='lat' dir='ltr'><strong>ex</strong></span> <span class='ocrx_word' id='word_1_611' title='bbox 2574 3809 2718 3881; x_wconf 82' lang='lat' dir='ltr'><strong>lege,</strong></span> <span class='ocrx_word' id='word_1_612' title='bbox 2751 3809 2972 3864; x_wconf 86' lang='lat' dir='ltr'><strong>dimisit.</strong></span> <span class='ocrx_word' id='word_1_613' title='bbox 3005 3810 3074 3864; x_wconf 90' lang='lat' dir='ltr'><strong>Et</strong></span> <span class='ocrx_word' id='word_1_614' title='bbox 3100 3810 3226 3875; x_wconf 92' lang='lat' dir='ltr'><strong>hoc,</strong></span> <span class='ocrx_word' id='word_1_615' title='bbox 3256 3810 3483 3864; x_wconf 87' lang='lat' dir='ltr'><strong>Delens.</strong></span> 
     </span>
    </p>
   </div>
   <div class='ocr_carea' id='block_1_86' title="bbox 2240 3913 3774 3989">
    <p class='ocr_par' dir='ltr' id='par_1_86' title="bbox 2240 3913 3774 3989">
     <span class='ocr_line' id='line_1_86' title="bbox 2240 3913 3774 3989; baseline -0.004 -16"><span class='ocrx_word' id='word_1_616' title='bbox 2240 3916 2703 3989; x_wconf 83' lang='lat' dir='ltr'><strong>Chirographum.</strong></span> <span class='ocrx_word' id='word_1_617' title='bbox 2755 3915 2897 3978; x_wconf 86' lang='lat' dir='ltr'><strong>Dicit</strong></span> <span class='ocrx_word' id='word_1_618' title='bbox 2942 3923 3229 3985; x_wconf 90' lang='lat' dir='ltr'><strong>peccatum</strong></span> <span class='ocrx_word' id='word_1_619' title='bbox 3277 3914 3427 3980; x_wconf 76' lang='lat' dir='ltr'><strong>Adae,</strong></span> <span class='ocrx_word' id='word_1_620' title='bbox 3471 3913 3622 3984; x_wconf 89' lang='lat' dir='ltr'><strong>quod</strong></span> <span class='ocrx_word' id='word_1_621' title='bbox 3654 3915 3774 3968; x_wconf 91' lang='lat' dir='ltr'><strong>tulit</strong></span> 
     </span>
    </p>
   </div>
   <div class='ocr_carea' id='block_1_87' title="bbox 2167 4003 3772 4074">
    <p class='ocr_par' dir='ltr' id='par_1_87' title="bbox 2167 4003 3772 4074">
     <span class='ocr_line' id='line_1_87' title="bbox 2167 4003 3772 4074; baseline -0.001 -14"><span class='ocrx_word' id='word_1_622' title='bbox 2167 4012 2219 4060; x_wconf 91' lang='lat' dir='ltr'><strong>et</strong></span> <span class='ocrx_word' id='word_1_623' title='bbox 2249 4003 2360 4058; x_wconf 86' lang='lat' dir='ltr'><strong>ﬁxit</strong></span> <span class='ocrx_word' id='word_1_624' title='bbox 2389 4004 2560 4071; x_wconf 90' lang='lat' dir='ltr'><strong>cruci,</strong></span> <span class='ocrx_word' id='word_1_625' title='bbox 2592 4021 2701 4060; x_wconf 92' lang='lat' dir='ltr'><strong>non</strong></span> <span class='ocrx_word' id='word_1_626' title='bbox 2732 4013 2910 4059; x_wconf 90' lang='lat' dir='ltr'><strong>autem</strong></span> <span class='ocrx_word' id='word_1_627' title='bbox 2967 4003 3141 4059; x_wconf 91' lang='lat' dir='ltr'><strong>solum</strong></span> <span class='ocrx_word' id='word_1_628' title='bbox 3171 4003 3280 4058; x_wconf 89' lang='lat' dir='ltr'><strong>alia</strong></span> <span class='ocrx_word' id='word_1_629' title='bbox 3313 4021 3326 4057; x_wconf 76' lang='grc' dir='ltr'><strong>ε</strong></span> <span class='ocrx_word' id='word_1_630' title='bbox 3361 4003 3487 4074; x_wconf 89' lang='lat' dir='ltr'><strong>quia</strong></span> <span class='ocrx_word' id='word_1_631' title='bbox 3515 4003 3624 4057; x_wconf 91' lang='lat' dir='ltr'><strong>nisi</strong></span> <span class='ocrx_word' id='word_1_632' title='bbox 3671 4005 3772 4058; x_wconf 88' lang='lat' dir='ltr'><strong>hoc</strong></span> 
     </span>
    </p>
   </div>
   <div class='ocr_carea' id='block_1_88' title="bbox 2165 4091 3758 4159">
    <p class='ocr_par' dir='ltr' id='par_1_88' title="bbox 2165 4091 3758 4159">
     <span class='ocr_line' id='line_1_88' title="bbox 2165 4091 3758 4159; baseline -0.001 -11"><span class='ocrx_word' id='word_1_633' title='bbox 2165 4101 2218 4148; x_wconf 92' lang='lat' dir='ltr'><strong>et</strong></span> <span class='ocrx_word' id='word_1_634' title='bbox 2248 4093 2355 4147; x_wconf 87' lang='lat' dir='ltr'><strong>alia</strong></span> <span class='ocrx_word' id='word_1_635' title='bbox 2384 4093 2620 4159; x_wconf 90' lang='lat' dir='ltr'><strong>tolleret,</strong></span> <span class='ocrx_word' id='word_1_636' title='bbox 2653 4109 2764 4148; x_wconf 91' lang='lat' dir='ltr'><strong>non</strong></span> <span class='ocrx_word' id='word_1_637' title='bbox 2792 4093 3155 4148; x_wconf 88' lang='lat' dir='ltr'><strong>liberaremur</strong></span> <span class='ocrx_word' id='word_1_638' title='bbox 3181 4108 3217 4147; x_wconf 88' lang='lat' dir='ltr'><strong>a</strong></span> <span class='ocrx_word' id='word_1_639' title='bbox 3245 4100 3418 4146; x_wconf 90' lang='lat' dir='ltr'><strong>morte</strong></span> <span class='ocrx_word' id='word_1_640' title='bbox 3438 4101 3493 4147; x_wconf 91' lang='lat' dir='ltr'><strong>et</strong></span> <span class='ocrx_word' id='word_1_641' title='bbox 3523 4091 3758 4146; x_wconf 83' lang='lat' dir='ltr'><strong>inferno.</strong></span> 
     </span>
    </p>
   </div>
   <div class='ocr_carea' id='block_1_89' title="bbox 2164 4179 3767 4254">
    <p class='ocr_par' dir='ltr' id='par_1_89' title="bbox 2164 4179 3767 4254">
     <span class='ocr_line' id='line_1_89' title="bbox 2164 4179 3767 4254; baseline -0.001 -17"><span class='ocrx_word' id='word_1_642' title='bbox 2164 4183 2307 4237; x_wconf 91' lang='lat' dir='ltr'><strong>Dum</strong></span> <span class='ocrx_word' id='word_1_643' title='bbox 2335 4181 2600 4238; x_wconf 89' lang='lat' dir='ltr'><strong>innocens</strong></span> <span class='ocrx_word' id='word_1_644' title='bbox 2629 4182 2915 4247; x_wconf 89' lang='lat' dir='ltr'><strong>occiditur,</strong></span> <span class='ocrx_word' id='word_1_645' title='bbox 2947 4189 3233 4253; x_wconf 90' lang='lat' dir='ltr'><strong>peccatum</strong></span> <span class='ocrx_word' id='word_1_646' title='bbox 3259 4179 3626 4254; x_wconf 89' lang='lat' dir='ltr'><strong>cruciﬁgitur.</strong></span> <span class='ocrx_word' id='word_1_647' title='bbox 3659 4184 3767 4236; x_wconf 81' lang='lat' dir='ltr'><strong>De-</strong></span> 
     </span>
    </p>
   </div>
   <div class='ocr_carea' id='block_1_90' title="bbox 2163 4269 3766 4339">
    <p class='ocr_par' dir='ltr' id='par_1_90' title="bbox 2163 4269 3766 4339">
     <span class='ocr_line' id='line_1_90' title="bbox 2163 4269 3766 4339; baseline -0.002 -12"><span class='ocrx_word' id='word_1_648' title='bbox 2163 4275 2403 4339; x_wconf 82' lang='lat' dir='ltr'><strong>cretum,</strong></span> <span class='ocrx_word' id='word_1_649' title='bbox 2437 4279 2521 4325; x_wconf 91' lang='lat' dir='ltr'><strong>est</strong></span> <span class='ocrx_word' id='word_1_650' title='bbox 2550 4271 2812 4326; x_wconf 88' lang='lat' dir='ltr'><strong>sententia</strong></span> <span class='ocrx_word' id='word_1_651' title='bbox 2838 4271 2894 4324; x_wconf 92' lang='lat' dir='ltr'><strong>in</strong></span> <span class='ocrx_word' id='word_1_652' title='bbox 2921 4269 3130 4326; x_wconf 89' lang='lat' dir='ltr'><strong>cunctis</strong></span> <span class='ocrx_word' id='word_1_653' title='bbox 3177 4270 3488 4325; x_wconf 90' lang='lat' dir='ltr'><strong>hominibus</strong></span> <span class='ocrx_word' id='word_1_654' title='bbox 3514 4270 3766 4335; x_wconf 81' lang='lat' dir='ltr'><strong>adversa,</strong></span> 
     </span>
    </p>
   </div>
   <div class='ocr_carea' id='block_1_91' title="bbox 2166 4359 3417 4430">
    <p class='ocr_par' dir='ltr' id='par_1_91' title="bbox 2166 4359 3417 4430">
     <span class='ocr_line' id='line_1_91' title="bbox 2166 4359 3417 4430; baseline -0.001 -17"><span class='ocrx_word' id='word_1_655' title='bbox 2166 4375 2274 4430; x_wconf 91' lang='lat' dir='ltr'><strong>qua</strong></span> <span class='ocrx_word' id='word_1_656' title='bbox 2326 4359 2531 4415; x_wconf 89' lang='lat' dir='ltr'><strong>dictum</strong></span> <span class='ocrx_word' id='word_1_657' title='bbox 2561 4367 2645 4414; x_wconf 91' lang='lat' dir='ltr'><strong>est</strong></span> <span class='ocrx_word' id='word_1_658' title='bbox 2679 4376 2692 4413; x_wconf 92' lang='lat'><strong>:</strong></span> <span class='ocrx_word' id='word_1_659' title='bbox 2729 4360 2896 4415; x_wconf 83' lang='lat' dir='ltr'><strong>Morte</strong></span> <span class='ocrx_word' id='word_1_660' title='bbox 2925 4361 3270 4425; x_wconf 84' lang='lat' dir='ltr'><strong>moriemini,</strong></span> <span class='ocrx_word' id='word_1_661' title='bbox 3311 4367 3417 4414; x_wconf 90' lang='lat' dir='ltr'><strong>etc.</strong></span> 
     </span>
    </p>
   </div>
   <div class='ocr_carea' id='block_1_92' title="bbox 528 4461 3769 4556">
    <p class='ocr_par' dir='ltr' id='par_1_92' title="bbox 528 4461 3769 4556">
     <span class='ocr_line' id='line_1_92' title="bbox 528 4461 3769 4556; baseline -0.001 -17"><span class='ocrx_word' id='word_1_662' title='bbox 528 4461 655 4539; x_wconf 37' lang='lat' dir='ltr'><strong>Dei.</strong></span> <span class='ocrx_word' id='word_1_663' title='bbox 689 4486 900 4551; x_wconf 89' lang='lat' dir='ltr'><strong>Patris,</strong></span> <span class='ocrx_word' id='word_1_664' title='bbox 949 4491 1055 4540; x_wconf 87' lang='lat' dir='ltr'><strong>etc.</strong></span> <span class='ocrx_word' id='word_1_665' title='bbox 1104 4486 1172 4541; x_wconf 92' lang='lat' dir='ltr'><strong>Ut</strong></span> <span class='ocrx_word' id='word_1_666' title='bbox 1233 4485 1415 4540; x_wconf 89' lang='lat' dir='ltr'><strong>sciatis</strong></span> <span class='ocrx_word' id='word_1_667' title='bbox 1463 4484 1608 4556; x_wconf 91' lang='lat' dir='ltr'><strong>quod</strong></span> <span class='ocrx_word' id='word_1_668' title='bbox 1658 4483 1764 4539; x_wconf 90' lang='lat' dir='ltr'><strong>alia</strong></span> <span class='ocrx_word' id='word_1_669' title='bbox 1822 4461 2126 4556; x_wconf 84' lang='lat' dir='ltr'><strong>personaD</strong></span> <span class='ocrx_word' id='word_1_670' title='bbox 2211 4466 2478 4556; x_wconf 9' lang='lat' dir='ltr'><strong>,Afrﬁgefm</strong></span> <span class='ocrx_word' id='word_1_671' title='bbox 2507 4466 2676 4556; x_wconf 62' lang='lat' dir='ltr'><strong>illud.</strong></span> <span class='ocrx_word' id='word_1_672' title='bbox 2714 4467 2788 4556; x_wconf 64' lang='lat' dir='ltr'><strong>Ut</strong></span> <span class='ocrx_word' id='word_1_673' title='bbox 2807 4465 2919 4534; x_wconf 81' lang='lat' dir='ltr'><strong>iam</strong></span> <span class='ocrx_word' id='word_1_674' title='bbox 2937 4473 3150 4556; x_wconf 77' lang='lat' dir='ltr'><strong>_ce_sset.</strong></span> <span class='ocrx_word' id='word_1_675' title='bbox 3166 4480 3312 4556; x_wconf 80' lang='lat' dir='ltr'><strong>_cum_</strong></span> <span class='ocrx_word' id='word_1_676' title='bbox 3337 4465 3520 4520; x_wconf 79' lang='lat' dir='ltr'><strong>omnia</strong></span> <span class='ocrx_word' id='word_1_677' title='bbox 3553 4463 3769 4521; x_wconf 64' lang='lat' dir='ltr'><strong>sacriﬁ-</strong></span> 
     </span>
    </p>
   </div>
   <div class='ocr_carea' id='block_1_93' title="bbox 459 4571 2058 4645">
    <p class='ocr_par' dir='ltr' id='par_1_93' title="bbox 459 4571 2058 4645">
     <span class='ocr_line' id='line_1_93' title="bbox 459 4571 2058 4645; baseline 0.003 -19"><span class='ocrx_word' id='word_1_678' title='bbox 459 4571 530 4626; x_wconf 89' lang='lat' dir='ltr'><strong>sit</strong></span> <span class='ocrx_word' id='word_1_679' title='bbox 559 4572 712 4627; x_wconf 85' lang='lat' dir='ltr'><strong>Pater</strong></span> <span class='ocrx_word' id='word_1_680' title='bbox 738 4589 769 4627; x_wconf 93' lang='lat' dir='ltr'><strong>a</strong></span> <span class='ocrx_word' id='word_1_681' title='bbox 799 4572 954 4641; x_wconf 89' lang='lat' dir='ltr'><strong>Filio,</strong></span> <span class='ocrx_word' id='word_1_682' title='bbox 985 4572 1236 4645; x_wconf 88' lang='lat' dir='ltr'><strong>quamvis</strong></span> <span class='ocrx_word' id='word_1_683' title='bbox 1264 4573 1411 4628; x_wconf 89' lang='lat' dir='ltr'><strong>idem</strong></span> <span class='ocrx_word' id='word_1_684' title='bbox 1431 4574 1487 4627; x_wconf 91' lang='lat' dir='ltr'><strong>in</strong></span> <span class='ocrx_word' id='word_1_685' title='bbox 1502 4572 1799 4634; x_wconf 85' lang='lat' dir='ltr'><strong>substantia</strong></span> <span class='ocrx_word' id='word_1_686' title='bbox 1814 4589 1938 4628; x_wconf 90' lang='lat' dir='ltr'><strong>eum</strong></span> <span class='ocrx_word' id='word_1_687' title='bbox 1969 4590 2058 4630; x_wconf 92' lang='lat' dir='ltr'><strong>eo.</strong></span> 
     </span>
    </p>
   </div>
   <div class='ocr_carea' id='block_1_94' title="bbox 460 4660 2060 4733">
    <p class='ocr_par' dir='ltr' id='par_1_94' title="bbox 460 4660 2060 4733">
     <span class='ocr_line' id='line_1_94' title="bbox 460 4660 2060 4733; baseline 0.002 -19"><span class='ocrx_word' id='word_1_688' title='bbox 460 4660 545 4714; x_wconf 90' lang='lat' dir='ltr'><strong>Ad</strong></span> <span class='ocrx_word' id='word_1_689' title='bbox 573 4660 941 4733; x_wconf 84' lang='lat' dir='ltr'><strong>cognitionem</strong></span> <span class='ocrx_word' id='word_1_690' title='bbox 969 4661 1016 4716; x_wconf 90' lang='lat' dir='ltr'><strong>si</strong></span> <span class='ocrx_word' id='word_1_691' title='bbox 1044 4661 1264 4717; x_wconf 89' lang='lat' dir='ltr'><strong>tenditis</strong></span> <span class='ocrx_word' id='word_1_692' title='bbox 1283 4708 1298 4731; x_wconf 93' lang='lat'><strong>,</strong></span> <span class='ocrx_word' id='word_1_693' title='bbox 1330 4663 1398 4716; x_wconf 91' lang='lat' dir='ltr'><strong>ad</strong></span> <span class='ocrx_word' id='word_1_694' title='bbox 1427 4662 1701 4716; x_wconf 89' lang='lat' dir='ltr'><strong>Christum</strong></span> <span class='ocrx_word' id='word_1_695' title='bbox 1731 4669 1937 4717; x_wconf 89' lang='lat' dir='ltr'><strong>tantum</strong></span> <span class='ocrx_word' id='word_1_696' title='bbox 1965 4679 2060 4717; x_wconf 88' lang='lat' dir='ltr'><strong>re-</strong></span> 
     </span>
    </p>
   </div>
   <div class='ocr_carea' id='block_1_95' title="bbox 459 4747 2062 4821">
    <p class='ocr_par' dir='ltr' id='par_1_95' title="bbox 459 4747 2062 4821">
     <span class='ocr_line' id='line_1_95' title="bbox 459 4747 2062 4821; baseline 0.002 -18"><span class='ocrx_word' id='word_1_697' title='bbox 459 4747 682 4814; x_wconf 90' lang='lat' dir='ltr'><strong>currite,</strong></span> <span class='ocrx_word' id='word_1_698' title='bbox 717 4749 841 4821; x_wconf 89' lang='lat' dir='ltr'><strong>quia</strong></span> <span class='ocrx_word' id='word_1_699' title='bbox 870 4750 926 4804; x_wconf 90' lang='lat' dir='ltr'><strong>in</strong></span> <span class='ocrx_word' id='word_1_700' title='bbox 954 4766 1020 4806; x_wconf 90' lang='lat' dir='ltr'><strong>eo</strong></span> <span class='ocrx_word' id='word_1_701' title='bbox 1051 4759 1176 4806; x_wconf 89' lang='lat' dir='ltr'><strong>sunt</strong></span> <span class='ocrx_word' id='word_1_702' title='bbox 1204 4766 1397 4805; x_wconf 91' lang='lat' dir='ltr'><strong>omnes</strong></span> <span class='ocrx_word' id='word_1_703' title='bbox 1429 4749 1622 4820; x_wconf 85' lang='lat' dir='ltr'><strong>copiae,</strong></span> <span class='ocrx_word' id='word_1_704' title='bbox 1655 4751 1753 4805; x_wconf 91' lang='lat' dir='ltr'><strong>sed</strong></span> <span class='ocrx_word' id='word_1_705' title='bbox 1780 4750 2062 4807; x_wconf 88' lang='lat' dir='ltr'><strong>abscondi-</strong></span> 
     </span>
    </p>
   </div>
   <div class='ocr_carea' id='block_1_96' title="bbox 457 4836 2060 4907">
    <p class='ocr_par' dir='ltr' id='par_1_96' title="bbox 457 4836 2060 4907">
     <span class='ocr_line' id='line_1_96' title="bbox 457 4836 2060 4907; baseline 0.003 -17"><span class='ocrx_word' id='word_1_706' title='bbox 457 4843 547 4904; x_wconf 67' lang='lat' dir='ltr'><strong>tae,</strong></span> <span class='ocrx_word' id='word_1_707' title='bbox 583 4844 635 4892; x_wconf 89' lang='lat' dir='ltr'><strong>et</strong></span> <span class='ocrx_word' id='word_1_708' title='bbox 662 4836 787 4894; x_wconf 89' lang='lat' dir='ltr'><strong>ideo</strong></span> <span class='ocrx_word' id='word_1_709' title='bbox 815 4854 883 4894; x_wconf 88' lang='lat' dir='ltr'><strong>ne</strong></span> <span class='ocrx_word' id='word_1_710' title='bbox 911 4839 1184 4895; x_wconf 90' lang='lat' dir='ltr'><strong>miremini</strong></span> <span class='ocrx_word' id='word_1_711' title='bbox 1215 4839 1263 4894; x_wconf 91' lang='lat' dir='ltr'><strong>si</strong></span> <span class='ocrx_word' id='word_1_712' title='bbox 1291 4839 1347 4894; x_wconf 92' lang='lat' dir='ltr'><strong>in</strong></span> <span class='ocrx_word' id='word_1_713' title='bbox 1403 4839 1619 4894; x_wconf 88' lang='lat' dir='ltr'><strong>Christo</strong></span> <span class='ocrx_word' id='word_1_714' title='bbox 1671 4839 1824 4907; x_wconf 89' lang='lat' dir='ltr'><strong>estis,</strong></span> <span class='ocrx_word' id='word_1_715' title='bbox 1885 4848 1940 4894; x_wconf 91' lang='lat' dir='ltr'><strong>et</strong></span> <span class='ocrx_word' id='word_1_716' title='bbox 1967 4855 2060 4895; x_wconf 90' lang='lat' dir='ltr'><strong>eas</strong></span> 
     </span>
    </p>
   </div>
   <div class='ocr_carea' id='block_1_97' title="bbox 458 4925 2060 5000">
    <p class='ocr_par' dir='ltr' id='par_1_97' title="bbox 458 4925 2060 5000">
     <span class='ocr_line' id='line_1_97' title="bbox 458 4925 2060 5000; baseline 0.002 -20"><span class='ocrx_word' id='word_1_717' title='bbox 458 4925 702 4982; x_wconf 90' lang='lat' dir='ltr'><strong>nondum</strong></span> <span class='ocrx_word' id='word_1_718' title='bbox 731 4927 1035 4997; x_wconf 89' lang='lat' dir='ltr'><strong>invenistis,</strong></span> <span class='ocrx_word' id='word_1_719' title='bbox 1067 4928 1195 5000; x_wconf 89' lang='lat' dir='ltr'><strong>quia</strong></span> <span class='ocrx_word' id='word_1_720' title='bbox 1223 4943 1335 4984; x_wconf 91' lang='lat' dir='ltr'><strong>non</strong></span> <span class='ocrx_word' id='word_1_721' title='bbox 1387 4928 1640 4984; x_wconf 89' lang='lat' dir='ltr'><strong>omnibus</strong></span> <span class='ocrx_word' id='word_1_722' title='bbox 1695 4936 1900 5000; x_wconf 91' lang='lat' dir='ltr'><strong>patent,</strong></span> <span class='ocrx_word' id='word_1_723' title='bbox 1961 4929 2060 4984; x_wconf 90' lang='lat' dir='ltr'><strong>sed</strong></span> 
     </span>
    </p>
   </div>
   <div class='ocr_carea' id='block_1_98' title="bbox 456 5014 1226 5090">
    <p class='ocr_par' dir='ltr' id='par_1_98' title="bbox 456 5014 1226 5090">
     <span class='ocr_line' id='line_1_98' title="bbox 456 5014 1226 5090; baseline 0.008 -23"><span class='ocrx_word' id='word_1_724' title='bbox 456 5014 542 5068; x_wconf 92' lang='lat' dir='ltr'><strong>his</strong></span> <span class='ocrx_word' id='word_1_725' title='bbox 571 5016 664 5087; x_wconf 90' lang='lat' dir='ltr'><strong>qui</strong></span> <span class='ocrx_word' id='word_1_726' title='bbox 695 5025 886 5088; x_wconf 90' lang='lat' dir='ltr'><strong>petunt</strong></span> <span class='ocrx_word' id='word_1_727' title='bbox 917 5023 970 5074; x_wconf 89' lang='lat' dir='ltr'><strong>et</strong></span> <span class='ocrx_word' id='word_1_728' title='bbox 987 5018 1226 5090; x_wconf 85' lang='lat' dir='ltr'><strong>pulsant.</strong></span> 
     </span>
    </p>
   </div>
   <div class='ocr_carea' id='block_1_99' title="bbox 418 5116 2059 5190">
    <p class='ocr_par' dir='ltr' id='par_1_99' title="bbox 418 5116 2059 5190">
     <span class='ocr_line' id='line_1_99' title="bbox 418 5116 2059 5190; baseline 0.004 -21"><span class='ocrx_word' id='word_1_729' title='bbox 418 5186 423 5190; x_wconf 27' lang='lat'><strong><em>.</em></strong></span> <span class='ocrx_word' id='word_1_730' title='bbox 529 5116 699 5173; x_wconf 86' lang='lat' dir='ltr'><strong>Vens.</strong></span> <span class='ocrx_word' id='word_1_731' title='bbox 742 5121 794 5176; x_wconf 73' lang='grc'><strong>4.</strong></span> <span class='ocrx_word' id='word_1_732' title='bbox 822 5151 892 5160; x_wconf 91' lang='grc'><strong>-</strong></span> <span class='ocrx_word' id='word_1_733' title='bbox 922 5123 1030 5177; x_wconf 83' lang='lat' dir='ltr'><strong>Hoc</strong></span> <span class='ocrx_word' id='word_1_734' title='bbox 1060 5125 1273 5176; x_wconf 88' lang='lat' dir='ltr'><strong>autem.</strong></span> <span class='ocrx_word' id='word_1_735' title='bbox 1305 5121 1429 5176; x_wconf 90' lang='lat' dir='ltr'><strong>Non</strong></span> <span class='ocrx_word' id='word_1_736' title='bbox 1447 5121 1623 5176; x_wconf 90' lang='lat' dir='ltr'><strong>solum</strong></span> <span class='ocrx_word' id='word_1_737' title='bbox 1653 5119 1774 5175; x_wconf 89' lang='lat' dir='ltr'><strong>dico</strong></span> <span class='ocrx_word' id='word_1_738' title='bbox 1805 5126 1865 5175; x_wconf 92' lang='lat' dir='ltr'><strong>ut</strong></span> <span class='ocrx_word' id='word_1_739' title='bbox 1893 5119 1964 5175; x_wconf 90' lang='lat' dir='ltr'><strong>ad</strong></span> <span class='ocrx_word' id='word_1_740' title='bbox 1993 5135 2059 5175; x_wconf 88' lang='lat' dir='ltr'><strong>ea</strong></span> 
     </span>
    </p>
   </div>
   <div class='ocr_carea' id='block_1_100' title="bbox 456 5204 2060 5280">
    <p class='ocr_par' dir='ltr' id='par_1_100' title="bbox 456 5204 2060 5280">
     <span class='ocr_line' id='line_1_100' title="bbox 456 5204 2060 5280; baseline 0.003 -22"><span class='ocrx_word' id='word_1_741' title='bbox 456 5204 688 5262; x_wconf 89' lang='lat' dir='ltr'><strong>tendatis</strong></span> <span class='ocrx_word' id='word_1_742' title='bbox 719 5225 840 5280; x_wconf 70' lang='lat' dir='ltr'><strong>qua:</strong></span> <span class='ocrx_word' id='word_1_743' title='bbox 869 5209 1112 5264; x_wconf 90' lang='lat' dir='ltr'><strong>nondum</strong></span> <span class='ocrx_word' id='word_1_744' title='bbox 1143 5209 1376 5278; x_wconf 91' lang='lat' dir='ltr'><strong>habetis,</strong></span> <span class='ocrx_word' id='word_1_745' title='bbox 1409 5211 1508 5264; x_wconf 90' lang='lat' dir='ltr'><strong>sed</strong></span> <span class='ocrx_word' id='word_1_746' title='bbox 1538 5217 1594 5263; x_wconf 94' lang='lat' dir='ltr'><strong>ut</strong></span> <span class='ocrx_word' id='word_1_747' title='bbox 1623 5225 1784 5264; x_wconf 89' lang='lat' dir='ltr'><strong>nemo</strong></span> <span class='ocrx_word' id='word_1_748' title='bbox 1826 5208 2060 5279; x_wconf 90' lang='lat' dir='ltr'><strong>decipiat</strong></span> 
     </span>
    </p>
   </div>
   <div class='ocr_carea' id='block_1_101' title="bbox 459 5295 2058 5369">
    <p class='ocr_par' dir='ltr' id='par_1_101' title="bbox 459 5295 2058 5369">
     <span class='ocr_line' id='line_1_101' title="bbox 459 5295 2058 5369; baseline 0.004 -22"><span class='ocrx_word' id='word_1_749' title='bbox 459 5300 512 5348; x_wconf 90' lang='lat' dir='ltr'><strong>et</strong></span> <span class='ocrx_word' id='word_1_750' title='bbox 539 5295 749 5352; x_wconf 88' lang='lat' dir='ltr'><strong>ratione</strong></span> <span class='ocrx_word' id='word_1_751' title='bbox 777 5298 1173 5354; x_wconf 90' lang='lat' dir='ltr'><strong>mundanarum</strong></span> <span class='ocrx_word' id='word_1_752' title='bbox 1205 5314 1393 5354; x_wconf 89' lang='lat' dir='ltr'><strong>rerum</strong></span> <span class='ocrx_word' id='word_1_753' title='bbox 1421 5298 1694 5352; x_wconf 87' lang='lat' dir='ltr'><strong>abstrahat</strong></span> <span class='ocrx_word' id='word_1_754' title='bbox 1726 5312 1760 5353; x_wconf 91' lang='lat' dir='ltr'><strong>a</strong></span> <span class='ocrx_word' id='word_1_755' title='bbox 1798 5313 1896 5368; x_wconf 87' lang='lat' dir='ltr'><strong>spe</strong></span> <span class='ocrx_word' id='word_1_756' title='bbox 1937 5313 2058 5369; x_wconf 67' lang='lat' dir='ltr'><strong>quae</strong></span> 
     </span>
    </p>
   </div>
   <div class='ocr_carea' id='block_1_102' title="bbox 459 5382 892 5440">
    <p class='ocr_par' dir='ltr' id='par_1_102' title="bbox 459 5382 892 5440">
     <span class='ocr_line' id='line_1_102' title="bbox 459 5382 892 5440; baseline 0.014 -5"><span class='ocrx_word' id='word_1_757' title='bbox 459 5389 542 5436; x_wconf 88' lang='lat' dir='ltr'><strong>est</strong></span> <span class='ocrx_word' id='word_1_758' title='bbox 572 5382 626 5436; x_wconf 92' lang='lat' dir='ltr'><strong>in</strong></span> <span class='ocrx_word' id='word_1_759' title='bbox 656 5383 892 5440; x_wconf 87' lang='lat' dir='ltr'><strong>Christo.</strong></span> 
     </span>
    </p>
   </div>
   <div class='ocr_carea' id='block_1_103' title="bbox 529 5471 2058 5546">
    <p class='ocr_par' dir='ltr' id='par_1_103' title="bbox 529 5471 2058 5546">
     <span class='ocr_line' id='line_1_103' title="bbox 529 5471 2058 5546; baseline 0.003 -22"><span class='ocrx_word' id='word_1_760' title='bbox 529 5471 698 5527; x_wconf 86' lang='lat' dir='ltr'><strong>Vens.</strong></span> <span class='ocrx_word' id='word_1_761' title='bbox 735 5475 786 5527; x_wconf 82' lang='grc'><strong>5.</strong></span> <span class='ocrx_word' id='word_1_762' title='bbox 820 5503 890 5515; x_wconf 83' lang='lat'><strong>--</strong></span> <span class='ocrx_word' id='word_1_763' title='bbox 919 5473 1024 5530; x_wconf 87' lang='lat' dir='ltr'><strong>Sed</strong></span> <span class='ocrx_word' id='word_1_764' title='bbox 1050 5477 1136 5528; x_wconf 90' lang='lat' dir='ltr'><strong>est</strong></span> <span class='ocrx_word' id='word_1_765' title='bbox 1165 5475 1394 5546; x_wconf 87' lang='lat' dir='ltr'><strong>spiritu.</strong></span> <span class='ocrx_word' id='word_1_766' title='bbox 1430 5472 1643 5529; x_wconf 89' lang='lat' dir='ltr'><strong>Sanctis</strong></span> <span class='ocrx_word' id='word_1_767' title='bbox 1673 5473 1858 5528; x_wconf 91' lang='lat' dir='ltr'><strong>datum</strong></span> <span class='ocrx_word' id='word_1_768' title='bbox 1889 5481 1972 5529; x_wconf 89' lang='lat' dir='ltr'><strong>est</strong></span> <span class='ocrx_word' id='word_1_769' title='bbox 2003 5473 2058 5528; x_wconf 91' lang='lat' dir='ltr'><strong>in</strong></span> 
     </span>
    </p>
   </div>
   <div class='ocr_carea' id='block_1_104' title="bbox 455 5558 2056 5636">
    <p class='ocr_par' dir='ltr' id='par_1_104' title="bbox 455 5558 2056 5636">
     <span class='ocr_line' id='line_1_104' title="bbox 455 5558 2056 5636; baseline 0.003 -23"><span class='ocrx_word' id='word_1_770' title='bbox 455 5558 649 5630; x_wconf 89' lang='lat' dir='ltr'><strong>spiritu</strong></span> <span class='ocrx_word' id='word_1_771' title='bbox 681 5561 867 5618; x_wconf 89' lang='lat' dir='ltr'><strong>videre</strong></span> <span class='ocrx_word' id='word_1_772' title='bbox 898 5571 1124 5617; x_wconf 91' lang='lat' dir='ltr'><strong>remota.</strong></span> <span class='ocrx_word' id='word_1_773' title='bbox 1157 5562 1400 5619; x_wconf 88' lang='lat' dir='ltr'><strong>Caveant</strong></span> <span class='ocrx_word' id='word_1_774' title='bbox 1420 5578 1551 5635; x_wconf 84' lang='lat' dir='ltr'><strong>ergo</strong></span> <span class='ocrx_word' id='word_1_775' title='bbox 1573 5562 1675 5618; x_wconf 89' lang='lat' dir='ltr'><strong>sibi</strong></span> <span class='ocrx_word' id='word_1_776' title='bbox 1701 5577 1934 5636; x_wconf 90' lang='lat' dir='ltr'><strong>quorum</strong></span> <span class='ocrx_word' id='word_1_777' title='bbox 1965 5577 2056 5618; x_wconf 85' lang='lat' dir='ltr'><strong>ac-</strong></span> 
     </span>
    </p>
   </div>
   <div class='ocr_carea' id='block_1_105' title="bbox 458 5648 1254 5722">
    <p class='ocr_par' dir='ltr' id='par_1_105' title="bbox 458 5648 1254 5722">
     <span class='ocr_line' id='line_1_105' title="bbox 458 5648 1254 5722; baseline 0.005 -20"><span class='ocrx_word' id='word_1_778' title='bbox 458 5654 546 5703; x_wconf 90' lang='lat' dir='ltr'><strong>tus</strong></span> <span class='ocrx_word' id='word_1_779' title='bbox 572 5648 899 5722; x_wconf 84' lang='lat' dir='ltr'><strong>magistrum</strong></span> <span class='ocrx_word' id='word_1_780' title='bbox 928 5665 1039 5706; x_wconf 91' lang='lat' dir='ltr'><strong>non</strong></span> <span class='ocrx_word' id='word_1_781' title='bbox 1068 5649 1254 5708; x_wconf 87' lang='lat' dir='ltr'><strong>latent.</strong></span> 
     </span>
    </p>
   </div>
   <div class='ocr_carea' id='block_1_106' title="bbox 2174 4553 3427 4627">
    <p class='ocr_par' dir='ltr' id='par_1_106' title="bbox 2174 4553 3427 4627">
     <span class='ocr_line' id='line_1_106' title="bbox 2174 4553 3427 4627; baseline -0.001 -17"><span class='ocrx_word' id='word_1_782' title='bbox 2174 4555 2262 4610; x_wconf 88' lang='lat' dir='ltr'><strong>cia</strong></span> <span class='ocrx_word' id='word_1_783' title='bbox 2287 4555 2343 4610; x_wconf 91' lang='lat' dir='ltr'><strong>in</strong></span> <span class='ocrx_word' id='word_1_784' title='bbox 2373 4553 2649 4610; x_wconf 89' lang='lat' dir='ltr'><strong>oblatione</strong></span> <span class='ocrx_word' id='word_1_785' title='bbox 2677 4555 2794 4610; x_wconf 89' lang='lat' dir='ltr'><strong>veri</strong></span> <span class='ocrx_word' id='word_1_786' title='bbox 2822 4554 2951 4627; x_wconf 81' lang='lat' dir='ltr'><strong>agni</strong></span> <span class='ocrx_word' id='word_1_787' title='bbox 2980 4554 3087 4608; x_wconf 90' lang='lat' dir='ltr'><strong>sint</strong></span> <span class='ocrx_word' id='word_1_788' title='bbox 3114 4554 3427 4624; x_wconf 85' lang='lat' dir='ltr'><strong>adimpleta.</strong></span> 
     </span>
    </p>
   </div>
   <div class='ocr_carea' id='block_1_107' title="bbox 2243 4679 3772 4752">
    <p class='ocr_par' dir='ltr' id='par_1_107' title="bbox 2243 4679 3772 4752">
     <span class='ocr_line' id='line_1_107' title="bbox 2243 4679 3772 4752; baseline 0 -18"><span class='ocrx_word' id='word_1_789' title='bbox 2243 4679 2414 4734; x_wconf 88' lang='lat' dir='ltr'><strong>Vens.</strong></span> <span class='ocrx_word' id='word_1_790' title='bbox 2452 4682 2535 4734; x_wconf 85' lang='grc'><strong>15.</strong></span> <span class='ocrx_word' id='word_1_791' title='bbox 2568 4709 2638 4719; x_wconf 91' lang='lat'>—</span> <span class='ocrx_word' id='word_1_792' title='bbox 2665 4679 3005 4751; x_wconf 71' lang='lat' dir='ltr'><strong>Exspelians</strong></span> <span class='ocrx_word' id='word_1_793' title='bbox 3031 4681 3388 4752; x_wconf 84' lang='lat' dir='ltr'><strong>principatus</strong></span> <span class='ocrx_word' id='word_1_794' title='bbox 3418 4682 3475 4733; x_wconf 87' lang='lat' dir='ltr'><strong>et</strong></span> <span class='ocrx_word' id='word_1_795' title='bbox 3520 4683 3772 4751; x_wconf 80' lang='lat' dir='ltr'><strong>potesta-</strong></span> 
     </span>
    </p>
   </div>
   <div class='ocr_carea' id='block_1_108' title="bbox 2174 4767 3772 4836">
    <p class='ocr_par' dir='ltr' id='par_1_108' title="bbox 2174 4767 3772 4836">
     <span class='ocr_line' id='line_1_108' title="bbox 2174 4767 3772 4836; baseline 0 -13"><span class='ocrx_word' id='word_1_796' title='bbox 2174 4772 2275 4823; x_wconf 87' lang='lat' dir='ltr'><strong>tes.</strong></span> <span class='ocrx_word' id='word_1_797' title='bbox 2297 4767 2605 4823; x_wconf 83' lang='lat' dir='ltr'><strong>Auferendo</strong></span> <span class='ocrx_word' id='word_1_798' title='bbox 2621 4768 2917 4833; x_wconf 84' lang='lat' dir='ltr'><strong>Abraham,</strong></span> <span class='ocrx_word' id='word_1_799' title='bbox 2938 4769 3092 4823; x_wconf 89' lang='lat' dir='ltr'><strong>Isaac</strong></span> <span class='ocrx_word' id='word_1_800' title='bbox 3112 4774 3165 4822; x_wconf 90' lang='lat' dir='ltr'><strong>et</strong></span> <span class='ocrx_word' id='word_1_801' title='bbox 3181 4776 3408 4823; x_wconf 63' lang='lat' dir='ltr'><strong>carteros</strong></span> <span class='ocrx_word' id='word_1_802' title='bbox 3418 4767 3618 4836; x_wconf 88' lang='lat' dir='ltr'><strong>justos.</strong></span> <span class='ocrx_word' id='word_1_803' title='bbox 3646 4769 3772 4823; x_wconf 83' lang='lat' dir='ltr'><strong>Tra-</strong></span> 
     </span>
    </p>
   </div>
   <div class='ocr_carea' id='block_1_109' title="bbox 2169 4855 3771 4930">
    <p class='ocr_par' dir='ltr' id='par_1_109' title="bbox 2169 4855 3771 4930">
     <span class='ocr_line' id='line_1_109' title="bbox 2169 4855 3771 4930; baseline 0 -19"><span class='ocrx_word' id='word_1_804' title='bbox 2169 4856 2360 4922; x_wconf 72' lang='lat' dir='ltr'><strong>duxit,</strong></span> <span class='ocrx_word' id='word_1_805' title='bbox 2393 4857 2558 4929; x_wconf 88' lang='lat' dir='ltr'><strong>longe</strong></span> <span class='ocrx_word' id='word_1_806' title='bbox 2585 4857 2654 4911; x_wconf 93' lang='lat' dir='ltr'><strong>ab</strong></span> <span class='ocrx_word' id='word_1_807' title='bbox 2684 4858 2787 4912; x_wconf 94' lang='lat' dir='ltr'><strong>hoc</strong></span> <span class='ocrx_word' id='word_1_808' title='bbox 2807 4872 2980 4930; x_wconf 85' lang='lat' dir='ltr'><strong>regno</strong></span> <span class='ocrx_word' id='word_1_809' title='bbox 2995 4857 3063 4911; x_wconf 90' lang='lat' dir='ltr'><strong>ad</strong></span> <span class='ocrx_word' id='word_1_810' title='bbox 3083 4857 3282 4913; x_wconf 78' lang='lat' dir='ltr'><strong>coelum</strong></span> <span class='ocrx_word' id='word_1_811' title='bbox 3297 4855 3771 4924; x_wconf 77' lang='lat' dir='ltr'><strong>duxit.Conﬁden-</strong></span> 
     </span>
    </p>
   </div>
   <div class='ocr_carea' id='block_1_110' title="bbox 2171 4945 3773 5018">
    <p class='ocr_par' dir='ltr' id='par_1_110' title="bbox 2171 4945 3773 5018">
     <span class='ocr_line' id='line_1_110' title="bbox 2171 4945 3773 5018; baseline 0.001 -19"><span class='ocrx_word' id='word_1_812' title='bbox 2171 4948 2271 5001; x_wconf 84' lang='lat' dir='ltr'><strong>tes.</strong></span> <span class='ocrx_word' id='word_1_813' title='bbox 2307 4945 2367 5000; x_wconf 91' lang='lat' dir='ltr'><strong>Id</strong></span> <span class='ocrx_word' id='word_1_814' title='bbox 2395 4955 2478 5001; x_wconf 90' lang='lat' dir='ltr'><strong>est</strong></span> <span class='ocrx_word' id='word_1_815' title='bbox 2521 4961 2644 5000; x_wconf 92' lang='lat' dir='ltr'><strong>cum</strong></span> <span class='ocrx_word' id='word_1_816' title='bbox 2689 4961 2786 5016; x_wconf 91' lang='lat' dir='ltr'><strong>spe</strong></span> <span class='ocrx_word' id='word_1_817' title='bbox 2831 4945 3090 5002; x_wconf 59' lang='lat' dir='ltr'><strong>victoria}.</strong></span> <span class='ocrx_word' id='word_1_818' title='bbox 3142 4945 3536 5018; x_wconf 86' lang='lat' dir='ltr'><strong>Triumphans,</strong></span> <span class='ocrx_word' id='word_1_819' title='bbox 3586 4945 3644 5000; x_wconf 90' lang='lat' dir='ltr'><strong>id</strong></span> <span class='ocrx_word' id='word_1_820' title='bbox 3689 4953 3773 5000; x_wconf 92' lang='lat' dir='ltr'><strong>est</strong></span> 
     </span>
    </p>
   </div>
   <div class='ocr_carea' id='block_1_111' title="bbox 2167 5033 3772 5106">
    <p class='ocr_par' dir='ltr' id='par_1_111' title="bbox 2167 5033 3772 5106">
     <span class='ocr_line' id='line_1_111' title="bbox 2167 5033 3772 5106; baseline 0 -18"><span class='ocrx_word' id='word_1_821' title='bbox 2167 5049 2482 5106; x_wconf 86' lang='lat' dir='ltr'><strong>expugnans</strong></span> <span class='ocrx_word' id='word_1_822' title='bbox 2513 5033 2634 5088; x_wconf 92' lang='lat' dir='ltr'><strong>illos</strong></span> <span class='ocrx_word' id='word_1_823' title='bbox 2665 5034 2721 5088; x_wconf 90' lang='lat' dir='ltr'><strong>in</strong></span> <span class='ocrx_word' id='word_1_824' title='bbox 2759 5050 2944 5100; x_wconf 90' lang='lat' dir='ltr'><strong>cruce,</strong></span> <span class='ocrx_word' id='word_1_825' title='bbox 2977 5034 3122 5106; x_wconf 90' lang='lat' dir='ltr'><strong>quod</strong></span> <span class='ocrx_word' id='word_1_826' title='bbox 3150 5050 3260 5089; x_wconf 91' lang='lat' dir='ltr'><strong>non</strong></span> <span class='ocrx_word' id='word_1_827' title='bbox 3305 5042 3385 5090; x_wconf 90' lang='lat' dir='ltr'><strong>cst</strong></span> <span class='ocrx_word' id='word_1_828' title='bbox 3440 5033 3498 5088; x_wconf 92' lang='lat' dir='ltr'><strong>in</strong></span> <span class='ocrx_word' id='word_1_829' title='bbox 3525 5034 3772 5090; x_wconf 89' lang='lat' dir='ltr'><strong>abscon-</strong></span> 
     </span>
    </p>
   </div>
   <div class='ocr_carea' id='block_1_112' title="bbox 2166 5121 3773 5196">
    <p class='ocr_par' dir='ltr' id='par_1_112' title="bbox 2166 5121 3773 5196">
     <span class='ocr_line' id='line_1_112' title="bbox 2166 5121 3773 5196; baseline 0.002 -21"><span class='ocrx_word' id='word_1_830' title='bbox 2166 5121 2297 5187; x_wconf 91' lang='lat' dir='ltr'><strong>dito,</strong></span> <span class='ocrx_word' id='word_1_831' title='bbox 2331 5123 2427 5177; x_wconf 91' lang='lat' dir='ltr'><strong>sed</strong></span> <span class='ocrx_word' id='word_1_832' title='bbox 2458 5123 2668 5196; x_wconf 81' lang='lat' dir='ltr'><strong>palam.</strong></span> <span class='ocrx_word' id='word_1_833' title='bbox 2705 5122 2899 5194; x_wconf 90' lang='lat' dir='ltr'><strong>Siquis</strong></span> <span class='ocrx_word' id='word_1_834' title='bbox 2926 5123 3068 5179; x_wconf 91' lang='lat' dir='ltr'><strong>enim</strong></span> <span class='ocrx_word' id='word_1_835' title='bbox 3084 5122 3470 5195; x_wconf 83' lang='lat' dir='ltr'><strong>perfectionem</strong></span> <span class='ocrx_word' id='word_1_836' title='bbox 3503 5123 3773 5178; x_wconf 72' lang='lat' dir='ltr'><strong>Ecclesia:</strong></span> 
     </span>
    </p>
   </div>
   <div class='ocr_carea' id='block_1_113' title="bbox 2165 5210 3766 5283">
    <p class='ocr_par' dir='ltr' id='par_1_113' title="bbox 2165 5210 3766 5283">
     <span class='ocr_line' id='line_1_113' title="bbox 2165 5210 3766 5283; baseline 0.001 -20"><span class='ocrx_word' id='word_1_837' title='bbox 2165 5210 2405 5281; x_wconf 88' lang='lat' dir='ltr'><strong>respicit,</strong></span> <span class='ocrx_word' id='word_1_838' title='bbox 2441 5219 2629 5281; x_wconf 88' lang='lat' dir='ltr'><strong>aperte</strong></span> <span class='ocrx_word' id='word_1_839' title='bbox 2657 5211 2873 5267; x_wconf 90' lang='lat' dir='ltr'><strong>videtur</strong></span> <span class='ocrx_word' id='word_1_840' title='bbox 2928 5211 3103 5268; x_wconf 89' lang='lat' dir='ltr'><strong>victus</strong></span> <span class='ocrx_word' id='word_1_841' title='bbox 3133 5213 3388 5283; x_wconf 89' lang='lat' dir='ltr'><strong>antiquus</strong></span> <span class='ocrx_word' id='word_1_842' title='bbox 3417 5210 3612 5266; x_wconf 89' lang='lat' dir='ltr'><strong>hostis.</strong></span> <span class='ocrx_word' id='word_1_843' title='bbox 3646 5211 3766 5279; x_wconf 84' lang='lat' dir='ltr'><strong>Vel,</strong></span> 
     </span>
    </p>
   </div>
   <div class='ocr_carea' id='block_1_114' title="bbox 2159 5299 3773 5373">
    <p class='ocr_par' dir='ltr' id='par_1_114' title="bbox 2159 5299 3773 5373">
     <span class='ocr_line' id='line_1_114' title="bbox 2159 5299 3773 5373; baseline -0.001 -18"><span class='ocrx_word' id='word_1_844' title='bbox 2159 5300 2520 5373; x_wconf 85' lang='lat' dir='ltr'><strong>principatus</strong></span> <span class='ocrx_word' id='word_1_845' title='bbox 2541 5305 2597 5356; x_wconf 90' lang='lat' dir='ltr'><strong>et</strong></span> <span class='ocrx_word' id='word_1_846' title='bbox 2612 5305 2918 5373; x_wconf 84' lang='lat' dir='ltr'><strong>potestates</strong></span> <span class='ocrx_word' id='word_1_847' title='bbox 2937 5302 3223 5366; x_wconf 71' lang='lat' dir='ltr'><strong>traduxit,</strong></span> <span class='ocrx_word' id='word_1_848' title='bbox 3244 5301 3300 5355; x_wconf 90' lang='lat' dir='ltr'><strong>id</strong></span> <span class='ocrx_word' id='word_1_849' title='bbox 3327 5307 3410 5354; x_wconf 91' lang='lat' dir='ltr'><strong>est</strong></span> <span class='ocrx_word' id='word_1_850' title='bbox 3424 5300 3494 5353; x_wconf 91' lang='lat' dir='ltr'><strong>ab</strong></span> <span class='ocrx_word' id='word_1_851' title='bbox 3514 5299 3773 5356; x_wconf 84' lang='lat' dir='ltr'><strong>Ecclesia</strong></span> 
     </span>
    </p>
   </div>
   <div class='ocr_carea' id='block_1_115' title="bbox 2164 5388 3768 5462">
    <p class='ocr_par' dir='ltr' id='par_1_115' title="bbox 2164 5388 3768 5462">
     <span class='ocr_line' id='line_1_115' title="bbox 2164 5388 3768 5462; baseline 0 -20"><span class='ocrx_word' id='word_1_852' title='bbox 2164 5388 2564 5444; x_wconf 85' lang='lat' dir='ltr'><strong>exterminavit.</strong></span> <span class='ocrx_word' id='word_1_853' title='bbox 2600 5390 2974 5462; x_wconf 85' lang='lat' dir='ltr'><strong>Triumphans</strong></span> <span class='ocrx_word' id='word_1_854' title='bbox 3003 5391 3131 5446; x_wconf 88' lang='lat' dir='ltr'><strong>illos</strong></span> <span class='ocrx_word' id='word_1_855' title='bbox 3157 5391 3218 5444; x_wconf 88' lang='lat' dir='ltr'><strong>in</strong></span> <span class='ocrx_word' id='word_1_856' title='bbox 3238 5389 3557 5461; x_wconf 78' lang='lat' dir='ltr'><strong>semetipso.</strong></span> <span class='ocrx_word' id='word_1_857' title='bbox 3593 5389 3768 5444; x_wconf 80' lang='lat' dir='ltr'><strong>Morte</strong></span> 
     </span>
    </p>
   </div>
   <div class='ocr_carea' id='block_1_116' title="bbox 2163 5475 3767 5549">
    <p class='ocr_par' dir='ltr' id='par_1_116' title="bbox 2163 5475 3767 5549">
     <span class='ocr_line' id='line_1_116' title="bbox 2163 5475 3767 5549; baseline 0 -19"><span class='ocrx_word' id='word_1_858' title='bbox 2163 5492 2278 5530; x_wconf 87' lang='lat' dir='ltr'><strong>sua.</strong></span> <span class='ocrx_word' id='word_1_859' title='bbox 2339 5477 2459 5532; x_wconf 91' lang='lat' dir='ltr'><strong>Uno</strong></span> <span class='ocrx_word' id='word_1_860' title='bbox 2516 5477 2715 5549; x_wconf 88' lang='lat' dir='ltr'><strong>quippe</strong></span> <span class='ocrx_word' id='word_1_861' title='bbox 2764 5477 3047 5533; x_wconf 87' lang='lat' dir='ltr'><strong>verissimo</strong></span> <span class='ocrx_word' id='word_1_862' title='bbox 3105 5475 3372 5533; x_wconf 88' lang='lat' dir='ltr'><strong>sacriﬁcio</strong></span> <span class='ocrx_word' id='word_1_863' title='bbox 3448 5493 3550 5548; x_wconf 87' lang='lat' dir='ltr'><strong>pro</strong></span> <span class='ocrx_word' id='word_1_864' title='bbox 3608 5477 3767 5534; x_wconf 86' lang='lat' dir='ltr'><strong>nobis</strong></span> 
     </span>
    </p>
   </div>
   <div class='ocr_carea' id='block_1_117' title="bbox 2160 5565 3767 5638">
    <p class='ocr_par' dir='ltr' id='par_1_117' title="bbox 2160 5565 3767 5638">
     <span class='ocr_line' id='line_1_117' title="bbox 2160 5565 3767 5638; baseline -0.001 -18"><span class='ocrx_word' id='word_1_865' title='bbox 2160 5565 2366 5634; x_wconf 88' lang='lat' dir='ltr'><strong>oblato,</strong></span> <span class='ocrx_word' id='word_1_866' title='bbox 2399 5565 2662 5637; x_wconf 89' lang='lat' dir='ltr'><strong>quidquid</strong></span> <span class='ocrx_word' id='word_1_867' title='bbox 2693 5566 2976 5638; x_wconf 87' lang='lat' dir='ltr'><strong>culparum</strong></span> <span class='ocrx_word' id='word_1_868' title='bbox 2989 5574 3106 5621; x_wconf 90' lang='lat' dir='ltr'><strong>erat</strong></span> <span class='ocrx_word' id='word_1_869' title='bbox 3127 5566 3294 5638; x_wconf 90' lang='lat' dir='ltr'><strong>(unde</strong></span> <span class='ocrx_word' id='word_1_870' title='bbox 3307 5581 3407 5621; x_wconf 90' lang='lat' dir='ltr'><strong>nos</strong></span> <span class='ocrx_word' id='word_1_871' title='bbox 3424 5565 3767 5637; x_wconf 89' lang='lat' dir='ltr'><strong>principatus</strong></span> 
     </span>
    </p>
   </div>
   <div class='ocr_carea' id='block_1_118' title="bbox 2160 5653 3764 5727">
    <p class='ocr_par' dir='ltr' id='par_1_118' title="bbox 2160 5653 3764 5727">
     <span class='ocr_line' id='line_1_118' title="bbox 2160 5653 3764 5727; baseline 0 -18"><span class='ocrx_word' id='word_1_872' title='bbox 2160 5662 2215 5710; x_wconf 91' lang='lat' dir='ltr'><strong>et</strong></span> <span class='ocrx_word' id='word_1_873' title='bbox 2241 5661 2538 5725; x_wconf 86' lang='lat' dir='ltr'><strong>potestates</strong></span> <span class='ocrx_word' id='word_1_874' title='bbox 2596 5655 2667 5711; x_wconf 88' lang='lat' dir='ltr'><strong>ad</strong></span> <span class='ocrx_word' id='word_1_875' title='bbox 2712 5655 2914 5712; x_wconf 89' lang='lat' dir='ltr'><strong>luenda</strong></span> <span class='ocrx_word' id='word_1_876' title='bbox 2941 5654 3206 5727; x_wconf 85' lang='lat' dir='ltr'><strong>supplicia</strong></span> <span class='ocrx_word' id='word_1_877' title='bbox 3251 5654 3376 5712; x_wconf 72' lang='lat' dir='ltr'><strong>vita:</strong></span> <span class='ocrx_word' id='word_1_878' title='bbox 3403 5653 3764 5725; x_wconf 86' lang='lat' dir='ltr'><strong>detinebant),</strong></span> 
     </span>
    </p>
   </div>
  </div>
