3964 6178
246 277 362 329 613

1091 274 1358 332 GLOSSA
1390 274 1799 333 ORDINARIA.
1860 305 1927 316 -—
1976 273 2194 331 EPIST.
2238 275 2330 331 AD
2367 273 2657 332 COLOSS.

3461 281 3564 335 6M

246 398 516 454 extinsxit
549 417 563 453 :
601 399 747 456 unde
778 413 914 472 ergo
944 400 1150 471 accepit
1193 401 1438 456 diabolus
1481 402 1718 455 exterius
1747 416 1851 471 po-
1883 400 1937 460 A
1959 400 2092 456 ditio
2123 402 2374 466 humana,
2425 401 2549 472 quia
2579 401 2682 456 hoc
2727 399 2857 455 dicit
2895 398 3144 457 sufﬁcere
3193 400 3338 472 quod
3383 400 3565 457 carnis

244 494 516 542 testatem
547 488 848 544 Dominica:
896 489 1075 543 carnis
1123 489 1452 559 occidendae,
1489 490 1614 545 inde
1645 489 1868 545 interior

249 591 389 646 quae
421 592 525 631 nos
557 577 776 632 tenebat
808 585 1050 647 potestas
1082 577 1198 646 ejus
1228 578 1409 633 occisa
1441 587 1542 632 est.

338 690 519 744 Vens.
561 692 646 744 17.
673 721 742 731 -
775 691 904 758 Qua:
933 695 1069 747 sunt
1101 691 1315 759 umbra,
1350 699 1452 746 etc.
1476 692 1626 746 Tunc
1653 691 1874 746 fuerunt

254 777 584 847 hujusmodi
630 787 941 850 praecepta,
990 795 1111 851 qua:
1157 795 1268 834 non
1316 795 1533 834 servare
1587 787 1871 850 peccatum

253 874 398 934 erat,
435 882 582 923 nunc
615 866 920 922 testimonia
968 876 1020 922 et
1066 865 1400 923 confirmatio
1448 868 1709 923 veritatis.
1752 869 1870 942 Ego

255 954 550 1026 Scriptura
580 973 702 1027 quae
729 964 859 1011 tunc
885 954 982 1010 fuit
1011 955 1251 1010 exactrix
1280 971 1506 1027 operum
1550 955 1868 1030 signiﬁcan-

251 1043 418 1108 tium,
452 1059 597 1098 nunc
627 1043 780 1098 testis
827 1052 909 1099 est
935 1059 1114 1098 rerum
1165 1043 1586 1116 significatamm
1619 1063 1632 1099 :
1667 1054 1718 1100 et
1749 1062 1870 1116 quae

257 1139 393 1187 tunc
424 1131 822 1188 observabatur
869 1132 939 1186 ad
976 1133 1502 1203 praenuntiationem,
1552 1149 1696 1189 nunc
1728 1133 1869 1189 reci-

254 1229 411 1274 tatur
442 1221 513 1274 ad
544 1219 1024 1276 confirmationem.
1051 1223 1258 1294 Corpus
1287 1227 1501 1278 autem.
1527 1223 1586 1277 Id
1609 1231 1708 1291 est,
1734 1222 1871 1276 veri-

256 1316 342 1362 tas
373 1309 536 1377 hujus
566 1310 772 1364 umbra:
822 1318 904 1365 est
950 1311 1177 1376 Christi,
1231 1311 1285 1364 id
1327 1320 1427 1377 est,
1480 1311 1550 1364 ad
1597 1310 1868 1364 Christum

255 1397 524 1467 pertinet.
557 1398 656 1453 Vel
686 1398 777 1452 illa
804 1399 982 1453 omnia
1030 1409 1151 1454 sunt
1197 1416 1391 1470 corpus
1432 1397 1647 1466 Christi,
1691 1399 1744 1452 id
1789 1406 1870 1453 est

253 1484 578 1556 signiﬁcant
607 1502 807 1558 corpus
836 1487 1053 1552 Christi,
1106 1487 1192 1543 vel
1221 1488 1366 1559 quod
1396 1486 1624 1560 sumpsit
1653 1488 1720 1542 de
1751 1486 1867 1542 vir-

254 1573 414 1644 gine,
451 1575 539 1630 vel
567 1575 712 1647 quod
742 1585 826 1630 est
855 1575 1122 1632 Ecclesia.

1974 489 2136 544 tradit
2162 489 2466 561 prudentia.

2488 677 2500 688 ,
2589 624 2812 679 CAPUT
2851 623 2943 678 IIl.

2044 759 2214 813 Vens.
2240 761 2289 811 1.
2324 786 2392 798 -—
2428 757 2558 827 Quae
2584 775 2814 814 sursum
2834 760 2999 814 sunt.
3025 757 3149 811 Non
3176 756 3318 827 loco,
3339 756 3436 812 sed
3465 773 3574 812 me-

1972 847 2076 902 rito
2106 845 2459 902 excellentiae.

2041 936 2370 992 Vens.2.—
2407 936 2537 1003 Qua:
2565 951 2814 991 sursum.
2861 933 3187 1005 Spiritualia,
3240 951 3360 1006 quae
3398 933 3575 1007 signi-

1971 1024 2274 1080 ﬁcabantur
2317 1039 2419 1094 per
2475 1023 2718 1079 carnales
2763 1023 3183 1090 observantias,
3233 1024 3350 1079 haec
3405 1031 3567 1090 sunt,

1970 1112 2141 1184 gloria
2171 1120 2376 1166 aeterna
2407 1120 2460 1165 et
2488 1127 2607 1183 quae
2637 1112 2705 1166 ad
2737 1127 2859 1166 eam
2888 1112 3108 1167 ducunt.
3177 1159 3184 1164 .

2042 1201 2213 1256 Vens.
2241 1204 2292 1253 3.
2318 1229 2389 1239 —
2425 1201 2544 1256 Vita
2574 1206 2761 1256 vestra
2791 1201 3136 1256 abscondita.
3161 1201 3276 1256 Hoc
3306 1208 3406 1266 est,
3433 1207 3569 1255 tem-

1968 1307 2070 1361 pus
2100 1298 2339 1346 vestrum
2386 1290 2626 1347 nondum
2673 1289 2910 1354 advenit,
2963 1287 3087 1360 quia
3139 1289 3376 1344 nondum
3423 1288 3572 1344 venit

1969 1387 2149 1445 aestas,
2175 1380 2230 1434 id
2261 1390 2342 1436 est
2369 1379 2571 1436 Christi
2590 1378 2873 1446 adventus,
2899 1377 2991 1431 ubi
3011 1378 3388 1433 discernentur
3419 1377 3573 1432 arbo-

1970 1485 2060 1523 res
2116 1469 2406 1526 fructuosa:
2467 1485 2499 1523 a
2564 1467 2884 1534 sterilibus;
2944 1466 3042 1520 sed
3099 1474 3310 1537 tempus
3367 1476 3578 1522 terrena

1967 1559 2259 1612 amantium
2293 1575 2510 1630 semper
2542 1565 2624 1613 est
2651 1563 2916 1627 paratum.
2952 1556 3085 1610 Cum
3115 1563 3295 1610 autem
3325 1555 3569 1611 Christus

1967 1648 2290 1716 apparuerit,
2322 1648 2426 1702 hoc
2457 1655 2538 1702 est
2565 1654 2778 1716 tempus
2809 1651 3070 1698 nostrum.

331 1714 503 1769 Vens.
539 1718 627 1769 18.
660 1745 730 1754 -
759 1715 970 1771 Volens.
1006 1715 1066 1769 Id
1113 1722 1196 1770 est
1239 1730 1430 1769 amans
1480 1732 1541 1768 ea
1591 1732 1712 1786 quae
1758 1731 1865 1771 non

2001 1714 2018 1716 _
2038 1714 2210 1790 Vens.
2235 1714 2286 1790 5.
2312 1767 2379 1776 -
2408 1714 2759 1804 Mortiﬁcate,
2792 1741 2896 1788 etc.
2932 1733 3057 1787 Post
3087 1732 3326 1787 rationes
3359 1733 3425 1788 de
3453 1732 3567 1803 ple-

249 1802 414 1857 vidit.
447 1802 547 1858 Vel
581 1804 771 1859 volens
801 1803 1008 1859 scilicet
1037 1803 1265 1858 suadere
1287 1821 1408 1876 qua:
1434 1821 1547 1860 non
1578 1805 1742 1872 vidit,
1769 1805 1867 1860 sci-

249 1889 384 1947 licet
418 1891 559 1963 legis
603 1892 964 1947 caaremonias
1002 1908 1234 1963 quarum
1276 1892 1595 1947 rarationem
1631 1892 1864 1964 ignorat.

250 1980 523 2048 Inﬂutus.
554 1981 678 2036 Non
708 1981 852 2036 aliud
884 1981 1135 2052 intelligit
1165 1980 1382 2036 inﬂatus
1413 1997 1575 2054 quam
1603 1982 1868 2036 sensuali-

253 2075 345 2122 tas
376 2068 544 2139 capit.

329 2183 505 2238 Vens.
527 2187 615 2239 l9.
635 2213 704 2223 --
740 2184 1156 2252 Constructum,
1193 2192 1293 2240 etc.
1331 2186 1388 2239 In
1418 2201 1583 2239 unum
1611 2202 1711 2256 per
1736 2201 1867 2242 con-

244 2271 611 2340 jnnctionem,
645 2273 771 2343 quia
799 2273 944 2327 idem
973 2273 1214 2339 credunt,
1248 2281 1301 2328 et
1333 2274 1522 2328 eadem
1552 2283 1861 2345 operantur.

253 2361 322 2414 Et
349 2362 862 2416 subministratum
891 2361 946 2414 in
975 2361 1385 2416 subserviendo.
1421 2365 1529 2418 Per
1558 2379 1762 2418 nexus.
1804 2363 1862 2416 Id

249 2457 335 2503 est
367 2467 470 2519 per
504 2449 839 2515 charitatem,
875 2451 995 2505 sine
1029 2466 1137 2520 qua
1164 2450 1411 2504 membra
1438 2465 1547 2505 non
1569 2451 1860 2517 cohaerent,

250 2552 355 2592 nec
385 2537 623 2592 invicem
672 2537 930 2604 serviunt,
982 2553 1084 2592 nec
1123 2538 1329 2594 vivunt.
1375 2539 1440 2593 In
1489 2544 1863 2610 augmentum

249 2627 374 2680 Dei.
407 2627 654 2698 Augetur
701 2626 846 2680 Deus
877 2625 1244 2694 redeuntibus,
1295 2626 1432 2682 sicut
1479 2628 1863 2683 comminuitur

257 2713 664 2768 deserentibus.

325 2845 501 2899 Vens.
550 2849 637 2903 20.
681 2876 749 2884 -
779 2846 838 2901 Si
881 2861 1008 2917 ergo
1051 2848 1284 2902 mortui.
1339 2849 1610 2902 Hactenus
1654 2849 1862 2904 monuit

252 2940 464 2987 stantes
496 2949 565 2987 ne
595 2934 1004 3000 seducerentur,
1056 2951 1201 2989 nunc
1251 2951 1344 2990 eos
1376 2937 1711 3007 aggreditur,
1765 2937 1859 3008 qui

237 3022 359 3091 jam
391 3022 576 3094 aliqua
605 3023 673 3077 de
703 3023 822 3093 lege
853 3023 1143 3078 servabant
1168 3043 1181 3090 ;
1216 3025 1371 3095 quasi
1394 3025 1538 3079 dicat
1568 3043 1581 3079 :
1616 3025 1726 3080 Vos
1765 3025 1850 3081 vi-

246 3111 374 3165 dete
403 3127 473 3166 ne
504 3110 860 3177 seducamini,
894 3111 991 3166 sed
1018 3126 1116 3166 vos
1145 3111 1264 3166 aliis
1295 3113 1455 3168 dicite
1479 3131 1644 3185 quare
1673 3113 1854 3185 legem
1878 3112 1928 3175 C

249 3199 538 3255 servatis?
584 3200 866 3254 Elementa
920 3199 1052 3256 dicit
1112 3209 1386 3256 creaturas
1437 3203 1593 3272 hujus
1649 3204 1857 3258 mundi.

256 3288 332 3355 Si,
369 3287 564 3359 inquit,
591 3304 713 3344 cum
735 3287 895 3343 ﬁdem
918 3289 1120 3344 Christi
1142 3290 1448 3359 accepistis,
1476 3290 1607 3344 estis
1629 3293 1861 3360 separati

248 3393 280 3430 a
312 3385 561 3448 peccato,
587 3384 638 3431 et
665 3377 733 3431 ab
764 3377 1049 3432 elementis
1078 3377 1284 3446 mundi,
1313 3378 1366 3432 id
1399 3387 1480 3432 est
1500 3379 1568 3432 ab
1591 3379 1861 3433 abstinen-

248 3465 342 3531 tia,
385 3475 439 3520 et
486 3466 556 3520 ab
597 3465 745 3520 omni
793 3466 1180 3537 superstitione
1223 3475 1602 3522 creaturarum
1650 3468 1856 3522 mundi.

259 3553 398 3622 Quid
427 3554 634 3620 adhuc,
669 3563 772 3610 etc.
807 3554 992 3610 Potest
1018 3555 1195 3626 accipi
1215 3572 1341 3612 cum
1371 3555 1590 3613 Christo
1618 3573 1680 3611 ac
1709 3559 1858 3613 sicut

257 3643 538 3698 Christus.

321 3757 492 3812 Vens.
527 3760 618 3814 22.
649 3787 718 3796 —
751 3758 881 3826 Quae
919 3759 1114 3814 omnia
1161 3759 1279 3830 ipso
1309 3774 1436 3824 usu,
1487 3765 1590 3814 etc.
1645 3759 1701 3813 Si
1733 3760 1854 3830 quis

246 3845 414 3900 utitur
457 3845 538 3901 eis
574 3845 802 3902 Judaico
856 3845 994 3914 ritu,
1042 3854 1099 3899 ut
1147 3847 1217 3901 ab
1263 3846 1349 3901 his
1393 3847 1690 3914 abstineat,
1747 3847 1854 3902 illis

246 3942 446 4002 utatur,
479 3934 712 3990 credens
740 3934 866 3989 inde
891 3933 1197 4002 justificari,
1248 3935 1449 3990 ducunt
1495 3935 1550 3989 in
1596 3945 1848 3991 mortem.

243 4024 348 4078 Ista
403 4023 530 4079 dico
577 4024 694 4092 jam
750 4023 1034 4078 existentia
1091 4024 1403 4079 secundum
1454 4029 1739 4097 praecepta
1795 4029 1852 4080 et

246 4113 538 4168 doctrinas
562 4112 876 4179 hominum,
912 4120 1040 4178 etc.,
1065 4127 1173 4167 non
1203 4113 1350 4188 Dei:
1387 4120 1676 4184 postquam
1707 4113 1850 4168 enim

242 4201 446 4256 veritas
475 4201 643 4269 venit,
668 4202 780 4270 jam
809 4217 919 4256 non
948 4201 1067 4257 haec
1095 4202 1244 4256 Deus
1267 4201 1532 4272 praecipit,
1577 4203 1676 4256 sed
1707 4203 1850 4256 Pha-

243 4289 386 4346 risaei
433 4297 488 4345 et
537 4290 851 4345 auctoritate
898 4290 1016 4344 haec
1061 4289 1404 4361 praecipiunt,
1452 4297 1507 4345 et
1552 4290 1849 4346 rationibus

242 4378 464 4435 docent.

1968 1823 2209 1878 nitudine
2241 1823 2460 1888 Christi,
2503 1821 2774 1895 generalis
2805 1820 3103 1876 exhortatio
3145 1821 3214 1875 ad
3266 1836 3455 1876 omnes
3502 1821 3570 1876 de

1966 1912 2212 1966 moribus
2261 1912 2546 1979 subditur,
2597 1927 2667 1966 ne
2720 1912 2790 1965 ad
2835 1910 3073 1979 priorem
3123 1909 3570 1965 consuetudinem

1968 2000 2207 2055 redeant.
2246 2000 2484 2056 Membra
2516 2004 2722 2055 vestra.
2755 2000 2814 2053 Id
2847 2007 2929 2053 est
2957 2005 3144 2068 partes
3172 1997 3374 2053 veteris
3402 1998 3571 2052 homi-

1967 2089 2072 2155 nis,
2122 2090 2207 2144 vel
2255 2089 2626 2145 membrorum
2674 2087 3161 2158 concupiscentias.
3214 2088 3569 2142 Fornicatio-

1966 2194 2117 2244 nem,
2151 2187 2255 2234 etc.
2289 2177 2560 2233 Describit
2589 2176 2787 2231 delicta
2817 2192 2937 2248 quae
2965 2175 3210 2229 membra
3239 2175 3488 2246 appellat,
3513 2182 3568 2230 ut

1963 2274 2087 2337 post
2116 2275 2392 2337 acceptam
2422 2266 2664 2322 veritatis
2696 2266 2964 2320 rationem
2995 2264 3152 2319 bonae
3189 2263 3315 2319 vitae
3345 2279 3562 2335 operam

1965 2356 2174 2410 darent.
2208 2355 2429 2410 Multum
2474 2355 2630 2410 obest
2679 2355 2819 2409 scire
2869 2353 3134 2408 rationem
3181 2351 3314 2422 veri,
3365 2360 3418 2407 et
3455 2367 3565 2407 non

1964 2459 2083 2498 eam
2114 2443 2270 2500 factis
2291 2443 2534 2515 exsequi.
2580 2443 2684 2510 Qui
2705 2445 2858 2498 enim
2881 2445 2990 2498 scit
3006 2442 3358 2496 voluntatem
3375 2443 3564 2496 Domi-

1961 2533 2046 2597 ni,
2078 2537 2134 2588 et
2164 2549 2277 2598 non
2307 2534 2468 2603 facit,
2501 2533 2683 2604 plagis
2713 2530 3003 2604 vapulabit
3029 2531 3229 2584 multis
3259 2531 3411 2599 (Luc.
3436 2529 3561 2598 xu).

1961 2622 2030 2676 Et
2057 2622 2381 2675 avaritiam.
2417 2621 2531 2674 Sub
2560 2635 2668 2674 uno
2697 2619 2916 2674 nomine
2945 2619 3052 2672 duo
3092 2616 3331 2687 pessima
3378 2617 3565 2687 prohi-

1963 2709 2073 2775 bet,
2106 2708 2463 2764 idololatriam
2478 2716 2529 2762 et
2545 2708 2841 2772 avaritiam,
2868 2723 2988 2778 quae
3010 2705 3214 2778 nonlest
3241 2705 3422 2776 dispar
3447 2720 3564 2760 ma-

1961 2795 2096 2863 litia,
2131 2797 2253 2868 quia
2285 2797 2437 2851 radix
2467 2797 2726 2860 omnium,
2758 2795 3047 2860 malorum,
3085 2803 3136 2849 et
3165 2809 3307 2864 pene
3335 2809 3442 2848 uno
3471 2809 3565 2849 ex-

1958 2884 2175 2955 plentur
2204 2902 2371 2957 opere
2422 2903 2435 2939 :
2488 2886 2615 2957 quia
2644 2885 2780 2940 sicut
2809 2884 3119 2939 idololatria
3163 2883 3255 2937 uni
3300 2883 3414 2937 Deo
3461 2897 3564 2937 au-

1960 2972 2102 3038 Erre
2133 2974 2319 3028 nititur
2347 2974 2597 3047 gloriam,
2622 2991 2690 3028 ne
2712 2973 2861 3028 solus
2881 2989 3081 3028 nomen
3110 2971 3323 3026 deitatis
3344 2971 3562 3038 habeat,

1956 3059 2031 3116 it'a
2062 3078 2259 3117 avarus
2287 3063 2339 3116 in
2371 3062 2470 3116 Dei
2518 3079 2608 3117 res
2639 3079 2697 3117 se
2759 3061 3023 3130 extendit,
3068 3068 3126 3115 ut
3167 3059 3316 3115 solus
3346 3067 3566 3130 usurpet

1963 3168 2086 3222 qua:
2113 3152 2262 3206 Deus
2292 3151 2542 3205 omnibus
2573 3150 2699 3206 fecit
2732 3169 2744 3204 :
2776 3159 3004 3222 utraque
3023 3151 3138 3205 Deo
3167 3148 3404 3215 inimica,
3441 3147 3562 3220 quia

1959 3247 2163 3311 negant
2191 3240 2306 3294 Deo
2339 3256 2460 3310 qua:
2492 3239 2607 3308 ejus
2638 3247 2779 3293 sunt.

2031 3329 2199 3382 Vens.
2233 3329 2285 3382 ’7.
2311 3358 2380 3367 -
2409 3329 2474 3382 In
2506 3329 2703 3399 quibus
2733 3331 2789 3382 et
2820 3344 2910 3382 vos
2939 3327 3291 3382 ambulastis.
3327 3326 3442 3381 Hoc
3471 3341 3560 3381 me

1957 3425 2132 3471 morat
2162 3424 2220 3470 ut
2250 3433 2309 3471 se
2339 3415 2582 3471 evasisse
2611 3416 2887 3488 gaudeant
2915 3423 2967 3470 et
2995 3415 3062 3469 de
3084 3423 3280 3469 caetero
3311 3421 3558 3469 caveant.

2029 3506 2199 3560 Vens.
2235 3510 2285 3559 8.
2320 3534 2389 3543 —
2419 3505 2579 3559 Nunc
2625 3508 2836 3559 autem.
2879 3503 3054 3573 Supra
3083 3502 3250 3557 vetuit
3279 3503 3554 3575 graviora,

1956 3609 2101 3648 nunc
2128 3593 2363 3657 minora,
2397 3608 2466 3646 ne
2497 3593 2612 3646 haec
2642 3599 2897 3662 putentur
2923 3606 3033 3645 non
3061 3591 3388 3661 periculosa.
3423 3591 3560 3646 Sunt

1955 3682 2045 3754 qui
2073 3698 2182 3736 non
2213 3681 2416 3735 habent
2461 3680 2910 3736 consuetudinem
2961 3679 3261 3746 ebrietatis,
3312 3679 3402 3749 qui
3454 3678 3557 3731 ali-

1955 3771 2169 3843 quando
2200 3769 2571 3824 incbriantur:
2599 3769 2735 3823 sicut
2765 3768 2928 3823 etiam
2957 3767 3191 3838 suntqui
3220 3782 3329 3821 non
3358 3767 3560 3821 habent

1953 3859 2401 3914 consuetudinem
2431 3857 2749 3926 mentiendi,
2785 3865 2836 3911 et
2866 3863 3049 3910 tamen
3078 3855 3369 3926 aliquando
3400 3871 3559 3910 men-

1952 3942 2172 4014 tiuntui’,
2208 3947 2287 4002 sic
2317 3955 2370 4002 et
2401 3946 2453 4000 in
2489 3946 2609 4000 aliis
2651 3945 2725 4000 lit.
2779 3945 3039 3999 Prohibet
3086 3960 3220 4017 ergo
3269 3943 3558 4016 aliquando

1950 4035 2187 4101 mentiri,
2223 4044 2273 4090 et
2302 4035 2572 4106 praecipue
2601 4034 2821 4089 assidue
2855 4033 3091 4088 mentiri.

2020 4124 2193 4180 Vens.
2222 4127 2308 4178 10.
2333 4155 2401 4164 -
2427 4124 2531 4191 Qui
2560 4127 2888 4179 renovatur.
2914 4121 3214 4178 Renovatio
3243 4121 3441 4177 mentis
3474 4121 3555 4176 di-

1951 4213 2090 4268 citur
2119 4213 2415 4268 secundum
2464 4213 2656 4280 Deum,
2710 4220 2767 4266 ut
2813 4212 2869 4265 in
2900 4211 3128 4283 epistola
3173 4211 3240 4265 ad
3290 4210 3554 4281 Ephesios

1948 4301 2162 4375 legitur,
2197 4302 2282 4356 vel
2312 4301 2621 4357 secundum
2653 4303 2959 4372 imaginem
2988 4302 3106 4366 Dei,
3131 4307 3188 4354 ut
3216 4299 3306 4354 hic
3334 4298 3552 4370 legitur.

1950 4391 2056 4446 Sed
2088 4391 2210 4446 ideo
2233 4389 2529 4446 secundum
2550 4391 2724 4445 Deum
2744 4406 2814 4445 ne
2835 4389 3132 4445 secundum
3154 4387 3313 4442 aliam
3343 4395 3554 4442 creatu-

311 4497 486 4551 Vens.
512 4499 602 4553 23.
627 4525 698 4537 -
725 4497 790 4552 In
823 4497 1169 4564 humilitate,
1205 4503 1310 4552 etc.
1360 4498 1483 4552 Non
1507 4496 1848 4570 intelligitur,
1871 4471 1926 4530 D
1955 4495 2072 4534 ram
2099 4479 2214 4535 fieri
2243 4487 2479 4550 putetur-

239 4585 330 4642 hic
359 4585 455 4640 illa
484 4585 764 4640 humilitas
792 4603 914 4658 quae
945 4594 1028 4641 est
1057 4587 1246 4651 virtus,
1284 4587 1380 4640 sed
1409 4587 1546 4642 sicut
1567 4603 1633 4641 ex
1657 4588 1852 4642 Graeco

232 4674 581 4746 intelligitur,
613 4691 681 4729 ea
713 4691 815 4746 qua
844 4691 1000 4729 mens
1030 4675 1191 4729 sentit
1219 4675 1459 4741 humilia,
1503 4675 1558 4728 id
1589 4683 1672 4729 est
1700 4675 1852 4730 utilia

235 4771 288 4818 et
318 4767 573 4829 terrena,
599 4763 653 4817 id
685 4770 766 4818 est
795 4764 1099 4831 dejectione
1130 4763 1342 4826 animae,
1369 4770 1420 4817 et
1452 4771 1575 4817 sunt
1601 4781 1614 4818 :
1638 4765 1758 4819 Non
1779 4766 1851 4820 ad

230 4851 591 4924 parcendum
610 4855 846 4924 corpori.
872 4852 1010 4922 Quia
1041 4852 1096 4907 in
1129 4852 1236 4906 illis
1265 4851 1630 4907 observantiis
1651 4853 1849 4907 multus

226 4938 386 4994 labor
420 4948 524 5009 est,
549 4940 640 5012 qui
670 4948 752 4994 est
775 4941 970 5006 inanis,
994 4949 1047 4996 et
1077 4957 1186 4995 non
1218 4949 1342 4996 sunt
1367 4959 1380 4994 :
1404 4942 1470 4996 In
1499 4942 1705 4996 honore
1721 4941 1843 5009 Dei,

230 5029 388 5098 cujus
432 5028 743 5096 consilium,
796 5029 1007 5084 irritum
1057 5029 1289 5098 dicitur,
1343 5046 1447 5086 nec
1491 5039 1841 5099 sanctorum,

231 5133 468 5188 quorum
501 5116 639 5172 ﬁdes
668 5118 963 5173 destruitur
982 5126 1035 5174 et
1050 5133 1161 5174 non
1190 5127 1315 5173 sunt
1339 5135 1352 5172 :
1378 5119 1458 5174 Ad
1478 5120 1843 5175 saturitatem

231 5208 446 5266 carnis.
485 5206 616 5276 quia
644 5207 814 5260 multa
835 5208 1175 5262 subtrahunt.
1202 5209 1265 5262 In
1286 5209 1706 5279 superstitione,
1733 5216 1838 5264 etc.

229 5293 500 5348 Simulata
531 5302 614 5348 est
643 5295 836 5368 religio
856 5303 913 5350 ut
935 5295 1220 5351 videantur
1241 5312 1366 5351 vera
1400 5313 1520 5367 qua:
1559 5295 1694 5350 falsa
1716 5305 1842 5350 sunt

232 5397 354 5452 quae
383 5390 599 5438 mentes
629 5383 682 5437 in
709 5390 857 5438 terra
894 5385 1160 5451 humiliat,
1212 5401 1280 5438 ne
1325 5385 1601 5456 erigantur
1645 5385 1714 5438 ad
1747 5401 1838 5438 su-

227 5485 438 5541 perna;
472 5478 526 5524 et
555 5471 712 5526 obest
741 5472 978 5543 corpori,
1019 5473 1170 5542 cujus
1203 5481 1365 5544 caput
1403 5473 1648 5527 Christus
1681 5490 1694 5526 :
1727 5489 1834 5528 non

2025 4570 2194 4623 Vens.
2245 4570 2330 4623 14.
2353 4598 2422 4608 —-
2452 4567 2822 4624 Charitatem.
2867 4567 2988 4636 Ipsa
3017 4573 3098 4620 est
3128 4563 3271 4620 enim
3303 4564 3551 4621 eminen-

1952 4658 2056 4712 tior
2085 4658 2170 4712 via
2201 4673 2321 4728 quae
2349 4655 2714 4726 supereminet
2744 4655 2982 4710 scientia:
3025 4663 3078 4708 et
3107 4653 3359 4709 omnibus
3405 4671 3549 4725 prie-

1949 4747 2140 4817 ceptis.
2177 4747 2303 4800 Haec
2344 4753 2427 4800 est
2475 4744 2640 4798 vestis
2680 4743 2896 4798 Domini
2928 4743 3266 4798 inconsutilis
3317 4744 3552 4814 desuper

1949 4842 2217 4892 contexta.
2269 4832 2613 4890 Inconsutilis
2651 4848 2720 4886 ne
2749 4831 3039 4904 aliquando
3089 4832 3371 4901 dissutilis,
3425 4849 3547 4904 quas

1947 4925 2018 4978 ad
2060 4940 2226 4978 unum
2274 4923 2543 4996 pervenit,
2594 4921 2718 4994 quia
2765 4921 3001 4976 charitas
3047 4921 3103 4975 in
3144 4937 3308 4975 unum
3356 4936 3548 4977 omnes

1945 5012 2173 5084 colligit.

2015 5101 2185 5156 Vens.
2214 5103 2298 5154 15.
2322 5129 2390 5140 -
2411 5102 2556 5155 Pax.
2581 5099 2707 5154 Hinc
2737 5107 2819 5154 est
2848 5097 3165 5154 necessaria
3193 5097 3263 5152 ad
3289 5097 3548 5154 unitatem

1943 5189 2206 5260 corporis,
2238 5204 2403 5260 quam
2431 5188 2553 5259 ipsa
2583 5187 2728 5242 fecit.
2763 5189 2889 5242 Pax
2921 5189 3036 5244 Dei.
3090 5188 3272 5242 Potest
3300 5203 3406 5258 pax
3436 5188 3544 5244 dici

1941 5295 2063 5350 quae
2110 5294 2221 5332 non
2265 5278 2433 5332 habet
2477 5276 2832 5343 charitatem;
2875 5275 3104 5332 charitas
3152 5291 3284 5332 vero
3327 5291 3546 5346 semper

1941 5382 2126 5422 secum
2155 5367 2320 5422 habet
2348 5381 2562 5437 pacem.

2008 5473 2177 5527 Vens.
2205 5476 2291 5528 16.
2315 5503 2385 5514 -
2404 5475 2672 5528 Docentes
2703 5475 2760 5528 et
2791 5476 3228 5528 commonentes.
3255 5471 3370 5524 Hoc
3391 5468 3540 5537 dicit,

227 5559 284 5613 in
333 5561 545 5615 honore
600 5560 730 5632 quia
776 5563 1009 5617 truncati
1056 5562 1234 5633 capite
1290 5562 1503 5617 Christo
1557 5561 1834 5632 explentes
1937 5570 1994 5615 ut
2022 5560 2270 5616 doctrina
2297 5560 2388 5616 fiat
2415 5560 2523 5615 illis
2551 5559 2643 5632 qui
2670 5559 2937 5627 nesciunt,
2971 5567 3026 5615 et
3055 5555 3400 5616 commonitio
3433 5554 3548 5609 illis

227 5662 452 5705 sensum
480 5649 682 5706 carnis.
708 5649 908 5724 Sagina
935 5651 1080 5708 enim
1111 5651 1348 5708 carnalis
1378 5658 1461 5708 est
1490 5665 1684 5707 sensus
1713 5658 1833 5706 tra-

1936 5649 2030 5722 qui
2059 5649 2258 5706 sciunt.
