  <div class='ocr_page' id='page_1' title='image "/cluster/home/n/w/nwhite01/storage/ocr_20150623/114/hvd.32044052819893/313.png"; bbox 0 0 3964 6178; ppageno 0'>
   <div class='ocr_carea' id='block_1_1' title="bbox 403 296 507 349">
    <p class='ocr_par' dir='ltr' id='par_1_1' title="bbox 403 296 507 349">
     <span class='ocr_line' id='line_1_1' title="bbox 403 296 507 349; baseline 0 0"><span class='ocrx_word' id='word_1_1' title='bbox 403 296 507 349; x_wconf 80' lang='grc'>615</span> 
     </span>
    </p>
   </div>
   <div class='ocr_carea' id='block_1_2' title="bbox 1009 289 3082 349">
    <p class='ocr_par' dir='ltr' id='par_1_2' title="bbox 1009 289 3082 349">
     <span class='ocr_line' id='line_1_2' title="bbox 1009 289 3082 349; baseline 0 -2"><span class='ocrx_word' id='word_1_2' title='bbox 1009 292 1412 348; x_wconf 80' lang='lat' dir='ltr'>WALAFRIDI</span> <span class='ocrx_word' id='word_1_3' title='bbox 1440 291 1684 348; x_wconf 79' lang='lat' dir='ltr'>STRABI</span> <span class='ocrx_word' id='word_1_4' title='bbox 1712 291 1914 348; x_wconf 91' lang='lat' dir='ltr'>FULD.</span> <span class='ocrx_word' id='word_1_5' title='bbox 1946 289 2120 347; x_wconf 86' lang='lat' dir='ltr'>MON.</span> <span class='ocrx_word' id='word_1_6' title='bbox 2162 291 2365 348; x_wconf 78' lang='lat' dir='ltr'>PARS.</span> <span class='ocrx_word' id='word_1_7' title='bbox 2406 292 2449 347; x_wconf 84' lang='grc' dir='ltr'><strong>Ι.</strong></span> <span class='ocrx_word' id='word_1_8' title='bbox 2493 322 2557 333; x_wconf 82' lang='grc'>--</span> <span class='ocrx_word' id='word_1_9' title='bbox 2608 290 3082 349; x_wconf 84' lang='lat' dir='ltr'>THEOLOGICA.</span> 
     </span>
    </p>
   </div>
   <div class='ocr_carea' id='block_1_3' title="bbox 3610 297 3719 348">
    <p class='ocr_par' dir='ltr' id='par_1_3' title="bbox 3610 297 3719 348">
     <span class='ocr_line' id='line_1_3' title="bbox 3610 297 3719 348; baseline 0 0"><span class='ocrx_word' id='word_1_10' title='bbox 3610 297 3719 348; x_wconf 81' lang='grc'><strong>616</strong></span> 
     </span>
    </p>
   </div>
   <div class='ocr_carea' id='block_1_4' title="bbox 478 415 3717 490">
    <p class='ocr_par' dir='ltr' id='par_1_4' title="bbox 478 415 3717 490">
     <span class='ocr_line' id='line_1_4' title="bbox 478 415 3717 490; baseline 0 -19"><span class='ocrx_word' id='word_1_11' title='bbox 478 418 648 473; x_wconf 78' lang='lat' dir='ltr'>Vens.</span> <span class='ocrx_word' id='word_1_12' title='bbox 684 418 770 472; x_wconf 86' lang='lat'>1&#39;1.</span> <span class='ocrx_word' id='word_1_13' title='bbox 807 446 876 458; x_wconf 90' lang='lat'>-—</span> <span class='ocrx_word' id='word_1_14' title='bbox 908 416 1082 473; x_wconf 84' lang='lat' dir='ltr'><strong><em>Omne</em></strong></span> <span class='ocrx_word' id='word_1_15' title='bbox 1131 418 1512 490; x_wconf 86' lang='lat' dir='ltr'>quodcunque.</span> <span class='ocrx_word' id='word_1_16' title='bbox 1563 415 1699 486; x_wconf 88' lang='lat' dir='ltr'>Quia</span> <span class='ocrx_word' id='word_1_17' title='bbox 1745 415 2079 487; x_wconf 73' lang='lat' dir='ltr'>pr‘aecepitA</span> <span class='ocrx_word' id='word_1_18' title='bbox 2107 416 2353 488; x_wconf 65' lang='lat' dir='ltr'>aequitas,</span> <span class='ocrx_word' id='word_1_19' title='bbox 2387 416 2484 471; x_wconf 90' lang='lat' dir='ltr'>sed</span> <span class='ocrx_word' id='word_1_20' title='bbox 2513 416 2848 487; x_wconf 86' lang='lat' dir='ltr'>duplicatum</span> <span class='ocrx_word' id='word_1_21' title='bbox 2875 425 3178 489; x_wconf 88' lang='lat' dir='ltr'>peccatum,</span> <span class='ocrx_word' id='word_1_22' title='bbox 3226 415 3283 471; x_wconf 89' lang='lat' dir='ltr'>in</span> <span class='ocrx_word' id='word_1_23' title='bbox 3332 432 3443 489; x_wconf 90' lang='lat' dir='ltr'>quo</span> <span class='ocrx_word' id='word_1_24' title='bbox 3490 424 3569 472; x_wconf 90' lang='lat' dir='ltr'>est</span> <span class='ocrx_word' id='word_1_25' title='bbox 3600 417 3717 472; x_wconf 91' lang='lat' dir='ltr'>ini-</span> 
     </span>
    </p>
   </div>
   <div class='ocr_carea' id='block_1_5' title="bbox 407 504 2811 577">
    <p class='ocr_par' dir='ltr' id='par_1_5' title="bbox 407 504 2811 577">
     <span class='ocr_line' id='line_1_5' title="bbox 407 504 2811 577; baseline 0.001 -17"><span class='ocrx_word' id='word_1_26' title='bbox 407 522 573 577; x_wconf 83' lang='lat' dir='ltr'>supra</span> <span class='ocrx_word' id='word_1_27' title='bbox 602 506 777 561; x_wconf 90' lang='lat' dir='ltr'>Deum</span> <span class='ocrx_word' id='word_1_28' title='bbox 806 506 1013 562; x_wconf 87' lang='lat' dir='ltr'>laudari</span> <span class='ocrx_word' id='word_1_29' title='bbox 1056 505 1110 560; x_wconf 89' lang='lat' dir='ltr'>in</span> <span class='ocrx_word' id='word_1_30' title='bbox 1156 506 1341 575; x_wconf 89' lang='lat' dir='ltr'>corde,</span> <span class='ocrx_word' id='word_1_31' title='bbox 1393 520 1538 561; x_wconf 90' lang='lat' dir='ltr'>nunc</span> <span class='ocrx_word' id='word_1_32' title='bbox 1583 512 1634 560; x_wconf 91' lang='lat' dir='ltr'>et</span> <span class='ocrx_word' id='word_1_33' title='bbox 1664 505 1720 559; x_wconf 92' lang='lat' dir='ltr'>in</span> <span class='ocrx_word' id='word_1_34' title='bbox 1749 505 1930 561; x_wconf 88' lang='lat' dir='ltr'>verbis</span> <span class='ocrx_word' id='word_1_35' title='bbox 1959 512 2013 560; x_wconf 89' lang='lat' dir='ltr'>et</span> <span class='ocrx_word' id='word_1_36' title='bbox 2111 506 2285 577; x_wconf 89' lang='lat' dir='ltr'>quitas</span> <span class='ocrx_word' id='word_1_37' title='bbox 2316 513 2369 561; x_wconf 90' lang='lat' dir='ltr'>et</span> <span class='ocrx_word' id='word_1_38' title='bbox 2398 504 2685 562; x_wconf 79' lang='lat' dir='ltr'>simulatio.</span> <span class='ocrx_word' id='word_1_39' title='bbox 2804 506 2811 513; x_wconf 83' lang='grc'><strong>’</strong></span> 
     </span>
    </p>
   </div>
   <div class='ocr_carea' id='block_1_6' title="bbox 402 593 2007 663">
    <p class='ocr_par' dir='ltr' id='par_1_6' title="bbox 402 593 2007 663">
     <span class='ocr_line' id='line_1_6' title="bbox 402 593 2007 663; baseline 0 -14"><span class='ocrx_word' id='word_1_40' title='bbox 402 594 460 649; x_wconf 91' lang='lat' dir='ltr'>in</span> <span class='ocrx_word' id='word_1_41' title='bbox 490 593 650 651; x_wconf 84' lang='lat' dir='ltr'>factis</span> <span class='ocrx_word' id='word_1_42' title='bbox 678 610 877 650; x_wconf 85' lang='lat' dir='ltr'>nomen</span> <span class='ocrx_word' id='word_1_43' title='bbox 924 594 1023 650; x_wconf 90' lang='lat' dir='ltr'>Dei</span> <span class='ocrx_word' id='word_1_44' title='bbox 1051 594 1281 663; x_wconf 90' lang='lat' dir='ltr'>laudari,</span> <span class='ocrx_word' id='word_1_45' title='bbox 1333 601 1386 648; x_wconf 92' lang='lat' dir='ltr'>et</span> <span class='ocrx_word' id='word_1_46' title='bbox 1435 594 1666 648; x_wconf 81' lang='lat' dir='ltr'>exaltari</span> <span class='ocrx_word' id='word_1_47' title='bbox 1713 594 1960 649; x_wconf 79' lang='lat' dir='ltr'>hortatur</span> <span class='ocrx_word' id='word_1_48' title='bbox 1993 612 2007 649; x_wconf 93' lang='lat'>:</span> 
     </span>
    </p>
   </div>
   <div class='ocr_carea' id='block_1_7' title="bbox 402 681 2006 753">
    <p class='ocr_par' dir='ltr' id='par_1_7' title="bbox 402 681 2006 753">
     <span class='ocr_line' id='line_1_7' title="bbox 402 681 2006 753; baseline -0.001 -15"><span class='ocrx_word' id='word_1_49' title='bbox 402 691 461 738; x_wconf 91' lang='lat' dir='ltr'>ut</span> <span class='ocrx_word' id='word_1_50' title='bbox 480 682 570 742; x_wconf 74' lang='lat' dir='ltr'>sic</span> <span class='ocrx_word' id='word_1_51' title='bbox 597 684 764 739; x_wconf 91' lang='lat' dir='ltr'>verba</span> <span class='ocrx_word' id='word_1_52' title='bbox 793 690 977 739; x_wconf 92' lang='lat' dir='ltr'>nostra</span> <span class='ocrx_word' id='word_1_53' title='bbox 1019 689 1073 737; x_wconf 91' lang='lat' dir='ltr'>et</span> <span class='ocrx_word' id='word_1_54' title='bbox 1116 698 1278 753; x_wconf 88' lang='lat' dir='ltr'>opera</span> <span class='ocrx_word' id='word_1_55' title='bbox 1308 689 1529 739; x_wconf 81' lang='lat' dir='ltr'>careant</span> <span class='ocrx_word' id='word_1_56' title='bbox 1559 681 2006 753; x_wconf 85' lang='lat' dir='ltr'>reprehensione,</span> 
     </span>
    </p>
   </div>
   <div class='ocr_carea' id='block_1_8' title="bbox 404 769 2008 845">
    <p class='ocr_par' dir='ltr' id='par_1_8' title="bbox 404 769 2008 845">
     <span class='ocr_line' id='line_1_8' title="bbox 404 769 2008 845; baseline -0.001 -19"><span class='ocrx_word' id='word_1_57' title='bbox 404 779 463 826; x_wconf 92' lang='lat' dir='ltr'>ut</span> <span class='ocrx_word' id='word_1_58' title='bbox 491 770 867 845; x_wconf 84' lang='lat' dir='ltr'>magniﬁcetur</span> <span class='ocrx_word' id='word_1_59' title='bbox 906 770 1189 837; x_wconf 88' lang='lat' dir='ltr'>Dominus,</span> <span class='ocrx_word' id='word_1_60' title='bbox 1240 770 1395 841; x_wconf 90' lang='lat' dir='ltr'>cujus</span> <span class='ocrx_word' id='word_1_61' title='bbox 1444 770 1758 845; x_wconf 89' lang='lat' dir='ltr'>magisterio</span> <span class='ocrx_word' id='word_1_62' title='bbox 1805 769 2008 826; x_wconf 91' lang='lat' dir='ltr'>invitu-</span> 
     </span>
    </p>
   </div>
   <div class='ocr_carea' id='block_1_9' title="bbox 401 858 2008 931">
    <p class='ocr_par' dir='ltr' id='par_1_9' title="bbox 401 858 2008 931">
     <span class='ocr_line' id='line_1_9' title="bbox 401 858 2008 931; baseline -0.001 -17"><span class='ocrx_word' id='word_1_63' title='bbox 401 859 673 930; x_wconf 88' lang='lat' dir='ltr'>perabiles</span> <span class='ocrx_word' id='word_1_64' title='bbox 704 866 829 913; x_wconf 92' lang='lat' dir='ltr'>sunt</span> <span class='ocrx_word' id='word_1_65' title='bbox 856 858 1129 929; x_wconf 89' lang='lat' dir='ltr'>discipuli.</span> <span class='ocrx_word' id='word_1_66' title='bbox 1165 858 1388 915; x_wconf 84' lang='lat' dir='ltr'>Omnia.</span> <span class='ocrx_word' id='word_1_67' title='bbox 1421 860 1543 913; x_wconf 90' lang='lat' dir='ltr'>Non</span> <span class='ocrx_word' id='word_1_68' title='bbox 1575 858 1749 914; x_wconf 91' lang='lat' dir='ltr'>solum</span> <span class='ocrx_word' id='word_1_69' title='bbox 1780 876 1899 931; x_wconf 65' lang='lat' dir='ltr'>quae</span> <span class='ocrx_word' id='word_1_70' title='bbox 1928 858 2008 913; x_wconf 84' lang='lat' dir='ltr'>fa-</span> 
     </span>
    </p>
   </div>
   <div class='ocr_carea' id='block_1_10' title="bbox 402 945 2006 1018">
    <p class='ocr_par' dir='ltr' id='par_1_10' title="bbox 402 945 2006 1018">
     <span class='ocr_line' id='line_1_10' title="bbox 402 945 2006 1018; baseline -0.001 -15"><span class='ocrx_word' id='word_1_71' title='bbox 402 947 523 1003; x_wconf 88' lang='lat' dir='ltr'>citis</span> <span class='ocrx_word' id='word_1_72' title='bbox 553 945 608 1001; x_wconf 91' lang='lat' dir='ltr'>in</span> <span class='ocrx_word' id='word_1_73' title='bbox 638 947 807 1002; x_wconf 91' lang='lat' dir='ltr'>verbo</span> <span class='ocrx_word' id='word_1_74' title='bbox 846 946 933 1002; x_wconf 85' lang='lat' dir='ltr'>vel</span> <span class='ocrx_word' id='word_1_75' title='bbox 963 962 1152 1018; x_wconf 91' lang='lat' dir='ltr'>opere,</span> <span class='ocrx_word' id='word_1_76' title='bbox 1198 948 1296 1002; x_wconf 86' lang='lat' dir='ltr'>sed</span> <span class='ocrx_word' id='word_1_77' title='bbox 1335 947 1533 1015; x_wconf 88' lang='lat' dir='ltr'>omnia,</span> <span class='ocrx_word' id='word_1_78' title='bbox 1584 947 1743 1002; x_wconf 90' lang='lat' dir='ltr'>etiam</span> <span class='ocrx_word' id='word_1_79' title='bbox 1792 947 2006 1018; x_wconf 85' lang='lat' dir='ltr'>cogita-</span> 
     </span>
    </p>
   </div>
   <div class='ocr_carea' id='block_1_11' title="bbox 397 1034 2007 1107">
    <p class='ocr_par' dir='ltr' id='par_1_11' title="bbox 397 1034 2007 1107">
     <span class='ocr_line' id='line_1_11' title="bbox 397 1034 2007 1107; baseline 0.001 -17"><span class='ocrx_word' id='word_1_80' title='bbox 397 1035 591 1102; x_wconf 88' lang='lat' dir='ltr'>tiones,</span> <span class='ocrx_word' id='word_1_81' title='bbox 616 1042 669 1090; x_wconf 89' lang='lat' dir='ltr'>et</span> <span class='ocrx_word' id='word_1_82' title='bbox 698 1040 743 1089; x_wconf 83' lang='lat' dir='ltr'>si</span> <span class='ocrx_word' id='word_1_83' title='bbox 775 1051 880 1107; x_wconf 89' lang='lat' dir='ltr'>qua</span> <span class='ocrx_word' id='word_1_84' title='bbox 909 1042 1033 1089; x_wconf 90' lang='lat' dir='ltr'>sunt</span> <span class='ocrx_word' id='word_1_85' title='bbox 1061 1034 1186 1090; x_wconf 90' lang='lat' dir='ltr'>alia.</span> <span class='ocrx_word' id='word_1_86' title='bbox 1212 1035 1311 1091; x_wconf 85' lang='lat' dir='ltr'>Vel</span> <span class='ocrx_word' id='word_1_87' title='bbox 1342 1035 1602 1107; x_wconf 87' lang='lat' dir='ltr'>quidquid</span> <span class='ocrx_word' id='word_1_88' title='bbox 1626 1034 1820 1103; x_wconf 86' lang='lat' dir='ltr'>facitis,</span> <span class='ocrx_word' id='word_1_89' title='bbox 1845 1035 2007 1092; x_wconf 87' lang='lat' dir='ltr'>facite</span> 
     </span>
    </p>
   </div>
   <div class='ocr_carea' id='block_1_12' title="bbox 397 1108 2001 1195">
    <p class='ocr_par' dir='ltr' id='par_1_12' title="bbox 397 1108 2001 1195">
     <span class='ocr_line' id='line_1_12' title="bbox 397 1108 2001 1195; baseline -0.001 -15"><span class='ocrx_word' id='word_1_90' title='bbox 397 1139 577 1190; x_wconf 89' lang='lat' dir='ltr'>omne,</span> <span class='ocrx_word' id='word_1_91' title='bbox 611 1123 666 1177; x_wconf 89' lang='lat' dir='ltr'>id</span> <span class='ocrx_word' id='word_1_92' title='bbox 697 1132 776 1179; x_wconf 92' lang='lat' dir='ltr'>est</span> <span class='ocrx_word' id='word_1_93' title='bbox 806 1108 1128 1195; x_wconf 81' lang='lat' dir='ltr'>perfectum,</span> <span class='ocrx_word' id='word_1_94' title='bbox 1161 1125 1278 1179; x_wconf 93' lang='lat' dir='ltr'>Deo</span> <span class='ocrx_word' id='word_1_95' title='bbox 1307 1124 1672 1190; x_wconf 90' lang='lat' dir='ltr'>attribuendo,</span> <span class='ocrx_word' id='word_1_96' title='bbox 1697 1132 1749 1179; x_wconf 94' lang='lat' dir='ltr'>et</span> <span class='ocrx_word' id='word_1_97' title='bbox 1776 1125 1880 1180; x_wconf 91' lang='lat' dir='ltr'>hoc</span> <span class='ocrx_word' id='word_1_98' title='bbox 1900 1133 2001 1191; x_wconf 88' lang='lat' dir='ltr'>est,</span> 
     </span>
    </p>
   </div>
   <div class='ocr_carea' id='block_1_13' title="bbox 394 1209 2005 1285">
    <p class='ocr_par' dir='ltr' id='par_1_13' title="bbox 394 1209 2005 1285">
     <span class='ocr_line' id='line_1_13' title="bbox 394 1209 2005 1285; baseline 0.001 -18"><span class='ocrx_word' id='word_1_99' title='bbox 394 1209 661 1268; x_wconf 82' lang='lat' dir='ltr'>facientes</span> <span class='ocrx_word' id='word_1_100' title='bbox 709 1211 766 1266; x_wconf 90' lang='lat' dir='ltr'>in</span> <span class='ocrx_word' id='word_1_101' title='bbox 812 1213 1052 1268; x_wconf 88' lang='lat' dir='ltr'>nomine.</span> <span class='ocrx_word' id='word_1_102' title='bbox 1113 1214 1338 1270; x_wconf 86' lang='lat' dir='ltr'>Gratias</span> <span class='ocrx_word' id='word_1_103' title='bbox 1385 1217 1633 1285; x_wconf 76' lang='lat' dir='ltr'>agentes.</span> <span class='ocrx_word' id='word_1_104' title='bbox 1679 1214 1831 1269; x_wconf 90' lang='lat' dir='ltr'>Tunc</span> <span class='ocrx_word' id='word_1_105' title='bbox 1874 1230 2005 1269; x_wconf 86' lang='lat' dir='ltr'>vere</span> 
     </span>
    </p>
   </div>
   <div class='ocr_carea' id='block_1_14' title="bbox 397 1301 2005 1374">
    <p class='ocr_par' dir='ltr' id='par_1_14' title="bbox 397 1301 2005 1374">
     <span class='ocr_line' id='line_1_14' title="bbox 397 1301 2005 1374; baseline 0.001 -19"><span class='ocrx_word' id='word_1_106' title='bbox 397 1301 613 1374; x_wconf 83' lang='lat' dir='ltr'>agimus</span> <span class='ocrx_word' id='word_1_107' title='bbox 635 1301 840 1374; x_wconf 81' lang='lat' dir='ltr'>gratias</span> <span class='ocrx_word' id='word_1_108' title='bbox 868 1303 984 1357; x_wconf 92' lang='lat' dir='ltr'>Deo</span> <span class='ocrx_word' id='word_1_109' title='bbox 1013 1317 1115 1373; x_wconf 89' lang='lat' dir='ltr'>per</span> <span class='ocrx_word' id='word_1_110' title='bbox 1143 1301 1434 1371; x_wconf 88' lang='lat' dir='ltr'>Christum,</span> <span class='ocrx_word' id='word_1_111' title='bbox 1459 1302 1504 1356; x_wconf 93' lang='lat' dir='ltr'>si</span> <span class='ocrx_word' id='word_1_112' title='bbox 1523 1301 1743 1357; x_wconf 89' lang='lat' dir='ltr'>modum</span> <span class='ocrx_word' id='word_1_113' title='bbox 1762 1317 2005 1374; x_wconf 68' lang='lat' dir='ltr'>praecep-</span> 
     </span>
    </p>
   </div>
   <div class='ocr_carea' id='block_1_15' title="bbox 398 1390 1142 1459">
    <p class='ocr_par' dir='ltr' id='par_1_15' title="bbox 398 1390 1142 1459">
     <span class='ocr_line' id='line_1_15' title="bbox 398 1390 1142 1459; baseline -0.001 -13"><span class='ocrx_word' id='word_1_114' title='bbox 398 1397 577 1446; x_wconf 91' lang='lat' dir='ltr'>torum</span> <span class='ocrx_word' id='word_1_115' title='bbox 606 1390 723 1459; x_wconf 89' lang='lat' dir='ltr'>ejus</span> <span class='ocrx_word' id='word_1_116' title='bbox 753 1390 1142 1446; x_wconf 85' lang='lat' dir='ltr'>custodiamus.</span> 
     </span>
    </p>
   </div>
   <div class='ocr_carea' id='block_1_16' title="bbox 468 1495 2002 1568">
    <p class='ocr_par' dir='ltr' id='par_1_16' title="bbox 468 1495 2002 1568">
     <span class='ocr_line' id='line_1_16' title="bbox 468 1495 2002 1568; baseline 0.001 -18"><span class='ocrx_word' id='word_1_117' title='bbox 468 1495 639 1552; x_wconf 76' lang='lat' dir='ltr'>Vnus.</span> <span class='ocrx_word' id='word_1_118' title='bbox 673 1500 761 1554; x_wconf 97' lang='lat'>21.</span> <span class='ocrx_word' id='word_1_119' title='bbox 814 1526 883 1536; x_wconf 89' lang='lat'>—</span> <span class='ocrx_word' id='word_1_120' title='bbox 930 1499 1148 1553; x_wconf 81' lang='lat' dir='ltr'>Patres.</span> <span class='ocrx_word' id='word_1_121' title='bbox 1196 1496 1469 1552; x_wconf 88' lang='lat' dir='ltr'>Modestos</span> <span class='ocrx_word' id='word_1_122' title='bbox 1514 1496 1772 1568; x_wconf 64' lang='lat' dir='ltr'>praecepit</span> <span class='ocrx_word' id='word_1_123' title='bbox 1816 1504 2002 1567; x_wconf 86' lang='lat' dir='ltr'>patres</span> 
     </span>
    </p>
   </div>
   <div class='ocr_carea' id='block_1_17' title="bbox 394 1582 1996 1657">
    <p class='ocr_par' dir='ltr' id='par_1_17' title="bbox 394 1582 1996 1657">
     <span class='ocr_line' id='line_1_17' title="bbox 394 1582 1996 1657; baseline -0.001 -16"><span class='ocrx_word' id='word_1_124' title='bbox 394 1600 518 1641; x_wconf 89' lang='lat' dir='ltr'>esse</span> <span class='ocrx_word' id='word_1_125' title='bbox 550 1582 693 1651; x_wconf 82' lang='lat' dir='ltr'>ﬁliis,</span> <span class='ocrx_word' id='word_1_126' title='bbox 727 1601 796 1640; x_wconf 90' lang='lat' dir='ltr'>ne</span> <span class='ocrx_word' id='word_1_127' title='bbox 826 1585 1089 1641; x_wconf 86' lang='lat' dir='ltr'>coarctati</span> <span class='ocrx_word' id='word_1_128' title='bbox 1119 1586 1187 1641; x_wconf 91' lang='lat' dir='ltr'>ab</span> <span class='ocrx_word' id='word_1_129' title='bbox 1220 1585 1347 1653; x_wconf 91' lang='lat' dir='ltr'>illis,</span> <span class='ocrx_word' id='word_1_130' title='bbox 1384 1585 1702 1657; x_wconf 88' lang='lat' dir='ltr'>delinquant</span> <span class='ocrx_word' id='word_1_131' title='bbox 1750 1585 1805 1639; x_wconf 91' lang='lat' dir='ltr'>in</span> <span class='ocrx_word' id='word_1_132' title='bbox 1853 1585 1996 1654; x_wconf 91' lang='lat' dir='ltr'>illos,</span> 
     </span>
    </p>
   </div>
   <div class='ocr_carea' id='block_1_18' title="bbox 394 1673 1995 1744">
    <p class='ocr_par' dir='ltr' id='par_1_18' title="bbox 394 1673 1995 1744">
     <span class='ocr_line' id='line_1_18' title="bbox 394 1673 1995 1744; baseline -0.001 -14"><span class='ocrx_word' id='word_1_133' title='bbox 394 1682 447 1731; x_wconf 88' lang='lat' dir='ltr'>et</span> <span class='ocrx_word' id='word_1_134' title='bbox 475 1675 649 1730; x_wconf 88' lang='lat' dir='ltr'>Deum</span> <span class='ocrx_word' id='word_1_135' title='bbox 677 1673 973 1729; x_wconf 74' lang='lat' dir='ltr'>offendant.</span> <span class='ocrx_word' id='word_1_136' title='bbox 1017 1675 1102 1729; x_wconf 90' lang='lat' dir='ltr'>Ira</span> <span class='ocrx_word' id='word_1_137' title='bbox 1134 1674 1277 1730; x_wconf 91' lang='lat' dir='ltr'>enim</span> <span class='ocrx_word' id='word_1_138' title='bbox 1309 1674 1710 1730; x_wconf 88' lang='lat' dir='ltr'>inconsiderata</span> <span class='ocrx_word' id='word_1_139' title='bbox 1758 1691 1845 1729; x_wconf 92' lang='lat' dir='ltr'>res</span> <span class='ocrx_word' id='word_1_140' title='bbox 1893 1682 1995 1744; x_wconf 90' lang='lat' dir='ltr'>est,</span> 
     </span>
    </p>
   </div>
   <div class='ocr_carea' id='block_1_19' title="bbox 393 1761 1771 1835">
    <p class='ocr_par' dir='ltr' id='par_1_19' title="bbox 393 1761 1771 1835">
     <span class='ocr_line' id='line_1_19' title="bbox 393 1761 1771 1835; baseline -0.001 -16"><span class='ocrx_word' id='word_1_141' title='bbox 393 1763 468 1819; x_wconf 90' lang='lat' dir='ltr'>ita</span> <span class='ocrx_word' id='word_1_142' title='bbox 496 1771 554 1818; x_wconf 90' lang='lat' dir='ltr'>ut</span> <span class='ocrx_word' id='word_1_143' title='bbox 582 1762 873 1835; x_wconf 90' lang='lat' dir='ltr'>aliquando</span> <span class='ocrx_word' id='word_1_144' title='bbox 901 1778 1005 1819; x_wconf 90' lang='lat' dir='ltr'>nec</span> <span class='ocrx_word' id='word_1_145' title='bbox 1032 1761 1137 1817; x_wconf 91' lang='lat' dir='ltr'>sibi</span> <span class='ocrx_word' id='word_1_146' title='bbox 1166 1770 1354 1833; x_wconf 90' lang='lat' dir='ltr'>parcat</span> <span class='ocrx_word' id='word_1_147' title='bbox 1380 1763 1471 1834; x_wconf 91' lang='lat' dir='ltr'>qui</span> <span class='ocrx_word' id='word_1_148' title='bbox 1503 1762 1771 1819; x_wconf 85' lang='lat' dir='ltr'>irascitur.</span> 
     </span>
    </p>
   </div>
   <div class='ocr_carea' id='block_1_20' title="bbox 467 1870 1994 1942">
    <p class='ocr_par' dir='ltr' id='par_1_20' title="bbox 467 1870 1994 1942">
     <span class='ocr_line' id='line_1_20' title="bbox 467 1870 1994 1942; baseline -0.001 -17"><span class='ocrx_word' id='word_1_149' title='bbox 467 1871 638 1925; x_wconf 78' lang='lat' dir='ltr'>Vnus.</span> <span class='ocrx_word' id='word_1_150' title='bbox 656 1873 747 1928; x_wconf 88' lang='lat'>23.</span> <span class='ocrx_word' id='word_1_151' title='bbox 777 1900 846 1910; x_wconf 92' lang='lat'>-—</span> <span class='ocrx_word' id='word_1_152' title='bbox 876 1872 964 1925; x_wconf 73' lang='lat' dir='ltr'>Ex</span> <span class='ocrx_word' id='word_1_153' title='bbox 994 1870 1186 1926; x_wconf 89' lang='lat' dir='ltr'>animo</span> <span class='ocrx_word' id='word_1_154' title='bbox 1214 1870 1532 1942; x_wconf 78' lang='lat' dir='ltr'>operamini</span> <span class='ocrx_word' id='word_1_155' title='bbox 1560 1870 1710 1926; x_wconf 84' lang='lat' dir='ltr'>sicut</span> <span class='ocrx_word' id='word_1_156' title='bbox 1738 1870 1994 1925; x_wconf 88' lang='lat' dir='ltr'>Domino.</span> 
     </span>
    </p>
   </div>
   <div class='ocr_carea' id='block_1_21' title="bbox 399 1956 1998 2029">
    <p class='ocr_par' dir='ltr' id='par_1_21' title="bbox 399 1956 1998 2029">
     <span class='ocr_line' id='line_1_21' title="bbox 399 1956 1998 2029; baseline -0.001 -15"><span class='ocrx_word' id='word_1_157' title='bbox 399 1960 535 2015; x_wconf 90' lang='lat' dir='ltr'>Eam</span> <span class='ocrx_word' id='word_1_158' title='bbox 564 1960 712 2014; x_wconf 89' lang='lat' dir='ltr'>Deus</span> <span class='ocrx_word' id='word_1_159' title='bbox 740 1956 1105 2014; x_wconf 87' lang='lat' dir='ltr'>innocentiam</span> <span class='ocrx_word' id='word_1_160' title='bbox 1133 1958 1344 2029; x_wconf 89' lang='lat' dir='ltr'>probat,</span> <span class='ocrx_word' id='word_1_161' title='bbox 1391 1974 1497 2029; x_wconf 90' lang='lat' dir='ltr'>qua</span> <span class='ocrx_word' id='word_1_162' title='bbox 1526 1958 1686 2012; x_wconf 89' lang='lat' dir='ltr'>homo</span> <span class='ocrx_word' id='word_1_163' title='bbox 1716 1972 1827 2012; x_wconf 90' lang='lat' dir='ltr'>non</span> <span class='ocrx_word' id='word_1_164' title='bbox 1852 1965 1998 2013; x_wconf 91' lang='lat' dir='ltr'>metu</span> 
     </span>
    </p>
   </div>
   <div class='ocr_carea' id='block_1_22' title="bbox 394 2045 1996 2119">
    <p class='ocr_par' dir='ltr' id='par_1_22' title="bbox 394 2045 1996 2119">
     <span class='ocr_line' id='line_1_22' title="bbox 394 2045 1996 2119; baseline -0.002 -16"><span class='ocrx_word' id='word_1_165' title='bbox 394 2064 573 2119; x_wconf 69' lang='lat' dir='ltr'>pcente</span> <span class='ocrx_word' id='word_1_166' title='bbox 601 2046 659 2101; x_wconf 87' lang='lat' dir='ltr'>ﬁt</span> <span class='ocrx_word' id='word_1_167' title='bbox 687 2047 971 2114; x_wconf 88' lang='lat' dir='ltr'>innocens,</span> <span class='ocrx_word' id='word_1_168' title='bbox 1006 2047 1104 2103; x_wconf 90' lang='lat' dir='ltr'>sed</span> <span class='ocrx_word' id='word_1_169' title='bbox 1132 2062 1320 2102; x_wconf 90' lang='lat' dir='ltr'>amore</span> <span class='ocrx_word' id='word_1_170' title='bbox 1343 2046 1565 2116; x_wconf 64' lang='lat' dir='ltr'>justitia:</span> <span class='ocrx_word' id='word_1_171' title='bbox 1597 2064 1611 2099; x_wconf 89' lang='lat'><strong>:</strong></span> <span class='ocrx_word' id='word_1_172' title='bbox 1643 2062 1765 2100; x_wconf 88' lang='lat' dir='ltr'>nam</span> <span class='ocrx_word' id='word_1_173' title='bbox 1803 2045 1894 2118; x_wconf 92' lang='lat' dir='ltr'>qui</span> <span class='ocrx_word' id='word_1_174' title='bbox 1924 2046 1996 2100; x_wconf 84' lang='lat' dir='ltr'>ti-</span> 
     </span>
    </p>
   </div>
   <div class='ocr_carea' id='block_1_23' title="bbox 392 2134 1993 2207">
    <p class='ocr_par' dir='ltr' id='par_1_23' title="bbox 392 2134 1993 2207">
     <span class='ocr_line' id='line_1_23' title="bbox 392 2134 1993 2207; baseline -0.002 -15"><span class='ocrx_word' id='word_1_175' title='bbox 392 2151 548 2192; x_wconf 87' lang='lat' dir='ltr'>more</span> <span class='ocrx_word' id='word_1_176' title='bbox 579 2152 688 2191; x_wconf 90' lang='lat' dir='ltr'>non</span> <span class='ocrx_word' id='word_1_177' title='bbox 718 2144 930 2206; x_wconf 87' lang='lat' dir='ltr'>peccat,</span> <span class='ocrx_word' id='word_1_178' title='bbox 978 2135 1223 2207; x_wconf 90' lang='lat' dir='ltr'>quamvis</span> <span class='ocrx_word' id='word_1_179' title='bbox 1279 2151 1390 2190; x_wconf 89' lang='lat' dir='ltr'>non</span> <span class='ocrx_word' id='word_1_180' title='bbox 1436 2142 1630 2191; x_wconf 88' lang='lat' dir='ltr'>noceat</span> <span class='ocrx_word' id='word_1_181' title='bbox 1684 2134 1826 2201; x_wconf 88' lang='lat' dir='ltr'>aliis,</span> <span class='ocrx_word' id='word_1_182' title='bbox 1888 2134 1993 2189; x_wconf 87' lang='lat' dir='ltr'>sibi</span> 
     </span>
    </p>
   </div>
   <div class='ocr_carea' id='block_1_24' title="bbox 393 2222 1993 2302">
    <p class='ocr_par' dir='ltr' id='par_1_24' title="bbox 393 2222 1993 2302">
     <span class='ocr_line' id='line_1_24' title="bbox 393 2222 1993 2302; baseline -0.003 -21"><span class='ocrx_word' id='word_1_183' title='bbox 393 2233 575 2281; x_wconf 87' lang='lat' dir='ltr'>tamen</span> <span class='ocrx_word' id='word_1_184' title='bbox 629 2224 919 2297; x_wconf 90' lang='lat' dir='ltr'>plurimum</span> <span class='ocrx_word' id='word_1_185' title='bbox 966 2231 1144 2280; x_wconf 89' lang='lat' dir='ltr'>nocet.</span> <span class='ocrx_word' id='word_1_186' title='bbox 1192 2223 1454 2279; x_wconf 90' lang='lat' dir='ltr'>Simulata</span> <span class='ocrx_word' id='word_1_187' title='bbox 1496 2222 1708 2302; x_wconf 76' lang='lat' dir='ltr'>aquitas</span> <span class='ocrx_word' id='word_1_188' title='bbox 1752 2238 1863 2278; x_wconf 91' lang='lat' dir='ltr'>non</span> <span class='ocrx_word' id='word_1_189' title='bbox 1909 2230 1993 2279; x_wconf 90' lang='lat' dir='ltr'>est</span> 
     </span>
    </p>
   </div>
   <div class='ocr_carea' id='block_1_25' title="bbox 2731 612 3083 669">
    <p class='ocr_par' dir='ltr' id='par_1_25' title="bbox 2731 612 3083 669">
     <span class='ocr_line' id='line_1_25' title="bbox 2731 612 3083 669; baseline 0.003 -2"><span class='ocrx_word' id='word_1_190' title='bbox 2731 612 2955 669; x_wconf 84' lang='lat' dir='ltr'>CAPUT</span> <span class='ocrx_word' id='word_1_191' title='bbox 2993 612 3083 668; x_wconf 81' lang='lat' dir='ltr'>IV.</span> 
     </span>
    </p>
   </div>
   <div class='ocr_carea' id='block_1_26' title="bbox 2180 716 3722 789">
    <p class='ocr_par' dir='ltr' id='par_1_26' title="bbox 2180 716 3722 789">
     <span class='ocr_line' id='line_1_26' title="bbox 2180 716 3722 789; baseline -0.001 -17"><span class='ocrx_word' id='word_1_192' title='bbox 2180 717 2351 773; x_wconf 74' lang='lat' dir='ltr'>Vens.</span> <span class='ocrx_word' id='word_1_193' title='bbox 2386 720 2437 773; x_wconf 90' lang='lat'>3.</span> <span class='ocrx_word' id='word_1_194' title='bbox 2462 747 2532 757; x_wconf 96' lang='lat'><strong>—</strong></span> <span class='ocrx_word' id='word_1_195' title='bbox 2567 718 2803 775; x_wconf 84' lang='lat' dir='ltr'>Ostium.</span> <span class='ocrx_word' id='word_1_196' title='bbox 2854 717 2916 772; x_wconf 92' lang='lat' dir='ltr'>Id</span> <span class='ocrx_word' id='word_1_197' title='bbox 2942 724 3026 773; x_wconf 90' lang='lat' dir='ltr'>est</span> <span class='ocrx_word' id='word_1_198' title='bbox 3055 733 3117 773; x_wconf 93' lang='lat' dir='ltr'>os</span> <span class='ocrx_word' id='word_1_199' title='bbox 3148 732 3329 773; x_wconf 89' lang='lat' dir='ltr'>meum</span> <span class='ocrx_word' id='word_1_200' title='bbox 3360 716 3522 773; x_wconf 85' lang='lat' dir='ltr'>faciat</span> <span class='ocrx_word' id='word_1_201' title='bbox 3550 731 3722 789; x_wconf 63' lang='lat' dir='ltr'>aper-</span> 
     </span>
    </p>
   </div>
   <div class='ocr_carea' id='block_1_27' title="bbox 2106 805 3723 877">
    <p class='ocr_par' dir='ltr' id='par_1_27' title="bbox 2106 805 3723 877">
     <span class='ocr_line' id='line_1_27' title="bbox 2106 805 3723 877; baseline 0 -17"><span class='ocrx_word' id='word_1_202' title='bbox 2106 811 2219 860; x_wconf 90' lang='lat' dir='ltr'>tum</span> <span class='ocrx_word' id='word_1_203' title='bbox 2252 823 2265 859; x_wconf 89' lang='lat'><strong>:</strong></span> <span class='ocrx_word' id='word_1_204' title='bbox 2299 806 2444 877; x_wconf 87' lang='lat' dir='ltr'>quod</span> <span class='ocrx_word' id='word_1_205' title='bbox 2476 806 2547 861; x_wconf 91' lang='lat' dir='ltr'>ad</span> <span class='ocrx_word' id='word_1_206' title='bbox 2575 806 2679 862; x_wconf 91' lang='lat' dir='ltr'>hoc</span> <span class='ocrx_word' id='word_1_207' title='bbox 2710 806 2894 861; x_wconf 91' lang='lat' dir='ltr'>datum</span> <span class='ocrx_word' id='word_1_208' title='bbox 2924 814 3025 872; x_wconf 89' lang='lat' dir='ltr'>est,</span> <span class='ocrx_word' id='word_1_209' title='bbox 3068 813 3126 860; x_wconf 90' lang='lat' dir='ltr'>ut</span> <span class='ocrx_word' id='word_1_210' title='bbox 3167 806 3294 862; x_wconf 92' lang='lat' dir='ltr'>inde</span> <span class='ocrx_word' id='word_1_211' title='bbox 3325 805 3558 877; x_wconf 87' lang='lat' dir='ltr'>prodeat</span> <span class='ocrx_word' id='word_1_212' title='bbox 3584 821 3723 860; x_wconf 86' lang='lat' dir='ltr'>ver-</span> 
     </span>
    </p>
   </div>
   <div class='ocr_carea' id='block_1_28' title="bbox 2105 893 3617 968">
    <p class='ocr_par' dir='ltr' id='par_1_28' title="bbox 2105 893 3617 968">
     <span class='ocr_line' id='line_1_28' title="bbox 2105 893 3617 968; baseline 0.001 -20"><span class='ocrx_word' id='word_1_213' title='bbox 2105 893 2253 948; x_wconf 91' lang='lat' dir='ltr'>bum.</span> <span class='ocrx_word' id='word_1_214' title='bbox 2287 896 2547 965; x_wconf 88' lang='lat' dir='ltr'>Apertum</span> <span class='ocrx_word' id='word_1_215' title='bbox 2577 902 2677 964; x_wconf 90' lang='lat' dir='ltr'>est,</span> <span class='ocrx_word' id='word_1_216' title='bbox 2710 893 2929 966; x_wconf 88' lang='lat' dir='ltr'>quando</span> <span class='ocrx_word' id='word_1_217' title='bbox 2950 894 3119 949; x_wconf 89' lang='lat' dir='ltr'>multa</span> <span class='ocrx_word' id='word_1_218' title='bbox 3146 902 3201 950; x_wconf 91' lang='lat' dir='ltr'>et</span> <span class='ocrx_word' id='word_1_219' title='bbox 3229 910 3436 968; x_wconf 89' lang='lat' dir='ltr'>magna</span> <span class='ocrx_word' id='word_1_220' title='bbox 3464 894 3617 950; x_wconf 89' lang='lat' dir='ltr'>dicit.</span> 
     </span>
    </p>
   </div>
   <div class='ocr_carea' id='block_1_29' title="bbox 2177 972 3726 1056">
    <p class='ocr_par' dir='ltr' id='par_1_29' title="bbox 2177 972 3726 1056">
     <span class='ocr_line' id='line_1_29' title="bbox 2177 972 3726 1056; baseline 0 -20"><span class='ocrx_word' id='word_1_221' title='bbox 2177 984 2346 1038; x_wconf 78' lang='lat' dir='ltr'>Vnus.</span> <span class='ocrx_word' id='word_1_222' title='bbox 2370 986 2422 1038; x_wconf 80' lang='lat'>5.</span> <span class='ocrx_word' id='word_1_223' title='bbox 2444 1013 2514 1023; x_wconf 91' lang='lat'>—</span> <span class='ocrx_word' id='word_1_224' title='bbox 2540 986 2772 1056; x_wconf 83' lang='lat' dir='ltr'>Tempus</span> <span class='ocrx_word' id='word_1_225' title='bbox 2801 972 3162 1039; x_wconf 83' lang='lat' dir='ltr'>redimentes.</span> <span class='ocrx_word' id='word_1_226' title='bbox 3195 984 3255 1038; x_wconf 92' lang='lat' dir='ltr'>Id</span> <span class='ocrx_word' id='word_1_227' title='bbox 3284 993 3371 1039; x_wconf 88' lang='lat' dir='ltr'>est</span> <span class='ocrx_word' id='word_1_228' title='bbox 3398 982 3726 1055; x_wconf 87' lang='lat' dir='ltr'>opportuni-</span> 
     </span>
    </p>
   </div>
   <div class='ocr_carea' id='block_1_30' title="bbox 2104 1071 3725 1144">
    <p class='ocr_par' dir='ltr' id='par_1_30' title="bbox 2104 1071 3725 1144">
     <span class='ocr_line' id='line_1_30' title="bbox 2104 1071 3725 1144; baseline 0.001 -19"><span class='ocrx_word' id='word_1_229' title='bbox 2104 1078 2265 1126; x_wconf 90' lang='lat' dir='ltr'>tatem</span> <span class='ocrx_word' id='word_1_230' title='bbox 2330 1071 2660 1143; x_wconf 66' lang='lat' dir='ltr'>praedicandi</span> <span class='ocrx_word' id='word_1_231' title='bbox 2715 1071 2795 1127; x_wconf 91' lang='lat' dir='ltr'>eis</span> <span class='ocrx_word' id='word_1_232' title='bbox 2820 1115 2832 1138; x_wconf 93' lang='lat'>,</span> <span class='ocrx_word' id='word_1_233' title='bbox 2892 1071 3163 1144; x_wconf 87' lang='lat' dir='ltr'>aliquibus</span> <span class='ocrx_word' id='word_1_234' title='bbox 3218 1073 3398 1127; x_wconf 91' lang='lat' dir='ltr'>modis</span> <span class='ocrx_word' id='word_1_235' title='bbox 3424 1115 3437 1139; x_wconf 90' lang='lat'>,</span> <span class='ocrx_word' id='word_1_236' title='bbox 3497 1087 3725 1143; x_wconf 68' lang='lat' dir='ltr'>praepa-</span> 
     </span>
    </p>
   </div>
   <div class='ocr_carea' id='block_1_31' title="bbox 2103 1168 2308 1215">
    <p class='ocr_par' dir='ltr' id='par_1_31' title="bbox 2103 1168 2308 1215">
     <span class='ocr_line' id='line_1_31' title="bbox 2103 1168 2308 1215; baseline 0.005 -1"><span class='ocrx_word' id='word_1_237' title='bbox 2103 1168 2308 1215; x_wconf 87' lang='lat' dir='ltr'>rantes.</span> 
     </span>
    </p>
   </div>
   <div class='ocr_carea' id='block_1_32' title="bbox 2173 1249 3720 1322">
    <p class='ocr_par' dir='ltr' id='par_1_32' title="bbox 2173 1249 3720 1322">
     <span class='ocr_line' id='line_1_32' title="bbox 2173 1249 3720 1322; baseline 0.001 -18"><span class='ocrx_word' id='word_1_238' title='bbox 2173 1249 2343 1304; x_wconf 78' lang='lat' dir='ltr'>Vnus.</span> <span class='ocrx_word' id='word_1_239' title='bbox 2360 1252 2487 1303; x_wconf 89' lang='lat'>8.—</span> <span class='ocrx_word' id='word_1_240' title='bbox 2513 1251 2580 1307; x_wconf 90' lang='lat' dir='ltr'>Ut</span> <span class='ocrx_word' id='word_1_241' title='bbox 2599 1254 2896 1321; x_wconf 79' lang='lat' dir='ltr'>cognoscat</span> <span class='ocrx_word' id='word_1_242' title='bbox 2912 1266 3033 1322; x_wconf 71' lang='lat' dir='ltr'>quae</span> <span class='ocrx_word' id='word_1_243' title='bbox 3054 1251 3208 1305; x_wconf 88' lang='lat' dir='ltr'>circa</span> <span class='ocrx_word' id='word_1_244' title='bbox 3227 1265 3318 1306; x_wconf 84' lang='lat' dir='ltr'>vos</span> <span class='ocrx_word' id='word_1_245' title='bbox 3338 1252 3481 1304; x_wconf 87' lang='lat' dir='ltr'>sunt</span> <span class='ocrx_word' id='word_1_246' title='bbox 3502 1253 3564 1305; x_wconf 88' lang='lat' dir='ltr'>et</span> <span class='ocrx_word' id='word_1_247' title='bbox 3581 1265 3720 1305; x_wconf 89' lang='lat' dir='ltr'>con-</span> 
     </span>
    </p>
   </div>
   <div class='ocr_carea' id='block_1_33' title="bbox 2101 1336 3724 1411">
    <p class='ocr_par' dir='ltr' id='par_1_33' title="bbox 2101 1336 3724 1411">
     <span class='ocr_line' id='line_1_33' title="bbox 2101 1336 3724 1411; baseline 0 -18"><span class='ocrx_word' id='word_1_248' title='bbox 2101 1338 2317 1393; x_wconf 75' lang='lat' dir='ltr'>soletur</span> <span class='ocrx_word' id='word_1_249' title='bbox 2346 1338 2513 1394; x_wconf 76' lang='lat' dir='ltr'>corda</span> <span class='ocrx_word' id='word_1_250' title='bbox 2547 1342 2749 1403; x_wconf 87' lang='lat' dir='ltr'>vestra,</span> <span class='ocrx_word' id='word_1_251' title='bbox 2785 1345 2890 1393; x_wconf 88' lang='lat' dir='ltr'>etc.</span> <span class='ocrx_word' id='word_1_252' title='bbox 2937 1337 3115 1411; x_wconf 83' lang='lat' dir='ltr'>Magis</span> <span class='ocrx_word' id='word_1_253' title='bbox 3145 1345 3297 1394; x_wconf 84' lang='lat' dir='ltr'>cavet</span> <span class='ocrx_word' id='word_1_254' title='bbox 3343 1337 3439 1410; x_wconf 90' lang='lat' dir='ltr'>qui</span> <span class='ocrx_word' id='word_1_255' title='bbox 3471 1353 3535 1393; x_wconf 86' lang='lat' dir='ltr'>se</span> <span class='ocrx_word' id='word_1_256' title='bbox 3565 1336 3724 1393; x_wconf 85' lang='lat' dir='ltr'>videt</span> 
     </span>
    </p>
   </div>
   <div class='ocr_carea' id='block_1_34' title="bbox 2101 1415 3307 1499">
    <p class='ocr_par' dir='ltr' id='par_1_34' title="bbox 2101 1415 3307 1499">
     <span class='ocr_line' id='line_1_34' title="bbox 2101 1415 3307 1499; baseline -0.001 -17"><span class='ocrx_word' id='word_1_257' title='bbox 2101 1425 2383 1499; x_wconf 85' lang='lat' dir='ltr'>cognosci,</span> <span class='ocrx_word' id='word_1_258' title='bbox 2418 1442 2578 1499; x_wconf 89' lang='lat' dir='ltr'>quam</span> <span class='ocrx_word' id='word_1_259' title='bbox 2608 1426 2701 1498; x_wconf 93' lang='lat' dir='ltr'>qui</span> <span class='ocrx_word' id='word_1_260' title='bbox 2730 1442 2791 1481; x_wconf 92' lang='lat' dir='ltr'>se</span> <span class='ocrx_word' id='word_1_261' title='bbox 2820 1426 2968 1481; x_wconf 89' lang='lat' dir='ltr'>videt</span> <span class='ocrx_word' id='word_1_262' title='bbox 2997 1425 3262 1499; x_wconf 90' lang='lat' dir='ltr'>ignorari.</span> <span class='ocrx_word' id='word_1_263' title='bbox 3299 1415 3307 1422; x_wconf 72' lang='grc'><em>’</em></span> 
     </span>
    </p>
   </div>
   <div class='ocr_carea' id='block_1_35' title="bbox 2173 1514 3721 1589">
    <p class='ocr_par' dir='ltr' id='par_1_35' title="bbox 2173 1514 3721 1589">
     <span class='ocr_line' id='line_1_35' title="bbox 2173 1514 3721 1589; baseline 0 -21"><span class='ocrx_word' id='word_1_264' title='bbox 2173 1515 2341 1569; x_wconf 77' lang='lat' dir='ltr'>Vnus.</span> <span class='ocrx_word' id='word_1_265' title='bbox 2387 1518 2473 1570; x_wconf 89' lang='lat'>10.</span> <span class='ocrx_word' id='word_1_266' title='bbox 2507 1546 2576 1555; x_wconf 94' lang='lat'>—</span> <span class='ocrx_word' id='word_1_267' title='bbox 2609 1516 2936 1589; x_wconf 84' lang='lat' dir='ltr'>Accepistis,</span> <span class='ocrx_word' id='word_1_268' title='bbox 2988 1515 3133 1588; x_wconf 90' lang='lat' dir='ltr'>quod</span> <span class='ocrx_word' id='word_1_269' title='bbox 3181 1514 3342 1570; x_wconf 91' lang='lat' dir='ltr'>rediit</span> <span class='ocrx_word' id='word_1_270' title='bbox 3384 1514 3455 1570; x_wconf 89' lang='lat' dir='ltr'>ad</span> <span class='ocrx_word' id='word_1_271' title='bbox 3498 1530 3611 1583; x_wconf 90' lang='lat' dir='ltr'>me,</span> <span class='ocrx_word' id='word_1_272' title='bbox 3664 1522 3721 1570; x_wconf 88' lang='lat' dir='ltr'>et</span> 
     </span>
    </p>
   </div>
   <div class='ocr_carea' id='block_1_36' title="bbox 2100 1602 2552 1659">
    <p class='ocr_par' dir='ltr' id='par_1_36' title="bbox 2100 1602 2552 1659">
     <span class='ocr_line' id='line_1_36' title="bbox 2100 1602 2552 1659; baseline 0.002 -1"><span class='ocrx_word' id='word_1_273' title='bbox 2100 1603 2223 1659; x_wconf 91' lang='lat' dir='ltr'>ideo</span> <span class='ocrx_word' id='word_1_274' title='bbox 2254 1602 2301 1658; x_wconf 90' lang='lat' dir='ltr'>si</span> <span class='ocrx_word' id='word_1_275' title='bbox 2328 1604 2552 1659; x_wconf 89' lang='lat' dir='ltr'>venerit.</span> 
     </span>
    </p>
   </div>
   <div class='ocr_carea' id='block_1_37' title="bbox 2173 1687 3719 1759">
    <p class='ocr_par' dir='ltr' id='par_1_37' title="bbox 2173 1687 3719 1759">
     <span class='ocr_line' id='line_1_37' title="bbox 2173 1687 3719 1759; baseline 0 -13"><span class='ocrx_word' id='word_1_276' title='bbox 2173 1692 2343 1747; x_wconf 75' lang='lat' dir='ltr'>Vens.</span> <span class='ocrx_word' id='word_1_277' title='bbox 2371 1696 2455 1747; x_wconf 87' lang='lat'>16.</span> <span class='ocrx_word' id='word_1_278' title='bbox 2478 1723 2547 1733; x_wconf 94' lang='lat'>—</span> <span class='ocrx_word' id='word_1_279' title='bbox 2577 1694 2766 1750; x_wconf 84' lang='lat' dir='ltr'>Facite</span> <span class='ocrx_word' id='word_1_280' title='bbox 2794 1697 2860 1749; x_wconf 87' lang='lat' dir='ltr'>ut</span> <span class='ocrx_word' id='word_1_281' title='bbox 2890 1697 2947 1748; x_wconf 91' lang='lat' dir='ltr'>et</span> <span class='ocrx_word' id='word_1_282' title='bbox 2974 1694 3059 1759; x_wconf 89' lang='lat' dir='ltr'>in,</span> <span class='ocrx_word' id='word_1_283' title='bbox 3090 1700 3196 1749; x_wconf 88' lang='lat' dir='ltr'>etc.</span> <span class='ocrx_word' id='word_1_284' title='bbox 3229 1693 3311 1747; x_wconf 88' lang='lat' dir='ltr'>Ex</span> <span class='ocrx_word' id='word_1_285' title='bbox 3338 1693 3449 1748; x_wconf 91' lang='lat' dir='ltr'>hoc</span> <span class='ocrx_word' id='word_1_286' title='bbox 3477 1691 3607 1748; x_wconf 88' lang='lat' dir='ltr'>loco</span> <span class='ocrx_word' id='word_1_287' title='bbox 3636 1687 3719 1746; x_wconf 90' lang='lat' dir='ltr'>in-</span> 
     </span>
    </p>
   </div>
   <div class='ocr_carea' id='block_1_38' title="bbox 2018 1777 3717 1854">
    <p class='ocr_par' dir='ltr' id='par_1_38' title="bbox 2018 1777 3717 1854">
     <span class='ocr_line' id='line_1_38' title="bbox 2018 1777 3717 1854; baseline -0.002 -17"><span class='ocrx_word' id='word_1_288' title='bbox 2018 1777 2072 1837; x_wconf 94' lang='lat' dir='ltr'>B</span> <span class='ocrx_word' id='word_1_289' title='bbox 2101 1780 2414 1852; x_wconf 89' lang='lat' dir='ltr'>telligimus,</span> <span class='ocrx_word' id='word_1_290' title='bbox 2447 1781 2593 1852; x_wconf 89' lang='lat' dir='ltr'>quod</span> <span class='ocrx_word' id='word_1_291' title='bbox 2622 1781 2910 1854; x_wconf 85' lang='lat' dir='ltr'>generales</span> <span class='ocrx_word' id='word_1_292' title='bbox 2940 1789 3064 1837; x_wconf 91' lang='lat' dir='ltr'>sunt</span> <span class='ocrx_word' id='word_1_293' title='bbox 3091 1781 3482 1837; x_wconf 86' lang='lat' dir='ltr'>instructiones</span> <span class='ocrx_word' id='word_1_294' title='bbox 3525 1783 3717 1851; x_wconf 82' lang='lat' dir='ltr'>Apos-</span> 
     </span>
    </p>
   </div>
   <div class='ocr_carea' id='block_1_39' title="bbox 2097 1868 3715 1942">
    <p class='ocr_par' dir='ltr' id='par_1_39' title="bbox 2097 1868 3715 1942">
     <span class='ocr_line' id='line_1_39' title="bbox 2097 1868 3715 1942; baseline 0.001 -18"><span class='ocrx_word' id='word_1_295' title='bbox 2097 1868 2191 1925; x_wconf 93' lang='lat' dir='ltr'>toli</span> <span class='ocrx_word' id='word_1_296' title='bbox 2213 1911 2227 1938; x_wconf 89' lang='lat'>,</span> <span class='ocrx_word' id='word_1_297' title='bbox 2269 1878 2325 1925; x_wconf 91' lang='lat' dir='ltr'>et</span> <span class='ocrx_word' id='word_1_298' title='bbox 2371 1870 2442 1925; x_wconf 91' lang='lat' dir='ltr'>ad</span> <span class='ocrx_word' id='word_1_299' title='bbox 2500 1869 2744 1925; x_wconf 88' lang='lat' dir='ltr'>omnium</span> <span class='ocrx_word' id='word_1_300' title='bbox 2793 1870 3071 1926; x_wconf 87' lang='lat' dir='ltr'>hominum</span> <span class='ocrx_word' id='word_1_301' title='bbox 3121 1869 3433 1942; x_wconf 80' lang='lat' dir='ltr'>profectum</span> <span class='ocrx_word' id='word_1_302' title='bbox 3486 1868 3715 1940; x_wconf 57' lang='lat' dir='ltr'>scripta</span> 
     </span>
    </p>
   </div>
   <div class='ocr_carea' id='block_1_40' title="bbox 2100 1956 2520 2027">
    <p class='ocr_par' dir='ltr' id='par_1_40' title="bbox 2100 1956 2520 2027">
     <span class='ocr_line' id='line_1_40' title="bbox 2100 1956 2520 2027; baseline 0 -15"><span class='ocrx_word' id='word_1_303' title='bbox 2100 1965 2226 2012; x_wconf 88' lang='lat' dir='ltr'>sunt</span> <span class='ocrx_word' id='word_1_304' title='bbox 2256 1956 2520 2027; x_wconf 66' lang='lat' dir='ltr'>epistolae.</span> 
     </span>
    </p>
   </div>
   <div class='ocr_carea' id='block_1_41' title="bbox 2164 2045 3713 2118">
    <p class='ocr_par' dir='ltr' id='par_1_41' title="bbox 2164 2045 3713 2118">
     <span class='ocr_line' id='line_1_41' title="bbox 2164 2045 3713 2118; baseline 0 -19"><span class='ocrx_word' id='word_1_305' title='bbox 2164 2046 2333 2100; x_wconf 79' lang='lat' dir='ltr'>Vnus.</span> <span class='ocrx_word' id='word_1_306' title='bbox 2367 2048 2529 2101; x_wconf 88' lang='lat'>18.—</span> <span class='ocrx_word' id='word_1_307' title='bbox 2544 2047 2808 2103; x_wconf 81' lang='lat' dir='ltr'>Memores</span> <span class='ocrx_word' id='word_1_308' title='bbox 2837 2052 3032 2112; x_wconf 85' lang='lat' dir='ltr'>estote,</span> <span class='ocrx_word' id='word_1_309' title='bbox 3066 2054 3172 2103; x_wconf 91' lang='lat' dir='ltr'>etc.</span> <span class='ocrx_word' id='word_1_310' title='bbox 3211 2048 3524 2118; x_wconf 86' lang='lat' dir='ltr'>Antequam</span> <span class='ocrx_word' id='word_1_311' title='bbox 3554 2045 3713 2100; x_wconf 87' lang='lat' dir='ltr'>salu-</span> 
     </span>
    </p>
   </div>
   <div class='ocr_carea' id='block_1_42' title="bbox 2093 2134 3711 2206">
    <p class='ocr_par' dir='ltr' id='par_1_42' title="bbox 2093 2134 3711 2206">
     <span class='ocr_line' id='line_1_42' title="bbox 2093 2134 3711 2206; baseline 0.001 -18"><span class='ocrx_word' id='word_1_312' title='bbox 2093 2134 2350 2190; x_wconf 89' lang='lat' dir='ltr'>tationem</span> <span class='ocrx_word' id='word_1_313' title='bbox 2381 2142 2566 2206; x_wconf 89' lang='lat' dir='ltr'>ponat,</span> <span class='ocrx_word' id='word_1_314' title='bbox 2590 2134 2864 2206; x_wconf 74' lang='lat' dir='ltr'>praemittit</span> <span class='ocrx_word' id='word_1_315' title='bbox 2891 2134 3321 2192; x_wconf 83' lang='lat' dir='ltr'>exhortationem</span> <span class='ocrx_word' id='word_1_316' title='bbox 3349 2134 3547 2191; x_wconf 84' lang='lat' dir='ltr'>dicens</span> <span class='ocrx_word' id='word_1_317' title='bbox 3571 2152 3585 2188; x_wconf 89' lang='lat'><strong>:</strong></span> <span class='ocrx_word' id='word_1_318' title='bbox 3608 2134 3711 2189; x_wconf 71' lang='lat' dir='ltr'>le-</span> 
     </span>
    </p>
   </div>
   <div class='ocr_carea' id='block_1_43' title="bbox 2091 2231 2427 2290">
    <p class='ocr_par' dir='ltr' id='par_1_43' title="bbox 2091 2231 2427 2290">
     <span class='ocr_line' id='line_1_43' title="bbox 2091 2231 2427 2290; baseline -0.009 -10"><span class='ocrx_word' id='word_1_319' title='bbox 2091 2239 2292 2290; x_wconf 88' lang='lat' dir='ltr'>mores,</span> <span class='ocrx_word' id='word_1_320' title='bbox 2325 2231 2427 2281; x_wconf 88' lang='lat' dir='ltr'>etc.</span> 
     </span>
    </p>
   </div>
   <div class='ocr_carea' id='block_1_44' title="bbox 1159 2561 2951 2639">
    <p class='ocr_par' dir='ltr' id='par_1_44' title="bbox 1159 2561 2951 2639">
     <span class='ocr_line' id='line_1_44' title="bbox 1159 2561 2951 2639; baseline -0.003 0"><span class='ocrx_word' id='word_1_321' title='bbox 1159 2564 1615 2639; x_wconf 89' lang='lat' dir='ltr'>EPISTOLA</span> <span class='ocrx_word' id='word_1_322' title='bbox 1669 2565 1701 2635; x_wconf 89' lang='grc' dir='ltr'><strong>Ι</strong></span> <span class='ocrx_word' id='word_1_323' title='bbox 1788 2562 1920 2636; x_wconf 84' lang='lat' dir='ltr'>AD</span> <span class='ocrx_word' id='word_1_324' title='bbox 1984 2561 2951 2637; x_wconf 84' lang='lat' dir='ltr'>THESSALONICENSES.</span> 
     </span>
    </p>
   </div>
   <div class='ocr_carea' id='block_1_45' title="bbox 935 2874 1447 2932">
    <p class='ocr_par' dir='ltr' id='par_1_45' title="bbox 935 2874 1447 2932">
     <span class='ocr_line' id='line_1_45' title="bbox 935 2874 1447 2932; baseline 0 -2"><span class='ocrx_word' id='word_1_325' title='bbox 935 2874 1447 2932; x_wconf 83' lang='lat' dir='ltr'>ARGUMENTUM.</span> 
     </span>
    </p>
   </div>
   <div class='ocr_carea' id='block_1_46' title="bbox 462 3000 2001 3068">
    <p class='ocr_par' dir='ltr' id='par_1_46' title="bbox 462 3000 2001 3068">
     <span class='ocr_line' id='line_1_46' title="bbox 462 3000 2001 3068; baseline -0.005 -1"><span class='ocrx_word' id='word_1_326' title='bbox 462 3010 978 3068; x_wconf 89' lang='lat' dir='ltr'>Thessalonicenses</span> <span class='ocrx_word' id='word_1_327' title='bbox 1007 3016 1132 3065; x_wconf 88' lang='lat' dir='ltr'>sunt</span> <span class='ocrx_word' id='word_1_328' title='bbox 1171 3009 1519 3066; x_wconf 89' lang='lat' dir='ltr'>Macedones.</span> <span class='ocrx_word' id='word_1_329' title='bbox 1570 3008 1637 3063; x_wconf 88' lang='lat' dir='ltr'>Hi</span> <span class='ocrx_word' id='word_1_330' title='bbox 1682 3008 1740 3063; x_wconf 94' lang='lat' dir='ltr'>in</span> <span class='ocrx_word' id='word_1_331' title='bbox 1783 3000 2001 3063; x_wconf 70' lang='lat' dir='ltr'>ChristB</span> 
     </span>
    </p>
   </div>
   <div class='ocr_carea' id='block_1_47' title="bbox 394 3094 1996 3172">
    <p class='ocr_par' dir='ltr' id='par_1_47' title="bbox 394 3094 1996 3172">
     <span class='ocr_line' id='line_1_47' title="bbox 394 3094 1996 3172; baseline -0.004 -16"><span class='ocrx_word' id='word_1_332' title='bbox 394 3100 523 3156; x_wconf 87' lang='lat' dir='ltr'>Jesu</span> <span class='ocrx_word' id='word_1_333' title='bbox 569 3107 791 3172; x_wconf 90' lang='lat' dir='ltr'>accepto</span> <span class='ocrx_word' id='word_1_334' title='bbox 838 3098 1011 3155; x_wconf 90' lang='lat' dir='ltr'>verbo</span> <span class='ocrx_word' id='word_1_335' title='bbox 1061 3097 1305 3154; x_wconf 90' lang='lat' dir='ltr'>veritatis</span> <span class='ocrx_word' id='word_1_336' title='bbox 1350 3097 1703 3170; x_wconf 88' lang='lat' dir='ltr'>perstiterunt</span> <span class='ocrx_word' id='word_1_337' title='bbox 1748 3096 1803 3151; x_wconf 92' lang='lat' dir='ltr'>in</span> <span class='ocrx_word' id='word_1_338' title='bbox 1854 3094 1958 3150; x_wconf 82' lang='lat' dir='ltr'>fide</span> <span class='ocrx_word' id='word_1_339' title='bbox 1983 3136 1996 3160; x_wconf 95' lang='lat'>,</span> 
     </span>
    </p>
   </div>
   <div class='ocr_carea' id='block_1_48' title="bbox 399 3186 1998 3259">
    <p class='ocr_par' dir='ltr' id='par_1_48' title="bbox 399 3186 1998 3259">
     <span class='ocr_line' id='line_1_48' title="bbox 399 3186 1998 3259; baseline -0.003 -16"><span class='ocrx_word' id='word_1_340' title='bbox 399 3188 559 3244; x_wconf 90' lang='lat' dir='ltr'>etiam</span> <span class='ocrx_word' id='word_1_341' title='bbox 602 3188 660 3242; x_wconf 91' lang='lat' dir='ltr'>in</span> <span class='ocrx_word' id='word_1_342' title='bbox 709 3187 1092 3259; x_wconf 89' lang='lat' dir='ltr'>persecutione</span> <span class='ocrx_word' id='word_1_343' title='bbox 1152 3186 1348 3242; x_wconf 91' lang='lat' dir='ltr'>civium</span> <span class='ocrx_word' id='word_1_344' title='bbox 1398 3202 1639 3241; x_wconf 91' lang='lat' dir='ltr'>suorum.</span> <span class='ocrx_word' id='word_1_345' title='bbox 1688 3186 1998 3251; x_wconf 70' lang='lat' dir='ltr'>Praeterea,</span> 
     </span>
    </p>
   </div>
   <div class='ocr_carea' id='block_1_49' title="bbox 392 3245 2057 3348">
    <p class='ocr_par' dir='ltr' id='par_1_49' title="bbox 392 3245 2057 3348">
     <span class='ocr_line' id='line_1_49' title="bbox 392 3245 2057 3348; baseline -0.005 -16"><span class='ocrx_word' id='word_1_346' title='bbox 392 3293 496 3333; x_wconf 89' lang='lat' dir='ltr'>nec</span> <span class='ocrx_word' id='word_1_347' title='bbox 527 3284 853 3348; x_wconf 91' lang='lat' dir='ltr'>receperunt</span> <span class='ocrx_word' id='word_1_348' title='bbox 881 3275 1050 3331; x_wconf 84' lang='lat' dir='ltr'>falsos</span> <span class='ocrx_word' id='word_1_349' title='bbox 1077 3275 1372 3346; x_wconf 87' lang='lat' dir='ltr'>apostolos,</span> <span class='ocrx_word' id='word_1_350' title='bbox 1405 3290 1508 3331; x_wconf 89' lang='lat' dir='ltr'>nec</span> <span class='ocrx_word' id='word_1_351' title='bbox 1538 3291 1601 3329; x_wconf 90' lang='lat' dir='ltr'>ea</span> <span class='ocrx_word' id='word_1_352' title='bbox 1630 3290 1750 3345; x_wconf 71' lang='lat' dir='ltr'>quae</span> <span class='ocrx_word' id='word_1_353' title='bbox 1776 3291 1807 3328; x_wconf 90' lang='lat' dir='ltr'>a</span> <span class='ocrx_word' id='word_1_354' title='bbox 1837 3245 2057 3328; x_wconf 81' lang='lat' dir='ltr'>falsisC</span> 
     </span>
    </p>
   </div>
   <div class='ocr_carea' id='block_1_50' title="bbox 391 3360 1989 3438">
    <p class='ocr_par' dir='ltr' id='par_1_50' title="bbox 391 3360 1989 3438">
     <span class='ocr_line' id='line_1_50' title="bbox 391 3360 1989 3438; baseline -0.005 -16"><span class='ocrx_word' id='word_1_355' title='bbox 391 3366 656 3438; x_wconf 87' lang='lat' dir='ltr'>apostolis</span> <span class='ocrx_word' id='word_1_356' title='bbox 686 3365 1024 3421; x_wconf 89' lang='lat' dir='ltr'>dicebantur.</span> <span class='ocrx_word' id='word_1_357' title='bbox 1056 3365 1168 3419; x_wconf 87' lang='lat' dir='ltr'>Hos</span> <span class='ocrx_word' id='word_1_358' title='bbox 1196 3364 1470 3420; x_wconf 89' lang='lat' dir='ltr'>collaudat</span> <span class='ocrx_word' id='word_1_359' title='bbox 1498 3363 1810 3435; x_wconf 88' lang='lat' dir='ltr'>Apostolus,</span> <span class='ocrx_word' id='word_1_360' title='bbox 1843 3360 1989 3418; x_wconf 89' lang='lat' dir='ltr'>scri-</span> 
     </span>
    </p>
   </div>
   <div class='ocr_carea' id='block_1_51' title="bbox 390 3451 1993 3525">
    <p class='ocr_par' dir='ltr' id='par_1_51' title="bbox 390 3451 1993 3525">
     <span class='ocr_line' id='line_1_51' title="bbox 390 3451 1993 3525; baseline -0.003 -16"><span class='ocrx_word' id='word_1_361' title='bbox 390 3454 527 3511; x_wconf 90' lang='lat' dir='ltr'>bens</span> <span class='ocrx_word' id='word_1_362' title='bbox 574 3454 656 3510; x_wconf 90' lang='lat' dir='ltr'>eis</span> <span class='ocrx_word' id='word_1_363' title='bbox 701 3455 769 3509; x_wconf 91' lang='lat' dir='ltr'>ab</span> <span class='ocrx_word' id='word_1_364' title='bbox 816 3453 1062 3521; x_wconf 85' lang='lat' dir='ltr'>Athenis,</span> <span class='ocrx_word' id='word_1_365' title='bbox 1106 3469 1208 3525; x_wconf 92' lang='lat' dir='ltr'>per</span> <span class='ocrx_word' id='word_1_366' title='bbox 1246 3452 1526 3509; x_wconf 88' lang='lat' dir='ltr'>Tichicum</span> <span class='ocrx_word' id='word_1_367' title='bbox 1573 3451 1887 3518; x_wconf 91' lang='lat' dir='ltr'>diaconem,</span> <span class='ocrx_word' id='word_1_368' title='bbox 1938 3458 1993 3505; x_wconf 91' lang='lat' dir='ltr'>et</span> 
     </span>
    </p>
   </div>
   <div class='ocr_carea' id='block_1_52' title="bbox 388 3541 1072 3615">
    <p class='ocr_par' dir='ltr' id='par_1_52' title="bbox 388 3541 1072 3615">
     <span class='ocr_line' id='line_1_52' title="bbox 388 3541 1072 3615; baseline -0.003 -15"><span class='ocrx_word' id='word_1_369' title='bbox 388 3541 712 3601; x_wconf 88' lang='lat' dir='ltr'>Onesimum</span> <span class='ocrx_word' id='word_1_370' title='bbox 741 3543 1072 3615; x_wconf 82' lang='lat' dir='ltr'>acolythum.</span> 
     </span>
    </p>
   </div>
   <div class='ocr_carea' id='block_1_53' title="bbox 910 3675 1462 3733">
    <p class='ocr_par' dir='ltr' id='par_1_53' title="bbox 910 3675 1462 3733">
     <span class='ocr_line' id='line_1_53' title="bbox 910 3675 1462 3733; baseline -0.004 -1"><span class='ocrx_word' id='word_1_371' title='bbox 910 3676 1136 3733; x_wconf 84' lang='lat' dir='ltr'>CAPUT</span> <span class='ocrx_word' id='word_1_372' title='bbox 1172 3675 1462 3732; x_wconf 83' lang='lat' dir='ltr'>PRIMUM.</span> 
     </span>
    </p>
   </div>
   <div class='ocr_carea' id='block_1_54' title="bbox 458 3796 1989 3860">
    <p class='ocr_par' dir='ltr' id='par_1_54' title="bbox 458 3796 1989 3860">
     <span class='ocr_line' id='line_1_54' title="bbox 458 3796 1989 3860; baseline -0.006 -1"><span class='ocrx_word' id='word_1_373' title='bbox 458 3803 629 3859; x_wconf 76' lang='lat' dir='ltr'>Vsus.</span> <span class='ocrx_word' id='word_1_374' title='bbox 652 3807 702 3858; x_wconf 92' lang='lat'>1.</span> <span class='ocrx_word' id='word_1_375' title='bbox 730 3833 800 3844; x_wconf 96' lang='lat'>—</span> <span class='ocrx_word' id='word_1_376' title='bbox 830 3803 1096 3860; x_wconf 84' lang='lat' dir='ltr'>Silvanus</span> <span class='ocrx_word' id='word_1_377' title='bbox 1123 3805 1178 3858; x_wconf 91' lang='lat' dir='ltr'>et</span> <span class='ocrx_word' id='word_1_378' title='bbox 1217 3801 1551 3858; x_wconf 78' lang='lat' dir='ltr'>Timotheus.</span> <span class='ocrx_word' id='word_1_379' title='bbox 1575 3796 1898 3855; x_wconf 89' lang='lat' dir='ltr'>Nominibus</span> <span class='ocrx_word' id='word_1_380' title='bbox 1918 3796 1989 3851; x_wconf 94' lang='lat' dir='ltr'>il-</span> 
     </span>
    </p>
   </div>
   <div class='ocr_carea' id='block_1_55' title="bbox 385 3885 1989 3963">
    <p class='ocr_par' dir='ltr' id='par_1_55' title="bbox 385 3885 1989 3963">
     <span class='ocr_line' id='line_1_55' title="bbox 385 3885 1989 3963; baseline -0.006 -15"><span class='ocrx_word' id='word_1_381' title='bbox 385 3890 565 3948; x_wconf 91' lang='lat' dir='ltr'>lorum</span> <span class='ocrx_word' id='word_1_382' title='bbox 601 3890 974 3963; x_wconf 66' lang='lat' dir='ltr'>praescribitur</span> <span class='ocrx_word' id='word_1_383' title='bbox 1020 3890 1289 3955; x_wconf 84' lang='lat' dir='ltr'>salutatio,</span> <span class='ocrx_word' id='word_1_384' title='bbox 1336 3889 1437 3946; x_wconf 85' lang='lat' dir='ltr'>sed</span> <span class='ocrx_word' id='word_1_385' title='bbox 1484 3904 1679 3944; x_wconf 91' lang='lat' dir='ltr'>sensus</span> <span class='ocrx_word' id='word_1_386' title='bbox 1724 3894 1777 3942; x_wconf 90' lang='lat' dir='ltr'>et</span> <span class='ocrx_word' id='word_1_387' title='bbox 1821 3885 1989 3943; x_wconf 90' lang='lat' dir='ltr'>verba</span> 
     </span>
    </p>
   </div>
   <div class='ocr_carea' id='block_1_56' title="bbox 386 3977 1450 4050">
    <p class='ocr_par' dir='ltr' id='par_1_56' title="bbox 386 3977 1450 4050">
     <span class='ocr_line' id='line_1_56' title="bbox 386 3977 1450 4050; baseline -0.003 -16"><span class='ocrx_word' id='word_1_388' title='bbox 386 3980 545 4049; x_wconf 84' lang='lat' dir='ltr'>hujus</span> <span class='ocrx_word' id='word_1_389' title='bbox 575 3979 818 4050; x_wconf 67' lang='lat' dir='ltr'>epistolae</span> <span class='ocrx_word' id='word_1_390' title='bbox 847 3978 1017 4033; x_wconf 90' lang='lat' dir='ltr'>solius</span> <span class='ocrx_word' id='word_1_391' title='bbox 1046 3977 1278 4047; x_wconf 92' lang='lat' dir='ltr'>apostoli</span> <span class='ocrx_word' id='word_1_392' title='bbox 1308 3985 1450 4031; x_wconf 91' lang='lat' dir='ltr'>sunt.</span> 
     </span>
    </p>
   </div>
   <div class='ocr_carea' id='block_1_57' title="bbox 458 4065 1987 4137">
    <p class='ocr_par' dir='ltr' id='par_1_57' title="bbox 458 4065 1987 4137">
     <span class='ocr_line' id='line_1_57' title="bbox 458 4065 1987 4137; baseline -0.003 -15"><span class='ocrx_word' id='word_1_393' title='bbox 458 4068 628 4123; x_wconf 77' lang='lat' dir='ltr'>Vsus.</span> <span class='ocrx_word' id='word_1_394' title='bbox 647 4070 702 4123; x_wconf 90' lang='lat'>2.</span> <span class='ocrx_word' id='word_1_395' title='bbox 726 4096 796 4106; x_wconf 93' lang='lat'><strong><em>—</em></strong></span> <span class='ocrx_word' id='word_1_396' title='bbox 819 4067 1015 4121; x_wconf 83' lang='lat' dir='ltr'>Gratia</span> <span class='ocrx_word' id='word_1_397' title='bbox 1044 4066 1192 4121; x_wconf 87' lang='lat' dir='ltr'>vobis</span> <span class='ocrx_word' id='word_1_398' title='bbox 1224 4069 1279 4121; x_wconf 90' lang='lat' dir='ltr'>et</span> <span class='ocrx_word' id='word_1_399' title='bbox 1305 4082 1445 4137; x_wconf 75' lang='lat' dir='ltr'>pax.</span> <span class='ocrx_word' id='word_1_400' title='bbox 1478 4065 1558 4119; x_wconf 92' lang='lat' dir='ltr'>De</span> <span class='ocrx_word' id='word_1_401' title='bbox 1587 4079 1741 4119; x_wconf 89' lang='lat' dir='ltr'>more</span> <span class='ocrx_word' id='word_1_402' title='bbox 1771 4078 1870 4119; x_wconf 90' lang='lat' dir='ltr'>suo</span> <span class='ocrx_word' id='word_1_403' title='bbox 1898 4078 1987 4118; x_wconf 91' lang='lat' dir='ltr'>sa-</span> 
     </span>
    </p>
   </div>
   <div class='ocr_carea' id='block_1_58' title="bbox 381 4152 1986 4226">
    <p class='ocr_par' dir='ltr' id='par_1_58' title="bbox 381 4152 1986 4226">
     <span class='ocr_line' id='line_1_58' title="bbox 381 4152 1986 4226; baseline -0.003 -15"><span class='ocrx_word' id='word_1_404' title='bbox 381 4153 703 4211; x_wconf 91' lang='lat' dir='ltr'>lutationem</span> <span class='ocrx_word' id='word_1_405' title='bbox 734 4153 1029 4226; x_wconf 68' lang='lat' dir='ltr'>prmmittit,</span> <span class='ocrx_word' id='word_1_406' title='bbox 1064 4170 1167 4224; x_wconf 90' lang='lat' dir='ltr'>qua</span> <span class='ocrx_word' id='word_1_407' title='bbox 1194 4153 1478 4224; x_wconf 60' lang='lat' dir='ltr'>prmmissa</span> <span class='ocrx_word' id='word_1_408' title='bbox 1507 4152 1576 4208; x_wconf 92' lang='lat' dir='ltr'>de</span> <span class='ocrx_word' id='word_1_409' title='bbox 1613 4152 1771 4207; x_wconf 90' lang='lat' dir='ltr'>bonis</span> <span class='ocrx_word' id='word_1_410' title='bbox 1801 4168 1986 4207; x_wconf 89' lang='lat' dir='ltr'>eorum</span> 
     </span>
    </p>
   </div>
   <div class='ocr_carea' id='block_1_59' title="bbox 386 4238 1990 4317">
    <p class='ocr_par' dir='ltr' id='par_1_59' title="bbox 386 4238 1990 4317">
     <span class='ocr_line' id='line_1_59' title="bbox 386 4238 1990 4317; baseline -0.003 -18"><span class='ocrx_word' id='word_1_411' title='bbox 386 4243 593 4317; x_wconf 83' lang='lat' dir='ltr'>gratias</span> <span class='ocrx_word' id='word_1_412' title='bbox 641 4242 789 4317; x_wconf 89' lang='lat' dir='ltr'>agit,</span> <span class='ocrx_word' id='word_1_413' title='bbox 841 4257 1278 4297; x_wconf 89' lang='lat' dir='ltr'>commemorans</span> <span class='ocrx_word' id='word_1_414' title='bbox 1333 4257 1443 4295; x_wconf 91' lang='lat' dir='ltr'>non</span> <span class='ocrx_word' id='word_1_415' title='bbox 1486 4240 1662 4296; x_wconf 90' lang='lat' dir='ltr'>solum</span> <span class='ocrx_word' id='word_1_416' title='bbox 1718 4238 1883 4294; x_wconf 86' lang='lat' dir='ltr'>ﬁdem</span> <span class='ocrx_word' id='word_1_417' title='bbox 1939 4248 1990 4295; x_wconf 90' lang='lat' dir='ltr'>et</span> 
     </span>
    </p>
   </div>
   <div class='ocr_carea' id='block_1_60' title="bbox 381 4329 1984 4406">
    <p class='ocr_par' dir='ltr' id='par_1_60' title="bbox 381 4329 1984 4406">
     <span class='ocr_line' id='line_1_60' title="bbox 381 4329 1984 4406; baseline -0.003 -17"><span class='ocrx_word' id='word_1_418' title='bbox 381 4348 568 4406; x_wconf 89' lang='lat' dir='ltr'>opera,</span> <span class='ocrx_word' id='word_1_419' title='bbox 599 4331 699 4387; x_wconf 91' lang='lat' dir='ltr'>sed</span> <span class='ocrx_word' id='word_1_420' title='bbox 743 4331 907 4387; x_wconf 89' lang='lat' dir='ltr'>etiam</span> <span class='ocrx_word' id='word_1_421' title='bbox 936 4329 1311 4388; x_wconf 91' lang='lat' dir='ltr'>conversionis</span> <span class='ocrx_word' id='word_1_422' title='bbox 1358 4329 1578 4385; x_wconf 88' lang='lat' dir='ltr'>modum</span> <span class='ocrx_word' id='word_1_423' title='bbox 1622 4337 1677 4385; x_wconf 90' lang='lat' dir='ltr'>et</span> <span class='ocrx_word' id='word_1_424' title='bbox 1718 4329 1984 4386; x_wconf 82' lang='lat' dir='ltr'>malOrum</span> 
     </span>
    </p>
   </div>
   <div class='ocr_carea' id='block_1_61' title="bbox 382 4421 785 4479">
    <p class='ocr_par' dir='ltr' id='par_1_61' title="bbox 382 4421 785 4479">
     <span class='ocr_line' id='line_1_61' title="bbox 382 4421 785 4479; baseline -0.005 -1"><span class='ocrx_word' id='word_1_425' title='bbox 382 4421 785 4479; x_wconf 77' lang='lat' dir='ltr'>sustinentium.</span> 
     </span>
    </p>
   </div>
   <div class='ocr_carea' id='block_1_62' title="bbox 452 4506 1985 4577">
    <p class='ocr_par' dir='ltr' id='par_1_62' title="bbox 452 4506 1985 4577">
     <span class='ocr_line' id='line_1_62' title="bbox 452 4506 1985 4577; baseline -0.004 -10"><span class='ocrx_word' id='word_1_426' title='bbox 452 4511 623 4567; x_wconf 75' lang='lat' dir='ltr'>Vsus.</span> <span class='ocrx_word' id='word_1_427' title='bbox 649 4514 702 4566; x_wconf 88' lang='lat'>3.</span> <span class='ocrx_word' id='word_1_428' title='bbox 726 4538 797 4553; x_wconf 89' lang='lat'>-—</span> <span class='ocrx_word' id='word_1_429' title='bbox 816 4510 964 4565; x_wconf 83' lang='lat' dir='ltr'>Ante</span> <span class='ocrx_word' id='word_1_430' title='bbox 981 4510 1180 4565; x_wconf 87' lang='lat' dir='ltr'>Deum.</span> <span class='ocrx_word' id='word_1_431' title='bbox 1204 4507 1336 4563; x_wconf 88' lang='lat' dir='ltr'>Inde</span> <span class='ocrx_word' id='word_1_432' title='bbox 1355 4506 1431 4563; x_wconf 87' lang='lat' dir='ltr'>ita</span> <span class='ocrx_word' id='word_1_433' title='bbox 1449 4506 1584 4563; x_wconf 86' lang='lat' dir='ltr'>certi</span> <span class='ocrx_word' id='word_1_434' title='bbox 1613 4522 1678 4565; x_wconf 89' lang='lat' dir='ltr'>ac</span> <span class='ocrx_word' id='word_1_435' title='bbox 1710 4506 1756 4562; x_wconf 92' lang='lat' dir='ltr'>si</span> <span class='ocrx_word' id='word_1_436' title='bbox 1776 4507 1891 4577; x_wconf 89' lang='lat' dir='ltr'>jam</span> <span class='ocrx_word' id='word_1_437' title='bbox 1910 4506 1985 4561; x_wconf 90' lang='lat' dir='ltr'>vi-</span> 
     </span>
    </p>
   </div>
   <div class='ocr_carea' id='block_1_63' title="bbox 382 4597 1148 4666">
    <p class='ocr_par' dir='ltr' id='par_1_63' title="bbox 382 4597 1148 4666">
     <span class='ocr_line' id='line_1_63' title="bbox 382 4597 1148 4666; baseline -0.003 -11"><span class='ocrx_word' id='word_1_438' title='bbox 382 4600 578 4666; x_wconf 87' lang='lat' dir='ltr'>deatis,</span> <span class='ocrx_word' id='word_1_439' title='bbox 611 4607 665 4655; x_wconf 89' lang='lat' dir='ltr'>et</span> <span class='ocrx_word' id='word_1_440' title='bbox 696 4599 769 4655; x_wconf 90' lang='lat' dir='ltr'>ita</span> <span class='ocrx_word' id='word_1_441' title='bbox 798 4614 894 4654; x_wconf 92' lang='lat' dir='ltr'>eos</span> <span class='ocrx_word' id='word_1_442' title='bbox 922 4597 1148 4653; x_wconf 90' lang='lat' dir='ltr'>animat.</span> 
     </span>
    </p>
   </div>
   <div class='ocr_carea' id='block_1_64' title="bbox 451 4684 1981 4759">
    <p class='ocr_par' dir='ltr' id='par_1_64' title="bbox 451 4684 1981 4759">
     <span class='ocr_line' id='line_1_64' title="bbox 451 4684 1981 4759; baseline -0.001 -17"><span class='ocrx_word' id='word_1_443' title='bbox 451 4688 623 4743; x_wconf 76' lang='lat' dir='ltr'>Vens.</span> <span class='ocrx_word' id='word_1_444' title='bbox 648 4691 700 4742; x_wconf 83' lang='grc'>5.</span> <span class='ocrx_word' id='word_1_445' title='bbox 723 4717 793 4728; x_wconf 90' lang='grc'><strong><em>-</em></strong></span> <span class='ocrx_word' id='word_1_446' title='bbox 822 4689 887 4743; x_wconf 90' lang='lat' dir='ltr'>In</span> <span class='ocrx_word' id='word_1_447' title='bbox 916 4687 1137 4759; x_wconf 81' lang='lat' dir='ltr'>Spiritu</span> <span class='ocrx_word' id='word_1_448' title='bbox 1164 4689 1381 4742; x_wconf 86' lang='lat' dir='ltr'>sancto.</span> <span class='ocrx_word' id='word_1_449' title='bbox 1415 4684 1554 4754; x_wconf 88' lang='lat' dir='ltr'>Quia</span> <span class='ocrx_word' id='word_1_450' title='bbox 1582 4701 1680 4757; x_wconf 91' lang='lat' dir='ltr'>per</span> <span class='ocrx_word' id='word_1_451' title='bbox 1708 4700 1795 4740; x_wconf 91' lang='lat' dir='ltr'>me</span> <span class='ocrx_word' id='word_1_452' title='bbox 1826 4699 1981 4740; x_wconf 89' lang='lat' dir='ltr'>rece-</span> 
     </span>
    </p>
   </div>
   <div class='ocr_carea' id='block_1_65' title="bbox 376 4772 1976 4847">
    <p class='ocr_par' dir='ltr' id='par_1_65' title="bbox 376 4772 1976 4847">
     <span class='ocr_line' id='line_1_65' title="bbox 376 4772 1976 4847; baseline -0.002 -16"><span class='ocrx_word' id='word_1_453' title='bbox 376 4775 534 4847; x_wconf 88' lang='lat' dir='ltr'>pistis</span> <span class='ocrx_word' id='word_1_454' title='bbox 563 4776 705 4831; x_wconf 92' lang='lat' dir='ltr'>dona</span> <span class='ocrx_word' id='word_1_455' title='bbox 728 4774 981 4847; x_wconf 92' lang='lat' dir='ltr'>Spiritus,</span> <span class='ocrx_word' id='word_1_456' title='bbox 1016 4791 1126 4831; x_wconf 89' lang='lat' dir='ltr'>non</span> <span class='ocrx_word' id='word_1_457' title='bbox 1153 4791 1338 4847; x_wconf 88' lang='lat' dir='ltr'>parce,</span> <span class='ocrx_word' id='word_1_458' title='bbox 1381 4774 1480 4829; x_wconf 88' lang='lat' dir='ltr'>sed</span> <span class='ocrx_word' id='word_1_459' title='bbox 1523 4773 1579 4828; x_wconf 91' lang='lat' dir='ltr'>in</span> <span class='ocrx_word' id='word_1_460' title='bbox 1623 4772 1976 4845; x_wconf 90' lang='lat' dir='ltr'>plenitudine.</span> 
     </span>
    </p>
   </div>
   <div class='ocr_carea' id='block_1_66' title="bbox 383 4861 1981 4936">
    <p class='ocr_par' dir='ltr' id='par_1_66' title="bbox 383 4861 1981 4936">
     <span class='ocr_line' id='line_1_66' title="bbox 383 4861 1981 4936; baseline -0.003 -15"><span class='ocrx_word' id='word_1_461' title='bbox 383 4865 585 4933; x_wconf 82' lang='lat' dir='ltr'>Quales</span> <span class='ocrx_word' id='word_1_462' title='bbox 616 4865 921 4936; x_wconf 75' lang='lat' dir='ltr'>fuerimus,</span> <span class='ocrx_word' id='word_1_463' title='bbox 946 4871 1049 4921; x_wconf 88' lang='lat' dir='ltr'>etc.</span> <span class='ocrx_word' id='word_1_464' title='bbox 1073 4864 1178 4919; x_wconf 91' lang='lat' dir='ltr'>Per</span> <span class='ocrx_word' id='word_1_465' title='bbox 1207 4864 1310 4919; x_wconf 92' lang='lat' dir='ltr'>hoc</span> <span class='ocrx_word' id='word_1_466' title='bbox 1338 4862 1499 4919; x_wconf 89' lang='lat' dir='ltr'>etiam</span> <span class='ocrx_word' id='word_1_467' title='bbox 1531 4862 1676 4934; x_wconf 93' lang='lat' dir='ltr'>quod</span> <span class='ocrx_word' id='word_1_468' title='bbox 1705 4877 1805 4917; x_wconf 90' lang='lat' dir='ltr'>nos</span> <span class='ocrx_word' id='word_1_469' title='bbox 1833 4861 1981 4933; x_wconf 90' lang='lat' dir='ltr'>passi</span> 
     </span>
    </p>
   </div>
   <div class='ocr_carea' id='block_1_67' title="bbox 381 4950 1979 5026">
    <p class='ocr_par' dir='ltr' id='par_1_67' title="bbox 381 4950 1979 5026">
     <span class='ocr_line' id='line_1_67' title="bbox 381 4950 1979 5026; baseline -0.002 -19"><span class='ocrx_word' id='word_1_470' title='bbox 381 4968 568 5008; x_wconf 90' lang='lat' dir='ltr'>sumus</span> <span class='ocrx_word' id='word_1_471' title='bbox 596 4953 653 5009; x_wconf 91' lang='lat' dir='ltr'>in</span> <span class='ocrx_word' id='word_1_472' title='bbox 682 4953 997 5026; x_wconf 90' lang='lat' dir='ltr'>exemplum</span> <span class='ocrx_word' id='word_1_473' title='bbox 1026 4952 1204 5019; x_wconf 90' lang='lat' dir='ltr'>vobis,</span> <span class='ocrx_word' id='word_1_474' title='bbox 1236 4959 1386 5025; x_wconf 90' lang='lat' dir='ltr'>patet</span> <span class='ocrx_word' id='word_1_475' title='bbox 1414 4952 1559 5024; x_wconf 91' lang='lat' dir='ltr'>quod</span> <span class='ocrx_word' id='word_1_476' title='bbox 1587 4950 1735 5008; x_wconf 90' lang='lat' dir='ltr'>Deus</span> <span class='ocrx_word' id='word_1_477' title='bbox 1763 4966 1860 5007; x_wconf 89' lang='lat' dir='ltr'>vos</span> <span class='ocrx_word' id='word_1_478' title='bbox 1891 4950 1979 5004; x_wconf 91' lang='lat' dir='ltr'>di-</span> 
     </span>
    </p>
   </div>
   <div class='ocr_carea' id='block_1_68' title="bbox 377 5039 808 5116">
    <p class='ocr_par' dir='ltr' id='par_1_68' title="bbox 377 5039 808 5116">
     <span class='ocr_line' id='line_1_68' title="bbox 377 5039 808 5116; baseline 0.009 -21"><span class='ocrx_word' id='word_1_479' title='bbox 377 5039 510 5098; x_wconf 82' lang='lat' dir='ltr'>lexit</span> <span class='ocrx_word' id='word_1_480' title='bbox 538 5050 593 5097; x_wconf 90' lang='lat' dir='ltr'>et</span> <span class='ocrx_word' id='word_1_481' title='bbox 621 5042 808 5116; x_wconf 86' lang='lat' dir='ltr'>elegit.</span> 
     </span>
    </p>
   </div>
   <div class='ocr_carea' id='block_1_69' title="bbox 1019 5147 1341 5204">
    <p class='ocr_par' dir='ltr' id='par_1_69' title="bbox 1019 5147 1341 5204">
     <span class='ocr_line' id='line_1_69' title="bbox 1019 5147 1341 5204; baseline -0.006 -1"><span class='ocrx_word' id='word_1_482' title='bbox 1019 5147 1243 5204; x_wconf 82' lang='lat' dir='ltr'>CAPUT</span> <span class='ocrx_word' id='word_1_483' title='bbox 1273 5147 1341 5203; x_wconf 90' lang='lat' dir='ltr'>II.</span> 
     </span>
    </p>
   </div>
   <div class='ocr_carea' id='block_1_70' title="bbox 452 5259 1984 5331">
    <p class='ocr_par' dir='ltr' id='par_1_70' title="bbox 452 5259 1984 5331">
     <span class='ocr_line' id='line_1_70' title="bbox 452 5259 1984 5331; baseline -0.001 -14"><span class='ocrx_word' id='word_1_484' title='bbox 452 5261 624 5317; x_wconf 73' lang='lat' dir='ltr'>Vnus.</span> <span class='ocrx_word' id='word_1_485' title='bbox 650 5264 700 5315; x_wconf 91' lang='lat'>1.</span> <span class='ocrx_word' id='word_1_486' title='bbox 722 5289 793 5302; x_wconf 90' lang='lat'>-—</span> <span class='ocrx_word' id='word_1_487' title='bbox 816 5260 958 5328; x_wconf 83' lang='lat' dir='ltr'>Quia</span> <span class='ocrx_word' id='word_1_488' title='bbox 986 5276 1121 5316; x_wconf 93' lang='lat' dir='ltr'>non.</span> <span class='ocrx_word' id='word_1_489' title='bbox 1150 5261 1265 5317; x_wconf 87' lang='lat' dir='ltr'>Hoc</span> <span class='ocrx_word' id='word_1_490' title='bbox 1293 5260 1363 5316; x_wconf 90' lang='lat' dir='ltr'>de</span> <span class='ocrx_word' id='word_1_491' title='bbox 1391 5260 1486 5316; x_wconf 88' lang='lat' dir='ltr'>illo</span> <span class='ocrx_word' id='word_1_492' title='bbox 1515 5259 1685 5326; x_wconf 86' lang='lat' dir='ltr'>scitis,</span> <span class='ocrx_word' id='word_1_493' title='bbox 1719 5260 1842 5331; x_wconf 89' lang='lat' dir='ltr'>quia</span> <span class='ocrx_word' id='word_1_494' title='bbox 1872 5276 1984 5316; x_wconf 91' lang='lat' dir='ltr'>non</span> 
     </span>
    </p>
   </div>
   <div class='ocr_carea' id='block_1_71' title="bbox 375 5348 1981 5421">
    <p class='ocr_par' dir='ltr' id='par_1_71' title="bbox 375 5348 1981 5421">
     <span class='ocr_line' id='line_1_71' title="bbox 375 5348 1981 5421; baseline -0.001 -15"><span class='ocrx_word' id='word_1_495' title='bbox 375 5348 473 5406; x_wconf 81' lang='lat' dir='ltr'>fuit</span> <span class='ocrx_word' id='word_1_496' title='bbox 500 5349 556 5404; x_wconf 91' lang='lat' dir='ltr'>in</span> <span class='ocrx_word' id='word_1_497' title='bbox 584 5348 939 5421; x_wconf 88' lang='lat' dir='ltr'>prosperitate</span> <span class='ocrx_word' id='word_1_498' title='bbox 970 5348 1236 5414; x_wconf 83' lang='lat' dir='ltr'>saeculari,</span> <span class='ocrx_word' id='word_1_499' title='bbox 1258 5364 1378 5420; x_wconf 66' lang='lat' dir='ltr'>quae</span> <span class='ocrx_word' id='word_1_500' title='bbox 1407 5349 1600 5419; x_wconf 90' lang='lat' dir='ltr'>inanis,</span> <span class='ocrx_word' id='word_1_501' title='bbox 1626 5348 1725 5404; x_wconf 91' lang='lat' dir='ltr'>sed</span> <span class='ocrx_word' id='word_1_502' title='bbox 1749 5348 1805 5402; x_wconf 92' lang='lat' dir='ltr'>in</span> <span class='ocrx_word' id='word_1_503' title='bbox 1833 5349 1981 5404; x_wconf 90' lang='lat' dir='ltr'>mul-</span> 
     </span>
    </p>
   </div>
   <div class='ocr_carea' id='block_1_72' title="bbox 374 5436 1980 5509">
    <p class='ocr_par' dir='ltr' id='par_1_72' title="bbox 374 5436 1980 5509">
     <span class='ocr_line' id='line_1_72' title="bbox 374 5436 1980 5509; baseline -0.001 -14"><span class='ocrx_word' id='word_1_504' title='bbox 374 5446 426 5495; x_wconf 81' lang='lat' dir='ltr'>ta</span> <span class='ocrx_word' id='word_1_505' title='bbox 456 5436 820 5496; x_wconf 88' lang='lat' dir='ltr'>sollicitudine</span> <span class='ocrx_word' id='word_1_506' title='bbox 839 5452 940 5508; x_wconf 91' lang='lat' dir='ltr'>pro</span> <span class='ocrx_word' id='word_1_507' title='bbox 969 5436 1216 5492; x_wconf 85' lang='lat' dir='ltr'>adversis</span> <span class='ocrx_word' id='word_1_508' title='bbox 1249 5455 1263 5492; x_wconf 89' lang='lat'><strong>:</strong></span> <span class='ocrx_word' id='word_1_509' title='bbox 1295 5444 1349 5493; x_wconf 91' lang='lat' dir='ltr'>et</span> <span class='ocrx_word' id='word_1_510' title='bbox 1374 5445 1663 5509; x_wconf 90' lang='lat' dir='ltr'>propterea</span> <span class='ocrx_word' id='word_1_511' title='bbox 1689 5436 1980 5493; x_wconf 89' lang='lat' dir='ltr'>habuimus</span> 
     </span>
    </p>
   </div>
   <div class='ocr_carea' id='block_1_73' title="bbox 372 5522 1978 5598">
    <p class='ocr_par' dir='ltr' id='par_1_73' title="bbox 372 5522 1978 5598">
     <span class='ocr_line' id='line_1_73' title="bbox 372 5522 1978 5598; baseline -0.001 -16"><span class='ocrx_word' id='word_1_512' title='bbox 372 5524 628 5585; x_wconf 83' lang='lat' dir='ltr'>ﬁduciam</span> <span class='ocrx_word' id='word_1_513' title='bbox 679 5541 790 5583; x_wconf 92' lang='lat' dir='ltr'>non</span> <span class='ocrx_word' id='word_1_514' title='bbox 835 5525 892 5581; x_wconf 89' lang='lat' dir='ltr'>in</span> <span class='ocrx_word' id='word_1_515' title='bbox 933 5522 1094 5579; x_wconf 88' lang='lat' dir='ltr'>nobis</span> <span class='ocrx_word' id='word_1_516' title='bbox 1148 5525 1242 5595; x_wconf 92' lang='lat' dir='ltr'>qui</span> <span class='ocrx_word' id='word_1_517' title='bbox 1295 5525 1521 5598; x_wconf 83' lang='lat' dir='ltr'>fragiles</span> <span class='ocrx_word' id='word_1_518' title='bbox 1546 5570 1559 5593; x_wconf 89' lang='lat'>,</span> <span class='ocrx_word' id='word_1_519' title='bbox 1612 5526 1710 5582; x_wconf 92' lang='lat' dir='ltr'>sed</span> <span class='ocrx_word' id='word_1_520' title='bbox 1763 5525 1819 5579; x_wconf 90' lang='lat' dir='ltr'>in</span> <span class='ocrx_word' id='word_1_521' title='bbox 1861 5526 1978 5581; x_wconf 90' lang='lat' dir='ltr'>Do-</span> 
     </span>
    </p>
   </div>
   <div class='ocr_carea' id='block_1_74' title="bbox 376 5614 543 5673">
    <p class='ocr_par' dir='ltr' id='par_1_74' title="bbox 376 5614 543 5673">
     <span class='ocr_line' id='line_1_74' title="bbox 376 5614 543 5673; baseline 0 -1"><span class='ocrx_word' id='word_1_522' title='bbox 376 5614 543 5673; x_wconf 87' lang='lat' dir='ltr'>mino.</span> 
     </span>
    </p>
   </div>
   <div class='ocr_carea' id='block_1_75' title="bbox 2162 2869 3700 2943">
    <p class='ocr_par' dir='ltr' id='par_1_75' title="bbox 2162 2869 3700 2943">
     <span class='ocr_line' id='line_1_75' title="bbox 2162 2869 3700 2943; baseline -0.001 -16"><span class='ocrx_word' id='word_1_523' title='bbox 2162 2872 2333 2927; x_wconf 77' lang='lat' dir='ltr'>Vnus.</span> <span class='ocrx_word' id='word_1_524' title='bbox 2368 2875 2420 2927; x_wconf 91' lang='lat'>2.</span> <span class='ocrx_word' id='word_1_525' title='bbox 2453 2899 2523 2910; x_wconf 97' lang='lat'><strong>—</strong></span> <span class='ocrx_word' id='word_1_526' title='bbox 2569 2870 2635 2925; x_wconf 91' lang='lat' dir='ltr'>In</span> <span class='ocrx_word' id='word_1_527' title='bbox 2680 2869 2980 2943; x_wconf 82' lang='lat' dir='ltr'>Philippis.</span> <span class='ocrx_word' id='word_1_528' title='bbox 3029 2869 3349 2925; x_wconf 88' lang='lat' dir='ltr'>Pressuram</span> <span class='ocrx_word' id='word_1_529' title='bbox 3401 2885 3571 2943; x_wconf 88' lang='lat' dir='ltr'>quam</span> <span class='ocrx_word' id='word_1_530' title='bbox 3611 2869 3700 2927; x_wconf 87' lang='lat' dir='ltr'>hic</span> 
     </span>
    </p>
   </div>
   <div class='ocr_carea' id='block_1_76' title="bbox 2092 2957 3698 3031">
    <p class='ocr_par' dir='ltr' id='par_1_76' title="bbox 2092 2957 3698 3031">
     <span class='ocr_line' id='line_1_76' title="bbox 2092 2957 3698 3031; baseline -0.001 -16"><span class='ocrx_word' id='word_1_531' title='bbox 2092 2966 2519 3025; x_wconf 89' lang='lat' dir='ltr'>commemorat,</span> <span class='ocrx_word' id='word_1_532' title='bbox 2570 2972 2769 3029; x_wconf 91' lang='lat' dir='ltr'>passus</span> <span class='ocrx_word' id='word_1_533' title='bbox 2807 2965 2890 3013; x_wconf 89' lang='lat' dir='ltr'>est</span> <span class='ocrx_word' id='word_1_534' title='bbox 2933 2966 3159 3030; x_wconf 90' lang='lat' dir='ltr'>propter</span> <span class='ocrx_word' id='word_1_535' title='bbox 3200 2957 3449 3030; x_wconf 91' lang='lat' dir='ltr'>spiritum</span> <span class='ocrx_word' id='word_1_536' title='bbox 3493 2961 3698 3031; x_wconf 85' lang='lat' dir='ltr'>pytho-</span> 
     </span>
    </p>
   </div>
   <div class='ocr_carea' id='block_1_77' title="bbox 2092 3047 2987 3119">
    <p class='ocr_par' dir='ltr' id='par_1_77' title="bbox 2092 3047 2987 3119">
     <span class='ocr_line' id='line_1_77' title="bbox 2092 3047 2987 3119; baseline 0.001 -17"><span class='ocrx_word' id='word_1_537' title='bbox 2092 3063 2238 3117; x_wconf 89' lang='lat' dir='ltr'>nem,</span> <span class='ocrx_word' id='word_1_538' title='bbox 2272 3064 2433 3119; x_wconf 90' lang='lat' dir='ltr'>quem</span> <span class='ocrx_word' id='word_1_539' title='bbox 2462 3063 2491 3101; x_wconf 87' lang='lat' dir='ltr'>a</span> <span class='ocrx_word' id='word_1_540' title='bbox 2521 3047 2699 3119; x_wconf 90' lang='lat' dir='ltr'>puella</span> <span class='ocrx_word' id='word_1_541' title='bbox 2728 3047 2987 3116; x_wconf 86' lang='lat' dir='ltr'>ejecerat.</span> 
     </span>
    </p>
   </div>
   <div class='ocr_carea' id='block_1_78' title="bbox 2163 3135 3700 3207">
    <p class='ocr_par' dir='ltr' id='par_1_78' title="bbox 2163 3135 3700 3207">
     <span class='ocr_line' id='line_1_78' title="bbox 2163 3135 3700 3207; baseline 0.001 -16"><span class='ocrx_word' id='word_1_542' title='bbox 2163 3137 2335 3191; x_wconf 75' lang='lat' dir='ltr'>Vsus.</span> <span class='ocrx_word' id='word_1_543' title='bbox 2363 3140 2413 3190; x_wconf 88' lang='lat'>3.</span> <span class='ocrx_word' id='word_1_544' title='bbox 2440 3166 2508 3175; x_wconf 94' lang='lat'><strong>—</strong></span> <span class='ocrx_word' id='word_1_545' title='bbox 2538 3136 2893 3192; x_wconf 79' lang='lat' dir='ltr'>Exhortatio.</span> <span class='ocrx_word' id='word_1_546' title='bbox 2929 3135 3029 3191; x_wconf 91' lang='lat' dir='ltr'>Hic</span> <span class='ocrx_word' id='word_1_547' title='bbox 3057 3143 3241 3191; x_wconf 87' lang='lat' dir='ltr'>contra</span> <span class='ocrx_word' id='word_1_548' title='bbox 3267 3136 3700 3207; x_wconf 80' lang='lat' dir='ltr'>pseudoaposto-</span> 
     </span>
    </p>
   </div>
   <div class='ocr_carea' id='block_1_79' title="bbox 2084 3224 3693 3299">
    <p class='ocr_par' dir='ltr' id='par_1_79' title="bbox 2084 3224 3693 3299">
     <span class='ocr_line' id='line_1_79' title="bbox 2084 3224 3693 3299; baseline 0.001 -20"><span class='ocrx_word' id='word_1_549' title='bbox 2084 3236 2167 3291; x_wconf 79' lang='lat' dir='ltr'>los</span> <span class='ocrx_word' id='word_1_550' title='bbox 2197 3225 2412 3280; x_wconf 90' lang='lat' dir='ltr'>videtur</span> <span class='ocrx_word' id='word_1_551' title='bbox 2434 3224 2673 3296; x_wconf 89' lang='lat' dir='ltr'>incipere</span> <span class='ocrx_word' id='word_1_552' title='bbox 2705 3239 3145 3280; x_wconf 90' lang='lat' dir='ltr'>commemorans</span> <span class='ocrx_word' id='word_1_553' title='bbox 3170 3225 3238 3281; x_wconf 92' lang='lat' dir='ltr'>de</span> <span class='ocrx_word' id='word_1_554' title='bbox 3271 3225 3557 3299; x_wconf 87' lang='lat' dir='ltr'>Evangelii</span> <span class='ocrx_word' id='word_1_555' title='bbox 3592 3241 3693 3281; x_wconf 83' lang='lat' dir='ltr'>ve-</span> 
     </span>
    </p>
   </div>
   <div class='ocr_carea' id='block_1_80' title="bbox 2090 3312 3692 3383">
    <p class='ocr_par' dir='ltr' id='par_1_80' title="bbox 2090 3312 3692 3383">
     <span class='ocr_line' id='line_1_80' title="bbox 2090 3312 3692 3383; baseline 0.002 -17"><span class='ocrx_word' id='word_1_556' title='bbox 2090 3312 2267 3383; x_wconf 90' lang='lat' dir='ltr'>ritate,</span> <span class='ocrx_word' id='word_1_557' title='bbox 2302 3313 2501 3368; x_wconf 90' lang='lat' dir='ltr'>deinde</span> <span class='ocrx_word' id='word_1_558' title='bbox 2532 3328 2629 3368; x_wconf 88' lang='lat' dir='ltr'>sua</span> <span class='ocrx_word' id='word_1_559' title='bbox 2658 3313 2802 3368; x_wconf 91' lang='lat' dir='ltr'>inter</span> <span class='ocrx_word' id='word_1_560' title='bbox 2828 3328 2930 3368; x_wconf 91' lang='lat' dir='ltr'>nos</span> <span class='ocrx_word' id='word_1_561' title='bbox 2976 3313 3225 3383; x_wconf 86' lang='lat' dir='ltr'>prudenti</span> <span class='ocrx_word' id='word_1_562' title='bbox 3258 3314 3692 3370; x_wconf 87' lang='lat' dir='ltr'>conversatione.</span> 
     </span>
    </p>
   </div>
   <div class='ocr_carea' id='block_1_81' title="bbox 2089 3400 3694 3473">
    <p class='ocr_par' dir='ltr' id='par_1_81' title="bbox 2089 3400 3694 3473">
     <span class='ocr_line' id='line_1_81' title="bbox 2089 3400 3694 3473; baseline 0.002 -17"><span class='ocrx_word' id='word_1_563' title='bbox 2089 3401 2156 3456; x_wconf 88' lang='lat' dir='ltr'>In</span> <span class='ocrx_word' id='word_1_564' title='bbox 2185 3400 2326 3457; x_wconf 88' lang='lat' dir='ltr'>dolo.</span> <span class='ocrx_word' id='word_1_565' title='bbox 2360 3402 2538 3456; x_wconf 88' lang='lat' dir='ltr'>Etiam</span> <span class='ocrx_word' id='word_1_566' title='bbox 2572 3402 2772 3457; x_wconf 86' lang='lat' dir='ltr'>veritas</span> <span class='ocrx_word' id='word_1_567' title='bbox 2815 3409 2898 3456; x_wconf 91' lang='lat' dir='ltr'>est</span> <span class='ocrx_word' id='word_1_568' title='bbox 2942 3401 2999 3455; x_wconf 90' lang='lat' dir='ltr'>in</span> <span class='ocrx_word' id='word_1_569' title='bbox 3041 3401 3169 3457; x_wconf 91' lang='lat' dir='ltr'>dolo</span> <span class='ocrx_word' id='word_1_570' title='bbox 3199 3402 3415 3473; x_wconf 88' lang='lat' dir='ltr'>quando</span> <span class='ocrx_word' id='word_1_571' title='bbox 3452 3417 3563 3457; x_wconf 89' lang='lat' dir='ltr'>non</span> <span class='ocrx_word' id='word_1_572' title='bbox 3593 3418 3694 3473; x_wconf 87' lang='lat' dir='ltr'>pro</span> 
     </span>
    </p>
   </div>
   <div class='ocr_carea' id='block_1_82' title="bbox 2088 3490 3691 3562">
    <p class='ocr_par' dir='ltr' id='par_1_82' title="bbox 2088 3490 3691 3562">
     <span class='ocr_line' id='line_1_82' title="bbox 2088 3490 3691 3562; baseline 0.002 -19"><span class='ocrx_word' id='word_1_573' title='bbox 2088 3505 2274 3545; x_wconf 89' lang='lat' dir='ltr'>amore</span> <span class='ocrx_word' id='word_1_574' title='bbox 2320 3490 2561 3545; x_wconf 74' lang='lat' dir='ltr'>veritatis</span> <span class='ocrx_word' id='word_1_575' title='bbox 2610 3499 2663 3545; x_wconf 89' lang='lat' dir='ltr'>et</span> <span class='ocrx_word' id='word_1_576' title='bbox 2710 3490 2935 3546; x_wconf 89' lang='lat' dir='ltr'>utilitate</span> <span class='ocrx_word' id='word_1_577' title='bbox 2979 3490 3288 3546; x_wconf 90' lang='lat' dir='ltr'>auditorum</span> <span class='ocrx_word' id='word_1_578' title='bbox 3332 3491 3691 3562; x_wconf 59' lang='lat' dir='ltr'>praedicatur,</span> 
     </span>
    </p>
   </div>
   <div class='ocr_carea' id='block_1_83' title="bbox 2089 3577 3365 3649">
    <p class='ocr_par' dir='ltr' id='par_1_83' title="bbox 2089 3577 3365 3649">
     <span class='ocr_line' id='line_1_83' title="bbox 2089 3577 3365 3649; baseline 0.002 -17"><span class='ocrx_word' id='word_1_579' title='bbox 2089 3577 2187 3634; x_wconf 88' lang='lat' dir='ltr'>sed</span> <span class='ocrx_word' id='word_1_580' title='bbox 2217 3584 2271 3632; x_wconf 91' lang='lat' dir='ltr'>ut</span> <span class='ocrx_word' id='word_1_581' title='bbox 2299 3577 2474 3649; x_wconf 89' lang='lat' dir='ltr'>gloria</span> <span class='ocrx_word' id='word_1_582' title='bbox 2500 3577 2587 3634; x_wconf 91' lang='lat' dir='ltr'>vel</span> <span class='ocrx_word' id='word_1_583' title='bbox 2616 3577 2761 3633; x_wconf 89' lang='lat' dir='ltr'>aliud</span> <span class='ocrx_word' id='word_1_584' title='bbox 2789 3578 3001 3634; x_wconf 90' lang='lat' dir='ltr'>lucrum</span> <span class='ocrx_word' id='word_1_585' title='bbox 3029 3578 3365 3649; x_wconf 88' lang='lat' dir='ltr'>acquiratur.</span> 
     </span>
    </p>
   </div>
   <div class='ocr_carea' id='block_1_84' title="bbox 2160 3665 3689 3740">
    <p class='ocr_par' dir='ltr' id='par_1_84' title="bbox 2160 3665 3689 3740">
     <span class='ocr_line' id='line_1_84' title="bbox 2160 3665 3689 3740; baseline 0.003 -20"><span class='ocrx_word' id='word_1_586' title='bbox 2160 3666 2330 3721; x_wconf 72' lang='lat' dir='ltr'>Vens.</span> <span class='ocrx_word' id='word_1_587' title='bbox 2363 3668 2415 3720; x_wconf 81' lang='grc'><strong>4.</strong></span> <span class='ocrx_word' id='word_1_588' title='bbox 2447 3695 2517 3707; x_wconf 89' lang='grc'><strong>-</strong></span> <span class='ocrx_word' id='word_1_589' title='bbox 2543 3666 2665 3722; x_wconf 83' lang='grc' dir='ltr'>Νοη</span> <span class='ocrx_word' id='word_1_590' title='bbox 2691 3667 2854 3739; x_wconf 84' lang='lat' dir='ltr'>quasi</span> <span class='ocrx_word' id='word_1_591' title='bbox 2884 3665 3203 3724; x_wconf 84' lang='lat' dir='ltr'>hominibus</span> <span class='ocrx_word' id='word_1_592' title='bbox 3226 3667 3544 3740; x_wconf 84' lang='lat' dir='ltr'>placentes.</span> <span class='ocrx_word' id='word_1_593' title='bbox 3568 3667 3689 3724; x_wconf 86' lang='lat' dir='ltr'>Hoc</span> 
     </span>
    </p>
   </div>
   <div class='ocr_carea' id='block_1_85' title="bbox 2089 3753 3690 3828">
    <p class='ocr_par' dir='ltr' id='par_1_85' title="bbox 2089 3753 3690 3828">
     <span class='ocr_line' id='line_1_85' title="bbox 2089 3753 3690 3828; baseline 0.002 -20"><span class='ocrx_word' id='word_1_594' title='bbox 2089 3753 2195 3809; x_wconf 90' lang='lat' dir='ltr'>nisi</span> <span class='ocrx_word' id='word_1_595' title='bbox 2222 3754 2340 3825; x_wconf 92' lang='lat' dir='ltr'>ipse</span> <span class='ocrx_word' id='word_1_596' title='bbox 2369 3761 2627 3826; x_wconf 91' lang='lat' dir='ltr'>operetur</span> <span class='ocrx_word' id='word_1_597' title='bbox 2655 3754 2710 3810; x_wconf 92' lang='lat' dir='ltr'>in</span> <span class='ocrx_word' id='word_1_598' title='bbox 2730 3754 2915 3824; x_wconf 86' lang='lat' dir='ltr'>nobis,</span> <span class='ocrx_word' id='word_1_599' title='bbox 2965 3754 3142 3811; x_wconf 90' lang='lat' dir='ltr'>vitare</span> <span class='ocrx_word' id='word_1_600' title='bbox 3183 3755 3489 3828; x_wconf 89' lang='lat' dir='ltr'>nequimus.</span> <span class='ocrx_word' id='word_1_601' title='bbox 3537 3755 3690 3826; x_wconf 85' lang='lat' dir='ltr'>Quas</span> 
     </span>
    </p>
   </div>
   <div class='ocr_carea' id='block_1_86' title="bbox 2088 3842 3691 3917">
    <p class='ocr_par' dir='ltr' id='par_1_86' title="bbox 2088 3842 3691 3917">
     <span class='ocr_line' id='line_1_86' title="bbox 2088 3842 3691 3917; baseline 0.001 -19"><span class='ocrx_word' id='word_1_602' title='bbox 2088 3842 2235 3898; x_wconf 90' lang='lat' dir='ltr'>enim</span> <span class='ocrx_word' id='word_1_603' title='bbox 2262 3843 2407 3898; x_wconf 90' lang='lat' dir='ltr'>vires</span> <span class='ocrx_word' id='word_1_604' title='bbox 2435 3842 2670 3899; x_wconf 90' lang='lat' dir='ltr'>nocendi</span> <span class='ocrx_word' id='word_1_605' title='bbox 2688 3842 2890 3898; x_wconf 91' lang='lat' dir='ltr'>habeat</span> <span class='ocrx_word' id='word_1_606' title='bbox 2918 3844 3168 3899; x_wconf 87' lang='lat' dir='ltr'>humanae</span> <span class='ocrx_word' id='word_1_607' title='bbox 3195 3843 3384 3917; x_wconf 70' lang='lat' dir='ltr'>gloriae</span> <span class='ocrx_word' id='word_1_608' title='bbox 3403 3859 3561 3899; x_wconf 88' lang='lat' dir='ltr'>amor</span> <span class='ocrx_word' id='word_1_609' title='bbox 3578 3860 3691 3900; x_wconf 93' lang='lat' dir='ltr'>non</span> 
     </span>
    </p>
   </div>
   <div class='ocr_carea' id='block_1_87' title="bbox 2088 3931 3688 4006">
    <p class='ocr_par' dir='ltr' id='par_1_87' title="bbox 2088 3931 3688 4006">
     <span class='ocr_line' id='line_1_87' title="bbox 2088 3931 3688 4006; baseline 0.001 -20"><span class='ocrx_word' id='word_1_610' title='bbox 2088 3931 2271 4001; x_wconf 89' lang='lat' dir='ltr'>sentit,</span> <span class='ocrx_word' id='word_1_611' title='bbox 2303 3931 2409 3985; x_wconf 90' lang='lat' dir='ltr'>nisi</span> <span class='ocrx_word' id='word_1_612' title='bbox 2438 3931 2532 4003; x_wconf 91' lang='lat' dir='ltr'>qui</span> <span class='ocrx_word' id='word_1_613' title='bbox 2562 3931 2613 3986; x_wconf 89' lang='lat' dir='ltr'>ei</span> <span class='ocrx_word' id='word_1_614' title='bbox 2642 3932 2845 3989; x_wconf 89' lang='lat' dir='ltr'>bellum</span> <span class='ocrx_word' id='word_1_615' title='bbox 2863 3932 3120 3988; x_wconf 86' lang='lat' dir='ltr'>indixerit</span> <span class='ocrx_word' id='word_1_616' title='bbox 3154 3951 3168 3988; x_wconf 91' lang='lat'>:</span> <span class='ocrx_word' id='word_1_617' title='bbox 3200 3932 3327 4005; x_wconf 85' lang='lat' dir='ltr'>quia</span> <span class='ocrx_word' id='word_1_618' title='bbox 3353 3933 3400 3988; x_wconf 91' lang='lat' dir='ltr'>si</span> <span class='ocrx_word' id='word_1_619' title='bbox 3431 3933 3688 4006; x_wconf 89' lang='lat' dir='ltr'>cuiquam</span> 
     </span>
    </p>
   </div>
   <div class='ocr_carea' id='block_1_88' title="bbox 2087 4019 3687 4095">
    <p class='ocr_par' dir='ltr' id='par_1_88' title="bbox 2087 4019 3687 4095">
     <span class='ocr_line' id='line_1_88' title="bbox 2087 4019 3687 4095; baseline 0.001 -19"><span class='ocrx_word' id='word_1_620' title='bbox 2087 4019 2247 4076; x_wconf 84' lang='lat' dir='ltr'>facile</span> <span class='ocrx_word' id='word_1_621' title='bbox 2277 4028 2360 4075; x_wconf 90' lang='lat' dir='ltr'>est</span> <span class='ocrx_word' id='word_1_622' title='bbox 2389 4019 2606 4075; x_wconf 89' lang='lat' dir='ltr'>laudem</span> <span class='ocrx_word' id='word_1_623' title='bbox 2634 4035 2745 4075; x_wconf 90' lang='lat' dir='ltr'>non</span> <span class='ocrx_word' id='word_1_624' title='bbox 2774 4036 2995 4092; x_wconf 89' lang='lat' dir='ltr'>cupere,</span> <span class='ocrx_word' id='word_1_625' title='bbox 3023 4021 3155 4076; x_wconf 90' lang='lat' dir='ltr'>dum</span> <span class='ocrx_word' id='word_1_626' title='bbox 3182 4029 3438 4095; x_wconf 88' lang='lat' dir='ltr'>negatur,</span> <span class='ocrx_word' id='word_1_627' title='bbox 3467 4022 3687 4080; x_wconf 82' lang='lat' dir='ltr'>diﬂicile</span> 
     </span>
    </p>
   </div>
   <div class='ocr_carea' id='block_1_89' title="bbox 2088 4107 3326 4166">
    <p class='ocr_par' dir='ltr' id='par_1_89' title="bbox 2088 4107 3326 4166">
     <span class='ocr_line' id='line_1_89' title="bbox 2088 4107 3326 4166; baseline 0.001 -2"><span class='ocrx_word' id='word_1_628' title='bbox 2088 4116 2170 4164; x_wconf 90' lang='lat' dir='ltr'>est</span> <span class='ocrx_word' id='word_1_629' title='bbox 2198 4116 2380 4163; x_wconf 89' lang='lat' dir='ltr'>tamen</span> <span class='ocrx_word' id='word_1_630' title='bbox 2409 4110 2475 4163; x_wconf 87' lang='lat' dir='ltr'>ea</span> <span class='ocrx_word' id='word_1_631' title='bbox 2504 4123 2615 4164; x_wconf 92' lang='lat' dir='ltr'>non</span> <span class='ocrx_word' id='word_1_632' title='bbox 2643 4107 2903 4165; x_wconf 88' lang='lat' dir='ltr'>delectari</span> <span class='ocrx_word' id='word_1_633' title='bbox 2932 4124 3057 4166; x_wconf 89' lang='lat' dir='ltr'>cum</span> <span class='ocrx_word' id='word_1_634' title='bbox 3084 4109 3326 4165; x_wconf 75' lang='lat' dir='ltr'>offertur.</span> 
     </span>
    </p>
   </div>
   <div class='ocr_carea' id='block_1_90' title="bbox 2153 4197 3683 4275">
    <p class='ocr_par' dir='ltr' id='par_1_90' title="bbox 2153 4197 3683 4275">
     <span class='ocr_line' id='line_1_90' title="bbox 2153 4197 3683 4275; baseline 0.003 -24"><span class='ocrx_word' id='word_1_635' title='bbox 2153 4197 2325 4252; x_wconf 77' lang='lat' dir='ltr'>Vens.</span> <span class='ocrx_word' id='word_1_636' title='bbox 2349 4199 2412 4275; x_wconf 48' lang='grc'>,5.</span> <span class='ocrx_word' id='word_1_637' title='bbox 2446 4227 2516 4237; x_wconf 93' lang='grc'><strong><em>-</em></strong></span> <span class='ocrx_word' id='word_1_638' title='bbox 2545 4198 2748 4269; x_wconf 87' lang='lat' dir='ltr'>Neque.</span> <span class='ocrx_word' id='word_1_639' title='bbox 2791 4199 2853 4251; x_wconf 91' lang='lat' dir='ltr'>In</span> <span class='ocrx_word' id='word_1_640' title='bbox 2896 4198 3004 4254; x_wconf 89' lang='lat' dir='ltr'>hoc</span> <span class='ocrx_word' id='word_1_641' title='bbox 3032 4198 3208 4271; x_wconf 86' lang='lat' dir='ltr'>tangit</span> <span class='ocrx_word' id='word_1_642' title='bbox 3249 4199 3683 4271; x_wconf 89' lang='lat' dir='ltr'>pseudoaposto-</span> 
     </span>
    </p>
   </div>
   <div class='ocr_carea' id='block_1_91' title="bbox 2084 4285 3688 4357">
    <p class='ocr_par' dir='ltr' id='par_1_91' title="bbox 2084 4285 3688 4357">
     <span class='ocr_line' id='line_1_91' title="bbox 2084 4285 3688 4357; baseline 0.002 -18"><span class='ocrx_word' id='word_1_643' title='bbox 2084 4285 2190 4351; x_wconf 91' lang='lat' dir='ltr'>los,</span> <span class='ocrx_word' id='word_1_644' title='bbox 2226 4285 2318 4356; x_wconf 91' lang='lat' dir='ltr'>qui</span> <span class='ocrx_word' id='word_1_645' title='bbox 2350 4300 2409 4340; x_wconf 91' lang='lat' dir='ltr'>se</span> <span class='ocrx_word' id='word_1_646' title='bbox 2437 4285 2619 4357; x_wconf 90' lang='lat' dir='ltr'>potius</span> <span class='ocrx_word' id='word_1_647' title='bbox 2648 4300 2809 4357; x_wconf 90' lang='lat' dir='ltr'>quam</span> <span class='ocrx_word' id='word_1_648' title='bbox 2840 4286 2941 4341; x_wconf 87' lang='lat' dir='ltr'>Dei</span> <span class='ocrx_word' id='word_1_649' title='bbox 2968 4286 3271 4342; x_wconf 89' lang='lat' dir='ltr'>doctrinam</span> <span class='ocrx_word' id='word_1_650' title='bbox 3317 4287 3688 4343; x_wconf 86' lang='lat' dir='ltr'>commendari</span> 
     </span>
    </p>
   </div>
   <div class='ocr_carea' id='block_1_92' title="bbox 2084 4373 3747 4448">
    <p class='ocr_par' dir='ltr' id='par_1_92' title="bbox 2084 4373 3747 4448">
     <span class='ocr_line' id='line_1_92' title="bbox 2084 4373 3747 4448; baseline -0.001 -19"><span class='ocrx_word' id='word_1_651' title='bbox 2084 4373 2357 4429; x_wconf 89' lang='lat' dir='ltr'>volebant.</span> <span class='ocrx_word' id='word_1_652' title='bbox 2391 4373 2684 4445; x_wconf 82' lang='lat' dir='ltr'>Apostolus</span> <span class='ocrx_word' id='word_1_653' title='bbox 2710 4382 2910 4444; x_wconf 89' lang='lat' dir='ltr'>autem,</span> <span class='ocrx_word' id='word_1_654' title='bbox 2934 4375 3026 4446; x_wconf 89' lang='lat' dir='ltr'>qui</span> <span class='ocrx_word' id='word_1_655' title='bbox 3055 4374 3288 4448; x_wconf 89' lang='lat' dir='ltr'>gloriam</span> <span class='ocrx_word' id='word_1_656' title='bbox 3308 4390 3419 4431; x_wconf 89' lang='lat' dir='ltr'>non</span> <span class='ocrx_word' id='word_1_657' title='bbox 3443 4376 3513 4431; x_wconf 87' lang='lat' dir='ltr'>ad</span> <span class='ocrx_word' id='word_1_658' title='bbox 3543 4392 3684 4447; x_wconf 63' lang='lat' dir='ltr'>prae-</span> <span class='ocrx_word' id='word_1_659' title='bbox 3744 4425 3747 4428; x_wconf 77' lang='lat'>.</span> 
     </span>
    </p>
   </div>
   <div class='ocr_carea' id='block_1_93' title="bbox 2083 4461 3678 4534">
    <p class='ocr_par' dir='ltr' id='par_1_93' title="bbox 2083 4461 3678 4534">
     <span class='ocr_line' id='line_1_93' title="bbox 2083 4461 3678 4534; baseline 0.001 -17"><span class='ocrx_word' id='word_1_660' title='bbox 2083 4478 2232 4531; x_wconf 91' lang='lat' dir='ltr'>sens,</span> <span class='ocrx_word' id='word_1_661' title='bbox 2266 4462 2364 4517; x_wconf 90' lang='lat' dir='ltr'>sed</span> <span class='ocrx_word' id='word_1_662' title='bbox 2392 4462 2447 4517; x_wconf 88' lang='lat' dir='ltr'>in</span> <span class='ocrx_word' id='word_1_663' title='bbox 2478 4461 2659 4518; x_wconf 87' lang='lat' dir='ltr'>futuro</span> <span class='ocrx_word' id='word_1_664' title='bbox 2690 4463 2984 4534; x_wconf 73' lang='lat' dir='ltr'>quaerebat,</span> <span class='ocrx_word' id='word_1_665' title='bbox 3018 4480 3078 4519; x_wconf 91' lang='lat' dir='ltr'>se</span> <span class='ocrx_word' id='word_1_666' title='bbox 3123 4464 3386 4521; x_wconf 89' lang='lat' dir='ltr'>humilem</span> <span class='ocrx_word' id='word_1_667' title='bbox 3428 4464 3678 4528; x_wconf 84' lang='lat' dir='ltr'>faciebat,</span> 
     </span>
    </p>
   </div>
   <div class='ocr_carea' id='block_1_94' title="bbox 2083 4550 3682 4622">
    <p class='ocr_par' dir='ltr' id='par_1_94' title="bbox 2083 4550 3682 4622">
     <span class='ocr_line' id='line_1_94' title="bbox 2083 4550 3682 4622; baseline 0.001 -16"><span class='ocrx_word' id='word_1_668' title='bbox 2083 4558 2142 4606; x_wconf 93' lang='lat' dir='ltr'>ut</span> <span class='ocrx_word' id='word_1_669' title='bbox 2189 4550 2289 4606; x_wconf 91' lang='lat' dir='ltr'>Dei</span> <span class='ocrx_word' id='word_1_670' title='bbox 2335 4551 2648 4622; x_wconf 66' lang='lat' dir='ltr'>praedicatio</span> <span class='ocrx_word' id='word_1_671' title='bbox 2692 4551 3039 4609; x_wconf 87' lang='lat' dir='ltr'>exaltaretur.</span> <span class='ocrx_word' id='word_1_672' title='bbox 3086 4554 3153 4608; x_wconf 86' lang='lat' dir='ltr'>In</span> <span class='ocrx_word' id='word_1_673' title='bbox 3199 4556 3509 4610; x_wconf 79' lang='lat' dir='ltr'>occasione.</span> <span class='ocrx_word' id='word_1_674' title='bbox 3560 4555 3682 4609; x_wconf 86' lang='lat' dir='ltr'>Non</span> 
     </span>
    </p>
   </div>
   <div class='ocr_carea' id='block_1_95' title="bbox 2080 4639 3680 4713">
    <p class='ocr_par' dir='ltr' id='par_1_95' title="bbox 2080 4639 3680 4713">
     <span class='ocr_line' id='line_1_95' title="bbox 2080 4639 3680 4713; baseline 0.001 -18"><span class='ocrx_word' id='word_1_675' title='bbox 2080 4639 2205 4695; x_wconf 88' lang='lat' dir='ltr'>dico</span> <span class='ocrx_word' id='word_1_676' title='bbox 2231 4639 2289 4694; x_wconf 91' lang='lat' dir='ltr'>in</span> <span class='ocrx_word' id='word_1_677' title='bbox 2318 4639 2620 4707; x_wconf 90' lang='lat' dir='ltr'>avaritiam,</span> <span class='ocrx_word' id='word_1_678' title='bbox 2654 4640 2752 4695; x_wconf 91' lang='lat' dir='ltr'>sed</span> <span class='ocrx_word' id='word_1_679' title='bbox 2778 4655 2883 4696; x_wconf 89' lang='lat' dir='ltr'>nec</span> <span class='ocrx_word' id='word_1_680' title='bbox 2911 4639 3016 4711; x_wconf 72' lang='lat' dir='ltr'>ieci</span> <span class='ocrx_word' id='word_1_681' title='bbox 3044 4640 3130 4696; x_wconf 91' lang='lat' dir='ltr'>vel</span> <span class='ocrx_word' id='word_1_682' title='bbox 3159 4640 3289 4709; x_wconf 88' lang='lat' dir='ltr'>dixi,</span> <span class='ocrx_word' id='word_1_683' title='bbox 3312 4641 3369 4696; x_wconf 92' lang='lat' dir='ltr'>in</span> <span class='ocrx_word' id='word_1_684' title='bbox 3396 4657 3507 4713; x_wconf 88' lang='lat' dir='ltr'>quo</span> <span class='ocrx_word' id='word_1_685' title='bbox 3538 4650 3680 4697; x_wconf 88' lang='lat' dir='ltr'>esset</span> 
     </span>
    </p>
   </div>
   <div class='ocr_carea' id='block_1_96' title="bbox 2079 4712 3676 4802">
    <p class='ocr_par' dir='ltr' id='par_1_96' title="bbox 2079 4712 3676 4802">
     <span class='ocr_line' id='line_1_96' title="bbox 2079 4712 3676 4802; baseline 0 -18"><span class='ocrx_word' id='word_1_686' title='bbox 2079 4728 2298 4784; x_wconf 91' lang='lat' dir='ltr'>occasio</span> <span class='ocrx_word' id='word_1_687' title='bbox 2325 4728 2583 4784; x_wconf 82' lang='lat' dir='ltr'>avaritiae.</span> <span class='ocrx_word' id='word_1_688' title='bbox 2607 4728 2737 4784; x_wconf 90' lang='lat' dir='ltr'>Inde</span> <span class='ocrx_word' id='word_1_689' title='bbox 2759 4735 2861 4784; x_wconf 87' lang='lat' dir='ltr'>est.</span> <span class='ocrx_word' id='word_1_690' title='bbox 2884 4730 3032 4784; x_wconf 88' lang='lat' dir='ltr'>Deus</span> <span class='ocrx_word' id='word_1_691' title='bbox 3054 4732 3235 4796; x_wconf 85' lang='lat' dir='ltr'>testis,</span> <span class='ocrx_word' id='word_1_692' title='bbox 3258 4729 3351 4802; x_wconf 85' lang='lat' dir='ltr'>qui</span> <span class='ocrx_word' id='word_1_693' title='bbox 3377 4712 3530 4786; x_wconf 67' lang='lat' dir='ltr'>novit</span> <span class='ocrx_word' id='word_1_694' title='bbox 3550 4746 3676 4787; x_wconf 87' lang='lat' dir='ltr'>cor:</span> 
     </span>
    </p>
   </div>
   <div class='ocr_carea' id='block_1_97' title="bbox 2079 4816 3137 4887">
    <p class='ocr_par' dir='ltr' id='par_1_97' title="bbox 2079 4816 3137 4887">
     <span class='ocr_line' id='line_1_97' title="bbox 2079 4816 3137 4887; baseline 0 -15"><span class='ocrx_word' id='word_1_695' title='bbox 2079 4816 2186 4872; x_wconf 90' lang='lat' dir='ltr'>hoc</span> <span class='ocrx_word' id='word_1_696' title='bbox 2216 4816 2361 4872; x_wconf 91' lang='lat' dir='ltr'>enim</span> <span class='ocrx_word' id='word_1_697' title='bbox 2389 4832 2500 4872; x_wconf 91' lang='lat' dir='ltr'>non</span> <span class='ocrx_word' id='word_1_698' title='bbox 2527 4817 2604 4872; x_wconf 90' lang='lat' dir='ltr'>ita</span> <span class='ocrx_word' id='word_1_699' title='bbox 2632 4825 2779 4887; x_wconf 90' lang='lat' dir='ltr'>patet</span> <span class='ocrx_word' id='word_1_700' title='bbox 2808 4816 3137 4873; x_wconf 90' lang='lat' dir='ltr'>hominibus.</span> 
     </span>
    </p>
   </div>
   <div class='ocr_carea' id='block_1_98' title="bbox 2152 4906 3680 4982">
    <p class='ocr_par' dir='ltr' id='par_1_98' title="bbox 2152 4906 3680 4982">
     <span class='ocr_line' id='line_1_98' title="bbox 2152 4906 3680 4982; baseline 0.002 -23"><span class='ocrx_word' id='word_1_701' title='bbox 2152 4906 2321 4960; x_wconf 77' lang='lat' dir='ltr'>Vsus.</span> <span class='ocrx_word' id='word_1_702' title='bbox 2353 4908 2407 4962; x_wconf 90' lang='lat'>7.</span> <span class='ocrx_word' id='word_1_703' title='bbox 2438 4935 2508 4945; x_wconf 97' lang='lat'><strong>—</strong></span> <span class='ocrx_word' id='word_1_704' title='bbox 2534 4908 2828 4962; x_wconf 84' lang='lat' dir='ltr'>Possemus</span> <span class='ocrx_word' id='word_1_705' title='bbox 2858 4906 3025 4973; x_wconf 87' lang='lat' dir='ltr'>vobis,</span> <span class='ocrx_word' id='word_1_706' title='bbox 3059 4914 3164 4963; x_wconf 90' lang='lat' dir='ltr'>etc.</span> <span class='ocrx_word' id='word_1_707' title='bbox 3196 4908 3465 4963; x_wconf 87' lang='lat' dir='ltr'>Intantum</span> <span class='ocrx_word' id='word_1_708' title='bbox 3493 4917 3680 4982; x_wconf 87' lang='lat' dir='ltr'>gravat</span> 
     </span>
    </p>
   </div>
   <div class='ocr_carea' id='block_1_99' title="bbox 2083 4993 3674 5067">
    <p class='ocr_par' dir='ltr' id='par_1_99' title="bbox 2083 4993 3674 5067">
     <span class='ocr_line' id='line_1_99' title="bbox 2083 4993 3674 5067; baseline 0.003 -19"><span class='ocrx_word' id='word_1_709' title='bbox 2083 4993 2658 5065; x_wconf 89' lang='lat' dir='ltr'>pseudoapostolorum</span> <span class='ocrx_word' id='word_1_710' title='bbox 2716 5010 2937 5050; x_wconf 87' lang='lat' dir='ltr'>causam</span> <span class='ocrx_word' id='word_1_711' title='bbox 2980 5002 3038 5049; x_wconf 92' lang='lat' dir='ltr'>ut</span> <span class='ocrx_word' id='word_1_712' title='bbox 3083 5011 3144 5051; x_wconf 90' lang='lat' dir='ltr'>se</span> <span class='ocrx_word' id='word_1_713' title='bbox 3197 4996 3436 5052; x_wconf 90' lang='lat' dir='ltr'>abnuere</span> <span class='ocrx_word' id='word_1_714' title='bbox 3489 4996 3636 5053; x_wconf 88' lang='lat' dir='ltr'>dicat</span> <span class='ocrx_word' id='word_1_715' title='bbox 3658 5038 3674 5067; x_wconf 92' lang='lat'>,</span> 
     </span>
    </p>
   </div>
   <div class='ocr_carea' id='block_1_100' title="bbox 2085 5081 3675 5156">
    <p class='ocr_par' dir='ltr' id='par_1_100' title="bbox 2085 5081 3675 5156">
     <span class='ocr_line' id='line_1_100' title="bbox 2085 5081 3675 5156; baseline 0.001 -19"><span class='ocrx_word' id='word_1_716' title='bbox 2085 5099 2207 5137; x_wconf 91' lang='lat' dir='ltr'>cum</span> <span class='ocrx_word' id='word_1_717' title='bbox 2236 5082 2425 5138; x_wconf 90' lang='lat' dir='ltr'>liceret</span> <span class='ocrx_word' id='word_1_718' title='bbox 2451 5081 2530 5137; x_wconf 89' lang='lat' dir='ltr'>illi</span> <span class='ocrx_word' id='word_1_719' title='bbox 2557 5082 2801 5137; x_wconf 89' lang='lat' dir='ltr'>subsidia</span> <span class='ocrx_word' id='word_1_720' title='bbox 2818 5082 3098 5155; x_wconf 88' lang='lat' dir='ltr'>requirere</span> <span class='ocrx_word' id='word_1_721' title='bbox 3116 5084 3186 5139; x_wconf 89' lang='lat' dir='ltr'>ad</span> <span class='ocrx_word' id='word_1_722' title='bbox 3206 5084 3675 5156; x_wconf 85' lang='lat' dir='ltr'>comprimendum</span> 
     </span>
    </p>
   </div>
   <div class='ocr_carea' id='block_1_101' title="bbox 2082 5169 3675 5244">
    <p class='ocr_par' dir='ltr' id='par_1_101' title="bbox 2082 5169 3675 5244">
     <span class='ocr_line' id='line_1_101' title="bbox 2082 5169 3675 5244; baseline 0.003 -19"><span class='ocrx_word' id='word_1_723' title='bbox 2082 5170 2206 5226; x_wconf 91' lang='lat' dir='ltr'>illos</span> <span class='ocrx_word' id='word_1_724' title='bbox 2236 5170 2432 5242; x_wconf 90' lang='lat' dir='ltr'>quibus</span> <span class='ocrx_word' id='word_1_725' title='bbox 2460 5186 2562 5227; x_wconf 89' lang='lat' dir='ltr'>nec</span> <span class='ocrx_word' id='word_1_726' title='bbox 2592 5169 2817 5227; x_wconf 85' lang='lat' dir='ltr'>facultas</span> <span class='ocrx_word' id='word_1_727' title='bbox 2846 5180 2983 5238; x_wconf 90' lang='lat' dir='ltr'>erat,</span> <span class='ocrx_word' id='word_1_728' title='bbox 3035 5188 3136 5228; x_wconf 90' lang='lat' dir='ltr'>nec</span> <span class='ocrx_word' id='word_1_729' title='bbox 3172 5173 3351 5244; x_wconf 90' lang='lat' dir='ltr'>pudor</span> <span class='ocrx_word' id='word_1_730' title='bbox 3390 5174 3675 5244; x_wconf 89' lang='lat' dir='ltr'>poscendi.</span> 
     </span>
    </p>
   </div>
   <div class='ocr_carea' id='block_1_102' title="bbox 2083 5259 3674 5333">
    <p class='ocr_par' dir='ltr' id='par_1_102' title="bbox 2083 5259 3674 5333">
     <span class='ocr_line' id='line_1_102' title="bbox 2083 5259 3674 5333; baseline 0.004 -19"><span class='ocrx_word' id='word_1_731' title='bbox 2083 5259 2409 5330; x_wconf 66' lang='lat' dir='ltr'>Apostolica:</span> <span class='ocrx_word' id='word_1_732' title='bbox 2459 5267 2639 5315; x_wconf 90' lang='lat' dir='ltr'>autem</span> <span class='ocrx_word' id='word_1_733' title='bbox 2677 5260 2961 5332; x_wconf 88' lang='lat' dir='ltr'>potestatis</span> <span class='ocrx_word' id='word_1_734' title='bbox 3007 5261 3249 5317; x_wconf 90' lang='lat' dir='ltr'>debitum</span> <span class='ocrx_word' id='word_1_735' title='bbox 3290 5270 3451 5319; x_wconf 89' lang='lat' dir='ltr'>vocat</span> <span class='ocrx_word' id='word_1_736' title='bbox 3494 5280 3636 5320; x_wconf 81' lang='lat' dir='ltr'>onus</span> <span class='ocrx_word' id='word_1_737' title='bbox 3659 5304 3674 5333; x_wconf 90' lang='lat'>,</span> 
     </span>
    </p>
   </div>
   <div class='ocr_carea' id='block_1_103' title="bbox 2081 5348 3676 5420">
    <p class='ocr_par' dir='ltr' id='par_1_103' title="bbox 2081 5348 3676 5420">
     <span class='ocr_line' id='line_1_103' title="bbox 2081 5348 3676 5420; baseline 0.003 -17"><span class='ocrx_word' id='word_1_738' title='bbox 2081 5356 2305 5419; x_wconf 90' lang='lat' dir='ltr'>propter</span> <span class='ocrx_word' id='word_1_739' title='bbox 2349 5348 2856 5419; x_wconf 88' lang='lat' dir='ltr'>pseudoapostolos,</span> <span class='ocrx_word' id='word_1_740' title='bbox 2907 5349 2998 5420; x_wconf 91' lang='lat' dir='ltr'>qui</span> <span class='ocrx_word' id='word_1_741' title='bbox 3043 5349 3178 5404; x_wconf 89' lang='lat' dir='ltr'>illud</span> <span class='ocrx_word' id='word_1_742' title='bbox 3225 5350 3467 5406; x_wconf 90' lang='lat' dir='ltr'>indehite</span> <span class='ocrx_word' id='word_1_743' title='bbox 3514 5368 3676 5408; x_wconf 88' lang='lat' dir='ltr'>usur-</span> 
     </span>
    </p>
   </div>
   <div class='ocr_carea' id='block_1_104' title="bbox 2080 5436 3674 5511">
    <p class='ocr_par' dir='ltr' id='par_1_104' title="bbox 2080 5436 3674 5511">
     <span class='ocr_line' id='line_1_104' title="bbox 2080 5436 3674 5511; baseline 0.004 -21"><span class='ocrx_word' id='word_1_744' title='bbox 2080 5444 2271 5508; x_wconf 89' lang='lat' dir='ltr'>pantes</span> <span class='ocrx_word' id='word_1_745' title='bbox 2300 5436 2606 5507; x_wconf 91' lang='lat' dir='ltr'>importune</span> <span class='ocrx_word' id='word_1_746' title='bbox 2636 5453 2667 5492; x_wconf 90' lang='lat' dir='ltr'>a</span> <span class='ocrx_word' id='word_1_747' title='bbox 2688 5437 2943 5508; x_wconf 89' lang='lat' dir='ltr'>plebibus</span> <span class='ocrx_word' id='word_1_748' title='bbox 2972 5437 3283 5511; x_wconf 81' lang='lat' dir='ltr'>exigebant.</span> <span class='ocrx_word' id='word_1_749' title='bbox 3315 5440 3489 5496; x_wconf 80' lang='lat' dir='ltr'>Filios</span> <span class='ocrx_word' id='word_1_750' title='bbox 3526 5457 3674 5498; x_wconf 82' lang='lat' dir='ltr'>suos.</span> 
     </span>
    </p>
   </div>
   <div class='ocr_carea' id='block_1_105' title="bbox 2078 5524 3670 5599">
    <p class='ocr_par' dir='ltr' id='par_1_105' title="bbox 2078 5524 3670 5599">
     <span class='ocr_line' id='line_1_105' title="bbox 2078 5524 3670 5599; baseline 0.003 -19"><span class='ocrx_word' id='word_1_751' title='bbox 2078 5524 2301 5581; x_wconf 78' lang='lat' dir='ltr'>Alienas</span> <span class='ocrx_word' id='word_1_752' title='bbox 2330 5524 2471 5580; x_wconf 81' lang='lat' dir='ltr'>filios</span> <span class='ocrx_word' id='word_1_753' title='bbox 2497 5526 2826 5597; x_wconf 85' lang='lat' dir='ltr'>quandoque</span> <span class='ocrx_word' id='word_1_754' title='bbox 2854 5525 3019 5582; x_wconf 91' lang='lat' dir='ltr'>nutrit</span> <span class='ocrx_word' id='word_1_755' title='bbox 3045 5526 3241 5583; x_wconf 88' lang='lat' dir='ltr'>mulier</span> <span class='ocrx_word' id='word_1_756' title='bbox 3267 5543 3367 5599; x_wconf 92' lang='lat' dir='ltr'>pro</span> <span class='ocrx_word' id='word_1_757' title='bbox 3395 5530 3670 5596; x_wconf 87' lang='lat' dir='ltr'>mercede,</span> 
     </span>
    </p>
   </div>
   <div class='ocr_carea' id='block_1_106' title="bbox 2077 5610 3457 5688">
    <p class='ocr_par' dir='ltr' id='par_1_106' title="bbox 2077 5610 3457 5688">
     <span class='ocr_line' id='line_1_106' title="bbox 2077 5610 3457 5688; baseline 0.003 -19"><span class='ocrx_word' id='word_1_758' title='bbox 2077 5610 2188 5672; x_wconf 72' lang='lat' dir='ltr'>nan</span> <span class='ocrx_word' id='word_1_759' title='bbox 2216 5630 2285 5671; x_wconf 87' lang='lat' dir='ltr'>ex</span> <span class='ocrx_word' id='word_1_760' title='bbox 2309 5629 2539 5672; x_wconf 88' lang='lat' dir='ltr'>amore:</span> <span class='ocrx_word' id='word_1_761' title='bbox 2570 5615 2829 5688; x_wconf 83' lang='lat' dir='ltr'>prOprios</span> <span class='ocrx_word' id='word_1_762' title='bbox 2858 5630 3012 5684; x_wconf 86' lang='lat' dir='ltr'>vero,</span> <span class='ocrx_word' id='word_1_763' title='bbox 3041 5630 3111 5673; x_wconf 82' lang='lat' dir='ltr'>ex</span> <span class='ocrx_word' id='word_1_764' title='bbox 3139 5615 3457 5675; x_wconf 86' lang='lat' dir='ltr'>dilectione.</span> 
     </span>
    </p>
   </div>
  </div>
