3964 6178
307 285 415 340 61⁵7

1153 275 1423 333 GLOSSA
1461 271 1874 330 ORDINARIA.
1913 300 1981 312 —
2005 267 2223 328 EPIST.
2257 270 2278 324 Ι
2309 269 2404 325 ΑΙ)
2433 268 2677 325 THESS.

3495 275 3598 327 618

386 405 555 461 Vens.
592 405 684 458 12.
721 431 789 443 —
823 400 1060 467 Vocavit,
1106 400 1388 456 vocatione
1439 414 1560 470 quae
1589 405 1672 452 est
1703 412 1902 452 secun-
1929 403 1984 464 Α
2015 393 2132 448 stis.
2170 395 2236 449 Ut
2265 392 2562 450 abundetis
2601 393 2800 462 magis.
2828 392 2943 448 Hoc
2971 406 3082 447 non
3108 399 3342 448 mutatur
3371 393 3426 448 in
3454 396 3599 449 ordi-

310 493 441 549 dum
471 491 832 564 propositum.

381 583 552 637 Vens.
580 584 667 635 13.
701 609 770 620 ——
798 578 941 634 Ideo.
975 576 1115 646 Quia
1143 591 1242 633 vos
1270 575 1502 640 vocavit,
1554 573 1762 647 gratias
1791 572 1909 645 agi-

308 685 452 726 mus.
491 668 711 726 Vocavit
738 667 881 732 dico,
907 666 1053 738 quod
1075 665 1201 720 inde
1221 672 1472 735 apparet,
1497 662 1620 734 quia
1651 677 1750 718 vos
1780 661 1905 729 cito,

309 767 364 814 et
385 757 607 812 ﬁrmiter
629 755 913 826 recepistis
929 755 1180 824 verbum,
1202 761 1304 808 etc.
1326 753 1567 807 Auditus
1587 752 1706 806 Dei.
1727 749 1787 804 Id
1803 757 1906 819 est,

308 846 458 919 quod
496 845 805 901 audivimus
853 859 887 900 a
933 845 1070 912 Deo,
1113 842 1200 898 vel
1249 842 1302 895 in
1352 832 1711 912 quo-auditur
1738 839 1904 893 Deus.

307 936 472 992 Sicut
521 938 606 990 est
646 934 873 989 verbum
907 932 1026 987 Dei.
1060 931 1232 985 Tanta
1262 929 1407 984 enim
1435 929 1723 985 devotione
1754 942 1908 982 rece-

303 1029 507 1095 perunt
533 1022 782 1088 verbum,
805 1028 863 1076 ut
889 1020 1188 1092 probarent
1215 1033 1277 1074 se
1304 1017 1638 1074 intellexisse
1664 1015 1766 1071 Dei
1785 1031 1908 1071 esse

304 1110 638 1167 doctrinam.

375 1200 556 1255 Vens.
579 1199 666 1253 14.
690 1228 759 1239 -
795 1199 888 1255 Vos
919 1199 1074 1252 enim
1091 1196 1428 1261 imitatores,
1461 1200 1566 1250 etc.
1588 1192 1756 1248 Multa
1775 1191 1910 1247 dixit

305 1294 502 1346 contra
519 1286 730 1359 pseudo
762 1303 776 1340 :
804 1287 920 1356 jam
948 1301 1018 1342 ne
1047 1299 1145 1355 pro
1175 1298 1276 1338 sua
1303 1283 1391 1340 vel
1417 1282 1787 1354 apostolorum
1813 1280 1906 1335 tri-

302 1376 589 1432 bulatione
616 1383 957 1444 moveantur,
990 1375 1257 1429 hortatur.

378 1466 554 1521 Vens.
580 1467 668 1520 16.
697 1494 768 1504 -
798 1463 1081 1520 Pervenit.
1114 1462 1244 1517 Ideo
1273 1475 1490 1531 semper
1516 1459 1744 1530 implent
1769 1472 1905 1529 pec-

301 1562 447 1620 cata,
483 1553 614 1625 quia
640 1553 719 1607 ira
749 1552 849 1608 Dei
877 1550 1128 1622 pervenit
1157 1558 1216 1605 ut
1245 1556 1604 1605 excaacentur.
1641 1551 1814 1619 Usque
1843 1549 1908 1602 in

300 1644 502 1712 finem.
538 1640 680 1712 Quia
706 1640 763 1696 in
793 1639 901 1695 fine
931 1640 1117 1696 szeculi
1146 1645 1531 1695 convertentur
1559 1636 1734 1692 Judaei
1762 1651 1905 1690 non-

300 1731 460 1787 nulli.

375 1820 505 1886 0re,
549 1822 800 1891 aspectu,
830 1825 933 1873 etc.
969 1815 1045 1873 Os
1076 1823 1129 1872 et
1157 1821 1411 1886 aspectus
1439 1813 1746 1879 cessabant,
1781 1811 1910 1883 quia

300 1924 497 1966 coram
525 1907 732 1979 alloqui
759 1922 869 1961 non
898 1912 1113 1976 poterat
1139 1904 1463 1976 Apostolus;
1487 1903 1585 1958 sed
1612 1917 1708 1958 cor
1736 1909 1789 1957 et
1806 1901 1910 1956 sol-

298 1997 532 2054 licitudo
563 2012 673 2052 non
705 1994 954 2067 quiescit.

370 2086 556 2141 Vens.
589 2088 678 2139 18.
710 2114 780 2124 -
808 2083 911 2140 Sed
930 2081 1244 2154 impedivit.
1279 2079 1438 2149 Quod
1479 2081 1627 2135 Deus
1655 2077 1909 2150 impediri

299 2172 652 2247 permiserit,
688 2171 760 2227 ad
786 2172 1049 2241 majorem
1078 2185 1340 2227 coronam
1376 2168 1602 2224 istorum
1631 2176 1714 2223 est
1734 2212 1751 2236 ,
1784 2165 1909 2238 quia

298 2270 576 2320 steterunt
607 2276 672 2318 eo
703 2261 951 2316 absente.

371 2353 554 2406 Vens.
591 2353 753 2406 19.-
775 2351 904 2418 ρυλε
934 2353 1039 2414 est,
1066 2355 1170 2403 etc.
1196 2346 1451 2419 (Cnnvs.)
1473 2345 1672 2414 Quanti
1703 2343 1911 2400 esthoc

299 2439 567 2496 ardoris?
622 2439 906 2510 Nunquam
953 2445 1107 2508 pater
1156 2445 1209 2491 et
1262 2443 1434 2490 mater
1462 2435 1507 2489 si
1537 2434 1698 2489 simul
1727 2440 1911 2489 essent

299 2527 629 2602 congressi,
664 2536 718 2584 et
747 2544 901 2582 suum
927 2525 1273 2580 miscuissent
1301 2524 1633 2580 desiderium
1653 2565 1667 2593 ,
1695 2522 1909 2594 potuis-

300 2617 427 2673 sent
460 2617 754 2672 ostendere
790 2632 950 2669 suum
977 2613 1310 2669 desiderium
1359 2630 1424 2668 ex
1471 2628 1629 2683 aequo
1676 2627 1910 2682 respon-

303 2705 449 2761 dens
479 2705 671 2760 Paulo.
705 2704 899 2777 Magis,
931 2703 1121 2774 inquit,
1147 2701 1357 2758 exsulto
1387 2710 1605 2772 propter
1622 2716 1722 2757 vos
1753 2714 1913 2770 quam

297 2803 532 2867 prOpter
561 2808 839 2850 coronam.
872 2791 1061 2864 Cogita
1093 2807 1224 2864 ergo
1257 2799 1514 2862 quantum
1543 2789 1612 2844 sit
1640 2789 1913 2862 integram

298 2883 506 2938 adesse
533 2881 841 2940 Ecclesiam
873 2897 992 2952 quae
1021 2896 1054 2936 a
1083 2879 1250 2935 Paulo
1283 2879 1382 2934 fuit
1410 2879 1654 2950 plantata
1675 2920 1689 2948 ,
1723 2885 1776 2935 et
1802 2877 1914 2948 egit

298 2972 545 3028 radices.

365 3063 489 3118 Aut
518 3077 726 3118 corona
753 3059 967 3132 gloriae.
1001 3057 1058 3114 Si
1085 3057 1250 3114 modo
1278 3055 1468 3128 gloria,
1501 3055 1631 3128 quid
1660 3053 1803 3127 apud
1820 3071 1914 3112 ve-

300 3167 425 3206 rum
453 3148 699 3220 judicem
714 3149 742 3202 τ

927 3289 1152 3348 CAPUT
1188 3290 1282 3344 Ill.

371 3427 553 3482 Vens.
576 3430 632 3483 2.
652 3455 722 3465 -—
743 3424 824 3480 Ad
851 3422 1265 3494 conﬁrmandos
1288 3437 1398 3479 vos.
1424 3420 1652 3491 Propter
1676 3419 1782 3475 hoc
1798 3417 1917 3491 ipse

303 3517 498 3574 venire
526 3515 957 3570 desideraverat.

2010 481 2224 538 natione
2253 481 2464 536 litterae.

2082 597 2250 650 Vens.
2282 599 2336 653 2.
2388 625 2459 638 ——-
2511 597 2681 652 Scitis
2710 598 2864 652 enim
2900 613 3022 668 quae
3054 601 3357 669 praecepta.
3392 596 3604 668 alien.)

2010 683 2368 740 Sanctiticatio
2417 684 2485 738 ab
2531 684 2680 738 omni
2726 685 3114 740 incontinentia
3171 693 3394 740 revocat
3455 683 3608 739 Chri-

2012 773 2279 838 stianum,
2349 773 2436 844 cui
2501 773 2855 829 incontinenti
2919 788 3027 827 non
3085 774 3302 843 expedit
3365 782 3607 828 sanctum

2009 862 2208 917 Christi
2253 878 2452 931 corpus
2481 861 2744 934 attingere
2769 904 2783 928 ,
2814 862 3048 917 maxime
3087 878 3210 917 cum
3245 863 3461 933 Moyses
3508 862 3608 916 Ju-

2009 951 2158 1004 daaos
2189 949 2526 1006 sanctiﬁcare
2556 950 2782 1016 volens,
2829 950 3089 1021 populum
3137 960 3304 1006 totum
3347 951 3414 1004 ab
3458 950 3608 1005 omni

2007 1037 2207 1094 femina
2237 1055 2296 1093 se
2324 1039 2603 1094 continere
2632 1039 2907 1111 praecepit,
2935 1047 2990 1093 ut
3013 1038 3113 1095 Dei
3132 1039 3294 1110 potiri
3312 1039 3611 1111 prasentia

2007 1135 2366 1183 mererentur.

2078 1235 2250 1290 Vens.
2296 1234 2347 1288 4.
2383 1264 2450 1274 -
2488 1235 2586 1290 Vas
2607 1250 2794 1290 suum.
2828 1233 2888 1288 Id
2922 1242 3005 1289 est
3032 1249 3257 1289 uxorem
3281 1277 3294 1300 ,
3328 1234 3607 1306 possideat

2008 1322 2337 1378 dominando
2367 1321 2436 1393 ei,
2472 1329 2526 1378 et
2552 1323 2674 1378 hoc.
2699 1323 2764 1378 In
2785 1323 3259 1392 sanctiﬁcatione,
3283 1323 3604 1380 abstinendo

2006 1409 2241 1466 infestis
2285 1427 2317 1464 a
2363 1409 2507 1467 coitu
2531 1455 2543 1478 ,
2595 1413 2834 1468 Honore.
2882 1411 3005 1466 Non
3053 1410 3278 1482 turpiter
3327 1411 3602 1468 abutendo

2008 1516 2069 1554 ea

2080 1597 2249 1651 Vens.
2283 1598 2334 1650 8.
2366 1625 2435 1636 -
2470 1595 2574 1664 Qui
2611 1597 2789 1652 etiam
2817 1596 2988 1664 dedit,
3024 1605 3128 1653 etc.
3175 1596 3260 1652 Ad
3303 1599 3420 1653 haec
3467 1614 3602 1669 per-

2007 1685 2220 1756 agenda
2248 1684 2396 1738 dedit
2425 1684 2578 1740 vobis
2609 1685 2853 1755 spiritum
2880 1729 2893 1752 ,
2926 1702 2994 1741 ne
3025 1701 3160 1756 ergo
3199 1693 3406 1740 tantum
3449 1687 3606 1756 adju-

1924 1757 1978 1817 D
2009 1780 2178 1828 torem
2209 1773 2495 1843 spernatis,
2531 1773 2624 1844 qui
2653 1773 2709 1826 in
2730 1790 2961 1844 corpore
2984 1775 3200 1828 subdito
3228 1775 3467 1845 peccatis
3495 1791 3606 1832 non

2006 1860 2228 1915 habitat.
2261 1861 2360 1916 Vel
2388 1861 2545 1916 nobis
2584 1862 2876 1932 apostolis,
2910 1871 2965 1917 ut
2993 1864 3166 1934 major
3194 1871 3341 1918 esset
3368 1863 3606 1920 auctori-

2009 1956 2090 2005 tas
2118 1949 2449 2020 praedicandi
2479 1957 2530 2005 et
2562 1951 2846 2022 arguendi.

2082 2041 2352 2109 Rogamus
2373 2042 2567 2094 autem
2583 2053 2674 2093 vos
2697 2041 2929 2109 fratres,
2954 2046 3058 2094 etc.
3091 2038 3216 2094 Non
3236 2047 3318 2094 est
3334 2039 3609 2111 praedictis

2006 2125 2222 2199 legibus
2261 2126 2529 2182 contraria
2572 2127 2894 2182 exhortatio.
2943 2127 3158 2183 Etenim
3199 2129 3516 2195 accidebat,
3549 2134 3610 2182 ut

2008 2215 2097 2269 alii
2128 2215 2348 2285 quidem
2395 2215 2690 2269 liberaliter
2719 2215 3125 2285 suppeditarent
3155 2216 3446 2288 egentibus
3469 2260 3482 2282 ,
3515 2216 3608 2272 alii

2009 2319 2138 2358 vero
2187 2310 2406 2374 prOpter
2453 2318 2645 2358 eorum
2687 2301 3140 2370 muniﬁcentiam,
3175 2304 3388 2374 cperari
3425 2304 3610 2376 negli-

2009 2399 2221 2462 gerent.
2249 2393 2380 2447 Jure
2411 2406 2544 2464 ergo
2576 2399 2630 2446 et
2657 2391 2781 2446 illos
2809 2391 3068 2458 laudavit,
3093 2400 3145 2448 et
3173 2392 3259 2448 his
3299 2392 3448 2448 dedit
3475 2392 3608 2448 utile

2010 2479 2315 2536 consilium.
3079 2488 3098 2506 °

2081 2595 2252 2649 Vens.
2290 2598 2375 2650 11.
2409 2624 2478 2636 -
2511 2594 2750 2669 Operam
2771 2594 2935 2650 detis.
2970 2594 3141 2664 Quasi
3170 2595 3347 2652 dicat:
3374 2594 3610 2652 Difficile

2012 2690 2093 2738 est
2123 2682 2394 2737 dimittere
2423 2684 2892 2749 consuetudinem,
2919 2685 3015 2738 sed
3046 2684 3223 2756 cogite
3254 2700 3371 2740 vos.
3395 2686 3468 2740 Et
3487 2701 3614 2758 ope-

2012 2773 2223 2827 remini
2241 2774 2521 2827 man-ibus.
2547 2772 2699 2842 Opus
2729 2774 3003 2844 agendum
3033 2782 3134 2838 est,
3159 2789 3268 2829 non
3288 2773 3571 2828 otiandum
3596 2791 3610 2827 :

2016 2859 2143 2930 quia
2171 2869 2223 2915 et
2253 2861 2542 2915 honestum
2570 2868 2681 2928 est,
2714 2869 2767 2920 et
2797 2862 2952 2933 quasi
2994 2861 3085 2917 lux
3132 2861 3198 2916 ad
3244 2860 3492 2919 infideles
3517 2905 3529 2929 ,
3564 2868 3620 2918 et

2019 2963 2131 3004 non
2174 2949 2553 3004 desiderabitis
2599 2966 2718 3004 rem
2764 2950 2984 3007 alterius
3007 2994 3021 3018 ,
3054 2950 3257 3006 nedum
3293 2951 3498 3024 rogetis
3526 2949 3616 3008 vel

2018 3036 2239 3092 tollatis.

1941 3119 1991 3182 Ο
2089 3151 2260 3206 Vens.
2297 3156 2457 3209 12.ο-
2477 3153 2750 3210 Nolumus
2781 3157 2995 3210 autem.
3030 3155 3159 3211 Post
3193 3155 3630 3212 exhortationem

2017 3241 2087 3294 de
2140 3241 2489 3308 continentia,
2542 3251 2594 3298 et
2647 3251 2771 3314 post
2810 3244 3207 3300 correctionem
3236 3260 3267 3298 a
3295 3245 3625 3314 curiositate,

2020 3337 2268 3384 mortuos
2291 3340 2693 3386 resurrecturos
2741 3331 3044 3400 conﬁrmat,
3087 3341 3142 3389 et
3187 3350 3288 3408 per
3319 3333 3516 3390 Christi
3543 3350 3630 3391 re-

2026 3421 2442 3486 surrectionem,
2479 3429 2531 3475 et
2560 3437 2656 3474 sua
2686 3421 3027 3479 auctoritate.

2095 3535 2268 3590 Vens.
2305 3540 2391 3591 13.
2426 3566 2497 3577 —-
2524 3539 2636 3592 Per
2654 3539 2846 3593 Iesum
2873 3539 3113 3595 adducet
3132 3555 3262 3594 cum
3296 3556 3377 3598 eo.
3403 3540 3634 3612 Semper
3713 3561 3722 3574 ε

373 3624 552 3678 Vens.
583 3625 636 3691 6,
667 3622 721 3675 Ἴ.
752 3651 821 3660 -
855 3621 1014 3676 Sicut
1043 3634 1146 3674 nos
1183 3631 1397 3690 quoque
1427 3631 1518 3671 vos
1549 3633 1567 3670 :
1598 3614 1742 3671 ideo.
1778 3612 1919 3682 Quia
2018 3631 2230 3692 euntes,
2265 3640 2389 3678 eum
2421 3625 2701 3696 sequendo
2732 3634 2997 3682 venerunt
3026 3627 3096 3680 ad
3126 3642 3380 3683 somnum
3410 3628 3625 3700 mortis,

299 3713 419 3768 haec
453 3709 792 3768 annuntiavit
816 3751 829 3776 ,
862 3724 973 3764 non
1004 3723 1110 3779 pro
1140 3705 1259 3775 ejus
1286 3703 1580 3777 praesentia
1602 3747 1616 3771 ,
1651 3701 1918 3760 consolati

305 3816 522 3856 sumus.

371 3908 549 3964 Vens.
586 3908 640 3960 9.
672 3934 741 3947 -
775 3904 952 3973 Quam
983 3903 1138 3957 enim
1169 3902 1510 3973 gratiarum,
1540 3907 1644 3956 etc.
1663 3897 1809 3954 Nihil
1836 3903 1918 3953 est

300 3997 451 4052 enim
484 4004 596 4050 tam
626 3994 872 4066 dignum,
897 3992 1041 4063 quod
1073 3989 1324 4045 sufficere
1356 3989 1532 4060 possit
1560 3989 1627 4043 ad
1659 4003 1918 4060 compen-

302 4085 573 4140 sationem
604 4081 882 4154 acquisitae
912 4080 1100 4134 salutis
1119 4078 1380 4150 gentium.

373 4190 551 4245 Vens.
589 4192 674 4243 13.
712 4219 780 4228 ——
813 4189 946 4244 Sine
979 4187 1225 4258 querela.
1258 4185 1340 4239 Ne
1370 4200 1468 4239 vos
1500 4183 1568 4238 de
1601 4183 1759 4238 malis
1787 4198 1917 4239 con-

302 4278 627 4350 queramini,
664 4277 751 4333 vel
783 4277 856 4331 ita
887 4275 1004 4329 sitis
1034 4275 1372 4338 innocentes,
1411 4289 1480 4327 ne
1511 4272 1631 4344 quis
1663 4273 1731 4326 de
1762 4271 1917 4327 vobis

2029 3711 2176 3766 unde
2207 3720 2258 3767 et
2289 3712 2345 3766 in
2401 3713 2507 3768 alia
2537 3713 2792 3770 scribitur
2836 3713 3085 3787 Epistola
3133 3732 3147 3770 :

2017 3816 2166 3856 mus.

3196 3717 3305 3773 Nos
3343 3718 3442 3788 qui
3487 3718 3633 3774 vivi-

2091 3915 2260 3970 Vens.
2285 3916 2371 3971 14.
2393 3945 2464 3957 --
2484 3919 2604 3973 Eos.
2644 3917 2764 3972 Non
2787 3917 2966 3973 solum
2987 3933 3082 3974 eos
3101 3917 3195 3991 qui
3214 3918 3324 3977 vivi
3343 3918 3630 3977 invenien-

2023 4011 2128 4070 tur,
2155 4005 2252 4058 sed
2275 4011 2328 4058 et
2348 4013 2615 4071 mortuos,
2641 4007 2710 4061 de
2731 4006 2928 4078 quibus
2948 4007 3224 4063 dubitatis.
3273 4011 3376 4078 Qui
3397 4009 3631 4066 dormie-

2021 4096 2183 4148 runt.
2210 4093 2481 4148 Christum
2505 4095 2636 4150 dicit
2659 4105 2954 4162 mortuum,
2984 4095 3173 4152 ﬁdeles
3194 4097 3547 4168 dormientes,
3572 4107 3632 4154 ut

2024 4181 2200 4251 magis
2231 4182 2460 4237 credant
2491 4185 2953 4241 resurrectionem
2987 4202 3000 4238 :
3035 4186 3309 4242 Christum
3353 4196 3628 4243 mortuum

2022 4270 2291 4340 appellat,
2325 4279 2383 4325 ut
2421 4272 2549 4326 dum
2600 4274 2905 4329 audivimus
2957 4274 3109 4328 illum
3157 4285 3428 4330 mortuum
3455 4275 3625 4332 fuisse

302 4368 480 4440 possit
510 4365 792 4438 conqueri,
829 4373 881 4420 et
914 4372 970 4419 ut
1001 4363 1116 4418 sitis
1148 4363 1327 4418 etiam.
1381 4363 1445 4417 In
1495 4363 1822 4416 sanctitate.
1860 4361 1918 4414 Id
2021 4366 2073 4413 et
2102 4360 2494 4428 resurrexisse,
2527 4379 2628 4417 nos
2660 4380 2879 4434 quoque
2911 4379 3195 4434 speremus
3215 4372 3620 4420 resurrecturos

303 4466 421 4527 est,
471 4456 735 4510 virtutum
765 4453 1235 4511 consummatione
1284 4467 1386 4522 per
1445 4451 1548 4506 hoc
1589 4450 1912 4506 exsistentes
1941 4479 1993 4540 D
2018 4463 2118 4517 per
2148 4448 2401 4503 virtutem
2429 4450 2723 4506 divinitatis
2753 4452 2889 4520 ejus.

301 4554 432 4603 ante
458 4547 656 4613 Deum,
685 4559 796 4599 non
826 4544 896 4598 ad
927 4551 1180 4613 aspectus
1206 4539 1506 4595 hominum.

928 4709 1152 4765 CAPUT
1189 4707 1280 4763 IV.

373 4856 549 4911 Vens.
585 4857 637 4910 1.
670 4883 738 4894 -
767 4853 844 4907 De
875 4854 1096 4908 caetero.
1129 4849 1405 4904 Hactenus
1435 4831 1752 4919 patientiam
1781 4862 1902 4919 per-

300 4944 458 5001 fectis
487 4944 542 4998 in
573 4959 670 4998 sua
698 4941 788 4999 vel
815 4941 872 4996 in
891 4940 1105 4995 illorum
1138 4937 1480 4993 tribulatione
1510 4936 1708 5002 suasit,
1755 4952 1900 4992 nunc

300 5033 608 5088 minoribus
656 5031 725 5086 de
771 5029 1032 5085 munditia
1080 5028 1302 5096 suadet,
1354 5027 1645 5082 exhortans
1693 5041 1789 5081 eos
1831 5024 1899 5080 ad

299 5121 712 5178 continentiam.
752 5117 1244 5188 Quemadmodum.
1304 5115 1588 5170 Audiendo
1617 5121 1668 5170 et
1697 5113 1898 5169 intelli-

301 5211 484 5282 gendo
517 5227 551 5265 a
572 5209 748 5274 nobis,
780 5207 834 5262 id
865 5214 946 5262 est
977 5222 1010 5260 a
1034 5221 1122 5260 me
1144 5213 1198 5260 et
1227 5204 1466 5260 Silvano.
1507 5203 1779 5273 Quomodo
1807 5219 1900 5260 vos

302 5303 558 5372 oporteat
582 5297 891 5362 ambulare,
918 5302 1045 5361 etc.,
1078 5296 1160 5350 sic
1182 5297 1237 5349 et
1259 5293 1580 5359 ambuletis,
1603 5299 1748 5347 recte
1769 5307 1900 5347 con-

300 5387 593 5443 versando.
625 5388 697 5441 Et
722 5386 949 5458 placere
976 5386 1102 5438 Deo.
1127 5382 1222 5437 Ille
1251 5382 1427 5452 placet
1457 5383 1591 5447 Deo,
1625 5381 1716 5452 qui
1735 5379 1898 5435 ﬁdem

301 5483 509 5532 rectam
538 5491 705 5547 quam
735 5473 934 5539 habet,
987 5471 1332 5528 exsecutione
1373 5470 1629 5525 virtutum
1673 5476 1726 5524 et
1772 5486 1896 5539 per-

301 5562 458 5620 fectae
504 5563 836 5636 operationis
880 5563 1123 5617 decorat.
1195 5563 1283 5617 Sic
1333 5563 1390 5615 et
1427 5559 1745 5614 ambuletis.
1798 5559 1898 5614 Est

302 5653 438 5711 ordo
471 5671 484 5710 :
519 5668 778 5728 rogamus
808 5658 867 5707 ut
895 5650 1186 5706 ambuletis
1213 5647 1670 5722 quemadmodum
1687 5648 1898 5721 accepi-

585 5777 828 5834 Px'rnon.
869 5775 1058 5834 CXIV.

2077 4563 2250 4618 Vens.
2287 4567 2372 4619 15.
2409 4595 2477 4606 -
2512 4566 2789 4633 Quoniam
2827 4568 2944 4639 ipse
2971 4568 3263 4624 Dominus.
3296 4568 3358 4624 In
3384 4572 3611 4643 propria

2002 4667 2261 4722 persona.

2072 4759 2136 4812 In
2158 4759 2290 4813 tuba
2310 4761 2428 4814 Dei.
2460 4759 2759 4832 (ΑΝεειΜ.)
2784 4761 2913 4818 Haec
2945 4761 3073 4817 tuba
3111 4778 3302 4819 omnes
3338 4764 3598 4821 excitabit

2001 4852 2054 4900 et
2081 4845 2331 4903 inimicos
2369 4849 2630 4919 terrebit,
2682 4866 2810 4905 suos
2857 4851 2928 4906 ad
2975 4851 3179 4906 bellum
3228 4852 3508 4921 invitabit,
3539 4863 3600 4910 ut

2001 4945 2313 5008 expugnent
2342 4937 2691 4994 adversarios
2714 4980 2728 5010 ,
2764 4947 2817 4994 et
2843 4938 3103 5012 effugiant
3132 4957 3164 4995 a
3192 4939 3333 4997 facie
3379 4943 3598 4999 Domini

1998 5031 2158 5095 atque
2187 5026 2468 5081 mittantur
2497 5027 2552 5080 in
2582 5029 2912 5100 gehennam.
2961 5031 3030 5084 Et
3075 5030 3270 5084 iterum
3300 5029 3439 5086 sicut
3469 5032 3598 5089 tuba

2000 5114 2275 5183 quondam
2320 5116 2374 5170 in
2425 5115 2579 5171 festis
2625 5119 2959 5174 convocabat
3005 5119 3265 5190 populum
3328 5121 3594 5178 Hebraeo-

1997 5218 2119 5256 rum
2161 5221 2174 5256 :
2224 5204 2302 5259 sic
2343 5205 2460 5260 haec
2508 5206 2632 5260 tuba
2676 5208 2995 5263 convocabit
3063 5208 3131 5261 ad
3196 5208 3590 5266 solemnitatem

1998 5299 2216 5346 aeterna:
2264 5292 2461 5349 laatitiaa
2506 5294 2768 5366 populum
2815 5305 3124 5353 sanctorum
3173 5298 3326 5366 Deo,
3392 5299 3584 5370 inquit,

1990 5380 2214 5449 jubente
2259 5390 2309 5436 et
2355 5399 2489 5438 voce
2533 5385 2845 5457 archangeli
2909 5394 3070 5458 atque
3136 5387 3260 5440 tuba
3326 5386 3425 5440 Dei
3492 5401 3586 5439 so-

1994 5476 2176 5524 nante.
2209 5472 2532 5529 Desce-ndct.
2565 5474 2686 5528 Non
2716 5475 2935 5528 humilis
2966 5484 3022 5529 ut
3050 5476 3202 5546 prius
3222 5517 3234 5540 ,
3271 5474 3366 5527 sed
3389 5472 3588 5540 jubens

1995 5573 2157 5626 voce,
2195 5559 2280 5614 vel
2310 5560 2395 5614 sui
2422 5561 2592 5631 ipsius
2623 5563 2710 5618 vel
2740 5563 3086 5635 archangeli,
3133 5561 3217 5618 vel
3266 5559 3587 5631 angelorum

1995 5663 2101 5718 qua
2131 5647 2292 5705 faciet
2320 5665 2616 5723 resurgere
2643 5661 2884 5710 mortuos
2911 5669 3032 5724 quae
3060 5649 3255 5706 dicitur
3283 5648 3428 5718 tuba,
3461 5648 3590 5720 quia

3199 5774 3269 5830 20
