3964 6178
371 245 473 297 619

901 243 1306 302 WALAFRIDI
1342 244 1585 302 STRABI
1613 245 1819 303 FULD.
1866 245 2039 304 MON.
2072 246 2224 305 OPP.
2267 249 2442 306 PARS
2468 249 2510 305 Ι.
2551 280 2619 290 -
2645 250 3116 308 THEOLOGICA.

3547 263 3638 317 620

376 365 698 434 manifesta,
734 367 818 422 vel
868 369 1022 442 quasi
1070 369 1139 424 ad
1187 369 1387 425 bellum
1411 411 1424 438 ,
1476 387 1597 442 quae
1643 369 1745 425 erit
1789 370 1888 426 Dei
1918 379 1971 426 et
1991 375 2048 436 Α
2149 373 2317 429 Vens.
2354 378 2439 430 15.
2473 405 2542 416 --
2569 377 2779 433 Malum
2807 392 2906 448 pro
2934 378 3104 433 malo.
3151 377 3302 433 Tunc
3330 379 3524 434 malum
3558 398 3644 452 pro

375 452 610 525 Christi,
642 455 730 511 cui
762 457 908 512 Deus
940 457 1090 513 dabit
1120 456 1436 514 efficaciam.

457 545 629 600 Vsus.
665 548 749 600 16.
766 576 835 586 -
851 547 1194 603 Innubibus.
1221 546 1362 614 Quia
1381 546 1555 604 nubes
1576 546 1832 619 suscipiet
1853 563 1968 615 eos,

376 645 435 694 ut
463 636 737 693 Christum
773 635 830 690 in
863 634 1187 691 ascensione
1231 635 1510 709 suscepit,
1543 636 1688 693 unde
1718 636 1855 692 alius
1882 636 1972 693 in-

373 735 590 800 terpres
619 725 751 782 dicit
783 741 798 780 :
830 725 1050 796 Bajulis
1079 725 1339 781 nubibus.

1004 891 1228 947 CAPUT
1271 891 1337 946 V.

441 1028 609 1085 Vens.
647 1031 696 1083 1.
730 1057 799 1070 -
827 1030 904 1084 De
937 1029 1299 1101 temporibus.
1333 1028 1393 1085 Id
1425 1037 1510 1086 est
1538 1045 1607 1086 an
1637 1037 1824 1086 aestate
1851 1073 1864 1096 ,
1898 1043 1969 1085 an

369 1118 568 1184 hieme,
600 1133 672 1172 an
701 1117 789 1173 die
817 1117 906 1174 vel
935 1126 1123 1174 nocte.
1165 1120 1234 1175 Et
1254 1121 1578 1176 momentis.
1614 1118 1833 1176 Scilicet
1864 1135 1972 1191 qua

369 1207 506 1263 hora
536 1207 646 1261 diei
678 1206 765 1262 vel
795 1206 969 1262 noctis
998 1214 1261 1263 venturus
1294 1208 1362 1262 sit
1390 1208 1657 1262 Christus.

439 1295 612 1350 Vens.
647 1298 702 1353 2.
736 1325 804 1335 -—
834 1297 963 1351 Dies
993 1297 1239 1352 Domini.
1277 1295 1376 1352 Hic
1427 1296 1544 1352 dies
1577 1304 1660 1351 est
1690 1295 1970 1351 hominum

367 1399 468 1454 pro
497 1384 649 1438 libitu
681 1399 799 1453 suo,
834 1384 930 1438 sed
962 1391 1092 1440 tunc
1121 1385 1221 1439 erit
1253 1384 1369 1439 dies
1399 1385 1634 1440 Domini.
1664 1385 1822 1442 Sicut
1849 1388 1967 1456 fur.

366 1473 447 1528 Ita
477 1472 807 1544 improvisus
837 1473 1018 1528 veniet
1047 1473 1206 1527 malis
1237 1481 1362 1528 tunc
1387 1515 1400 1542 ,
1435 1473 1578 1545 quod
1627 1482 1679 1528 et
1717 1474 1771 1528 in
1821 1474 1969 1529 obitu

367 1562 632 1632 cujusque
662 1561 738 1616 ﬁt.
771 1561 920 1616 Sicut
951 1561 1054 1625 fur,
1088 1577 1198 1617 non
1227 1561 1350 1616 dico
1381 1562 1469 1616 die
1500 1562 1597 1616 sed
1627 1570 1808 1627 nocte,
1845 1579 1969 1618 cum

363 1649 616 1704 Iatentius
645 1649 826 1715 venit,
861 1657 914 1704 et
944 1649 1192 1704 homines
1234 1649 1540 1716 dormiunt,
1600 1658 1728 1706 tunc
1784 1651 1967 1705 omnia

2073 460 2214 516 malo
2248 463 2507 529 redditur,
2559 465 2604 518 si
2652 465 3027 537 corripiendus
3071 481 3180 522 non
3227 467 3530 538 corripitur,
3561 471 3648 527 sed

2071 566 2238 621 prava
2265 552 2698 608 dissimulatione
2719 553 3034 627 negligitur.
3077 556 3142 610 In
3175 571 3386 622 omnes,
3412 565 3511 613 etc.
3553 557 3648 615 Ge-

2072 639 2328 695 neraliter
2339 641 2406 695 ad
2421 657 2630 696 omnes.
2645 643 2778 698 Sine
2796 643 3238 701 intermissione.
3256 645 3315 700 Id
3333 653 3432 710 est,
3451 663 3649 718 semper

2066 727 2210 797 juste
2248 729 2411 785 vivite
2450 737 2503 785 et
2540 738 2747 786 aeterna
2803 731 3125 788 desiderate.
3166 734 3352 788 Justus
3390 751 3650 807 nunquam

2072 817 2270 872 desinit
2290 833 2480 885 orare,
2504 818 2608 873 nisi
2642 819 2853 875 desinat
2885 821 3066 890 justus
3103 837 3246 879 esse.
3290 823 3516 894 Semper
3549 834 3651 880 orat

2073 906 2167 977 qui
2201 922 2416 978 semper
2449 906 2588 963 bene
2623 907 2754 981 agit.
2795 908 2978 980 Ipsum
3019 910 3162 966 enim
3200 911 3525 966 desiderium
3561 913 3652 970 bo-

2072 1009 2202 1049 num
2227 1038 2240 1062 ,
2277 995 2445 1052 oratio
2483 1004 2595 1064 est;
2647 1005 2701 1053 et
2757 997 2803 1053 si
2841 999 3154 1055 continuum
3191 1007 3275 1056 est
3313 1000 3649 1074 desiderium,

2072 1083 2324 1138 continua
2355 1092 2436 1139 est
2473 1085 2663 1141 oratio.

2143 1199 2313 1256 Vens.
2341 1203 2428 1256 18.
2451 1231 2520 1240 -
2539 1203 2606 1258 In
2641 1202 2877 1260 Christo.
2915 1204 3013 1258 Est
3041 1212 3258 1260 ostensa
3277 1203 3527 1261 voluntas
3542 1205 3650 1272 Dei,

2072 1288 2197 1358 quia
2215 1289 2332 1345 haec
2351 1288 2569 1345 fuerunt
2608 1290 2663 1344 in
2704 1291 2934 1361 Christo,
2957 1292 3013 1346 in
3050 1308 3158 1364 quo
3179 1293 3314 1348 nihil
3348 1294 3464 1349 Deo
3483 1293 3654 1364 displi-

2071 1375 2198 1431 cuit.
2223 1377 2501 1449 Spiritum
2513 1381 2708 1435 nolite.
2726 1379 2860 1448 Quia
2883 1381 3131 1436 voluntas
3143 1382 3243 1437 Dei
3265 1391 3347 1437 est
3364 1381 3538 1438 facere
3551 1383 3656 1439 haec

2071 1465 2273 1533 omnia,
2316 1481 2412 1522 vos
2452 1468 2687 1536 majores
2726 1468 2818 1540 qui
2856 1469 3071 1524 habetis
3111 1487 3212 1540 per
3249 1471 3510 1542 Spiritum
3546 1488 3657 1526 san-

2071 1561 2235 1621 ctum,
2260 1554 2464 1610 donum
2500 1555 2892 1629 intelligentiae,
2933 1558 3100 1614 nolite
3136 1559 3270 1614 illud
3310 1560 3654 1626 abscondere,

2071 1659 2178 1712 quo
2197 1643 2390 1698 merito
2412 1653 2465 1698 et
2486 1661 2583 1700 vos
2612 1646 2934 1716 perderetis.
2975 1649 3083 1702 Vos
3123 1648 3322 1703 subditi
3360 1649 3654 1718 prophetiae

367 1737 596 1808 subripit
629 1754 643 1792 τ
675 1745 732 1792 ιιι
762 1738 854 1810 qui
883 1738 1105 1793 divitem
1136 1755 1195 1793 se
1226 1738 1449 1809 putabat
1472 1781 1486 1806 ,
1519 1738 1784 1811 evigilans
1833 1739 1966 1793 nihil
1985 1733 2038 1793 B
2068 1730 2282 1786 illorum
2303 1732 2768 1804 nolitespernere,
2795 1741 2976 1790 tamen
3015 1751 3124 1791 non
3160 1735 3340 1792 omnia
3377 1736 3657 1792 indiscrete

363 1827 618 1881 inveniat.
675 1826 747 1880 Ita
794 1827 949 1881 multi
993 1827 1080 1882 hic
1123 1826 1262 1882 bene
1311 1827 1528 1903 securi,
1575 1827 1707 1882 nihil
1746 1828 1872 1883 boni
1904 1844 1964 1884 se

365 1915 573 1969 habere
590 1922 724 1970 tunc
749 1914 1048 1970 invenient.
1082 1916 1310 1984 Propter
1338 1915 1443 1971 hoc
1471 1914 1693 1986 incmpit
1722 1916 1790 1971 de
1820 1925 1961 1972 tem-

364 2003 587 2073 poribus
617 2011 674 2058 ut
701 2011 952 2059 moneret
981 2019 1078 2060 eos
1099 2018 1294 2061 cavere
1316 2004 1438 2072 sibi,
1463 2021 1532 2061 ne
1562 2004 1636 2059 ita
1663 2003 1964 2076 deprehen-

362 2088 582 2147 dantur.

434 2180 606 2236 Vnns.
640 2183 693 2236 3.
727 2209 796 2220 —-
828 2181 966 2237 Cum
1020 2181 1174 2237 enim
1230 2180 1509 2238 dixerint.
1560 2183 1701 2237 Nam
1741 2181 1879 2239 sicut
1907 2181 1962 2237 in

362 2269 547 2326 verbis
585 2268 823 2324 Danielis
854 2269 1127 2324 invenitur
1160 2287 1174 2324 :
1207 2269 1479 2342 Regnabit
1516 2271 1880 2328 Antichristus
1909 2280 1963 2327 et

361 2357 594 2412 ministri
623 2359 739 2428 ejus
771 2358 944 2414 tribus
966 2358 1120 2413 annis
1140 2367 1192 2414 et
1210 2357 1454 2424 dimidio,
1488 2369 1540 2416 et
1567 2359 1962 2416 interﬁcientur

361 2445 432 2501 ab
459 2445 554 2501 illo
581 2446 728 2501 Elias
758 2454 812 2501 et
840 2446 1048 2516 Enoch,
1097 2446 1236 2502 sicut
1267 2455 1319 2502 et
1348 2447 1404 2501 in
1428 2447 1758 2520 Apocalypsi
1787 2449 1960 2504 habe-

360 2542 450 2588 tur
482 2553 495 2588 :
528 2533 597 2589 Et
624 2541 754 2590 tunc
783 2535 885 2590 erit
916 2535 1036 2589 talis
1079 2535 1353 2591 tribulatio
1380 2579 1392 2602 ,
1442 2537 1620 2608 qualis
1669 2546 1794 2593 ante
1851 2553 1961 2594 non

361 2621 480 2689 fuit,
514 2638 616 2680 nec
642 2631 767 2695 post
796 2623 918 2679 erit.
969 2625 1162 2680 Postea
1221 2623 1575 2682 interﬁcietur
1620 2641 1652 2681 a
1698 2626 1960 2683 Michaele

358 2725 481 2767 cum
511 2712 746 2767 maxima
777 2720 927 2783 parte
957 2728 1204 2768 suorum.

429 2800 598 2856 Vens.
633 2804 683 2856 5.
717 2829 787 2842 --
815 2803 947 2857 Filii
979 2803 1141 2858 lucis.
1194 2801 1354 2857 Fides
1404 2810 1486 2858 est
1533 2802 1624 2857 lux
1669 2819 1790 2875 qua:
1833 2803 1960 2858 facit

356 2888 540 2955 diem,
574 2890 630 2945 id
668 2898 752 2946 est
783 2889 1021 2945 habitum
1067 2890 1359 2958 virtutum;
1427 2898 1651 2948 econtra
1715 2891 1958 2948 tenebra)

357 2986 482 3034 sunt
510 2977 798 3035 infidelitas
822 3020 835 3047 ,
869 2994 976 3034 nox
1005 2978 1220 3034 habitus
1268 2980 1539 3035 vitiorum.
1593 2981 1714 3036 Non
1761 2996 1956 3036 sumus

358 3069 541 3122 noctis
561 3084 737 3139 neque
760 3067 1140 3133 tenebrarum,
1168 3076 1272 3122 etc.
1307 3067 1365 3121 Id
1386 3076 1487 3136 est,
1511 3069 1566 3121 in
1596 3068 1956 3139 praesentibus
1983 3093 2031 3155 ρ

357 3171 468 3210 non
498 3163 834 3225 torpeamus,
869 3155 967 3210 sed
997 3154 1184 3227 vigilet
1212 3171 1367 3210 mens
1399 3157 1684 3212 attendens
1721 3157 1838 3212 haec
1859 3173 1959 3212 ca-

361 3242 538 3312 duca,
573 3251 626 3298 et
654 3242 836 3298 sobrie
865 3243 949 3297 his
982 3251 1214 3310 utamur,
1247 3260 1354 3300 non
1389 3244 1545 3315 quasi
1574 3245 1730 3300 bonis
1759 3246 1962 3300 nostris

357 3331 455 3387 sed
485 3331 557 3386 ad
587 3331 1035 3387 sustentationem
1081 3333 1243 3388 datis.
1297 3333 1433 3389 Vere
1474 3351 1574 3388 nos
1604 3334 1694 3406 qui
1725 3350 1834 3390 non
1865 3351 1961 3388 su-

359 3437 481 3474 mus
511 3421 688 3476 noctis
717 3437 827 3475 non
856 3420 1118 3477 debemus
1149 3421 1405 3478 dormire.
1449 3423 1591 3477 Nam
1622 3422 1714 3494 qui
1743 3423 1958 3491 dormit,

357 3516 585 3580 propter
615 3516 830 3565 noctem
862 3509 1093 3576 dormit,
1129 3509 1182 3566 id
1214 3519 1296 3566 est
1334 3511 1466 3566 vitia
1513 3519 1565 3567 et
1611 3519 1836 3583 peccata
1866 3529 1963 3567 sua

358 3605 632 3652 traxerunt
662 3613 756 3653 eos
786 3597 854 3652 ad
883 3599 1005 3665 hoc,
1029 3606 1086 3652 ut
1115 3599 1265 3654 obliti
1287 3600 1408 3656 vitae
1431 3608 1648 3656 a-ternm
1667 3600 1719 3654 in
1743 3601 1861 3656 istis
1882 3618 1963 3658 re«

358 3686 660 3758 quiescant,
684 3695 735 3741 et
756 3687 848 3759 qui
870 3687 1008 3743 ebrii
1029 3696 1183 3755 sunt,
1209 3689 1294 3743 his
1333 3688 1686 3745 immoderate
1716 3690 1916 3746 utendo
1944 3709 1958 3759 ;

360 3791 425 3829 ex
456 3783 614 3832 nocte
643 3775 898 3831 vitiorum
929 3777 1033 3832 hoc
1062 3777 1281 3832 habent.

427 3865 622 3920 Induti
653 3864 906 3931 loricam,
941 3873 1045 3921 etc.
1081 3865 1230 3920 Sicut
1254 3864 1424 3922 lorica
1454 3866 1626 3920 munit
1656 3865 1857 3932 vitalia,
1891 3866 1963 3920 ita

358 3950 494 4007 fides
550 3960 605 4008 et
645 3953 883 4009 charitas
949 3970 1051 4009 nos
1117 3961 1309 4010 contra
1372 3955 1672 4025 appetitum
1710 3962 1961 4011 terreno-

363 4056 484 4096 rum
493 4079 507 4095 ο

431 4129 601 4184 Vsus.
637 4132 723 4185 13.
756 4159 825 4170 -
859 4132 924 4189 Ut
955 4131 1208 4187 habeatis
1228 4132 1378 4186 illos.
1405 4131 1725 4186 Necessaria
1753 4131 1832 4185 eis
1853 4131 1961 4184 mi-

358 4218 672 4287 nistrando,
709 4228 763 4274 et
793 4220 1150 4275 reverentiam
1180 4219 1430 4292 dignitati
1461 4220 1785 4274 exhibendo.
1819 4218 1964 4289 Quid

359 4307 506 4364 enim
535 4308 756 4379 prodest
787 4310 1048 4364 honorem
1081 4308 1198 4363 sine
1229 4307 1409 4363 fructu
1440 4309 1642 4363 habere
1663 4308 1690 4362 ?
1723 4307 1872 4364 Sicut
1887 4309 1962 4363 di-

360 4395 502 4452 vitia:
531 4396 923 4468 negligentiam
967 4395 1186 4467 pariunt
1225 4397 1412 4451 salutis
1439 4439 1450 4463 ,
1485 4397 1557 4451 ita
1583 4403 1799 4467 egestas
1830 4397 1960 4451 dum

2063 1821 2361 1890 accipiatis,
2404 1823 2503 1878 sed
2538 1825 2787 1895 probate,
2832 1824 2886 1878 id
2927 1833 3010 1880 est
3047 1825 3256 1881 ratione
3295 1825 3572 1890 discutite,
3607 1835 3657 1882 et

2065 1909 2211 1980 quod
2231 1909 2434 1966 bonum
2456 1911 2728 1967 invenitur
2743 1921 2941 1968 tenete.
2958 1915 3236 1986 Spiritum
3254 1916 3436 1971 nolite
3456 1917 3656 1971 exstin-

2063 2015 2251 2070 guere,
2275 1999 2329 2053 id
2353 2007 2434 2054 est
2459 2018 2472 2054 :
2499 2002 2554 2056 Si
2576 2001 2663 2056 cui
2682 2001 2915 2072 Spiritus
2939 2010 3161 2059 sanctus
3197 2002 3268 2058 ad
3308 2019 3501 2059 aurem
3537 2003 3654 2074 quid

2063 2087 2302 2157 revelat,
2338 2087 2450 2144 noli
2487 2089 2784 2159 prohibere
2815 2090 2966 2162 loqui
3003 2091 3150 2162 quod
3187 2093 3372 2147 sentit.
3419 2092 3659 2163 Spiritum

2063 2185 2309 2230 sanctum
2353 2176 2446 2248 qui
2484 2177 2644 2233 datus
2684 2186 2763 2233 est
2801 2179 2958 2234 nobis
2984 2223 2997 2246 ,
3039 2195 3150 2235 non
3187 2188 3452 2252 quantum
3490 2180 3544 2235 in
3581 2197 3652 2249 se,

2062 2263 2162 2318 sed
2199 2264 2255 2318 in
2283 2265 2440 2319 nobis
2464 2307 2478 2335 ,
2521 2267 2918 2340 exstinguimus
2940 2312 2956 2335 ,
3014 2267 3142 2324 dum
3182 2269 3466 2340 peccando
3507 2269 3655 2342 fuga-

2064 2368 2204 2407 mus.

2133 2485 2302 2541 Vens.
2325 2489 2413 2543 23.
2434 2517 2505 2527 --
2519 2488 2640 2560 Ipse
2661 2493 2852 2544 autem
2871 2491 3015 2553 Deus
3041 2491 3201 2562 pacis
3237 2491 3556 2561 sanctiﬁcet
3576 2509 3657 2548 vos

2055 2591 2160 2647 per
2199 2576 2409 2643 omnia,
2449 2584 2553 2632 etc.
2591 2577 2651 2632 Id
2687 2585 2788 2643 est,
2817 2593 2919 2650 ego
2955 2579 3028 2632 ita
3066 2579 3324 2650 praelatos
3348 2588 3404 2635 et
3425 2580 3657 2635 subditos

2058 2679 2274 2730 moneo,
2298 2664 2415 2735 ipse
2436 2674 2616 2720 autem
2651 2667 2799 2722 Deus
2817 2675 2901 2721 est
2931 2667 3023 2738 qui
3041 2675 3238 2738 potest.
3275 2669 3524 2741 Spiritus
3553 2686 3659 2725 ves-

2061 2755 2166 2806 ter.
2188 2751 2344 2808 Ratio
2368 2761 2616 2808 servetur
2635 2754 2880 2828 integra,
2921 2772 3031 2811 non
3071 2756 3466 2812 consentiendo
3495 2757 3651 2813 carni.

2063 2840 2130 2894 Et
2149 2840 2371 2896 Anima.
2397 2841 2455 2896 Id
2493 2850 2572 2896 est
2599 2886 2611 2909 ,
2637 2842 2960 2898 sensualitas
2999 2853 3253 2900 servetur
3280 2844 3516 2918 integra,
3541 2862 3654 2900 ser-

2060 2927 2258 2986 viendo
2296 2929 2513 2985 rationi.
2536 2933 2608 2987 Et
2627 2947 2843 3004 corpus.
2885 2933 2955 2988 Ut
2984 2932 3115 2986 nihil
3135 2933 3312 3006 agatis
3353 2935 3472 3003 ejus
3512 2933 3658 2988 mini-

2062 3017 2244 3073 sterio.
2268 3018 2422 3074 Unde
2442 3019 2636 3090 aliquis
2669 3031 3051 3092 conqueratur.
3085 3021 3395 3094 Aliquando
3427 3022 3655 3094 inquina-

2063 3111 2152 3158 tur
2183 3107 2362 3160 anima
2391 3123 2490 3178 per
2528 3109 2910 3181 cogitationem
2948 3109 3145 3164 malam
3187 3119 3240 3166 et
3280 3119 3367 3165 est
3409 3111 3659 3166 mundum

2065 3201 2244 3248 tamen
2278 3210 2494 3266 corpus.
2529 3197 2764 3269 Ideoque
2808 3198 3053 3269 spiritum
3085 3199 3360 3270 integrum
3395 3200 3453 3253 in
3492 3198 3658 3254 homi-

2063 3299 2132 3337 ne
2153 3283 2282 3339 dicit
2297 3300 2420 3339 esse
2440 3285 2660 3340 debere.
2687 3286 2742 3341 Si
2763 3295 2947 3342 autem
2975 3287 3115 3341 mala
3136 3287 3240 3342 vita
3263 3329 3278 3357 ,
3299 3288 3391 3343 vel
3411 3287 3658 3360 cogitatio

2062 3371 2382 3437 intercedat,
2408 3390 2516 3428 non
2535 3374 2632 3429 erit
2664 3374 2906 3445 spiritus.
2941 3375 3174 3446 Spiritus
3203 3385 3257 3431 et
3275 3377 3461 3431 anima
3481 3385 3533 3432 et
3551 3391 3660 3433 cor-

2062 3475 2165 3531 pus
2177 3461 2373 3532 quibus
2390 3462 2553 3518 homo
2566 3471 2792 3530 constat,
2809 3465 3012 3519 scilicet
3023 3464 3154 3519 illud
3169 3481 3277 3536 quo
3288 3464 3655 3537 intelligimus,

2064 3557 2116 3603 et
2136 3548 2268 3603 illud
2308 3566 2414 3621 quo
2432 3551 2663 3606 vivimus
2685 3560 2736 3607 et
2775 3552 2909 3607 illud
2938 3569 3046 3625 quo
3083 3552 3326 3609 visibiles
3362 3561 3418 3608 et
3455 3551 3660 3610 contre-

2062 3636 2286 3693 ctabiles
2317 3655 2524 3706 sumus,
2561 3657 2682 3711 quae
2704 3657 2894 3696 rursus
2928 3642 3036 3698 duo
3063 3642 3340 3709 dicuntur,
3376 3643 3504 3715 quia
3523 3658 3659 3714 saepe

2062 3725 2244 3780 anima
2281 3742 2406 3783 cum
2454 3728 2648 3800 spiritu
2697 3730 3024 3784 nominatur.
3061 3731 3192 3786 Sine
3231 3733 3487 3804 querela.
3508 3729 3660 3785 Aliud

2064 3823 2145 3869 est
2176 3831 2297 3871 esse
2329 3817 2444 3871 sine
2474 3827 2720 3888 peccato,
2756 3818 2902 3888 quod
2931 3819 2999 3874 de
3032 3819 3149 3874 solo
3179 3818 3234 3873 in
3265 3820 3373 3875 hac
3406 3819 3519 3875 vita
3538 3819 3661 3875 Uni-

2063 3903 2249 3975 genito
2270 3905 2472 3961 dictum
2503 3915 2602 3961 est.
2635 3907 2797 3962 Aliud
2827 3915 2911 3963 est
2932 3924 3054 3963 esse
3085 3908 3200 3963 sine
3235 3909 3491 3979 querela,
3525 3907 3662 3979 quod

2063 3991 2131 4047 de
2161 3993 2343 4047 multis
2381 3995 2543 4063 justis
2581 3995 2740 4050 etiam
2780 3995 2836 4050 in
2882 3997 2983 4052 hac
3017 3995 3129 4051 vita
3165 3996 3274 4053 dici
3303 3998 3502 4068 potuit.
3537 3995 3666 4065 Quia

2064 4087 2147 4134 est
2167 4081 2386 4150 quidam
2421 4083 2617 4139 modus
2655 4084 2814 4140 bonae
2853 4085 2977 4141 vitae
2999 4127 3013 4154 ,
3054 4085 3122 4141 de
3162 4101 3272 4157 quo
3306 4087 3477 4141 etiam
3499 4085 3553 4140 in
3571 4086 3663 4139 ista

2063 4171 2493 4238 conversatione,
2527 4173 2673 4242 justa
2709 4174 2931 4245 querela
2952 4190 3076 4229 esse
3115 4190 3224 4230 non
3256 4175 3456 4247 possit.
3482 4177 3548 4232 In
3565 4173 3664 4231 ad-

2064 4260 2258 4312 ventu.
2282 4259 2398 4315 Hoc
2428 4268 2512 4315 est
2531 4277 2705 4333 usque
2727 4262 2794 4316 ad
2814 4262 2978 4318 tinem
3008 4261 3153 4318 vitae.

2149 4392 2319 4449 Vens.
2352 4396 2440 4453 24.
2464 4395 2777 4452 —Fidelis.
2822 4396 2988 4465 Quasi
3011 4395 3154 4452 dicat
3178 4414 3192 4450 :
3217 4395 3331 4453 Oro
3371 4403 3432 4452 ut
3474 4396 3665 4454 sancti-

359 4485 589 4540 saturari
603 4455 843 4557 ‘qu‘aerit,
878 4501 908 4540 a
931 4455 1138 4555 justitia
1168 4455 1586 4542 declinatdldeo
1613 4455 1669 4541 in
1699 4485 1808 4542 alia
1837 4486 1958 4557 epi-
1987 4455 2040 4514 D
2069 4486 2192 4543 ﬂeet
2211 4531 2224 4557 ,
2260 4493 2318 4540 ut
2364 4483 2724 4541 sanctiﬁcatos
2764 4455 2946 4540 servet
2968 4527 2981 4552 ,
3024 4500 3128 4542 nec
3156 4484 3284 4541 inde
3312 4486 3664 4542 dubitandum

361 4573 498 4629 stola
527 4573 777 4645 praecipit
804 4574 1154 4654 presbyteros
1177 4574 1380 4646 duplici
1398 4575 1608 4631 honore
1639 4590 1763 4631 esse
1791 4576 1963 4631 hono-

366 4661 587 4720 randos.

2063 4583 2163 4641 est,
2199 4574 2323 4646 quia
2355 4589 2516 4629 verus
2555 4580 2640 4629 est
2674 4573 2731 4628 in
2767 4573 3070 4645 promissis,
3103 4574 3197 4646 qui
3231 4575 3457 4634 vocavit
3473 4591 3572 4631 vos
3599 4573 3662 4629 ad

2062 4663 2168 4720 hoc
2189 4671 2247 4718 ut
2277 4662 2449 4718 sancti
2479 4662 2692 4718 essetis.

1093 4953 1543 5025 EPISTOLA
1602 4954 1671 5024 II
1737 4953 1869 5024 AD
1931 4949 2898 5026 THESSALONICENSES.

911 5179 1420 5239 ARGUMENTUM.

429 5298 513 5354 Ad
542 5297 1059 5355 Thessalonicenses
1089 5296 1385 5352 secundam
1426 5296 1612 5352 scribit
1655 5297 1959 5373 Epistolam

363 5387 656 5458 Apostolus
680 5432 692 5454 ,
727 5395 780 5442 et
809 5394 994 5442 notum
1025 5385 1152 5441 facit
1179 5385 1257 5441 eis
1288 5385 1356 5440 de
1385 5386 1720 5456 temporibus
1768 5388 1957 5442 novis-

362 5475 535 5544 simis,
573 5485 624 5532 et
653 5475 721 5530 de
743 5474 1038 5530 adversarii
1072 5473 1390 5544 dejectione.
1426 5474 1625 5530 Scribit
1654 5475 1794 5531 hanc
1824 5475 1959 5548 Epi-

364 5564 560 5622 stolam
588 5565 656 5620 ab
686 5563 912 5621 Athenis
929 5579 1028 5635 per
1047 5563 1222 5620 Titum
1242 5564 1529 5620 diaconem
1559 5572 1614 5621 et
1643 5563 1962 5622 Onesimum

361 5652 692 5724 acolythum.

2582 5179 2804 5237 CAPUT
2841 5175 3133 5238 PRIMUM.

2131 5299 2298 5354 Vsus.
2332 5302 2385 5353 3.
2422 5327 2491 5338 -—
2532 5297 2756 5354 Gratias
2795 5314 2976 5369 agere,
3019 5305 3125 5354 etc.
3167 5296 3269 5354 Hic
3302 5295 3522 5369 gratias
3560 5293 3671 5370 agit

2056 5384 2174 5444 Deo
2211 5388 2280 5442 de
2320 5388 2476 5442 bonis
2511 5403 2736 5457 eorum,
2766 5403 2834 5442 ne
2863 5386 3003 5442 forte
3033 5387 3102 5441 de
3148 5394 3293 5441 tanto
3334 5385 3488 5441 bono
3527 5383 3672 5458 quod

2061 5492 2127 5532 ex
2166 5477 2282 5531 Deo
2327 5475 2635 5542 habebant,
2677 5475 3022 5542 extollantur,
3084 5484 3338 5546 tanquam
3384 5491 3417 5529 a
3479 5472 3673 5545 seipsis

2061 5566 2343 5622 habentes.
2384 5567 2452 5621 In
2489 5567 2754 5621 invicem.
2778 5565 2844 5621 Ut
2866 5564 3110 5633 scilicet,
3154 5563 3247 5637 qui
3281 5562 3536 5636 diligitur
3557 5562 3674 5619 dili-

2061 5662 2155 5727 gat
2199 5653 2371 5725 alios,
2412 5661 2466 5711 et
2493 5652 2698 5711 mutuis
2734 5653 3014 5726 obsequiis
3053 5653 3376 5711 charitatem
3426 5651 3682 5710 ostendat
