3964 6178
455 220 551 274 ϐἱί

1271 217 1543 276 GLOSSA
1581 217 1989 277 0RD1NARIA.
2033 250 2102 262 —
2139 219 2356 277 EPIST.
2399 222 2446 277 II
2476 222 2570 278 AD
2634 223 2874 279 THESS.

3641 235 3746 288 622

527 340 700 394 Vsus.
731 342 784 395 5.
807 370 877 380 —
908 341 972 396 In
1002 341 1329 414 exemplum
1337 345 1509 414 justi,
1545 350 1650 400 etc.
1679 342 1736 399 Si
1767 343 1910 399 enim
1943 351 2052 398 tam
2081 346 2137 406 Α
2229 345 2397 401 Vens.
2430 349 2480 400 3.
2517 375 2586 387 —-
2620 348 2894 415 Quoniam
2911 349 3027 403 nisi
3061 352 3297 406 venerit.
3332 351 3758 426 Occulteloqui-

448 443 640 484 severe
667 429 821 498 punit
876 439 1097 500 peccata
1127 430 1184 485 in
1241 431 1650 503 panitentibus,
1705 431 1837 502 quid
1897 431 2057 488 faciet

449 515 715 571 induratis
736 517 765 571 ἢ
793 518 909 574 Hoc
947 519 1097 588 dicit,
1129 526 1186 573 ut
1214 518 1554 590 intelligatur
1597 521 1742 593 quod
1773 536 1881 576 non
1927 537 2055 591 par-

447 605 525 660 cit
554 605 734 676 impiis
767 606 859 677 qui
888 621 998 662 non
1024 608 1194 679 parcit
1218 608 1398 676 justis.
1431 611 1584 665 Justi
1615 628 1634 665 :
1669 611 1720 665 si
1753 615 1947 666 tamen
1967 613 2056 680 ju-

447 698 606 749 stum
642 699 748 761 est,
777 696 924 767 quod
943 705 1156 753 constat
1189 713 1332 754 esse.
1363 698 1488 754 Non
1520 698 1667 754 enim
1695 698 1917 769 ponitur
1944 697 2051 768 hic,

443 783 501 837 si
548 787 761 852 tamen,
801 800 903 855 pro
950 785 1306 853 dubitatione,
1366 787 1464 842 sed
1518 803 1620 858 pro
1675 787 2052 857 afﬁrmatione,

449 878 597 934 unde
618 878 759 934 alius
786 878 1056 952 interpres
1075 881 1148 936 ait
1173 900 1186 936 :
1222 882 1508 954 Siquidem
1523 885 1719 955 justus
1739 887 1843 950 est,
1876 891 1980 939 etc.

520 967 690 1022 Vaas.
725 970 779 1023 7.
812 998 884 1010 —
932 971 998 1025 In
1040 972 1462 1027 reuelationem.
1527 971 1722 1043 Incipit
1759 972 2054 1028 ostendere

451 1071 618 1127 quam
664 1055 942 1112 horribilis
990 1057 1264 1115 tribulatio
1309 1059 1440 1126 illis,
1499 1067 1554 1116 et
1606 1076 1770 1132 quam
1813 1061 2056 1130 jucunda

438 1143 659 1216 requies
688 1145 816 1201 istis
845 1145 1032 1204 futura
1061 1155 1165 1203 est.

527 1233 690 1288 ans.
725 1237 777 1289 8.
811 1265 882 1275 —
910 1236 1137 1292 Domini
1177 1237 1328 1292 Iesu.
1388 1236 1667 1293 Venientis
1713 1240 1776 1294 in
1819 1239 2055 1307 ﬂamma

442 1322 598 1393 ignis
619 1337 729 1378 non
761 1324 908 1394 quod
931 1323 1002 1378 sit
1033 1325 1254 1379 ﬂamma
1283 1324 1673 1393 circumdatus,
1706 1325 1804 1381 sed
1840 1344 1938 1396 per
1975 1326 2054 1382 ef-

443 1408 670 1480 fectum,
701 1411 830 1484 quia
860 1413 1107 1468 inimicos
1137 1421 1343 1470 exuret.
1377 1415 1473 1470 His
1504 1417 1599 1488 qui
1620 1432 1734 1471 non
1773 1419 2054 1472 noverunt

441 1500 642 1555 Deum.
667 1500 808 1555 Nam
835 1500 928 1556 alii
950 1510 1074 1556 sunt
1107 1503 1199 1572 qui
1216 1503 1462 1558 nesciunt
1491 1503 1690 1576 legem.

519 1589 690 1643 Vsus.
718 1593 776 1644 9.
798 1619 868 1630 —
899 1591 1005 1660 Qui
1020 1609 1216 1663 poenas
1239 1592 1476 1647 dabunt.
1502 1593 1562 1646 Id
1586 1600 1668 1646 est
1687 1591 2047 1647 sustinebunt.

443 1677 596 1732 Dare
612 1676 758 1732 enim
781 1677 1075 1750 aliquando
1095 1681 1434 1752 ponitur,pro
1456 1680 1744 1749 sustinere,

438 1765 509 1819 Et
539 1780 803 1838 congrue,
833 1767 924 1839 qui
956 1768 1101 1822 enim
1129 1769 1348 1840 patitur,
1375 1769 1469 1824 dat
1497 1769 1548 1825 ei
1597 1786 1762 1842 quem
1809 1768 2053 1837 oﬂ'endit,

441 1868 639 1923 panas
651 1854 806 1926 quasi
826 1863 1007 1928 gratas
1019 1896 1034 1911 .
1055 1857 1120 1912 In
1139 1859 1384 1913 interitu
1396 1861 1575 1914 atern
1585 1875 1648 1914 as
1661 1899 1673 1912 .
1697 1857 1862 1928 Quasi
1874 1858 2018 1913 dicat
2041 1877 2054 1914 :

442 1941 678 2013 Semper
695 1943 931 2000 sentient
957 1960 1167 2015 panas,
1190 1961 1301 2002 non
1323 1953 1503 2001 tamen
1525 1963 1742 2018 semper
1763 1945 2046 2002 deﬁcient.

533 2031 673 2086 Cum
694 2035 915 2088 venerit
930 2034 1258 2105 gloriﬁcari,
1293 2042 1400 2091 etc.
1451 2035 1574 2105 Ipse
1603 2035 1748 2090 enim
1793 2035 1974 2090 clarus
2003 2041 2057 2090 et

440 2119 711 2174 mirabilis
743 2121 1016 2177 videbitur
1062 2122 1116 2176 in
1174 2111 1538 2192 credentibus,
1601 2141 1826 2180 severus
1875 2132 2053 2178 autem

447 2209 741 2280 apparebit
797 2209 850 2263 in
903 2209 1236 2279 incredulos,
1271 2227 1393 2268 cum
1448 2227 1544 2267 eos
1599 2213 1777 2283 panis
1832 2211 2050 2267 ater-nis

444 2297 771 2353 coarctabit.
811 2298 880 2352 Et
917 2306 1000 2355 est
1026 2299 1214 2355 horum
1253 2300 1540 2356 verborum
1579 2300 1759 2356 brevis
1797 2317 1990 2357 sensus
2032 2317 2046 2354 :

441 2385 641 2441 Veniet
661 2386 854 2457 punire
883 2387 1075 2452 malos,
1111 2395 1162 2443 et
1189 2387 1502 2460 gloriﬁcare
1532 2389 1724 2444 bonos.

524 2473 696 2529 Vsus.
733 2477 818 2529 10.
851 2506 921 2516 —
957 2477 1097 2544 Quia
1138 2478 1546 2534 testimonium.
1581 2477 1710 2531 Ideo
1739 2476 1894 2532 vobis
1944 2475 2045 2530 tri-

446 2571 651 2627 bulatis
681 2572 773 2627 dat
803 2573 1045 2644 requiem
1076 2573 1382 2639 nobiscum,
1414 2573 1538 2653 quia
1569 2573 1957 2639 testimonium,
1989 2573 2045 2628 id

441 2678 528 2725 est
558 2669 821 2742 quidquid
852 2669 1088 2725 diximus
1118 2671 1187 2725 de
1215 2670 1307 2727 illo
1347 2671 1435 2725 die
1477 2671 1685 2740 judicii,
1735 2669 2042 2727 credidistis

446 2758 519 2812 de
550 2757 724 2830 gloria
755 2758 1024 2813 bonorum
1055 2768 1107 2814 et
1138 2775 1300 2829 pana
1329 2758 1614 2814 malorum.

517 2847 689 2901 Vens.
725 2850 810 2900 11.
844 2877 914 2887 -
943 2848 1008 2902 1η
1044 2864 1166 2920 quo.
1217 2847 1368 2903 Ordo
1415 2848 1704 2903 verborum
1749 2847 1871 2902 talis
1920 2855 2036 2902 est:

446 2936 516 2991 In
555 2953 658 3008 quo
695 2935 782 2990 die
819 2953 1066 3000 oramus,
1084 2940 1148 2990 ut
1179 2936 1462 3007 dignetur,
1491 2936 1550 2990 id
1572 2945 1653 2990 est
1682 2936 1877 3007 dignos
1904 2935 2041 3004 judi-

440 3031 532 3080 cet
564 3041 578 3078 :
613 3025 841 3097 Semper
859 3041 1106 3081 oramus.
1141 3025 1237 3079 Vel
1261 3027 1322 3080 in
1342 3042 1464 3096 quo,
1490 3025 1544 3078 id
1576 3031 1658 3079 est
1686 3041 1784 3096 pro
1807 3040 1932 3096 quo,
1953 3025 2037 3081 vel
2064 3060 2112 3124 Ο

437 3113 598 3181 cujus
643 3112 749 3168 diei
781 3113 1024 3184 periculo
1075 3114 1314 3183 vitando,
1356 3130 1572 3184 semper
1615 3113 1879 3169 orandum
1936 3121 2036 3168 est.

441 3201 594 3275 Opus
639 3202 791 3271 ﬁdei.
827 3203 884 3258 Id
921 3210 1022 3269 est,
1077 3201 1476 3258 confessionem
1526 3218 1647 3272 qua
1694 3203 1914 3274 proprie
1961 3211 2045 3258 est

436 3306 580 3361 opus
607 3288 735 3346 ﬁdei
762 3291 817 3345 in
865 3291 1083 3358 virtute,
1115 3299 1232 3345 uta
1270 3290 1616 3346 confessione
1673 3290 1822 3346 nullo
1879 3291 2044 3347 modo

436 3379 582 3434 ﬂecti
611 3379 838 3449 possint.
888 3379 1008 3449 Vel,
1055 3396 1191 3451 opus
1237 3377 1384 3445 ﬁdei,
1431 3395 1591 3434 omne
1639 3378 1838 3434 bonum
1897 3379 2042 3450 quod

435 3465 576 3520 ﬁdes
605 3467 773 3540 exigit
806 3484 819 3521 :
854 3475 906 3522 et
929 3467 1046 3522 sine
1070 3468 1268 3538 quibus
1298 3467 1434 3522 ﬁdes
1463 3475 1673 3523 mortua
1703 3475 1804 3522 est.
1830 3468 1894 3522 In
1930 3468 2042 3522 vir-

438 3559 562 3610 tute
592 3556 1031 3626 perseverantia,
1064 3564 1122 3611 ut
1151 3556 1359 3613 scilicet
1380 3556 1472 3612 det
1499 3555 1655 3612 vobis
1683 3572 2043 3628 perseveran-

435 3643 564 3699 tiam
594 3660 768 3716 usque
799 3644 868 3699 ad
894 3643 1075 3700 ﬁnem.

1077 3791 1300 3848 CAPUT
1340 3791 1405 3845 II.

509 3910 680 3966 Vens.
716 3914 765 3964 1.
796 3941 864 3950 -
895 3913 1168 3982 Rogamus
1191 3917 1384 3968 autem
1414 3929 1522 3977 vos,
1553 3913 1787 3982 fratres,
1809 3927 1908 3984 per
1942 3909 2040 3966 ad-

433 4004 670 4056 ventum
690 4001 915 4056 Domini
944 4001 1128 4056 nostri
1163 4003 1296 4056 Jesu
1331 3999 1560 4065 Christi,
1607 4008 1709 4056 etc.
1745 4002 2040 4071 Hucusque

435 4088 573 4142 dixit
602 4104 660 4142 se
690 4087 768 4142 eis
800 4088 1004 4161 gratias
1027 4104 1193 4159 agere
1223 4095 1276 4143 et
1304 4104 1480 4158 orare,
1509 4088 1594 4143 hic
1617 4089 1944 4143 determinat
1972 4088 2040 4144 de

436 4176 526 4232 die
548 4176 759 4245 judicii,
793 4177 1090 4232 obsecrans
1129 4193 1223 4232 eos
1253 4192 1322 4232 ne
1352 4175 1546 4231 leviter
1575 4185 1628 4230 et
1654 4175 1811 4231 facile
1838 4177 1906 4230 de
1936 4177 2039 4230 ad-

436 4273 602 4320 ventu
632 4265 846 4320 Domini
877 4266 1034 4336 quasi
1062 4265 1129 4320 de
1171 4280 1340 4336 prOpe
1387 4264 1689 4320 imminenti
1729 4264 2040 4336 Opinionem

439 4353 708 4424 recipiant
740 4353 826 4409 vel
853 4360 1171 4408 terreantur.

2072 1701 2126 1761 Β
2157 1734 2267 1772 non
2296 1719 2359 1774 in
2382 1680 2748 1792 templofsed
2790 1722 2853 1776 in
2879 1680 3167 1794 rtemplum
3201 1725 3304 1780 Dei

2158 440 2243 488 tur
2263 433 2331 489 de
2362 435 2730 490 destructione
2764 436 2978 506 imperii
3007 437 3257 505 Romani,
3289 457 3357 494 ne
3387 441 3631 498 irritaret
3662 459 3760 499 eos

2158 523 2227 578 ad
2255 524 2691 593 persecutionem
2720 525 3008 581 Ecclesia.
3043 527 3142 581 Vel
3182 529 3286 584 hoc
3317 529 3446 585 dicit
3491 531 3559 587 de
3591 533 3756 602 spiri-

2156 611 2285 666 tuali
2313 611 2544 682 imperio
2591 613 2849 669 Romana
2896 614 3182 686 Ecclesia,
3217 618 3302 672 vel
3345 618 3682 674 discessione
3725 635 3761 675 a

2157 698 2283 754 ﬁde.
2317 701 2437 756 Nisi
2451 704 2668 757 venerit
2688 705 2888 774 refuga
2911 704 3186 775 primum.
3223 705 3312 760 Sic
3342 706 3508 778 aliqui
3537 709 3758 764 codices

2155 787 2372 843 habent.
2403 788 2562 857 Quod
2589 789 2724 844 nulli
2753 790 2974 845 dubium
3003 799 3085 846 est
3134 792 3202 847 de
3249 794 3584 850 Antichristo
3635 812 3758 851 eum

2155 875 2358 931 dixisse
2382 919 2394 943 ,
2440 894 2604 949 quem
2650 878 2902 951 refugam
2949 888 3108 936 vocat
3160 899 3174 935 :
3214 882 3397 954 utique
3439 900 3470 938 a
3525 884 3756 940 Domino

2154 964 2292 1019 Deo.
2325 965 2382 1020 Si
2402 965 2546 1020 enim
2576 967 2683 1022 hoc
2724 967 2793 1022 de
2805 967 3056 1023 omnibus
3077 969 3256 1040 impiis
3287 971 3482 1027 merito
3515 972 3624 1028 dici
3653 987 3758 1044 po-

2155 1060 2280 1118 test,
2316 1061 2516 1124 quanto
2546 1055 2726 1128 magis
2748 1056 2817 1110 de
2847 1055 2952 1111 isto
2977 1054 2989 1110 l
3026 1058 3204 1113 Filius
3219 1059 3577 1131 perditionis.
3611 1061 3758 1117 Anti-

2155 1141 2413 1208 christus,
2450 1159 2562 1198 non
2591 1160 2692 1214 per
2721 1153 2988 1214 naturam,
3019 1147 3115 1200 sed
3145 1162 3248 1217 per
3266 1146 3640 1205 imitationem.

2225 1276 2394 1330 Vsus.
2429 1278 2482 1330 4.
2515 1305 2586 1317 -
2617 1278 2681 1332 In
2723 1280 2947 1351 templo.
2997 1278 3118 1348 Vel,
3168 1283 3462 1352 templum.
3493 1283 3751 1338 Nonnulli

2153 1379 2263 1418 non
2292 1364 2469 1435 ipsum
2497 1365 2800 1437 principem
2831 1375 3054 1433 tantum,
3075 1369 3172 1422 sed
3201 1370 3514 1425 universum
3541 1387 3744 1443 corpus

2154 1453 2290 1522 ejus,
2324 1453 2377 1507 id
2407 1461 2506 1521 est,
2540 1455 2607 1508 ad
2637 1472 2760 1509 eum
2791 1456 3154 1526 pertinentem
3183 1459 3458 1513 hominum
3505 1461 3746 1516 multitu-

2153 1540 2335 1595 dinem
2368 1542 2524 1596 simul
2554 1559 2677 1597 cum
2715 1543 2834 1614 ipso
2889 1545 3135 1615 principe
3191 1547 3294 1602 hoc
3349 1548 3470 1604 loco
3519 1549 3748 1622 intelligi

2153 1629 2338 1684 volunt
2372 1631 2714 1704 :reetiusque
2743 1632 2850 1688 dici
2879 1641 3086 1703 putant,
3118 1633 3257 1690 sicut
3302 1636 3358 1689 in
3404 1635 3598 1692 Graco
3645 1646 3746 1705 est,

3337 1725 3548 1792 sedeat,
3593 1726 3749 1797 quasi

2156 1807 2277 1879 ipse
2313 1823 2438 1864 cum
2485 1810 2598 1864 suis
2642 1811 2711 1865 sit
2755 1811 3017 1882 templum
3045 1813 3166 1879 Dei,
3199 1813 3345 1884 quod
3373 1822 3453 1868 est
3481 1815 3746 1871 Ecclesia.

2157 1896 2306 1952 Sicut
2333 1897 2529 1954 dicitur
2559 1915 2574 1952 :
2610 1898 2772 1953 Sedet
2804 1899 2859 1952 in
2889 1899 3140 1968 amicum,
3174 1899 3231 1954 id
3253 1908 3331 1957 est
3361 1909 3420 1956 ut
3449 1903 3675 1959 amicus.

2225 2046 2394 2100 Vens.
2429 2048 2481 2100 6.
2514 2076 2582 2085 —
2611 2046 2797 2102 Scitis.
2830 2047 2941 2101 Eos
2965 2047 3106 2103 scire
3137 2047 3268 2102 dicit
3314 2047 3442 2119 quid
3489 2047 3746 2118 detineat,

2151 2150 2254 2190 nec
2284 2143 2470 2204 aperte
2501 2135 2740 2205 exponit,
2775 2143 2828 2190 et
2857 2136 2980 2190 ideo
3011 2152 3112 2190 nos
3142 2135 3434 2207 nescimus,
3467 2137 3571 2192 nisi
3602 2137 3747 2208 quod

2151 2222 2372 2294 quidam
2428 2223 2771 2293 suspicantur
2827 2225 2894 2278 de
2956 2225 3198 2279 Romano
3251 2225 3482 2296 imperio
3544 2225 3748 2281 dictum

2148 2311 2335 2380 fuisse,
2369 2311 2546 2368 donec
2582 2312 2818 2382 tollatur,
2861 2311 2948 2367 vel
2997 2313 3064 2367 de
3111 2313 3292 2368 medio
3337 2313 3444 2368 ﬁat.
3497 2315 3564 2369 Et
3619 2315 3745 2369 ideo

2146 2400 2466 2470 Apostolum
2522 2416 2632 2455 non
2697 2401 2752 2455 id
2808 2408 2992 2471 aperte
3049 2402 3291 2456 scribere
3340 2402 3617 2469 voluisse,
3675 2419 3744 2458 ne

2147 2487 2472 2544 calumniam
2523 2489 2729 2544 scilicet
2760 2489 3084 2558 incurreret,
3111 2491 3258 2560 quod
3277 2491 3520 2546 Romano
3558 2491 3741 2561 impe-

2145 2577 2226 2631 rio
2257 2577 2394 2632 male
2430 2577 2712 2647 optaverit,
2763 2594 2884 2632 cum
2929 2586 3235 2647 speraretur
3282 2586 3559 2634 atemum.
3631 2581 3742 2637 Suo

2145 2668 2408 2737 tempore.
2446 2664 2724 2736 Completa
2749 2666 3065 2722 accessione
3094 2667 3161 2720 ad
3211 2668 3512 2722 Romanum
3559 2667 3739 2738 impe-

2142 2754 2299 2819 rium,
2335 2761 2387 2808 et
2424 2755 2491 2808 ad
2522 2754 2778 2810 Romana
2824 2755 3085 2810 Ecclesia
3132 2755 3515 2822 obedientiam,
3571 2755 3743 2810 aderit

2140 2841 2403 2897 discessio
2433 2842 2501 2896 ab
2547 2850 2780 2914 utroque
2821 2843 3050 2914 imperio
3087 2860 3101 2898 :
3135 2861 3239 2915 qua
3295 2844 3514 2914 impleta
3568 2844 3740 2899 aderit

2139 2929 2230 2985 ille
2259 2931 2496 3001 iniquus,
2530 2930 2751 3002 impleto
2783 2940 3026 3002 tempore
3054 2931 3441 2988 misericordia
3471 2948 3577 3004 quo
3607 2933 3734 3004 ple-

2141 3018 2329 3074 nitudo
2357 3019 2600 3092 gentium
2629 3020 2789 3073 intrat
2817 3022 2887 3074 ad
2909 3019 3071 3074 ﬁdem
3106 3038 3119 3074 :
3154 3020 3482 3078 revelabitur
3521 3021 3733 3078 disces-

2143 3107 2245 3173 sio,
2280 3115 2334 3163 et
2362 3107 2440 3164 sic
2467 3108 2689 3163 instabit
2718 3108 2837 3163 dies
2865 3108 3102 3164 Domini.

2213 3276 2382 3331 Vnus.
2415 3277 2469 3331 '7.
2501 3306 2570 3316 —
2599 3277 2740 3332 Nam
2778 3279 3132 3348 mysterium,
3174 3284 3278 3333 etc.
3329 3277 3448 3336 lam
3491 3277 3548 3333 in
3599 3278 3734 3350 ipsis

2143 3363 2308 3417 initiis
2355 3364 2682 3420 accessionis
2710 3365 2977 3419 invenitur
3003 3365 3276 3436 iniquitas,
3334 3367 3431 3422 sed
3482 3368 3734 3438 mystica,

2144 3451 2198 3505 id
2229 3461 2311 3506 est
2337 3452 2551 3522 pietatis
2573 3453 2791 3508 nomine
2821 3453 3056 3524 palliata,
3089 3463 3148 3508 ut
3195 3454 3360 3510 velint
3405 3455 3590 3510 haberi
3639 3455 3740 3509 mi-

2139 3539 2301 3594 nistri
2334 3541 2532 3595 Christi
2561 3557 2683 3597 cum
2715 3542 2820 3596 sint
2848 3542 3078 3611 pseudo.
3112 3543 3373 3598 Diabolus
3405 3543 3610 3600 occulte
3638 3560 3740 3615 per

2139 3629 2412 3683 Neronem
2461 3638 2513 3684 et
2571 3629 2708 3684 alios
2765 3631 3044 3686 occidebat
3100 3641 3387 3703 martyres,
3451 3633 3588 3688 sicut
3643 3648 3742 3704 per

2141 3716 2293 3770 illum
2341 3725 2467 3772 tunc
2515 3725 2705 3788 aperte
2760 3717 2996 3772 facturus
3054 3727 3152 3785 est,
3210 3720 3510 3776 occidendo
3565 3720 3743 3775 Eliam

2139 3814 2189 3860 et
2220 3806 2409 3861 Enoch
2449 3805 2689 3876 aliosque
2720 3805 2983 3875 plurimos
3015 3825 3028 3860 :
3061 3816 3114 3861 et
3170 3816 3292 3862 sunt
3341 3809 3492 3863 Nero
3541 3816 3595 3863 et
3651 3809 3741 3863 alii

2139 3894 2329 3948 umbra
2357 3893 2520 3948 futuri
2551 3894 2885 3963 Antichristi,
2921 3895 3059 3950 sicut
3087 3895 3259 3949 David
3289 3904 3343 3951 et
3388 3897 3526 3951 Abel
3577 3897 3737 3950 Chri-

2141 3981 2228 4037 sti.
2262 3983 2444 4040 Do-nec
2465 3982 2530 4039 de
2553 3983 2732 4038 medio
2751 3983 2875 4051 ﬁat.
2907 3983 2966 4037 Id
2987 3991 3086 4049 est,
3116 3983 3330 4038 tollatur
3359 3983 3449 4038 illa
3494 3993 3736 4056 potestas

2139 4071 2368 4124 Romani
2407 4070 2619 4141 imperii
2667 4071 2734 4125 de
2779 4072 2960 4126 medio
2990 4072 3174 4126 mundi
3211 4090 3223 4126 :
3257 4073 3382 4144 quia
3415 4089 3606 4129 omnes
3638 4091 3737 4129 un-

2138 4159 2302 4230 dique
2333 4160 2559 4214 Romam
2590 4160 2740 4230 quasi
2770 4161 2836 4214 ad
2867 4169 3024 4230 caput
3044 4161 3408 4217 confluebant.
3461 4161 3580 4228 Vel,
3635 4163 3725 4240 qui

2139 4246 2300 4302 ﬁdem
2333 4256 2498 4316 tenet,
2531 4255 2726 4316 teneat,
2762 4249 2935 4304 donec
2964 4249 3085 4320 ipsa
3113 4248 3454 4322 refrigescat.
3485 4250 3604 4318 Vel,
3639 4250 3733 4322 qui

2139 4335 2345 4392 detinet
2372 4337 2543 4406 illum,
2595 4337 2648 4391 id
2680 4345 2764 4392 est
2809 4338 3052 4394 accessio
3107 4338 3175 4392 ad
3231 4338 3412 4405 ﬁdem,
3471 4338 3727 4409 detineat,

516 4418 687 4498 Visus.
721 4446 774 4499 2.
805 4472 874 4482 -
904 4443 1021 4498 Νοη
1043 4444 1531 4500 eitomoveamini.
1567 4441 1734 4511 Quasi
1764 4441 1941 4498 dicat:
1979 4419 2057 4498 Si:

2142 4425 2312 4481 donec
2343 4426 2460 4497 ipsa
2487 4425 2702 4481 tollatur
2731 4426 2797 4481 de
2829 4426 3028 4481 medio.
3061 4426 3178 4496 Vel,
3230 4426 3406 4482 donec
3452 4426 3726 4499 iniquitas,
3817 4467 3820 4470 ι

438 4530 796 4597 moveamini;
830 4530 937 4587 cito
969 4539 1070 4599 est,
1102 4531 1234 4586 nihil
1265 4531 1406 4587 enim
1439 4531 1594 4587 vobis
1624 4531 1852 4586 infertur
1893 4531 2037 4603 quod

437 4618 530 4674 diu
560 4619 734 4674 duret.
762 4620 944 4691 Neque
961 4636 1064 4693 per
1083 4622 1371 4693 spiritum.
1416 4620 1476 4675 Id
1518 4628 1620 4690 est,
1665 4620 1711 4675 si
1759 4620 2032 4693 malignus

434 4707 675 4779 spiritus,
729 4707 884 4779 quasi
913 4707 1142 4782 angelus
1194 4709 1331 4764 lucis
1384 4725 1652 4781 apparens
1708 4709 1763 4762 in
1823 4709 2031 4764 visione

432 4794 534 4851 hoc
561 4796 718 4852 vobis
746 4797 1086 4867 persuadeat.
1123 4797 1240 4867 Vel,
1275 4797 1320 4851 si
1350 4797 1472 4869 quis
1530 4797 1673 4852 dicat
1718 4813 1819 4868 per
1865 4797 2030 4868 Spiri-

433 4890 542 4938 tum
573 4893 822 4940 sanctum
851 4885 1184 4940 revelantem
1227 4887 1330 4940 hoc
1388 4901 1446 4940 se
1503 4885 1830 4958 cognovisse
1880 4885 2026 4956 quod

433 4971 550 5028 dies
569 4973 758 5041 judicii
787 4973 1082 5040 immineat,
1118 4974 1285 5029 nolite
1316 4974 1559 5029 credere.
1585 4976 1766 5045 Neque
1779 4991 1883 5046 per
1901 4976 2026 5046 Epi-

433 5062 656 5117 stolam.
691 5061 878 5118 Solent
905 5063 1051 5117 enim
1079 5063 1551 5136 tergiversatores,
1582 5069 1640 5116 ut
1669 5061 1874 5130 fallant,
1921 5062 2024 5116 sub

433 5150 649 5205 nomine
679 5151 810 5206 clari
837 5150 1066 5220 alicujus
1093 5151 1197 5206 viri
1227 5150 1511 5222 epistolam
1548 5150 1776 5224 ﬁngere,
1824 5158 1880 5204 ut
1917 5165 2020 5205 au-

431 5240 650 5294 ctoritas
678 5240 913 5294 nominis
949 5241 1122 5311 possit
1159 5240 1541 5295 commendare
1600 5240 1746 5312 quod
1801 5256 1902 5310 per
1958 5256 2019 5295 se

425 5325 601 5398 ipsum
634 5329 804 5401 recipi
833 5345 944 5384 non
973 5337 1178 5400 posset.
1220 5331 1391 5398 Quasi
1425 5331 1602 5384 instet
1622 5329 1738 5384 dies
1770 5329 2014 5386 Domini.

425 5414 545 5472 Non
573 5417 678 5475 hoc
707 5417 782 5473 ita
813 5419 942 5474 dicit
974 5419 1105 5494 quin
1141 5419 1288 5485 velit,
1332 5427 1390 5472 ut
1433 5418 1666 5471 habeant
1712 5417 2016 5474 succinctos

425 5503 638 5562 lumbos
667 5514 720 5562 et
748 5506 1000 5564 lucernas
1028 5508 1277 5564 ardentes
1305 5507 1360 5562 in
1389 5506 1658 5574 manibus,
1691 5514 2014 5580 exspectan-

430 5600 510 5651 tes
540 5596 757 5668 quando
785 5605 1093 5656 revertatur
1120 5596 1385 5655 Dominus
1412 5612 1444 5653 a
1471 5594 1692 5668 nuptiis.

2137 4531 2258 4586 qua
2286 4515 2450 4570 modo
2481 4523 2563 4570 est
2589 4515 2838 4585 mystica,
2870 4513 2962 4568 ﬁat
2991 4513 3058 4568 de
3087 4513 3288 4583 medio,
3343 4514 3399 4569 id
3446 4523 3529 4571 est
3575 4515 3732 4587 quasi

2134 4602 2203 4657 de
2230 4603 2629 4669 communibus,
2664 4611 2721 4656 ut
2749 4619 2858 4657 non
2889 4602 3175 4658 erubescat
3217 4603 3382 4660 homo
3440 4603 3733 4660 adulterari

2131 4690 2218 4746 vel
2248 4690 2427 4758 furari,
2464 4691 2602 4746 sicut
2631 4707 2732 4746 nec
2763 4690 3037 4745 ambulare
3067 4689 3156 4746 vel
3198 4690 3364 4763 loqui.
3424 4694 3501 4749 De
3542 4693 3724 4750 medio

2129 4781 2253 4850 ﬁat.
2285 4779 2500 4835 Scilicet
2529 4777 2812 4844 discessio,
2848 4778 2902 4832 id
2949 4785 3032 4833 est
3080 4778 3364 4835 manifeste
3418 4789 3673 4853 appareat
3703 4799 3718 4836 :

2129 4876 2181 4923 et
2209 4876 2335 4923 tunc
2359 4868 2468 4935 jam
2500 4867 2737 4922 revelata
2785 4866 3120 4922 discessione
3167 4883 3196 4922 a
3239 4869 3355 4923 Deo
3410 4885 3556 4936 vero,
3613 4869 3725 4938 jam

2127 4956 2447 5028 refrigerata
2476 4956 2732 5012 charitate
2762 4973 2827 5011 ex
2858 4955 3184 5011 abundantia
3227 4955 3527 5028 iniquitatis
3569 4975 3724 5016 reve-

2125 5043 2341 5110 labitur,
2372 5053 2474 5101 etc.

2193 5187 2362 5242 Vaas.
2396 5190 2447 5240 8.
2481 5216 2550 5226 —
2580 5188 2797 5258 Spiritu
2817 5189 2930 5243 oris
2951 5189 3060 5243 sui.
3086 5186 3146 5242 Id
3165 5194 3247 5242 est
3267 5187 3464 5246 virtute
3482 5190 3715 5263 Spiritus

2120 5276 2308 5341 sancti,
2343 5274 2434 5348 qui
2479 5274 2676 5330 dicitur
2723 5276 2942 5346 spiritus
2997 5276 3124 5348 oris,
3176 5277 3300 5348 quia
3346 5279 3418 5334 ab
3455 5295 3521 5335 eo
3576 5296 3712 5350 pro-

2119 5364 2285 5421 cedit.

2187 5507 2356 5562 Vsas.
2380 5507 2432 5573 9,
2458 5508 2544 5561 10.
2568 5537 2636 5548 -
2660 5507 3008 5564 Mendacibus
3025 5511 3080 5564 et
3102 5509 3163 5562 in
3183 5508 3339 5564 omni
3359 5506 3698 5564 seductione.

2116 5596 2282 5668 Signa
2308 5594 2400 5651 illa
2427 5603 2692 5652 vocantur
2718 5596 3018 5667 mendacia,
3051 5595 3138 5652 vel
3166 5595 3294 5666 quia
3323 5610 3432 5650 non
3475 5610 3608 5651 vera
3645 5604 3701 5653 ut
