3964 6178
229 225 331 281 623

747 220 1151 277 WALAFRIDI
1190 219 1433 276 STRABI
1470 218 1668 275 FULD.
1710 215 1883 273 MON.
1924 215 2078 272 OPP.
2118 214 2295 272 PARS
2332 214 2376 270 Ι.
2417 244 2485 256 -
2521 212 2993 270 THEOLOGICA.

3417 214 3519 267 624

238 346 506 410 videntur,
539 344 638 399 sed
667 344 1006 415 phantastica
1049 352 1224 399 erunt.
1276 343 1375 398 Vel
1431 343 1477 397 si
1525 357 1671 409 vera,
1729 341 1830 398 Dei
1858 345 2043 405 Anon
2098 339 2374 394 ambulant
2430 338 2728 394 secundum
2785 336 3152 392 traditionem.
3181 333 3339 390 Scitis
3385 332 3529 389 enim

236 433 599 506 permissione
625 433 693 488 ad
722 433 1069 488 mendacium
1098 433 1328 488 trahent.

308 522 432 579 Ideo
490 524 684 578 mittet
711 523 834 579 illis
864 523 1029 577 Deus.
1064 520 1251 592 (AUG.,
1284 520 1380 575 lib.
1412 534 1515 589 xx,
1561 520 1628 575 de
1671 520 1832 574 Civit.

236 612 356 678 Dei,
407 625 457 667 c.
518 609 632 682 19.)
688 609 836 665 Deus
891 609 1168 665 diabolum
1224 609 1327 663 ista
1377 607 1553 663 facere
1617 607 1837 678 permit-

232 706 333 767 tet,
366 706 495 767 etc.,
527 714 700 771 usque
715 698 788 753 ad
807 697 941 753 alias
969 696 1322 767 injustissime
1344 696 1665 765 judicatum.

307 787 478 843 Vnus.
512 790 598 845 12.
640 816 710 827 -
736 786 1034 842 Primitias
1076 786 1139 841 in
1186 786 1450 842 salutem.
1509 785 1578 841 Ut
1632 782 1838 840 scilicet

243 890 354 932 non
381 876 439 930 in
474 874 567 931 illo
595 874 904 947 periculoso
932 882 1178 946 tempore
1204 873 1413 942 ultimo,
1472 874 1573 930 sed
1621 872 1676 928 in
1722 872 1839 944 pri-

237 964 422 1021 mitiva
448 963 695 1020 Ecclesia
725 964 1071 1019 crederemus
1116 964 1172 1018 in
1220 963 1513 1030 Christum,
1561 970 1720 1033 atque
1765 960 1834 1015 ﬁ-

242 1052 369 1109 dem
418 1050 817 1110 conﬁteremur.
894 1051 1022 1122 Vel,
1081 1066 1182 1106 nos
1234 1051 1512 1122 apostolos
1566 1049 1834 1122 primitias

234 1149 476 1206 omnium
507 1149 861 1215 credentium,
879 1149 1004 1221 quia
1033 1147 1264 1219 apostoli
1276 1147 1439 1219 primi
1453 1146 1829 1214 crediderunt,

234 1246 289 1294 et
318 1238 421 1294 hoc
447 1238 503 1293 in
532 1237 763 1293 salutem
792 1237 1030 1292 omnium
1060 1236 1324 1310 gentium.

310 1327 480 1382 Vens.
503 1329 588 1382 l3.
619 1356 689 1366 —
716 1328 782 1381 In
815 1326 1247 1398 acquisitionem
1267 1326 1462 1397 gloria:
1478 1326 1703 1381 Domini
1731 1340 1831 1380 no-

228 1417 338 1471 stri
356 1417 487 1472 Jesu
507 1416 735 1472 Christi.
765 1414 885 1481 Vel,
907 1421 964 1469 ut
992 1414 1110 1468 sitis
1130 1413 1431 1486 acquisitio,
1469 1413 1525 1469 in
1557 1428 1665 1486 qua
1683 1414 1829 1468 Deus

233 1502 584 1574 gloriﬁcetur.

308 1592 479 1647 Vaas.
506 1593 592 1646 15.
625 1619 694 1632 -
720 1592 793 1646 Et
813 1590 968 1647 dedit
984 1591 1445 1647 consolationem.
1466 1587 1828 1645 Promittendo

1936 428 2211 500 quomodo
2238 444 2327 483 me
2358 426 2539 493 habui,
2573 426 2719 498 quod
2745 427 2801 480 in
2831 425 2938 479 illis
2968 440 3080 479 non
3105 423 3321 489 videtis,
3371 421 3531 494 quasi

1936 517 2077 573 dicat
2109 532 2121 573 :
2154 516 2278 572 Non
2307 524 2389 572 est
2418 531 2556 586 opus
2585 523 2644 569 ut
2663 529 2932 585 exponam
2961 514 3116 569 vobis
3143 528 3262 567 eam
3282 510 3530 565 traditio-

1934 621 2059 660 nem
2090 605 2215 677 quia
2244 621 2363 660 eam
2407 603 2575 669 scitis,
2624 604 2771 675 quod
2818 618 2929 658 non
2974 601 3200 674 inquieti
3246 599 3528 665 fuerimus,

1935 702 1993 748 ut
2016 693 2054 747 ii
2084 693 2174 765 qui
2199 693 2379 749 aliena
2406 692 2625 765 negotia
2655 698 2863 757 curant,
2894 697 3163 762 vagantes
3190 689 3295 745 hac
3321 688 3469 743 illac.

2005 781 2174 837 Vans.
2209 785 2262 836 9.
2293 811 2364 822 —
2394 780 2499 839 Sed
2519 784 2586 836 ut
2631 782 3022 852 nosmetipsos.
3053 777 3361 833 Notandum
3409 776 3536 848 quia

1933 869 2226 941 Apostolus
2256 885 2366 924 non
2397 868 2573 924 solum
2603 867 2787 924 verbis
2815 867 3061 933 docebat,
3095 866 3193 922 sed
3222 864 3535 921 hortabatur

1934 964 1987 1014 et
2014 957 2191 1013 factis.
2224 957 2415 1013 Idonei
2433 956 2578 1013 enim
2606 956 2859 1029 magistri
2886 962 3113 1026 estquae
3139 954 3301 1010 docet
3323 951 3531 1019 verbis,

1933 1045 2192 1118 operibus
2221 1044 2462 1117 explere.

2004 1160 2173 1216 Vaas.
2210 1162 2297 1215 10.
2328 1190 2399 1201 -
2434 1160 2710 1228 Quoniam
2729 1161 2781 1217 si
2810 1160 2935 1233 quis
2968 1174 3086 1215 non
3123 1158 3248 1214 vult
3284 1158 3528 1230 operari.

1933 1248 2129 1305 Dicunt
2158 1248 2374 1321 quidam
2403 1248 2472 1304 de
2501 1248 2760 1319 operibus
2806 1247 3174 1319 spiritualibus
3220 1246 3327 1302 hoc
3373 1248 3530 1317 Apo-

1933 1336 2128 1392 stolum
2157 1336 2495 1408 praecipisse,
2546 1336 2785 1407 alioquin
2828 1336 2874 1391 si
2928 1336 2998 1391 de
3041 1350 3211 1406 opere
3256 1331 3532 1405 corporali

1929 1435 2035 1491 hoc
2064 1435 2288 1500 diceret,
2323 1435 2379 1489 in
2409 1450 2517 1506 quo
2546 1434 2637 1490 vel
2662 1433 2935 1505 Agricolae
2980 1433 3069 1489 vel
3116 1430 3340 1504 Opiﬁces
3378 1431 3531 1486 labo-

1930 1532 2072 1590 rant,
2105 1523 2383 1578 videretur
2411 1522 2610 1578 sentire
2641 1523 2903 1578 adversus
2933 1520 3244 1587 Dominum,
3278 1520 3369 1591 qui
3398 1520 3533 1575 dicit

1927 1611 1982 1666 in
2009 1612 2309 1685 Evangelio
2339 1630 2353 1667 :
2388 1613 2570 1669 Nolite
2586 1611 2820 1669 solliciti
2849 1626 2987 1679 esse,
3019 1610 3152 1683 quid
3170 1610 3530 1666 manducetis

235 1680 495 1737 caelorum
528 1694 779 1753 regnum.
820 1680 887 1734 In
928 1681 1137 1751 gratia.
1194 1678 1256 1733 Id
1313 1687 1395 1734 est
1440 1694 1542 1750 per
1594 1678 1810 1752 gratiam

1929 1678 2282 1771 (Matthivr),
2318 1708 2422 1756 etc.
2457 1700 2565 1756 Sed
2604 1699 2877 1771 superﬂue
2925 1678 3187 1755 conantur
3232 1706 3285 1753 et
3326 1697 3433 1752 sibi
3477 1704 3530 1752 et

232 1784 394 1841 quam
421 1768 591 1835 dedit,
638 1782 917 1840 speramus
944 1775 1163 1824 eterna.
1200 1767 1299 1824 Vel
1328 1768 1446 1824 haec
1471 1767 1652 1824 omnia
1678 1766 1828 1823 dedit

230 1872 342 1913 non
367 1856 560 1914 merito
587 1864 797 1924 nostro,
830 1855 931 1912 sed
959 1856 1014 1911 in
1044 1856 1223 1928 gratia
1252 1871 1370 1912 sua.

847 2050 1072 2108 CAPUT
1110 2052 1202 2106 III.

295 2194 466 2251 Vnus.
504 2197 553 2251 1.
583 2222 653 2234 -ι-
681 2196 758 2250 De
801 2198 1020 2260 cratera,
1058 2196 1290 2264 fratres,
1333 2195 1509 2249 orate.
1545 2189 1820 2246 Orandum

224 2299 349 2340 esse
367 2283 629 2349 hortatur,
652 2289 711 2337 ut
737 2281 992 2353 dignetur
1009 2281 1156 2335 Deus
1175 2279 1479 2336 doctrinam
1499 2294 1653 2335 suam
1673 2278 1819 2333 infa-

223 2369 432 2444 tigabili
461 2386 627 2426 cursu
656 2370 896 2441 dirigere
924 2377 977 2424 et
1014 2366 1394 2423 transfundere
1422 2384 1520 2439 per
1545 2383 1639 2424 ora
1680 2382 1817 2439 apo-

223 2457 485 2514 stolorum
536 2459 590 2512 in
647 2474 804 2513 aures
851 2456 1205 2526 audientium,
1267 2464 1320 2512 et
1376 2456 1446 2511 ab
1501 2456 1718 2511 auribus
1764 2454 1822 2511 in

217 2546 399 2613 corda,
432 2555 489 2601 ut
517 2554 934 2620 compescantur
959 2545 1228 2601 malorum
1258 2544 1574 2601 seditiones.

287 2636 457 2690 Vans.
487 2638 541 2692 2.
574 2665 644 2677 -—
676 2638 741 2693 Ut
786 2635 1110 2691 liberemur.
1142 2636 1189 2688 A
1235 2634 1465 2704 pseudo,
1497 2650 1567 2689 ne
1596 2642 1815 2689 nostros

214 2724 492 2790 seducant,
524 2724 612 2779 vel
641 2723 799 2779 nobis
827 2722 1050 2778 insidias
1099 2722 1343 2777 tendant.
1376 2722 1494 2788 Vel,
1523 2722 1816 2777 liberemur

212 2812 282 2867 ab
309 2811 648 2883 importunis,
684 2811 739 2866 id
767 2818 851 2866 est
879 2809 1187 2865 infidelibus
1215 2811 1307 2882 qui
1337 2809 1595 2865 resistunt
1641 2811 1809 2868 verbo

213 2900 333 2970 Dei,
364 2915 466 2958 nec
495 2908 638 2955 stant
664 2899 719 2954 in
748 2906 909 2970 portu
937 2898 1151 2971 quietis.
1186 2901 1257 2954 Et
1276 2900 1465 2965 malis,
1500 2899 1590 2970 qui
1618 2915 1811 2970 perse-

212 2996 447 3060 quuntur
476 2986 744 3043 inﬁdeles.
777 2987 905 3043 Ideo
952 2987 1075 3043 dico
1129 2987 1449 3056 liberemur,
1500 2986 1625 3058 quia
1664 3003 1808 3043 non-

1925 1788 2143 1844 cceteris
2173 1788 2467 1862 caliginem
2495 1789 2788 1856 obducere,
2816 1788 3033 1860 utquod
3061 1786 3263 1842 utiliter
3291 1785 3528 1843 charitas

1923 1891 2126 1955 monet,
2160 1900 2269 1940 non
2298 1884 2475 1941 solum
2507 1884 2689 1941 facere
2716 1884 2904 1954 velint,
2937 1884 3034 1940 sed
3062 1899 3167 1940 nec
3189 1882 3523 1955 intelligere,

1924 1998 2048 2038 cum
2076 1982 2259 2037 multis
2288 1982 2409 2037 aliis
2438 1981 2572 2038 locis
2602 1982 2970 2054 jepistolarum
3018 1981 3172 2054 quid‘
3192 1981 3281 2037 hic
3326 1980 3528 2036 sentiat

1922 2071 2219 2141 Apostolus
2248 2070 2590 2142 apertissime
2617 2070 2827 2127 doceat.
2861 2070 2987 2126 Vult
3014 2070 3161 2126 enim
3191 2084 3377 2125 servos
3424 2068 3527 2125 Dei

1923 2159 2282 2230 corporaliter
2320 2159 2536 2231 operari
2562 2160 2707 2216 unde
2735 2159 2917 2216 vivant
2945 2167 3002 2215 ut
3029 2175 3138 2215 non
3184 2157 3524 2230 compellan-

1922 2253 2010 2301 tur
2039 2254 2284 2321 egestate
2314 2248 2628 2304 necessaria
2655 2256 2860 2320 petere.
2891 2248 3009 2305 Nec
3035 2256 3118 2305 est
3155 2255 3347 2304 contra
3386 2247 3522 2302 illud

1922 2343 2068 2416 quod
2096 2344 2413 2416 praedictum
2441 2354 2525 2400 est
2556 2362 2571 2401 :
2601 2346 2783 2403 Nolite
2812 2344 3048 2402 solliciti
3068 2344 3331 2419 essequid
3346 2362 3520 2401 man-

1919 2432 2152 2500 ducetis,
2188 2442 2293 2489 etc.
2326 2435 2448 2489 Non
2480 2435 2623 2489 enim
2652 2427 2757 2489 hoc
2788 2434 2911 2490 ideo
2941 2433 3147 2513 dictum
3177 2443 3279 2501 est,
3313 2442 3370 2489 ut
3409 2450 3520 2490 non

1916 2529 2211 2592 procurent
2242 2530 2500 2594 quantum
2527 2522 2834 2577 necessitati
2866 2530 2945 2577 sat
2974 2531 3076 2594 est,
3114 2522 3259 2578 unde
3288 2523 3519 2579 honeste

1915 2617 2230 2679 potuerunt,
2265 2612 2365 2666 sed
2394 2627 2503 2665 non
2531 2618 2588 2666 ut
2625 2610 2729 2666 ista
2776 2611 3103 2679 intueantur,
3137 2626 3240 2667 nec
3292 2619 3520 2683 prOpter

1914 2696 2016 2752 ista
2071 2697 2265 2754 faciant
2321 2698 2580 2772 quidquid
2645 2699 2933 2773 Evangelii
2989 2699 3265 2772 praeconio
3332 2699 3517 2757 facere

1903 2786 2184 2856 jubentur.

1984 2885 2153 2941 Vatis.
2189 2889 2274 2940 11.
2307 2915 2378 2926 -
2411 2886 2635 2945 Curiose
2656 2891 2906 2959 agentes.
2939 2887 3055 2944 Hoc
3085 2886 3281 2944 factum
3311 2887 3514 2946 abhor-

1910 2980 1994 3029 ret
2035 2974 2323 3046 disciplina
2369 2975 2669 3042 Dominica,
2723 2991 2911 3032 eorum
2956 2976 3101 3032 enim
3148 2978 3286 3033 deus
3322 2986 3514 3035 venter

212 3050 340 3131 (ium
386 3084 714 3148 acceperunt,
732 3091 925 3131 omnes
971 3074 1132 3130 ﬁdem
1161 3090 1261 3145 per
1289 3090 1377 3130 me
1410 3075 1500 3147 qui
1529 3077 1804 3148 accepturi
1828 3050 1877 3114 Ο
1905 3069 2006 3129 est,
2040 3062 2134 3134 qui
2161 3062 2307 3118 foeda
2336 3078 2465 3119 cura
2496 3065 2815 3120 necessaria
2843 3065 2946 3120 Sibi
2973 3065 3284 3136 provident.

214 3171 363 3219 sunt.
390 3166 510 3221 Non
531 3167 687 3220 enim
721 3165 978 3219 omnium
1014 3163 1270 3232 estﬁdes.
1303 3163 1363 3217 Id
1393 3171 1496 3231 est,
1518 3180 1619 3219 nec
1647 3164 1802 3220 vobis

208 3252 488 3308 orantibus
517 3267 709 3307 omnes
736 3259 859 3305 sunt
886 3250 1164 3318 credituri,
1199 3251 1296 3307 sed
1342 3259 1545 3308 tantum
1589 3268 1802 3324 praeor-

206 3340 377 3396 dinati
406 3340 462 3395 in
492 3338 843 3411 adoptionem
873 3338 1126 3394 ﬁliorum.

276 3430 451 3483 Vens.
491 3430 542 3483 6.
578 3457 649 3469 -—
673 3430 1109 3485 Denuntiamus.
1146 3429 1226 3483 De
1257 3428 1487 3485 curiosis
1514 3429 1703 3502 incipit
1730 3431 1803 3502 let

211 3516 419 3583 otiosis,
451 3532 682 3572 monens
712 3517 885 3571 bonos
913 3523 970 3571 ut
998 3532 1094 3572 eos
1125 3517 1437 3588 corripiant.

278 3605 447 3661 Vens.
481 3607 533 3659 7.
564 3634 633 3645 —
660 3605 827 3662 Scitis
846 3605 1113 3679 quomodo
1134 3610 1387 3678 oporteat
1419 3623 1519 3663 nos
1554 3608 1796 3665 imitari.

207 3694 278 3750 Et
313 3709 436 3749 cum
465 3692 543 3748 illi
572 3693 688 3750 haec
715 3708 826 3750 non
881 3693 1100 3761 faciant,
1158 3693 1370 3750 debetis
1428 3694 1618 3752 vitare.
1678 3697 1795 3765 Vel,

1976 3169 2145 3224 Vaas.
2171 3172 2257 3225 13.
2289 3200 2359 3211 -
2388 3171 2571 3227 Nolite
2591 3173 2846 3242 deficere.
2883 3171 3019 3242 Quia
3052 3172 3154 3228 etsi
3183 3182 3504 3245 operentur,

1902 3266 2132 3329 possunt
2160 3265 2338 3315 tamen
2383 3259 2656 3315 nonnullis
2702 3260 2971 3333 indigere.
3020 3262 3089 3317 Et
3133 3262 3257 3319 ideo
3299 3272 3505 3331 monet,

1903 3362 1972 3401 ne
1999 3346 2076 3400 illi
2108 3346 2197 3418 qui
2255 3348 2531 3403 habebant
2587 3349 2732 3405 unde
2791 3350 2967 3405 servis
3025 3350 3126 3406 Dei
3184 3352 3507 3409 necessaria

1900 3434 2231 3507 praeberent,
2262 3436 2362 3491 hac
2382 3437 2671 3494 occasione
2690 3437 3087 3509 pigrescerent.
3119 3439 3243 3495 Non
3277 3441 3424 3496 enim
3453 3442 3510 3496 in

1902 3523 2383 3593 reprehensionem
2416 3525 2562 3581 venit
2591 3526 2683 3598 qui
2710 3527 2978 3582 humanus
3008 3535 3092 3583 est
3120 3528 3503 3602 inlargiendo,

1902 3611 2001 3667 sed
2028 3612 2115 3667 hic
2148 3612 2260 3683 qui,
2300 3629 2422 3669 cum
2450 3613 2625 3685 possit
2667 3614 2914 3671 laborem
2956 3615 3123 3685 ferre,
3171 3617 3347 3675 otiose
3394 3617 3508 3676 vult

1901 3700 2072 3756 vitam
2103 3716 2289 3773 agere.

725 3877 3478 3908 _______________________________

1132 3953 1591 4026 EPISTOLA
1651 3956 1684 4027 Ι
1718 3957 1848 4028 AD
1886 3958 2476 4036 TIMOTHEUM.

733 4208 1245 4266 ARGUMENTUM.

269 4327 608 4384 Timotheum
653 4325 871 4381 instruit
929 4333 983 4381 et
1015 4324 1169 4381 docet
1202 4325 1271 4381 de
1309 4324 1648 4381 ordinatione
1677 4325 1798 4396 epi-

203 4426 476 4490 scopatus,
509 4424 561 4471 et
590 4414 844 4484 diaconii,
878 4422 933 4470 et
961 4414 1138 4469 omnis
1185 4413 1567 4470 ecclesiasticae
1624 4414 1795 4471 disci-

201 4505 382 4578 plinae,
416 4504 664 4563 scribens
693 4503 744 4561 ei
772 4520 803 4558 a
832 4502 1099 4559 Laodicea
1126 4518 1225 4575 per
1271 4502 1565 4575 Tychicum
1610 4503 1797 4561 diaco-

207 4610 352 4650 nem.

727 4707 951 4764 CAPUT
987 4707 1279 4764 PRIMUM.

274 4816 445 4872 Vens.
474 4817 529 4873 2.
561 4844 630 4854 —
660 4814 873 4875 Gratia.
896 4817 953 4870 et
971 4813 1377 4879 misericordia,
1410 4818 1467 4870 et
1481 4829 1602 4887 pax
1630 4829 1667 4869 a
1685 4813 1794 4870 Deo

202 4906 390 4961 Patre.
421 4904 482 4959 In
529 4903 630 4960 hac
667 4900 983 4958 salutatione
1029 4902 1126 4956 tria
1169 4902 1339 4973 ponit,
1393 4919 1512 4974 quae
1555 4908 1791 4973 ex0ptat,

162 5054 175 5061 ν
201 5008 323 5049 cum
349 4992 404 5047 in
433 4991 555 5047 aliis
581 4999 786 5047 tantum
816 4991 922 5046 duo
969 4990 1232 5061 posuerit.
1288 4991 1664 5047 Misericordia
1706 4990 1793 5045 hic

198 5082 461 5152 accipitur
496 5096 595 5151 pro
624 5097 689 5136 eo
719 5081 863 5151 quod
906 5079 961 5132 in
1011 5079 1130 5132 aliis
1183 5078 1428 5149 epistolis
1482 5080 1654 5152 gratia
1702 5078 1791 5133 di-

197 5170 354 5237 citur,
404 5170 460 5224 id
506 5176 589 5224 est
635 5166 883 5222 remissio
930 5174 1292 5237 peccatorum.
1331 5170 1457 5223 Pax
1504 5177 1586 5224 est
1650 5176 1792 5223 tran-

198 5258 437 5331 quillitas
464 5256 646 5325 animi,
680 5254 979 5327 praelibatio
1010 5261 1230 5309 aeterna)
1260 5255 1429 5325 pacis.
1469 5257 1599 5312 Hmc
1643 5272 1791 5311 com-

197 5346 431 5402 muniter
458 5344 707 5401 omnibus
733 5342 906 5413 optari
936 5343 1092 5399 solet.
1132 5344 1325 5399 Gratia
1353 5359 1486 5399 vero
1511 5360 1670 5416 quam
1701 5345 1789 5401 hic

191 5434 361 5504 addit,
395 5433 664 5507 episcOpis
696 5439 928 5503 optatur,
961 5432 1016 5485 id
1046 5439 1128 5486 est
1156 5431 1373 5489 donatio
1405 5431 1635 5504 Spiritus
1666 5448 1788 5488 san-

195 5521 286 5589 cti,
320 5540 427 5596 qua
455 5522 686 5579 ministri
715 5521 816 5579 Dei
847 5527 1144 5577 armantur.

259 5612 430 5670 Vaas.
463 5616 517 5669 3.
549 5642 618 5655 --
646 5613 807 5671 Sicut
825 5612 1036 5683 rogavi.
1070 5611 1201 5667 Post
1231 5608 1609 5667 salutationem
1636 5609 1791 5683 prius

1804 4223 1859 4284 Ι)
1889 4215 1960 4270 de
1986 4216 2194 4287 pseudo
2225 4218 2558 4290 repellendis
2588 4237 2601 4275 :
2633 4219 2821 4294 incipit
2850 4220 2940 4278 hic
2970 4221 3153 4297 legem
3183 4223 3364 4282 adhuc
3409 4233 3496 4282 te-

1900 4305 2137 4360 nendam
2166 4306 2509 4363 docentibus.
3246 4364 3271 4375 ,

1970 4395 2189 4466 Rogavi.
2224 4394 2453 4467 (Anam)
2483 4395 2625 4451 Dicit
2652 4397 2859 4470 rogavi,
2892 4406 2950 4453 ut
2978 4397 3232 4457 affectum
3270 4401 3497 4457 charita-

1896 4480 1985 4547 tis,
2017 4489 2071 4537 et
2101 4481 2334 4539 formam
2361 4483 2680 4540 humilitatis
2708 4485 3046 4542 ostenderet.

1969 4571 2194 4628 Fabulis
2214 4576 2272 4628 et
2284 4574 2645 4646 genealogiis.
2668 4574 2960 4646 (Aus.,lib.
2993 4590 3035 4631 II
3061 4580 3263 4634 contra
3299 4576 3493 4635 adver-

1894 4659 2073 4716 sarios
2113 4660 2251 4733 legis
2283 4665 2341 4717 et
2373 4661 2600 4734 Proph.,
2634 4677 2684 4719 c.
2719 4662 2797 4735 l.)
2818 4664 3113 4720 Haereticus
3145 4664 3365 4737 quidam
3391 4666 3494 4721 ini-

1893 4746 2068 4803 micus
2110 4747 2250 4821 legis
2298 4756 2350 4805 et
2393 4751 2803 4821 prophetarum,
2851 4752 3127 4809 existimat
3172 4753 3492 4826 Apostolum

1894 4834 1998 4890 hoc
2026 4835 2148 4892 loco
2191 4836 2376 4893 divina
2430 4837 2646 4910 eloquia
2699 4838 2911 4896 fabulas
2966 4841 3295 4913 appellasse,
3356 4851 3483 4913 etc.,

1893 4940 2066 4997 usque
2084 4925 2158 4981 ad
2185 4927 2331 4997 quod
2358 4943 2630 4998 nusquam
2659 4943 2818 4986 sacra
2846 4930 3044 5001 pagina
3073 4939 3274 4987 narrat.

1964 5049 2133 5104 Vans.
2155 5051 2211 5105 4.
2242 5080 2312 5090 -
2339 5052 2705 5125 Genealogiis.
2738 5053 3090 5128 Genealogize
3109 5063 3267 5111 erant
3296 5056 3487 5128 quibus

1891 5137 2111 5210 quidam
2137 5138 2311 5194 διιόωὶ
2341 5140 2642 5195 narrabant
2672 5157 2731 5197 se
2762 5159 2886 5198 esse
2912 5142 2981 5198 de
3009 5159 3215 5215 genere
3255 5144 3484 5201 Abrahae

1889 5234 1943 5282 et
1971 5226 2144 5281 David
2178 5245 2191 5281 :
2223 5228 2379 5299 quasi
2409 5228 2536 5285 inde
2567 5229 2646 5285 eis
2675 5231 2981 5298 deberetur,
3014 5232 3101 5287 vel
3131 5233 3328 5305 quibus
3356 5249 3483 5289 nar-

1888 5315 2086 5371 rabant
2114 5315 2392 5371 Christum
2419 5334 2528 5373 non
2550 5334 2676 5375 esse
2706 5335 2772 5374 ex
2802 5319 2979 5377 David
3005 5321 3314 5378 oriundum.

1957 5441 2110 5495 Vens
2140 5443 2191 5496 5.
2226 5471 2296 5482 —
2324 5443 2483 5498 Finis
2526 5447 2738 5499 autem.
2772 5444 2835 5499 In
2891 5444 2998 5501 ﬁde
3056 5456 3141 5501 est
3196 5445 3480 5504 aediﬁcatio

1887 5528 2007 5596 Dei,
2031 5529 2159 5600 quia
2189 5545 2255 5586 ex
2283 5528 2391 5585 ﬁde
2421 5539 2505 5586 est
2534 5548 2681 5603 spes,
2714 5541 2769 5589 et
2796 5534 2923 5589 inde
2953 5534 3210 5603 charitas,
3244 5552 3368 5608 quas
3400 5543 3481 5591 est

1890 5615 2207 5689 adimpletio
2227 5618 2386 5690 legis.
2420 5619 2522 5677 Vel
2549 5620 2631 5679 sic
2659 5629 2918 5680 construe
2949 5641 2965 5678 :
3005 5622 3241 5692 Quidam
3285 5624 3483 5682 docent
