3968 6176
407 382 512 439 625

1220 371 1492 430 GLOSSA
1530 370 1939 429 ORDINABIA.
1979 398 2049 415 —-
2084 370 2302 427 EPIST.
2343 370 2490 426 IAD
2517 371 2658 426 TIM.

3595 376 3699 432 626

404 512 456 562 et
476 503 761 559 intendunt
788 500 986 557 fabulis
1021 506 1076 555 et
1109 498 1471 573 genealogiis,
1515 497 1615 553 sed
1657 495 1780 551 ﬁnis
1825 504 1877 551 ct
1898 496 2005 551 im-
2026 495 2083 557 A
2112 510 2277 567 quam
2303 494 2432 550 olim
2461 494 2624 550 mala.
2668 493 2808 563 Quia
2848 508 2960 549 non
3005 494 3182 551 solum
3225 501 3446 567 peccata
3481 494 3708 565 dimisit,

402 594 568 666 pletio
596 592 738 665 legis
769 598 849 647 est
880 590 1137 655 charitas,
1181 604 1348 659 quare
1393 603 1502 642 non
1553 593 1636 641 est
1681 601 1820 656 opus
1864 585 2004 640 aliis.

401 684 697 754 Prwcepti.
729 680 939 736 Dicitur
966 678 1252 751 prwcepﬁ,
1286 692 1388 747 pro
1415 682 1833 747 praeceptorum,
1867 690 2010 746 quo-

404 787 528 827 rum
555 770 799 841 impletio
827 775 910 824 est
941 768 1159 823 dilectio
1189 765 1291 821 Dei
1327 774 1379 819 et
1411 764 1667 836 proximi.
1714 763 1900 819 Unde:
1943 764 2009 819 In

404 861 493 916 his
522 860 733 916 duobus
760 857 1050 914 mandatis
1093 859 1210 913 tota
1247 855 1342 911 lea:
1379 853 1589 926 pendet
1631 856 1687 909 et
1720 853 2010 925 propheta:

403 948 628 1020 (Matth.
664 946 833 1018 xm).

475 1035 667 1108 (AUG.,
686 1038 750 1091 in
778 1035 924 1108 psal.
949 1033 1140 1103 χχιι.)
1173 1030 1320 1086 Finis
1340 1030 1541 1087 dicitur
1569 1029 1851 1097 terminus,
1875 1037 1978 1085 etc.
1995 1070 2010 1094 ,

401 1141 578 1199 usque
607 1125 680 1181 ad
714 1122 979 1195 cupiditas
1028 1136 1164 1194 ergo
1198 1119 1520 1190 refrenetur,
1566 1119 1805 1175 charitas
1853 1118 2007 1175 exci-

401 1222 562 1270 tetur.

482 1303 841 1359 Conscientia
870 1301 1031 1357 bona.
1063 1298 1406 1355 Conscientia
1435 1313 1534 1369 pro
1563 1313 1679 1368 spe.
1726 1295 1823 1351 Ille
1860 1296 2005 1352 enim

404 1391 478 1448 ad
536 1391 590 1446 id
641 1390 787 1462 quod
834 1390 1011 1462 diligit
1066 1404 1126 1443 se
1174 1395 1560 1459 perventurum
1603 1386 1882 1457 desperat,
1918 1385 2005 1441 cui

401 1480 564 1535 malae
593 1479 941 1535 conscientiae
970 1476 1257 1547 scrupulus
1286 1476 1445 1531 inest.
1473 1477 1543 1530 Et
1571 1476 1678 1544 ﬁde
1703 1491 1820 1529 non
1847 1474 2002 1542 ﬁcta.

403 1569 524 1637 Vel,
559 1584 669 1623 non
702 1567 852 1623 fictili
896 1574 949 1622 et
999 1565 1204 1638 fragili,
1234 1564 1342 1630 vel,
1392 1564 1449 1618 in
1470 1580 1591 1635 quae
1619 1578 1730 1618 non
1766 1561 2004 1635 quisque

398 1658 505 1713 sibi
536 1656 819 1729 quodlibet
847 1654 1025 1728 ﬁngit,
1060 1654 1158 1709 sed
1208 1653 1477 1710 catholica
1506 1652 1786 1707 duntaxat.

472 1774 642 1828 Vsus.
679 1775 731 1826 6.
763 1803 832 1812 —
852 1771 892 1825 Α
924 1770 1141 1843 quibus.
1175 1769 1450 1840 Improbat
1493 1768 1583 1824 hic
1629 1768 1999 1836 adversarios,

395 1862 492 1934 qui
520 1861 731 1934 legalia
760 1858 1065 1914 tradebant.
1726 1862 1731 1867 ‘

470 1952 593 2007 Non
625 1952 683 2005 in
695 1950 1031 2019 telligentes,
1066 1954 1171 2001 etc.
1211 1945 1267 2000 Si
1298 1945 1517 2017 quando
1548 1945 1692 2001 enim
1731 1945 1799 2001 de
1828 1962 2003 2018 prava

390 2048 448 2095 et
476 2039 615 2093 falsa
637 2037 892 2107 opinione
923 2051 1023 2090 sua
1052 2035 1378 2106 reprehendi
1433 2043 1486 2089 et
1528 2034 1779 2091 convinci
1812 2050 2001 2106 cmpe-

395 2128 527 2196 rint,
562 2127 633 2182 ad
662 2124 1065 2181 defendendum
1106 2123 1162 2178 id
1192 2123 1336 2195 quod
1383 2123 1662 2179 levissima
1701 2124 2002 2179 temeritate

395 2224 452 2273 et
507 2214 851 2286 apertissima
900 2212 1134 2267 falsitate
1177 2211 1447 2281 dixerunt,
1495 2212 1563 2267 de
1607 2213 1810 2267 sanctis
1847 2212 2003 2267 libris

394 2305 569 2360 multa
600 2303 772 2359 verba
799 2300 1168 2373 pronuntiant,
1202 2300 1447 2355 volentes
1477 2316 1600 2356 esse
1630 2300 1769 2373 legis
1806 2301 2002 2356 docto-

393 2412 512 2459 res,
546 2408 671 2449 cum
700 2400 885 2447 tamen
913 2404 1024 2446 non
1070 2388 1374 2463 intelligant
1422 2406 1541 2462 quae
1571 2389 1882 2461 loquuntur,
1915 2389 2002 2447 vel

391 2483 466 2539 de
495 2481 711 2554 quibus.

470 2599 642 2654 Vens.
676 2601 729 2652 8.
752 2627 821 2637 —
839 2597 1060 2654 Scimus
1090 2601 1304 2654 autem.
1326 2596 1410 2651 Ne
1432 2593 1708 2651 videretur
1728 2594 1910 2665 legem
1928 2593 2004 2648 in-

390 2702 611 2753 cusare,
646 2685 796 2741 addit
828 2702 840 2741 :
873 2686 1093 2743 Scimus
1142 2690 1355 2751 autem,
1406 2691 1512 2739 etc.
1565 2682 1674 2738 Sed
1712 2699 1782 2738 ne
1810 2682 2004 2738 iterum

390 2762 645 2831 videatur
666 2790 789 2830 eam
808 2774 1091 2841 inducere,
1117 2772 1399 2846 subjungit
1422 2790 1435 2828 :
1459 2773 1710 2829 Scientes
1728 2772 1848 2838 hoc,
1872 2774 2005 2844 quia

385 2867 540 2935 iusto
570 2880 685 2919 non
715 2866 799 2919 est
833 2864 928 2918 lex
954 2864 1143 2934 posita
1174 2881 1192 2917 :
1222 2861 1349 2934 quia
1369 2876 1479 2916 non
1509 2877 1577 2915 ex
1606 2876 1670 2915 ea
1701 2868 1784 2915 est
1800 2861 2001 2929 justus,

386 2952 490 3007 sed
520 2968 586 3007 ex
615 2950 742 3032 fide.
776 2950 860 3006 Ad
892 2950 1024 3023 quid
1052 2951 1220 3024 igitur
1267 2949 1317 3006 ei
1366 2948 1715 3006 neccessaria
1742 2957 1829 3004 est
1870 2949 1957 3004 lex
1976 2950 2005 3004 ?

388 3040 520 3096 Ideo
551 3039 679 3095 data
708 3047 809 3106 est,
843 3047 903 3094 ut
932 3040 1018 3095 vel
1052 3055 1207 3095 reum
1236 3037 1469 3109 puniret,
1504 3037 1592 3094 vel
1640 3052 1869 3109 peccare
1900 3053 2002 3093 vo-

383 3128 591 3184 lentem
621 3136 922 3185 coerceret.
972 3130 1158 3183 Justus
1200 3135 1397 3193 tamen,
1432 3134 1483 3182 et
1515 3125 1561 3180 si
1592 3142 1658 3181 ea
1696 3142 1805 3180 non
1854 3133 2003 3198 eget,

385 3217 576 3284 utitur,
608 3225 669 3272 ut
698 3216 777 3272 sic
805 3224 951 3273 esset
982 3217 1037 3270 in
1057 3216 1377 3273 auctoritate
1399 3214 1541 3281 aliis,
1575 3221 1628 3270 et
1660 3214 1834 3269 futura
1857 3222 1998 3270 atte-

385 3314 625 3361 staretur
651 3304 824 3360 factis.
848 3308 1117 3378 Legitime
1148 3309 1368 3361 utatur.
1402 3303 1505 3373 Qui
1536 3302 1636 3360 scit
1685 3303 1754 3357 ad
1785 3311 1999 3374 tempus

384 3394 574 3450 datam
601 3410 724 3449 esse
754 3394 934 3467 legem
966 3402 1017 3450 et
1049 3394 1151 3449 sub
1181 3393 1397 3448 Christo
1425 3391 1647 3447 deserit.
1692 3392 1810 3447 Jam
1833 3392 1997 3462 justis

383 3500 488 3556 per
515 3482 894 3539 remissionem
925 3499 1033 3537 non
1056 3490 1137 3537 est
1160 3499 1298 3554 opus
1319 3482 1462 3555 lege,
1497 3497 1530 3538 a
1556 3497 1664 3554 qua
1692 3481 1850 3536 liberi
1872 3487 1998 3535 sunt

384 3588 490 3643 per
518 3571 812 3626 Christum.
858 3573 1002 3643 Lege
1033 3578 1213 3626 autem
1242 3570 1483 3642 legitime
1506 3569 1691 3625 utendi
1713 3568 1997 3639 multiplex

390 3669 477 3716 est
504 3660 719 3727 modus,
754 3668 811 3716 ut
861 3660 1161 3717 secundum
1212 3660 1357 3715 aliud
1382 3659 1580 3727 justus,
1612 3665 1665 3713 et
1696 3658 1997 3714 secundum

384 3749 535 3805 aliud
565 3749 798 3818 injustus
828 3757 977 3805 recte
1029 3748 1242 3805 dicatur
1288 3747 1532 3821 legitime
1562 3745 1636 3801 uti
1672 3747 1814 3819 lege.
1851 3747 1996 3815 Inju-

385 3846 504 3893 stus
562 3838 708 3894 enim
755 3853 819 3893 ea
859 3838 1104 3911 legitime
1151 3836 1318 3892 utitur
1341 3879 1354 3903 ,
1408 3834 1627 3907 quando
1684 3834 1996 3908 intelligens

387 3943 558 3999 quare
587 3927 717 3982 data
748 3927 835 3993 sit,
907 3927 1025 3996 ejus
1056 3924 1473 3984 comminatione
1516 3932 1774 3997 tanquam
1805 3924 1995 3995 paada-

385 4032 533 4088 gogo
579 4015 895 4087 perducitur
940 4015 1010 4070 ad
1053 4014 1300 4086 gratiam,
1351 4030 1449 4084 per
1487 4030 1648 4085 quam
1670 4013 1850 4082 justus
1881 4011 1991 4068 ﬁat.

384 4106 572 4160 Justus
600 4120 729 4161 vero
758 4111 812 4161 et
831 4104 924 4159 illa
952 4103 1194 4176 legitime
1223 4102 1407 4169 utitur,
1451 4118 1574 4159 cum
1605 4117 1729 4157 eam
1756 4101 1995 4157 tenendo

384 4193 598 4263 injustis
642 4193 889 4263 imponit,
952 4201 1009 4247 ut
1080 4208 1206 4248 cum
1271 4190 1487 4260 injustis
1525 4190 1749 4261 coeperit
1794 4190 1996 4246 inclitae

389 4280 849 4352 concupiscentiae
882 4281 1105 4336 morbus
1164 4278 1437 4336 incentivo
1484 4277 1889 4349 prohibitionis,
1943 4285 1996 4333 et

390 4370 607 4425 cumulo
635 4368 1105 4441 praevaricationis
1153 4367 1359 4441 augeri,
1395 4364 1709 4437 confugiant
1737 4367 1805 4421 ad
1829 4365 1995 4435 justi-

388 4456 639 4514 ﬁcantem
678 4452 932 4531 gratiam,
968 4464 1021 4515 et
1049 4473 1146 4528 per
1191 4473 1314 4512 eam
1344 4455 1607 4512 suavitate
1640 4455 1861 4524 justitiae
1891 4455 1994 4510 de-

388 4544 571 4604 lectati
596 4562 816 4619 poenam
844 4546 1038 4602 litterae
1065 4545 1323 4601 minantis
1346 4545 1596 4600 evadant.

463 4653 636 4709 Vnus.
672 4657 758 4709 12.
790 4683 860 4694 -
893 4652 1117 4709 Gratias
1137 4668 1236 4724 ago
1270 4654 1323 4707 ei
1342 4654 1456 4725 qui,
1491 4657 1595 4706 etc.
1629 4650 1729 4706 Hic
1758 4650 1997 4705 ostendit

395 4741 536 4796 mala
572 4742 677 4796 sibi
725 4740 894 4797 fuisse
940 4740 996 4795 in
1036 4740 1180 4811 lege.
1229 4741 1379 4795 Bona
1424 4755 1558 4795 vero
1596 4754 1694 4805 ea;
1726 4738 1952 4793 dimissa
1975 4782 1988 4806 ,

392 4829 540 4902 quod
569 4828 748 4885 fidelis
797 4838 899 4897 est,
945 4837 998 4885 et
1038 4828 1249 4900 positus
1296 4828 1352 4882 in
1397 4826 1716 4894 ministerio,
1767 4826 1912 4883 unde
1941 4834 1994 4882 et

392 4917 548 4973 fortis
581 4936 595 4973 :
627 4934 727 4989 per
776 4935 898 4990 qua:
946 4916 1184 4974 ostendit
1228 4917 1410 4991 legem
1464 4923 1590 4988 post
1634 4917 1992 4991 Evangelium

391 5005 651 5063 inutiliter
675 5005 820 5062 duci.

462 5109 631 5165 Vens.
670 5112 755 5163 13.
789 5139 858 5149 -
886 5109 991 5165 Sed
1022 5098 1469 5165 misericordiam
1490 5110 1608 5165 Dei.
1630 5108 1990 5181 Consequun-

390 5205 474 5253 tur
500 5196 935 5254 misericordiam
963 5205 1017 5253 et
1046 5198 1137 5269 qui
1170 5198 1403 5253 scienter
1431 5204 1679 5268 peccant,
1706 5206 1762 5251 ut
1791 5197 1986 5263 David,

389 5294 440 5341 et
470 5287 562 5358 qui
591 5286 924 5359 ignoranter,
961 5286 1107 5358 quod
1158 5285 1371 5341 facilius
1417 5286 1735 5358 ignoscitur.
1771 5287 1989 5341 Miseri-

391 5376 637 5431 cordiam
668 5379 1001 5431 consecutus
1031 5392 1178 5442 sum,
1215 5391 1279 5429 ex
1306 5390 1372 5429 eo
1394 5375 1539 5446 quod
1571 5375 1830 5446 ignorans
1861 5373 1985 5430 feci.

390 5463 485 5518 Vel
524 5464 850 5537 ignorantiae
889 5464 1107 5534 ponitur
1136 5480 1301 5520 causa
1339 5462 1726 5519 misericordiae
1763 5478 1873 5518 non
1902 5472 1988 5518 ta-

389 5567 510 5606 men
538 5552 780 5623 proprie,
816 5567 939 5608 cum
969 5552 1113 5607 mala
1139 5551 1300 5619 fuerit
1320 5551 1647 5623 ignorantia,
1681 5550 1991 5607 misericor-

393 5639 474 5694 dia
496 5657 629 5696 vero
658 5640 917 5714 gratuita.

464 5756 631 5811 Vens.
666 5758 749 5810 14.
775 5786 843 5796 -
874 5756 1376 5829 Superabundavit.
1403 5757 1580 5829 Super
1611 5756 1817 5826 majora
1846 5756 1991 5813 bona

2116 584 2212 638 sed
2241 583 2404 638 ﬁdem
2435 591 2487 640 et
2514 584 2861 639 dilectionem
2890 583 3056 639 dedit.
3092 585 3173 640 De
3206 584 3399 656 quibus
3446 584 3582 639 nulli
3627 593 3715 642 est

2111 672 2530 743 ambigendum:
2568 674 2709 741 Quia
2738 674 2896 728 Iesus
2941 673 3197 728 Christus
3244 675 3397 728 venit
3445 675 3509 729 in
3558 674 3709 730 hunc

2108 762 2388 817 mundum
2410 765 2731 834 peccatores
2760 763 2939 817 salvos
2966 768 3174 833 [acere
3208 763 3275 816 Et
3294 761 3395 815 iste
3424 777 3607 819 sermo
3629 766 3714 819 est

2108 850 2314 919 ﬁdelis,
2347 850 2403 904 id
2431 857 2516 905 est
2541 866 2706 905 verus
2735 856 2790 905 et
2817 849 3190 921 acceptabilis,
3223 850 3352 922 quia
3382 849 3549 905 utilis.

2180 965 2351 1021 Vens.
2387 967 2472 1019 15.
2506 995 2576 1005 -
2608 965 2774 1021 Omni
2807 967 3153 1037 acceptione,
3185 963 3309 1036 quia
3339 979 3536 1036 corpus
3566 973 3621 1021 et
3650 980 3713 1023 a-

2105 1052 2309 1108 nimam
2340 1053 2532 1109 salvat.
2563 1053 2682 1120 Vel,
2714 1054 2981 1108 humanus
3011 1060 3093 1108 est
3126 1068 3308 1108 sermo
3338 1053 3460 1108 iste.
3492 1053 3610 1108 Alia
3630 1054 3711 1110 lit-

2106 1149 2253 1197 tera:
2292 1143 2355 1199 Ut
2382 1159 2498 1197 non
2532 1142 2718 1197 dicam
2748 1142 2992 1210 divinus,
3026 1142 3154 1213 quia
3184 1142 3231 1196 si
3259 1142 3423 1197 homo
3454 1141 3545 1213 qui
3579 1141 3709 1198 hos-

2107 1230 2239 1302 pitio
2271 1229 2497 1300 suscipit
2528 1230 2823 1297 hominem,
2854 1231 3122 1284 humanus
3143 1230 3356 1298 dicitur,
3381 1237 3581 1303 quanto
3602 1246 3714 1286 ma-

2105 1318 2192 1390 gis
2230 1319 2500 1372 humanus
2545 1325 2627 1372 est
2666 1318 2757 1389 qui
2800 1317 2855 1371 in
2902 1319 3083 1388 seipso
3133 1318 3358 1389 suscipit
3404 1318 3705 1376 hominem.

2112 1408 2252 1476 Quia
2274 1408 2528 1463 Christus
2557 1409 2736 1462 Iesus.
2771 1406 2929 1460 Nulla
2960 1422 3129 1462 causa
3157 1407 3411 1461 veniendi
3439 1406 3537 1463 fuit
3558 1408 3712 1463 Chri-

2105 1502 2207 1562 sto,
2240 1495 2345 1549 nisi
2377 1495 2525 1567 quod
2554 1502 2876 1566 peccatores
2899 1495 3080 1551 salvos
3120 1493 3346 1550 faceret.

2173 1604 2420 1658 Primus.
2456 1603 2515 1657 Id
2547 1609 2629 1656 est
2659 1602 2829 1673 pejor,
2863 1602 2990 1673 quia
3020 1609 3361 1673 persecutor,
3416 1616 3522 1675 quo
3558 1602 3709 1674 prior

2102 1705 2210 1746 non
2259 1698 2425 1746 erat:
2476 1692 2650 1746 Nemo
2700 1691 2845 1745 enim
2893 1690 3075 1746 acrior
3113 1690 3254 1746 inter
3300 1699 3706 1762 persecutores,

2105 1795 2239 1851 ergo
2267 1795 2430 1835 nemo
2459 1779 2612 1851 prior
2649 1779 2788 1835 inter
2816 1787 3153 1850 peccatores,
3185 1778 3391 1849 primus
3424 1795 3555 1853 ergo
3591 1787 3707 1835 erat

2034 1854 2087 1914 Β
2107 1884 2218 1923 non
2246 1867 2438 1924 ordine
2468 1868 2746 1939 temporis,
2782 1868 2879 1922 sed
2908 1867 3283 1940 magnitudine
3312 1867 3631 1940 iniquitatis.

2176 1982 2346 2037 Vens.
2382 1985 2468 2037 16.
2503 2012 2572 2022 --
2600 1983 2705 2038 Sed
2724 1984 2932 2038 idcirco
2963 1982 3431 2047 misericordiam,
3466 1990 3571 2039 etc.
3596 1982 3708 2039 Cae-

2102 2078 2282 2126 terum
2334 2069 2542 2126 idcirco
2586 2070 3019 2126 misericordiam
3064 2085 3123 2125 se
3165 2069 3333 2125 fuisse
3354 2079 3706 2127 consecutum

2096 2158 2322 2228 judicat,
2355 2167 2412 2213 ut
2441 2174 2603 2214 nemo
2626 2159 2739 2227 jam
2769 2166 3024 2229 peccator
3051 2157 3383 2230 quibuslibet
3403 2158 3705 2215 sceleribus

2103 2263 2348 2316 pressus,
2388 2247 2457 2301 de
2487 2263 2547 2303 se
2566 2248 2841 2316 desperet,
2875 2246 2984 2301 imo
3012 2247 3259 2302 eamdem
3288 2263 3347 2303 se
3376 2256 3704 2303 consecutu-

2102 2351 2221 2389 rum
2249 2335 2465 2390 veniam
2486 2335 2591 2390 hoc
2620 2334 2867 2405 exemplo
2900 2342 3227 2405 praisumat:
3260 2351 3523 2407 magnum
3544 2335 3704 2392 valde
3804 2344 3813 2352 ‘

2101 2438 2166 2478 ac
2195 2438 2386 2478 revera
2417 2423 2611 2495 ingens
2640 2431 2722 2477 est
2749 2424 2969 2478 donum.
3003 2424 3068 2478 In
3095 2439 3204 2478 me.
3238 2422 3417 2492 Quem
3444 2422 3702 2480 idoneum

2103 2511 2253 2566 Deus
2272 2511 2525 2583 gentibus
2553 2510 2969 2582 praedicatorem
3010 2510 3306 2578 constituit,
3349 2511 3407 2566 in
3438 2526 3545 2584 quo
3583 2520 3703 2567 tan-

2102 2608 2218 2655 tum
2250 2600 2559 2671 exemplum
2586 2599 2983 2655 misericordiae
3015 2615 3130 2655 suae
3158 2599 3417 2655 exhibuit.

2174 2733 2344 2787 Vens.
2383 2733 2468 2787 17.
2500 2762 2568 2772 -
2601 2732 2893 2788 Invisibili.
2930 2730 3066 2801 Quia
3096 2731 3278 2788 cmteri
3308 2731 3383 2787 dii
3412 2738 3535 2787 sunt
3565 2731 3702 2788 visi-

2103 2819 2261 2875 biles.
2293 2821 2416 2875 Non
2447 2820 2641 2875 dicitur
2658 2821 2764 2876 soli
2794 2821 3087 2887 invisibili,
3113 2819 3242 2892 quia
3272 2827 3396 2875 sunt
3417 2827 3470 2876 et
3490 2828 3704 2877 creatu-

2102 2925 2180 2965 rae
2210 2909 2461 2981 quaedam
2492 2908 2813 2976 invisibiles,
2846 2916 2905 2963 ut
2942 2908 3144 2974 anima,
3176 2925 3299 2981 quae
3325 2915 3507 2964 tamen
3538 2924 3703 2964 sensu

2102 2998 2224 3069 capi
2254 3005 2515 3068 possunt:
2551 2997 2678 3069 quia
2709 3013 2901 3052 omnes
2932 2997 3078 3053 vires
3107 2998 3223 3066 ejus
3252 3005 3478 3068 possunt
3505 3012 3708 3071 cogno-

2104 3086 2203 3151 sci,
2237 3086 2333 3141 sed
2363 3102 2428 3141 ea
2457 3101 2571 3141 non
2602 3093 2684 3142 est
2713 3086 2873 3141 nobis
2903 3087 3071 3141 Deus.
3112 3084 3404 3141 Invisibilis
3443 3094 3524 3142 est
3566 3102 3703 3159 ergo

2031 3209 2082 3274 Ο
2101 3176 2170 3228 ab
2200 3175 2512 3274 hominibus
2534 3176 2681 3230 Deus
2710 3175 2765 3230 in
2777 3182 3001 3274 natura,
3026 3175 3328 3231 secundum
3346 3174 3508 3274 illud:
3527 3177 3706 3274 Deum

2100 3279 2267 3320 nemo
2295 3265 2439 3320 vidit
2471 3281 2744 3337 unquam.
2777 3264 3004 3320 Videtur
3032 3270 3214 3319 autem
3243 3279 3369 3320 cum
3396 3263 3509 3320 vult
3540 3271 3595 3320 et
3630 3264 3705 3319 si-

2097 3360 2186 3409 cut
2213 3352 2345 3419 vult,
2378 3368 2489 3407 non
2521 3352 2660 3408 sicut
2690 3360 2793 3417 est,
2824 3353 2921 3407 sed
2952 3352 3107 3423 quasi
3136 3352 3320 3423 specie
3336 3352 3450 3408 vult
3470 3367 3702 3424 appare-

2096 3456 2179 3496 re.
2216 3442 2275 3495 In
2295 3440 2480 3495 futuro
2507 3456 2641 3495 vero
2670 3440 2930 3496 videbunt
2970 3455 3095 3495 eum
3129 3438 3223 3495 filii
3262 3440 3401 3497 sicut
3439 3446 3540 3495 est.
3585 3440 3702 3497 Soli

2095 3531 2225 3584 Deo.
2252 3527 2358 3595 Qui
2378 3528 2527 3583 solus
2548 3529 2695 3583 Deus
2726 3536 2810 3583 est
2847 3536 3060 3593 natura,
3102 3527 3159 3582 id
3198 3535 3299 3596 est,
3342 3528 3491 3583 solus
3530 3536 3698 3596 creat,

2098 3616 2241 3687 quod
2262 3616 2331 3671 de
2357 3616 2479 3686 ipsa
2499 3615 2759 3671 Trinitate
2787 3615 3124 3688 intelligitur,
3150 3631 3259 3671 non
3289 3616 3358 3671 de
3378 3617 3497 3672 solo
3519 3618 3697 3681 Patre,

2095 3712 2155 3759 ut
2184 3704 2407 3776 quidam
2436 3704 2653 3759 volunt:
2688 3704 2815 3777 quia
2852 3720 2961 3759 non
2999 3703 3092 3770 ait,
3135 3704 3236 3759 soli
3275 3704 3439 3770 Patri,
3466 3704 3563 3759 sed
3594 3704 3699 3761 soli

2096 3794 2232 3849 Deo.
2264 3795 2416 3849 Unus
2447 3793 2594 3847 enim
2626 3801 2677 3848 et
2709 3792 2859 3848 solus
2906 3793 3054 3848 Deus
3096 3808 3127 3846 a
3169 3792 3327 3847 nobis
3369 3793 3701 3864 praedicatur

2095 3881 2216 3952 ipsa
2262 3881 2514 3938 Trinitas.
2566 3883 2634 3936 Et
2677 3880 3009 3954 unigenitus,
3062 3880 3364 3936 secundum
3411 3880 3558 3952 quod
3614 3888 3700 3935 est

2096 3970 2243 4025 Deus
2276 3969 2424 4040 apud
2452 3970 2647 4035 Deum,
2680 3976 2733 4024 et
2763 3969 2993 4040 Spiritus
3023 3974 3243 4024 sanctus
3270 3967 3326 4024 in
3364 3984 3461 4024 sua
3506 3974 3696 4024 natura

2096 4066 2180 4115 est
2209 4057 2529 4114 immortalis
2559 4066 2612 4113 et
2639 4057 2943 4113 invisibilis.

2148 4175 2337 4231 .VERS.
2365 4178 2449 4229 18.
2484 4204 2553 4214 -
2576 4175 2685 4230 Hoc
2712 4178 3079 4246 praeceptum.
3114 4174 3409 4246 Postquam
3446 4187 3693 4230 comme-

2097 4263 2329 4318 moravit
2360 4279 2483 4333 qua;
2512 4270 2717 4334 quanta
2747 4262 2854 4317 sint
2884 4260 3150 4319 beneficia
3178 4254 3356 4317 Patris
3399 4269 3452 4317 et
3494 4260 3694 4317 Christi

2095 4368 2229 4424 erga
2258 4358 2597 4423 peccatores,
2632 4351 2905 4423 quomodo
2933 4351 3193 4422 populum
3221 4350 3425 4405 imbuat
3452 4349 3695 4421 discipli-

2093 4455 2167 4495 na
2185 4439 2558 4496 ecclesiastica
2582 4438 2839 4495 ostendit.

2012 4570 2067 4631 Β
2169 4564 2338 4618 Vens.
2367 4566 2453 4618 19.
2485 4593 2554 4603 -
2597 4564 3031 4618 Conscientiam.
3082 4561 3255 4616 Vocat
3303 4550 3687 4634 cogitationes,

2092 4652 2149 4707 in
2179 4652 2376 4725 quibus
2406 4666 2754 4721 summopere
2793 4648 3069 4703 humilitas
3115 4650 3388 4705 servanda
3433 4658 3535 4718 est,
3584 4666 3693 4722 qua

2093 4748 2278 4812 spreta
2304 4740 2359 4793 in
2392 4755 2623 4811 magnos
2654 4737 2874 4810 quidam
2905 4737 3237 4793 devenerunt
3266 4753 3502 4806 errores,
3552 4739 3691 4796 sicut

2092 4827 2147 4883 in
2176 4828 2444 4900 principio
2474 4828 2545 4883 ad
2574 4828 2852 4883 Romanos
2883 4833 3166 4882 ostensum
3194 4834 3296 4882 est.

2162 4961 2334 5017 Vens.
2365 4964 2454 5019 20.
2489 4991 2557 5001 —
2584 4960 2726 5028 Quos
2767 4960 2994 5035 tradidi.
3045 4961 3346 5032 Utrumque
3392 4960 3689 5032 Apostolus

2091 5049 2597 5115 excommunicavit,
2630 5057 2688 5103 ut
2717 5050 2821 5105 hoc
2853 5048 3017 5103 modo
3062 5048 3385 5105 excludatur
3425 5066 3457 5104 a
3498 5050 3691 5106 Satana

2091 5154 2324 5209 regnum
2354 5138 2588 5193 Satanae.
2621 5138 2783 5193 Nulla
2814 5138 2957 5192 enim
2985 5144 3233 5193 creatura
3262 5146 3363 5204 est,
3406 5138 3520 5194 sive
3571 5155 3692 5211 qua:

2090 5226 2145 5281 in
2193 5227 2421 5282 veritate
2466 5234 2649 5282 manet
2696 5227 2835 5282 dans
2881 5227 2997 5281 Deo
3045 5226 3300 5299 gloriam,
3342 5226 3457 5283 sive
3485 5244 3607 5299 quae
3636 5226 3692 5281 in

2089 5314 2355 5371 charitate
2404 5331 2512 5370 non
2578 5316 2723 5370 stetit
2772 5330 3024 5387 quaerens
3066 5315 3299 5388 gloriam
3342 5332 3498 5371 suam
3545 5332 3686 5387 quae,

2088 5403 2217 5460 velit
2280 5404 2432 5470 nolit,
2497 5404 2695 5460 divinae
2751 5403 3107 5475 providentia;
3153 5420 3264 5459 non
3310 5404 3527 5460 serviat.
3581 5404 3689 5459 Sed

2089 5493 2279 5549 volens
2312 5493 2440 5549 facit
2470 5509 2596 5549 cum
2627 5493 2720 5548 illa
2752 5494 2897 5564 quod
2926 5493 3130 5548 bonum
3162 5500 3263 5547 est.
3311 5494 3392 5546 De
3428 5492 3523 5546 illa
3554 5508 3688 5548 vero

2090 5599 2212 5655 qua:
2238 5583 2344 5638 hoc
2372 5597 2481 5637 non
2522 5581 2653 5648 vult,
2686 5579 2745 5636 fit
2777 5582 2921 5655 quod
2945 5583 3152 5651 justum
3183 5588 3283 5635 est.
3334 5580 3458 5635 Non
3506 5580 3556 5641 ei
3601 5588 3686 5634 ta-

2089 5688 2216 5727 men
2244 5670 2562 5743 rependitur
2608 5671 2756 5743 quod
2810 5671 2879 5726 de
2934 5671 3054 5742 ipsa
3089 5670 3234 5738 juste
3290 5665 3367 5735 fit,
3426 5667 3524 5723 sed
3580 5685 3689 5741 quo

2090 5760 2271 5817 animo
2317 5761 2433 5833 ipsa
2482 5760 2625 5825 facit,
2679 5759 2807 5831 quia
2853 5774 3032 5829 neque
3078 5757 3307 5812 liberam
3355 5757 3689 5813 voluntatem
