3964 6178
266 349 370 405 627

824 343 1230 400 WALAFBIDI
1269 341 1513 398 STRABI
1549 340 1749 397 FULD.
1789 337 1964 395 MON.
2005 336 2159 393 OPP.
2200 335 2377 394 PARS
2414 336 2457 392 Ι.
2491 365 2561 378 -
2588 332 3063 391 THEOLOGICA.

3462 336 3564 393 628

267 469 575 528 rationabili
612 475 878 525 creatura:
920 469 1069 523 Deus
1108 466 1350 540 negavit,
1397 465 1494 521 sed
1536 470 1861 537 potestatem
1880 464 1937 525 A
1964 462 2156 518 vendse
2186 460 2661 532 concupiscentiae,
2681 459 2955 529 studeant,
2989 459 3089 515 sed
3116 458 3298 530 potius
3316 474 3414 530 per
3440 473 3562 514 om-

270 576 380 632 qua
422 559 652 628 injustos
696 559 843 628 juste
887 557 1105 613 ordinat
1164 556 1267 610 sibi
1324 554 1562 610 retinuit.
1616 554 1859 609 Tradidi.

268 647 392 704 Non
422 656 603 702 tamen
631 645 704 701 ita
732 654 792 701 ut
819 652 1065 718 pereant,
1098 645 1224 717 quia
1250 643 1383 698 nihil
1410 649 1591 715 potest
1617 643 1860 709 Satanas,

270 736 377 791 nisi
405 736 726 808 permissus,
748 735 841 807 qui
870 741 1028 790 vexat
1044 733 1148 788 sibi
1175 732 1353 799 datos,
1372 732 1517 787 unde
1548 748 1562 786 :
1586 734 1713 789 Iam
1743 731 1866 787 noli

268 841 523 898 peccare,
554 841 629 881 ne
669 824 917 880 deterius
966 823 1070 879 tibi
1110 823 1403 894 contingat
1432 822 1614 893 (Joan.
1647 819 1728 891 v).
1752 821 1862 875 Ita-

271 929 376 986 que
405 913 601 968 Satana
629 911 699 967 ad
728 911 1130 983 correptionem
1158 911 1438 965 hominum
1465 908 1716 964 utebatur
1743 909 1863 979 ipsa

266 1008 511 1073 potestas
539 999 856 1072 apostolica.
886 999 1341 1056 Prwvaricatores
1361 997 1508 1054 enim
1527 996 1711 1071 angeli
1738 1013 1862 1052 cum

264 1089 507 1162 principe
550 1104 650 1152 suo
697 1088 915 1144 diabolo
958 1096 1108 1144 recte
1154 1088 1407 1143 dicuntur
1450 1092 1856 1158 procuratores,

263 1178 350 1235 vel
378 1184 592 1235 actores
636 1164 835 1233 divinae
883 1177 1261 1249 providentiae,
1312 1184 1365 1232 et
1403 1175 1652 1231 diabolus
1682 1173 1860 1246 magi-

261 1274 464 1323 stratus
509 1266 672 1335 hujus
711 1266 901 1321 mundi
942 1266 1157 1334 dicitur,
1211 1265 1311 1321 sed
1351 1265 1704 1337 magistratus
1759 1261 1861 1317 sub

261 1356 380 1411 Deo
408 1354 743 1427 imperatore
771 1370 882 1410 non
916 1353 1046 1410 facit
1090 1354 1196 1409 nisi
1226 1362 1487 1426 quantum
1524 1352 1602 1408 illi
1629 1352 1860 1425 permit-

260 1443 412 1512 titur,
447 1451 499 1500 et
542 1451 926 1516 procuratores
973 1450 1299 1516 actoresque
1328 1442 1487 1514 hujus
1514 1438 1702 1498 mundi
1727 1440 1860 1497 nihil

259 1532 463 1590 faciunt
488 1531 595 1590 nisi
629 1540 890 1606 quantum
920 1533 1185 1589 Dominus
1215 1531 1361 1588 sinit.

898 1698 1123 1755 CAPUT
1161 1699 1229 1754 II.

1964 550 2056 605 nia
2081 550 2227 606 bona
2252 565 2425 621 opera
2452 549 2559 604 sint
2586 548 2967 621 promittentes
2999 554 3053 603 et
3081 547 3389 604 indicantes
3416 554 3567 603 extra

1962 639 2221 711 pietatem
2249 638 2436 695 animi.

2034 729 2206 785 Vnus.
2242 731 2328 783 11.
2352 758 2422 767 -
2449 727 2649 782 Mulier
2677 725 2741 781 in
2770 726 3023 782 silentio.
3069 722 3280 781 Orandi
3327 722 3564 781 cilicium

1963 815 2099 872 dixit
2126 815 2421 872 convenire
2448 814 2723 883 omnibus,
2756 821 2809 870 et
2840 813 3093 886 qualiter,
3129 821 3184 869 et
3208 828 3311 885 pro
3344 813 3561 885 quibus,

1963 912 2016 958 et
2048 919 2236 977 quare,
2270 912 2324 959 et
2362 904 2510 975 quod
2546 903 2746 975 ubique
2783 902 3054 957 orandum
3093 901 3182 958 sit.
3214 903 3378 958 Nunc
3416 902 3565 969 dicit,

1963 993 2108 1065 quod
2137 992 2372 1049 docendi
2400 990 2639 1048 ofﬁcium
2667 990 2800 1046 solis
2830 989 2965 1047 viris
2994 989 3304 1061 conveniat,
3336 998 3394 1046 et
3422 1006 3559 1064 qua-

1961 1080 2042 1137 les
2069 1082 2139 1136 ad
2169 1081 2302 1137 illud
2330 1080 2567 1137 debeant
2593 1078 2857 1146 ordinari,
2890 1079 3236 1135 determinat.

2045 1170 2216 1224 Vens.
2246 1173 2332 1227 12.
2366 1198 2436 1210 —-
2465 1171 2690 1239 Docere,
2723 1175 2828 1223 etc.
2858 1168 3003 1224 Ecce
3031 1183 3140 1223 non
3186 1166 3363 1223 solum
3405 1167 3565 1222 habi-

1962 1265 2077 1313 tum
2108 1257 2371 1313 humilem
2410 1265 2464 1313 et
2494 1258 2785 1312 honestum
2812 1255 3018 1311 habere
3044 1255 3332 1311 mulierem
3361 1255 3562 1323 docuit,

1962 1363 2154 1403 verum
2204 1346 2368 1401 etiam
2418 1345 2798 1402 auctoritatem
2845 1344 3081 1401 docendi
3133 1344 3184 1400 ei
3231 1344 3475 1417 negavit,
3516 1351 3571 1399 et

1964 1434 2357 1505 subjiciendam
2410 1434 2528 1490 viro
2580 1433 2861 1505 praecepit,
2902 1440 2963 1489 ut
3006 1440 3116 1488 tam
3161 1433 3354 1488 habitu
3402 1447 3567 1506 quam

1963 1524 2264 1596 obsequiis,
2302 1523 2405 1579 sub
2433 1529 2702 1595 potestate
2731 1523 2802 1578 sit
2838 1523 2938 1578 viri
2993 1538 3060 1579 ex
3107 1538 3214 1595 quo
3258 1521 3424 1578 trahit
3451 1520 3565 1577 ori-

1961 1614 2167 1687 ginem.

2033 1701 2203 1758 Vans.
2239 1702 2325 1757 14.
2358 1730 2426 1742 -
2456 1700 2638 1757 Adam
2665 1716 2781 1757 non
2809 1704 2912 1756 est.
2935 1699 3123 1773 (AUG.,
3148 1698 3251 1755 lib.
3276 1714 3317 1755 II
3338 1699 3407 1755 de
3430 1699 3561 1756 Gen.

1878 1782 1932 1880 Β
1964 1791 2037 1846 ad
2070 1792 2344 1880 litteram,
2379 1805 2429 1880 c.
2611 1789 2746 1880 Cum
2766 1788 2910 1844 enim
2929 1787 3407 1880 praevaricatorem
3424 1787 3568 1843 dicat

327 1874 499 1929 Vens.
530 1876 583 1928 1.
610 1902 680 1913 -
702 1870 950 1927 Obsecro.
984 1868 1259 1923 Hactenus
1287 1865 1356 1922 de
1385 1864 1856 1937 pseudo-aposto-

1971 1878 2256 1950 Apostolus
2285 1878 2340 1933 in
2370 1877 2718 1933 similitudine
2746 1875 3213 1949 praevaricationis
3240 1877 3394 1944 Adae,
3428 1884 3559 1942 etc.,

254 1962 343 2029 lis,
365 1962 457 2017 hic
475 1961 545 2017 de
569 1959 929 2016 orationibus.
970 1959 1159 2013 Primo
1197 1956 1474 2011 omnium.
1508 1953 1569 2009 Id
1600 1962 1703 2020 est,
1736 1960 1862 2008 ante

256 2051 437 2108 omnia
467 2050 587 2106 ﬁeri
607 2048 1039 2105 obsecrationes.
1067 2044 1218 2101 Ordo
1237 2044 1420 2099 missae
1440 2044 1530 2099 hic
1559 2042 1863 2098 ostenditur

256 2140 404 2214 quod
445 2147 528 2196 est
573 2138 808 2211 speciale
855 2152 1030 2209 genus
1078 2133 1368 2190 orationis.
1419 2132 1857 2189 Obsecrationes.

259 2229 385 2285 Sive
414 2228 783 2300 precationem
818 2225 969 2281 illam
1013 2239 1135 2296 qua;
1180 2221 1238 2276 ﬁt
1262 2223 1417 2291 juxta
1454 2222 1542 2277 vel
1571 2228 1695 2276 ante
1722 2234 1860 2276 con-

257 2317 638 2374 secrationem.
675 2316 986 2372 Orationes.
1034 2313 1092 2367 Id
1141 2319 1225 2367 est
1273 2310 1394 2383 ipsa
1422 2310 1855 2366 consecratione.

255 2408 694 2464 Postulationes.
728 2403 829 2459 Vel
861 2401 1355 2473 interpellationes,
1389 2400 1546 2472 quasi
1578 2416 1643 2455 ex
1674 2399 1859 2454 debito

256 2503 316 2550 ut
347 2494 494 2568 quod
544 2494 635 2550 hic
681 2493 911 2566 geritur,
958 2491 1012 2545 in
1057 2499 1265 2546 interna
1293 2489 1399 2546 vita
1432 2486 1770 2560 perﬁciatur,
1803 2495 1863 2542 ut

256 2600 381 2639 cum
427 2581 663 2654 populus
704 2582 774 2636 ab
820 2580 1080 2651 episcopo
1126 2577 1489 2633 benedicitur.
1535 2578 1861 2633 Gratiarum

256 2672 529 2729 actiones.
562 2671 643 2725 De
673 2668 853 2736 factis,
888 2684 1009 2740 qua:
1034 2674 1207 2721 totum
1240 2665 1573 2722 concludunt
1602 2665 1759 2736 quasi
1779 2672 1861 2720 to-

251 2767 369 2815 tum
398 2758 468 2813 sit
496 2773 530 2813 a
555 2757 673 2813 Deo
709 2772 721 2813 :
754 2764 812 2811 ut
841 2755 1232 2811 benedicamus
1261 2753 1515 2808 Domino.
1552 2755 1658 2809 Pro
1680 2754 1863 2809 omni-

255 2849 374 2904 bus.
406 2848 475 2904 Ut
504 2861 803 2918 sequamur
849 2843 1194 2901 clementiam
1238 2840 1360 2909 Dei,
1394 2841 1520 2913 quia
1549 2840 1717 2907 Deus,
1750 2840 1863 2897 vult

254 2950 446 2992 omnes
474 2934 724 3008 homines
763 2932 942 2989 salvos
964 2931 1105 2998 ﬁeri,
1138 2930 1241 2987 etsi
1271 2929 1575 2986 secundum
1596 2927 1861 2999 justitiam

255 3024 525 3098 quosdam
552 3022 831 3094 reprobet.
872 3022 940 3079 Ut
966 3021 1219 3094 quietam
1248 3033 1281 3074 a
1314 3017 1715 3089 persecutione.

322 3139 496 3196 Vnus.
530 3141 585 3194 3.
617 3167 687 3179 —
718 3138 828 3194 Hoc
866 3138 1041 3193 enim.
1089 3134 1174 3191 Ne
1203 3133 1325 3207 quis
1352 3141 1563 3205 putaret
1597 3133 1718 3190 haec
1748 3147 1858 3189 non

255 3244 378 3285 esse
406 3225 659 3284 facienda
698 3239 801 3297 pro
832 3224 918 3279 his
950 3238 1090 3296 quos
1135 3224 1332 3295 patitur
1375 3222 1623 3279 Ecclesia
1652 3221 1804 3277 addit
1835 3239 1848 3277 :

253 3320 362 3374 Hoc
383 3317 538 3373 enim
566 3315 772 3372 bonum
801 3316 904 3370 est.
939 3314 1007 3368 Et
1026 3328 1095 3367 ne
1120 3312 1242 3384 quis
1269 3318 1485 3383 putaret
1511 3312 1659 3368 cultu
1691 3311 1853 3366 unius

250 3406 353 3462 Dei
383 3412 437 3460 et
461 3404 575 3461 vita
605 3404 748 3459 bona
776 3401 1009 3458 salutem
1037 3417 1161 3456 esse
1189 3416 1354 3473 posse
1385 3401 1503 3456 sine
1550 3400 1850 3472 participa-

254 3495 402 3551 tione
430 3492 675 3564 corporis
720 3490 939 3557 Christi,
1016 3489 1073 3546 id
1115 3498 1199 3546 est
1245 3490 1363 3546 sine
1408 3488 1516 3546 ﬁde
1565 3489 1849 3546 Ecclesiae.

260 3585 429 3649 Unus,
461 3581 654 3654 inquit,
676 3582 843 3648 Deus,
866 3595 1017 3637 unus
1046 3583 1101 3636 et
1117 3580 1417 3647 mediator,
1450 3586 1509 3635 ut
1535 3595 1727 3635 omnes
1745 3579 1852 3634 ho-

254 3670 431 3726 mines
478 3668 676 3725 salvari
722 3683 997 3740 nunquam
1056 3666 1147 3722 ﬁat
1191 3667 1297 3723 nisi
1344 3683 1445 3739 per
1496 3667 1853 3724 mediatorem

255 3760 432 3815 Deum
461 3759 702 3815 Verbum
732 3757 878 3829 quod
907 3773 1127 3830 semper
1172 3763 1311 3825 erat,
1341 3756 1645 3814 secundum
1673 3763 1855 3813 tamen

259 3864 502 3920 carnem,
531 3846 735 3904 factum
764 3854 866 3903 est.

328 3964 501 4020 Vens.
534 3965 587 4019 4.
615 3993 687 4004 -
714 3963 984 4019 Mediator
1011 3963 1131 4031 Dei,
1157 3967 1261 4018 etc.
1290 3960 1391 4017 Hic
1411 3968 1493 4018 est
1514 3960 1719 4016 arbiter
1739 3959 1851 4028 ille,

259 4069 422 4125 quem
450 4052 553 4108 Job
582 4050 877 4118 desiderat,
909 4050 1098 4108 dicens
1123 4066 1135 4107 :
1172 4052 1401 4109 Utinam
1420 4055 1565 4107 esset
1584 4050 1741 4107 nobis
1761 4067 1855 4107 ar-

261 4143 424 4197 biter.

328 4229 518 4301 (AUG.,
542 4227 639 4283 lib.
673 4242 726 4283 ix
754 4227 822 4284 de
853 4227 1014 4284 Civit.
1036 4228 1157 4295 Dei,
1185 4240 1240 4285 c.
1273 4227 1389 4299 15.)
1416 4226 1685 4284 Mediator
1714 4226 1856 4283 inter

256 4319 433 4374 Deum
459 4325 514 4373 et
541 4316 807 4384 homines,
841 4316 1127 4388 oportebat
1170 4323 1230 4371 ut
1278 4314 1482 4388 aliquid
1524 4315 1747 4371 haberet
1777 4315 1856 4371 si-

258 4406 387 4463 mile
409 4407 547 4474 Deo,
580 4413 704 4473 etc.,
736 4421 911 4479 usque
937 4404 1011 4460 ad
1040 4404 1179 4461 alius
1197 4404 1392 4471 bonus,
1417 4404 1511 4478 qui
1539 4404 1858 4462 reconciliat

257 4495 529 4567 inimicos,
559 4496 718 4551 Jesus
748 4493 1013 4551 Christus.

326 4603 498 4658 Vnus.
530 4604 583 4658 7.
616 4631 687 4643 —
712 4603 785 4657 Et
810 4603 1070 4658 veritate.
1111 4600 1309 4656 Futura
1337 4600 1541 4657 veritas
1570 4607 1653 4657 est
1680 4616 1772 4658 res
1803 4608 1857 4657 et

253 4705 467 4747 merces
496 4687 644 4746 ﬁdei.
679 4689 912 4758 Quaeris,
962 4688 1323 4747 mercedem?
1363 4688 1503 4747 ﬁdes
1558 4690 1853 4762 praecedat.

257 4778 540 4834 Credimus
566 4777 712 4834 enim
738 4786 798 4833 ut
816 4793 1239 4851 cognoscamus,
1262 4794 1372 4835 non
1391 4778 1775 4852 cognoscimus
1794 4786 1853 4833 ut

252 4866 563 4923 credamus.
600 4865 743 4936 Quid
772 4874 855 4923 est
901 4867 1047 4924 enim
1094 4866 1250 4935 ﬁdes,
1302 4866 1407 4923 nisi
1446 4868 1676 4925 credere
1706 4869 1852 4941 quod

252 4970 366 5011 non
394 4954 546 5012 vides
563 4956 591 5011 ?
616 4953 753 5012 ﬁdes
785 4972 922 5029 ergo
952 4964 1063 5024 est,
1099 4958 1246 5028 quod
1274 4972 1385 5013 non
1414 4958 1568 5014 vides
1598 4957 1847 5015 credere.

254 5042 490 5109 Veritas,
526 5060 648 5115 qua:
675 5043 957 5101 credidisti
982 5044 1187 5101 videre.

323 5174 497 5230 Vnus.
531 5178 583 5229 8.
613 5204 681 5216 —
720 5175 842 5231 Volo
869 5191 995 5248 ergo
1024 5177 1191 5243 viros,
1232 5183 1336 5233 etc.
1370 5178 1557 5248 (AUG.,
1588 5194 1757 5235 serm.
1784 5180 1850 5234 93

250 5264 319 5321 de
353 5262 662 5336 Tempore.)
683 5262 901 5318 Levavit
928 5262 1174 5319 Christus
1194 5280 1295 5336 pro
1324 5266 1483 5321 nobis
1510 5282 1705 5321 manus
1726 5282 1852 5322 suas

244 5353 302 5409 in
336 5367 521 5419 cruce,
555 5358 684 5419 etc.,
718 5366 892 5424 usque
936 5351 1008 5407 ad
1045 5359 1104 5406 ut
1134 5353 1355 5409 veniant
1403 5354 1501 5409 tibi
1529 5355 1584 5409 in
1613 5363 1852 5413 mentem

245 5457 315 5498 on
327 5457 423 5498 era
449 5447 563 5497 tua.

327 5457 423 5498 era
449 5457 563 5497 tua.

279 5457 434 5597 pIra,
469 5529 540 5585 ad
572 5527 917 5601 proximum;
951 5527 1376 5601 disceptatione,
1412 5531 1481 5585 ad
1511 5531 1705 5589 Deum.

314 5637 493 5691 Vnus.
523 5640 576 5692 9.
609 5666 678 5678 -
709 5636 827 5693 Non
869 5638 934 5693 in
978 5638 1163 5705 tortis,
1204 5643 1307 5692 etc.
1360 5637 1443 5692 Ne
1487 5637 1570 5692 his
1601 5639 1852 5695 omnibus

250 5724 388 5781 ultra
434 5715 683 5797 personae
712 5742 823 5784 suae
873 5725 1096 5784 modum
1127 5734 1179 5784 et
1210 5742 1395 5784 mores
1425 5727 1699 5784 occasioni
1729 5744 1852 5785 mo-

1962 1983 2134 2040 usque
2173 1966 2246 2022 ad
2292 1966 2441 2023 nullo
2490 1967 2652 2022 modo
2702 1966 2853 2021 illum
2900 1965 3141 2022 arbitror
3182 1965 3427 2037 potuisse
3468 1982 3563 2021 se-

1963 2056 2107 2112 ducL

2032 2144 2203 2200 Vnus.
2249 2147 2335 2200 15.
2385 2144 2725 2202 Saluabitur.

1959 2233 2192 2305 peccati,
2226 2241 2405 2288 tamen
2435 2232 2734 2289 salvabitur
2763 2248 2875 2288 non
2909 2232 3083 2288 solum
3112 2232 3271 2305 virgo
3302 2241 3356 2288 et
3389 2233 3564 2290 conti-

1959 2338 2118 2389 nens,
2146 2322 2244 2378 sed
2274 2322 2436 2377 etiam
2465 2329 2647 2393 nupta,
2688 2321 2791 2377 etsi
2828 2336 3106 2393 nunquam
3135 2321 3205 2377 ab
3243 2337 3415 2392 opere
3456 2338 3563 2376 nu-

1959 2411 2199 2483 ptiarum
2229 2426 2471 2478 cessans,
2507 2410 2554 2464 si
2594 2427 2696 2482 per
2722 2412 3144 2482 generationem
3179 2409 3454 2479 ﬁliorum,
3484 2409 3566 2465 in-

1962 2500 2185 2565 cedens,
2248 2499 2316 2553 ab
2358 2500 2464 2555 hoc
2506 2499 2709 2554 mundo
2749 2498 2959 2554 exierit.
3008 2499 3073 2554 Si
3094 2501 3481 2572 permanserit
3501 2502 3564 2555 in

1961 2587 2072 2657 ﬁde
2112 2590 2168 2642 et
2198 2587 2499 2643 dilectione
2528 2590 2587 2642 et
2612 2586 3085 2656 sanctiﬁcatione,
3118 2594 3174 2640 ut
3201 2595 3405 2657 praeter
3431 2603 3563 2658 pro-

1960 2675 2141 2748 prium
2171 2675 2347 2731 virum
2386 2675 2615 2729 alterum
2655 2690 2766 2730 non
2814 2682 3134 2748 cognoscat.
3189 2675 3326 2731 Cum
3367 2676 3565 2731 sobrie-

1965 2768 2102 2820 tate.
2136 2763 2195 2818 Id
2217 2771 2299 2819 est
2319 2763 2697 2835 temperantia,
2722 2771 2779 2819 ut
2797 2762 3024 2835 proprio
3044 2763 3205 2820 etiam
3220 2762 3337 2819 viro
3355 2771 3564 2836 tempe-

1961 2858 2081 2909 rate
2107 2859 2304 2908 utatur.

2793 2143 2912 2198 Etsi
2974 2141 3173 2199 mulier
3230 2142 3330 2198 fuit
3394 2158 3562 2200 causa

2582 2994 2806 3052 CAPUT
2842 2995 2935 3051 III.

2033 3135 2206 3193 Vsus.
2232 3139 2283 3191 1.
2316 3165 2386 3177 -
2406 3136 2623 3195 Bonum
2651 3153 2788 3210 opus
2817 3136 3122 3194 desiderat.
3147 3135 3321 3209 Opus,
3340 3154 3453 3195 non
3484 3140 3570 3195 di-

1960 3224 2241 3296 gnitatem,
2274 3224 2536 3294 laborem,
2568 3240 2678 3280 non
2706 3224 2951 3292 delicias,
2984 3240 3095 3282 non
3123 3240 3376 3283 crescere
3405 3227 3560 3284 fasti-

1957 3314 2071 3387 gio,
2104 3313 2201 3369 sed
2230 3312 2535 3369 humilitate
2564 3314 2973 3381 decrescere,ut
3001 3313 3095 3370 ﬁat
3137 3332 3330 3373 servus
3358 3324 3415 3372 et
3453 3317 3556 3371 mi-

1957 3401 2133 3457 nister
2171 3401 2452 3457 hominum
2475 3410 2698 3474 propter
2746 3402 3040 3470 Christum,
3087 3411 3145 3458 ut
3192 3404 3353 3460 etiam
3403 3405 3557 3462 inter-

1958 3490 2128 3546 missa
2159 3491 2397 3548 Rachele
2428 3491 2631 3547 decora
2660 3490 2819 3559 facie,
2844 3491 2943 3547 sed
2960 3508 3071 3548 non
3086 3491 3295 3561 relicta,
3319 3509 3447 3550 cum
3464 3496 3558 3551 Ja-

1958 3580 2063 3636 cob
2094 3580 2260 3635 intret
2279 3580 2349 3634 ad
2379 3578 2528 3634 Liam
2555 3579 2729 3635 oculis
2759 3579 2984 3651 lippam,
3013 3588 3067 3635 et
3106 3582 3175 3637 de
3203 3590 3389 3639 monte
3436 3599 3556 3640 cum

1957 3669 2147 3740 Moyse
2177 3669 2477 3725 descendat
2506 3668 2576 3724 ad
2606 3684 2850 3741 campos,
2891 3668 2961 3725 de
3005 3670 3116 3726 otio
3158 3672 3559 3744 contemplatio-

1957 3756 2044 3813 nis
2063 3757 2135 3812 ad
2154 3756 2405 3813 laborem
2434 3757 2682 3813 actionis.
3390 3782 3406 3795 ο

2028 3846 2201 3902 Vens:
2221 3850 2276 3904 2.
2309 3876 2378 3886 -—
2407 3845 2981 3920 Irreprehensibilem.
3015 3847 3167 3904 Idem
3197 3849 3344 3922 quod
3372 3849 3444 3905 ad
3471 3849 3556 3906 Ti-

1956 3942 2091 4003 tum,
2121 3937 2246 3991 sine
2266 3936 2527 3992 crimine.
2565 3935 2674 3991 Res
2694 3951 2834 4007 pene
2854 3942 3049 3992 contra
3067 3944 3336 4005 naturam,
3360 3946 3420 3994 ut
3435 3942 3556 3996 sine

1954 4026 2221 4097 peccato:
2255 4022 2353 4079 sed
2381 4022 2634 4097 eligatur,
2666 4024 2818 4093 cujus
2846 4026 3183 4097 comparatio
3213 4027 3400 4084 caeteri
3427 4044 3555 4103 grex

1956 4111 2223 4168 dicantur.
2262 4114 2435 4171 Unius
2464 4113 2676 4169 uxoris
2709 4114 2916 4183 virum,
2950 4122 3055 4171 etc.
3081 4114 3140 4169 Id
3171 4123 3253 4170 est
3281 4132 3551 4191 monoga-

1955 4217 2107 4255 mum
2136 4208 2261 4273 post
2301 4200 2651 4272 baptismum.
2702 4201 2759 4257 Si
2807 4201 2952 4257 enim
3002 4210 3056 4259 et
3104 4211 3229 4260 ante
3267 4206 3555 4279 conjugem

1955 4288 2143 4346 habuit
2174 4306 2296 4362 quas
2338 4290 2554 4358 obierit,
2601 4306 2710 4347 non
2749 4290 2800 4347 ei
2846 4291 3157 4364 imputatur,
3205 4293 3290 4350 cui
3333 4311 3556 4367 prorsus
3628 4328 3631 4329 ν

1956 4394 2119 4450 novo,
2169 4394 2270 4436 nec
2317 4386 2519 4451 stupra,
2565 4395 2667 4436 nec
2709 4378 2811 4435 alia
2860 4397 2982 4453 qua
3028 4389 3154 4438 ante
3195 4380 3417 4440 fuerunt
3445 4385 3556 4455 jam

1959 4468 2178 4524 obsunt.
2218 4468 2494 4537 Sobrium,
2545 4476 2649 4526 etc.
2694 4468 2927 4524 Ministri
2975 4470 3164 4543 templi
3204 4472 3559 4543 prohibentur

1875 4540 1935 4604 D
1956 4556 2143 4614 vinum
2198 4564 2251 4612 et
2302 4556 2537 4613 siceram
2593 4557 2804 4627 bibere,
2867 4574 2938 4614 ne
2995 4540 3262 4618 ebrietate
3314 4577 3556 4633 graven-

1956 4652 2046 4701 tur
2077 4645 2248 4701 corda
2291 4660 2499 4716 eorum,
2541 4652 2597 4702 et
2631 4652 2690 4703 ut
2732 4662 2927 4703 sensus
2967 4647 3171 4722 vigeat,
3212 4665 3435 4723 semper
3472 4659 3556 4706 te-

1953 4731 2077 4789 nuis
2109 4733 2197 4789 sit.

2023 4821 2197 4879 Vnus.
2231 4827 2283 4878 3.
2316 4852 2386 4864 —
2416 4823 2537 4881 Non
2582 4822 2872 4897 cupidum.
2919 4824 3067 4883 Nihil
3106 4834 3310 4899 praeter
3355 4828 3554 4886 victum

1954 4918 2008 4968 et
2037 4911 2292 4968 vestitum
2323 4920 2674 4984 quaerentem.

2023 5026 2194 5082 Vnus.
2230 5029 2282 5082 6.
2315 5056 2386 5069 -—
2415 5028 2493 5085 Ne
2521 5031 2585 5085 in
2627 5030 2969 5104 superbiam.
3017 5031 3205 5088 Nescit
3249 5043 3553 5090 momenta-

1952 5131 2090 5171 neus
2120 5114 2378 5172 sacerdos
2419 5118 2797 5185 humilitatem,
2829 5119 3026 5176 modos
3054 5136 3437 5192 personarum,
3471 5124 3555 5180 vel

1952 5220 2012 5259 se
2043 5212 2396 5260 contemnere
2426 5222 2535 5262 non
2557 5207 2837 5277 jejunavit,
2871 5225 2981 5264 non
3009 5208 3176 5277 ﬂevit,
3205 5226 3316 5267 non
3347 5228 3409 5267 se
3437 5227 3556 5269 cor-

1952 5293 2107 5361 rexit,
2141 5310 2250 5348 non
2270 5295 2604 5367 pauperibus
2633 5298 2901 5371 erogavit.
2927 5299 2991 5352 In
3017 5298 3410 5370 arrogantiam,
3436 5318 3556 5373 quae

1951 5390 2035 5439 est
2064 5382 2218 5438 ruina
2248 5382 2467 5451 diaboli,
2501 5384 2744 5441 incidunt
2775 5386 2868 5458 qui
2894 5395 3097 5459 puncto
3132 5387 3281 5444 hom
3321 5389 3557 5447 necdum

1952 5470 2224 5543 discipuli,
2256 5470 2389 5528 ﬁunt
2418 5474 2689 5546 magistri.

2029 5561 2257 5633 Oportet
2282 5566 2496 5630 autem,
2530 5571 2632 5620 etc.
2669 5564 2799 5621 Haec
2831 5564 3080 5622 clausula
3109 5566 3365 5638 congruit
3400 5569 3555 5640 prin-

1952 5648 2115 5719 cipio,
2162 5650 2310 5722 quod
2351 5650 2848 5723 irreprehensibilis
2889 5654 2958 5709 sit
2999 5670 3109 5710 non
3151 5654 3332 5711 solum
3380 5672 3414 5711 a
3452 5657 3555 5713 do-

1952 5737 2215 5807 mesticis,
2253 5739 2352 5798 sed
2383 5741 2453 5797 ab
2484 5740 2697 5815 alienis,
2725 5742 2946 5813 Judaeis,
2971 5744 3244 5819 gentibus,
3266 5746 3553 5813 haereticis,
