3968 6176
359 239 467 293 639

343 449 602 503 audeant.

425 537 598 592 Vens.
638 539 722 591 10.
751 566 820 577 --
851 538 1106 606 Nullum,
1150 546 1257 594 etc.
1289 538 1510 594 Crimen
1550 547 1633 594 est
1673 549 1960 612 peccatum

346 642 541 698 grave,
575 625 928 682 accusatione
957 634 1011 682 et
1033 627 1378 683 damnatione
1415 627 1814 700 dignissimum.

425 714 596 770 Vens.
634 718 721 771 15.
780 745 849 756 ——
877 715 1147 772 Ecclesia.
1190 716 1481 771 Multorum
1525 717 1845 772 convocatio
1891 717 1960 773 ad

350 803 517 858 unius
548 803 649 858 Dei
681 802 904 859 cultum.
959 805 1232 861 Columna
1287 806 1564 862 veritatis.
1616 806 1678 860 In
1721 821 1781 860 se
1820 806 1960 862 bene

352 892 636 947 sustinens
659 893 943 947 veritatem
973 909 1042 948 ne
1065 901 1306 960 corruat,
1330 893 1457 949 licet
1486 893 1787 950 tribuletur.

423 989 583 1044 Vers.
621 992 706 1043 16.
743 1020 811 1030 -
837 989 1118 1062 Apparuit
1149 991 1384 1061 angelis.
1416 991 1539 1044 Non
1570 991 1625 1044 in
1676 992 1791 1046 Deo
1836 997 1957 1045 tan-

339 1086 458 1133 tum
491 1077 783 1134 innotescit
803 1077 1013 1150 angelis
1049 1078 1195 1150 quod
1234 1078 1612 1133 absconditum
1631 1088 1732 1146 est,
1777 1079 1876 1134 sed
1907 1088 1958 1134 et

340 1166 434 1222 hic
465 1175 698 1238 apparet
721 1167 819 1233 eis,
855 1182 982 1222 cum
1012 1165 1246 1221 efficitur
1266 1175 1428 1238 atque
1448 1167 1803 1238 prapalatur;
1835 1167 1958 1223 ideo

353 1255 558 1311 dicitur
586 1255 905 1327 apparuisse
934 1255 1146 1327 angelis
1169 1271 1276 1310 non
1299 1256 1412 1324 jam
1455 1255 1511 1308 in
1541 1256 1714 1309 forma
1744 1256 1959 1310 humili-

344 1344 492 1410 tatis,
527 1344 628 1399 sed
655 1344 711 1398 in
738 1351 1005 1415 potestate
1029 1362 1044 1410 ;
1077 1344 1167 1415 qui
1191 1360 1322 1416 ergo
1372 1343 1522 1414 prius
1542 1344 1691 1400 visus
1720 1344 1956 1408 humilis,

344 1433 562 1488 devicta
596 1440 786 1501 morte,
811 1433 868 1486 in
901 1433 1180 1500 majestate
1210 1432 1476 1503 apparuit,
1503 1440 1561 1486 ut
1593 1441 1958 1505 agnoscentes

335 1521 525 1594 angeli
557 1521 878 1592 mysterium
931 1522 1078 1592 quod
1109 1521 1262 1592 prius
1310 1519 1484 1588 latuit,
1533 1521 1872 1576 declaratum
1904 1520 1959 1575 in

346 1625 534 1678 carne,
563 1626 710 1681 genu
743 1609 818 1663 illi
853 1609 1134 1665 ﬂectentes
1165 1609 1320 1682 quasi
1368 1611 1482 1664 Deo
1522 1610 1726 1683 gratias
1769 1618 1954 1682 agant,

343 1699 470 1770 quia
500 1699 809 1754 didicerant
867 1698 1168 1754 veritatem.
1219 1699 1285 1753 In
1338 1698 1567 1755 mundo.
1611 1700 1676 1754 Ut
1727 1697 1959 1770 perfidia

348 1787 540 1842 mundi
591 1787 808 1842 veniam
867 1787 1073 1841 erroris
1133 1786 1336 1842 mereri
1395 1803 1505 1842 non
1560 1786 1751 1858 possit.
1811 1787 1960 1842 Sicut

350 1876 620 1932 Dominus
678 1875 808 1931 dicit
865 1875 933 1930 de
963 1868 1226 1931 Iudaeis:
1281 1876 1338 1930 Si
1394 1891 1508 1931 non
1564 1875 1860 1945 venissem,
1903 1881 1958 1931 et

352 1965 578 2020 locutus
619 1965 699 2018 eis
737 1965 996 2034 fuissem,
1036 1968 1338 2037 peccatum
1369 1979 1483 2019 non
1525 1964 1815 2029 haberent,
1850 1971 1953 2019 etc.

340 2051 527 2122 (Joan.
565 2054 688 2122 xv).

971 2192 1196 2248 CAPUT
1236 2192 1325 2247 IV.

420 2338 596 2392 Vens.
650 2340 699 2390 1.
750 2366 818 2376 -
873 2336 1120 2409 Spiritus
1185 2339 1379 2402 autem
1424 2335 1731 2404 mani/este
1793 2333 1952 2389 dicit.

357 2426 494 2495 Quze
561 2424 664 2479 sibi
720 2424 900 2478 futura
958 2423 1190 2494 Spiritus
1243 2430 1464 2477 sanctus
1521 2421 1844 2476 revelaverit
1889 2421 1956 2476 ad

353 2514 771 2569 instructionem
801 2521 852 2567 et
881 2511 1151 2567 cautelam
1199 2511 1490 2577 Ecclesiae;
1539 2525 1650 2564 non
1694 2516 1839 2564 tacet
1877 2509 1959 2564 di-

352 2618 487 2658 cens
519 2601 730 2656 futuros
757 2599 1030 2672 pestiferae
1059 2598 1319 2654 doctrinae
1347 2598 1513 2664 viros,
1556 2605 1614 2652 ut
1636 2596 1958 2668 praemonita

353 2690 608 2747 Ecclesia
640 2691 708 2744 sit
739 2689 989 2755 sollicita,
1048 2703 1117 2743 ne
1172 2688 1239 2741 ab
1297 2686 1606 2755 hujusmodi
1648 2685 1954 2740 hominibus

354 2778 837 2843 circumveniatur,

365 2884 490 2922 mus
548 2867 669 2932 Dei,
703 2867 800 2922 sed
845 2861 1088 2938 Spiritus
1145 2866 1457 2936 manifeste
1514 2864 1672 2920 dicit.
1714 2863 1784 2917 Et
1833 2861 1956 2918 ideo

359 2973 462 3028 pro
489 2957 606 3025 ejus
635 2955 962 3011 sublimitate
993 2970 1061 3008 ne
1083 2970 1273 3009 curam
1301 2953 1563 3023 deponas.

431 3046 660 3101 Vens.2.
702 3074 771 3085 —
813 3043 1219 3100 Cauteriatam.
1272 3041 1577 3097 Cauterium
1621 3048 1704 3096 est
1750 3037 1956 3096 ferrum

358 3149 392 3188 a
425 3133 668 3189 cavendo
699 3132 922 3187 dictum.

429 3223 596 3277 Vens.
643 3225 696 3277 3.
730 3251 799 3260 —
837 3221 979 3288 Quos
1028 3223 1174 3276 Deus
1230 3221 1461 3276 creavit.
1522 3219 1650 3274 Haec
1707 3217 1959 3274 doctrina

355 3319 688 3376 sanctorum,
723 3309 816 3364 illa
835 3308 1252 3364 daemoniorum.

433 3427 604 3480 Vens.
637 3428 690 3479 5.
722 3455 791 3464 -
826 3425 1250 3494 Sanctiﬁcatur.
1311 3423 1542 3479 Sanctus
1589 3421 1646 3476 fit
1692 3420 1846 3477 cibus
1904 3429 1958 3476 et

353 3515 615 3579 salubris,
675 3529 785 3568 non
839 3513 1033 3568 noxius
1063 3513 1261 3567 animae
1305 3511 1392 3566 vel
1425 3510 1663 3582 corpori,
1725 3510 1955 3565 verbum

352 3602 670 3670 sanctiﬁcat,
705 3601 880 3658 oratio
901 3601 1176 3672 impetrat,
1197 3599 1444 3655 diabolus
1475 3614 1608 3655 vero
1651 3614 1747 3669 per
1775 3597 1955 3654 cibum

358 3699 550 3748 tentat.

428 3809 600 3863 Vens.
645 3812 696 3861 8.
729 3837 797 3846 --
825 3806 966 3862 Nam
997 3805 1324 3877 corporalis.
1374 3804 1547 3858 Datur
1590 3801 1678 3858 hic
1725 3801 1957 3873 intelligi

361 3898 506 3970 quod
523 3895 1002 3969 vigiliis,jejuniis,
1045 3893 1380 3948 orationibus
1429 3900 1482 3947 et
1513 3891 1670 3947 bonis
1699 3892 1956 3963 operibus

359 4003 418 4041 se
447 3985 734 4041 exercebat
774 3984 1107 4051 Timotheus,
1142 3997 1249 4036 non
1294 3981 1430 4037 adeo
1479 3981 1715 4036 intentus
1771 3980 1955 4052 operi-

357 4076 454 4130 bus
474 4071 884 4129 misericordire.
920 4072 1128 4137 Pietas,
1163 4087 1284 4141 qum
1313 4077 1569 4141 operatur
1611 4069 1756 4124 bona
1785 4068 1956 4124 fratri-

360 4164 459 4218 bus
491 4171 546 4218 et
575 4162 721 4217 valet
751 4159 821 4216 ad
849 4159 1274 4231 promerendum
1297 4159 1488 4213 Deum.

354 4313 359 4317 ~
427 4280 596 4334 Vens.
633 4281 719 4333 11.
752 4308 820 4318 -
849 4275 1099 4350 Prcecipe
1148 4277 1281 4332 haec.
1314 4275 1498 4330 Monet
1535 4290 1677 4343 eum,
1709 4282 1768 4329 ut
1819 4289 1955 4345 pro-

359 4369 532 4424 fectus
567 4368 682 4436 ejus
711 4382 812 4438 per
848 4366 1032 4421 omnia
1062 4364 1372 4435 exemplum
1415 4371 1560 4418 esset
1604 4362 1742 4431 aliis,
1794 4371 1852 4418 ut
1898 4363 1954 4416 in

1196 234 1467 293 GLOSSA
1504 236 1915 294 ORDINARIA.
1957 267 2026 284 -
2046 238 2266 296 EPIST.
2309 242 2331 295 Ι
2360 242 2454 297 ΑΒ
2483 242 2626 299 ΤΙΜ.

354 367 420 414 ut
447 359 538 433 qui
571 359 824 433 religioni
851 358 1165 431 detrahunt,
1215 361 1326 432 juri
1365 362 1481 431 ejus
1526 361 1812 421 detrahere
1853 378 1963 420 non
1991 365 2049 425 A

1987 1729 2040 1788 Β

921 2775 1080 2848 quasi
1127 2776 1318 2832 dicat:
1380 2777 1459 2830 Ita
1509 2783 1591 2830 est
1653 2775 1820 2846 digna
1865 2775 1974 2828 do—

3563 252 3667 305 630

2695 394 2925 451 CAPUT
2962 397 3027 451 V.

2132 499 2300 554 Vens.
2335 501 2386 555 1.
2420 530 2489 540 —
2511 501 2798 558 Seniorem
2839 519 2911 558 ne
2949 504 3353 578 increpaveris.
3386 505 3489 574 Ne,
3522 506 3661 564 indi-

2059 603 2167 660 gne
2197 586 2379 644 ferens
2409 606 2468 645 se
2498 605 2531 644 a
2556 590 2768 648 minore
2817 601 3146 661 correctum,
3207 593 3386 666 magis
3437 611 3660 668 exaspe~

2060 684 2210 733 retur
2239 693 2403 749 quam
2435 677 2703 749 proficiat.

2133 767 2303 822 Vens.
2337 769 2484 823 2.-
2537 769 2602 825 Ut
2641 784 2876 824 sorores.
2921 769 2990 824 Ut
3045 768 3292 826 videntes
3340 788 3401 828 se
3455 775 3662 829 amoris

2059 869 2227 910 causa
2269 855 2624 923 commoneri,
2686 855 2898 912 facilius
2941 874 3000 912 se
3048 859 3348 933 corrigunt.
3399 861 3465 919 In
3503 865 3662 919 omni

2057 945 2344 999 castitate.
2383 945 2443 998 In
2473 944 2711 1016 alloquio
2728 946 3150 1014 juvencularum
3171 957 3320 1004 recte
3346 949 3563 1018 juvenis
3591 952 3659 1006 de

2059 1032 2306 1087 castitate
2337 1033 2679 1088 admonetur.

2131 1120 2300 1175 Vens.
2343 1124 2394 1175 3.
2428 1151 2496 1161 --
2535 1123 2732 1177 Viduas
2759 1123 2970 1179 honora
2991 1141 3111 1197 quae
3126 1141 3251 1181 vere
3279 1125 3462 1182 viduae
3500 1133 3656 1184 sunt.

2060 1209 2176 1265 Hoc
2233 1216 2332 1273 est,
2377 1225 2498 1280 quae
2550 1210 2790 1264 omnium
2849 1228 3071 1267 suorum
3130 1213 3330 1270 auxilio
3393 1215 3663 1273 destitutae

2060 1305 2200 1364 sunt,
2239 1305 2288 1350 et
2313 1314 2434 1368 qua;
2479 1299 2733 1353 manibus
2778 1300 3028 1356 laborare
3087 1319 3196 1356 non
3228 1313 3475 1374 possunt,
3527 1321 3660 1377 quas

2059 1394 2352 1456 paupertas
2383 1386 2646 1454 debilitat,
2679 1395 2923 1460 aetasque
2971 1389 3186 1446 conficit
3218 1408 3230 1444 :
3265 1392 3460 1462 quibus
3516 1394 3660 1449 Deus

2060 1491 2187 1546 spes
2226 1483 2326 1542 est,
2359 1483 2410 1529 et
2441 1490 2602 1530 omne
2629 1491 2786 1548 opus,
2820 1478 3015 1534 oratio.

2131 1593 2300 1647 Vens.
2338 1593 2388 1646 4.
2421 1624 2490 1634 —
2521 1597 2874 1651 Parentibus.
2923 1597 3180 1652 Parentes
3210 1604 3335 1652 sunt
3365 1598 3547 1667 iidem,
3569 1600 3659 1670 qui

2062 1683 2312 1753 superius
2367 1681 2460 1736 filii
2477 1690 2528 1737 et
2557 1693 2803 1754 nepotes.
2862 1683 3016 1740 Unde
3054 1693 3107 1742 et
3142 1685 3197 1741 in
3240 1687 3509 1742 mundana
3539 1687 3662 1760 lege

2061 1787 2260 1840 parens
2294 1769 2506 1840 parenti
2531 1772 2750 1840 jubetur
2777 1789 2874 1844 per
2905 1775 3136 1843 gradum
3185 1776 3496 1831 succedere.
3522 1775 3660 1844 Qui-

2060 1861 2162 1914 bus
2194 1868 2435 1915 mutuam
2465 1861 2642 1916 vicem
2699 1861 2999 1926 reddimus,
3034 1879 3158 1918 cum
3195 1879 3226 1918 a
3257 1865 3506 1936 patribus
3535 1865 3659 1920 edu-

2061 1948 2167 2003 cati
2200 1965 2406 2015 sumus,
2431 1955 2483 2002 et
2513 1949 2648 2004 alios
2669 1949 2791 2020 pari
2830 1949 2952 2021 lege
2982 1951 3266 2007 nutrimus.

2131 2065 2301 2119 Vens.
2345 2068 2396 2119 5.
2453 2095 2520 2104 —
2567 2066 2850 2134 Desolata,
2891 2072 3097 2140 speret.
3149 2067 3354 2125 Videns
3393 2084 3459 2124 ex
3507 2069 3654 2126 nulla

2059 2160 2211 2224 parte
2243 2170 2302 2208 se
2348 2153 2548 2210 habere
2606 2153 2944 2226 suffragium,
2987 2163 3096 2212 toto
3126 2156 3308 2214 animo
3343 2165 3425 2213 est
3469 2157 3662 2215 devota

2058 2251 2193 2316 Deo,
2229 2249 2297 2304 de
2327 2267 2434 2322 quo
2455 2251 2572 2307 solo
2611 2259 2796 2323 sperat
2824 2253 3081 2308 auxilium
3112 2254 3235 2310 vitae
3263 2263 3316 2311 et
3346 2255 3553 2311 salutis.

2131 2339 2302 2394 Vens.
2339 2341 2389 2393 6.
2418 2370 2486 2382 —
2538 2342 2667 2409 Quae
2715 2343 2778 2396 in
2809 2342 3049 2398 deliciis.
3087 2341 3274 2398 Genus
3319 2352 3402 2399 est
3450 2344 3660 2416 impos-

2058 2436 2195 2483 turae
2228 2429 2490 2483 honorem
2520 2428 2698 2484 viduae
2729 2431 2932 2486 habere
2987 2431 3148 2500 velle,
3193 2439 3245 2487 et
3284 2448 3393 2487 non
3431 2433 3659 2504 obsequi
3751 2453 3756 2460 '

2059 2518 2174 2572 Deo
2212 2525 2264 2572 et
2293 2517 2436 2572 aliud
2467 2533 2651 2590 agere,
2685 2517 2832 2574 aliud
2880 2518 3141 2590 profiteri,
3176 2536 3298 2576 cum
3344 2519 3659 2592 profiteatur

2058 2605 2398 2676 religionem.
3059 2649 3066 2651 .

2129 2694 2298 2748 Vens.
2338 2698 2388 2748 8.
2423 2725 2492 2735 —
2534 2697 2741 2752 Curam
2773 2713 2890 2754 non
2918 2697 3099 2754 habet.
3128 2697 3268 2752 Cura
3294 2696 3660 2769 impendenda

2058 2790 2398 2861 parentibus,
2429 2799 2486 2845 ut
2514 2792 2673 2846 Jesus
2714 2801 2942 2848 matrem
2986 2794 3182 2848 Joanni
3237 2795 3652 2850 commendavit.

2131 2898 2301 2953 Vens.
2328 2901 2412 2954 10.
2447 2930 2514 2939 -
2544 2901 2736 2955 Pedes.
2772 2901 2959 2970 (Aue.,
2994 2902 3059 2955 in
3095 2903 3275 2958 Tract.
3301 2904 3367 2957 58
3390 2904 3451 2957 in
3469 2903 3655 2972 Joan.)

2060 2985 2343 3043 Faciamus
2379 2988 2494 3043 haec
2525 2988 2759 3044 invicem
2797 2989 3048 3055 humiles,
3091 2990 3235 3062 quod
3265 2989 3541 3046 humiliter
3569 2991 3655 3048 fe-

1981 3085 2029 3148 C
2060 3075 2130 3131 cit
2162 3077 2431 3145 excelsus,
2467 3085 2591 3147 etc.,
2625 3095 2798 3150 usque
2833 3079 2904 3135 ad
2933 3077 3284 3135 confirmatur
3339 3081 3656 3136 humilitatis

2057 3163 2301 3220 effectus.
2342 3166 2698 3222 Sanctorum.
2733 3165 2978 3235 Quorum
3006 3167 3275 3223 obsecro?
3302 3168 3529 3233 Eorum,
3564 3170 3656 3240 qui

2057 3253 2113 3307 in
2169 3253 2517 3309 tribulatione
2571 3263 2712 3324 sunt,
2764 3271 2875 3311 non
2923 3263 3233 3312 sanctorum
3292 3256 3651 3328 simpliciter:

2056 3350 2283 3414 possunt
2340 3343 2484 3397 enim
2543 3358 2666 3398 esse
2696 3344 2884 3410 sancti,
2920 3361 3240 3417 summoque
3277 3345 3544 3417 obsequio
3591 3346 3657 3400 ab

2057 3429 2305 3486 omnibus
2325 3429 2519 3486 foveri.
2559 3431 2685 3486 Noli
2716 3433 2816 3487 hos
2847 3435 3103 3506 prosequi
3142 3434 3300 3504 copia
3341 3450 3522 3489 rerum
3576 3434 3654 3488 af-

2056 3518 2304 3574 fluentes.
2338 3519 2446 3574 Sed
2465 3518 2708 3590 afﬂictos,
2741 3529 2794 3575 et
2813 3521 2906 3592 qui
2931 3536 2960 3574 δ
2978 3521 3159 3576 multis
3173 3522 3505 3593 ignorantur.
3528 3522 3655 3578 Noli

2059 3606 2275 3678 praesuli
2289 3607 2554 3664 Ecclesia:
2583 3609 2688 3662 ista
2717 3609 2955 3664 tribuere
2983 3610 3285 3680 partienda,
3321 3610 3438 3681 ipse
3467 3611 3648 3682 potius

2056 3695 2320 3760 ministra,
2369 3686 2461 3751 ne'
2488 3697 2656 3752 solius
2703 3697 2982 3768 impendii,
3024 3714 3213 3753 verum
3233 3698 3482 3770 obsequii
3503 3716 3647 3769 pra:-

2057 3784 2224 3839 mium
2254 3785 2522 3856 percipias
2563 3803 2576 3839 :
2609 3785 2840 3856 propriis
2861 3801 3025 3857 eroga
3068 3786 3342 3854 manibus,
3367 3795 3425 3842 tu
3445 3788 3652 3844 sulcum

2055 3889 2177 3929 sere
2211 3873 2445 3945 pietatis.

2127 3980 2298 4034 Vens.
2333 3983 2418 4034 11.
2443 4011 2513 4021 -
2549 3980 2763 4036 Devita.
2799 3980 2858 4036 Id
2887 3989 2985 4049 est,
3013 3989 3134 4037 vota
3154 3981 3418 4037 castitatis
3465 3998 3650 4038 earum

2055 4085 2164 4124 non
2191 4085 2365 4141 usque
2419 4069 2556 4124 adeo
2601 4085 2778 4141 cures,
2830 4077 2888 4125 ut
2925 4086 3017 4126 eas
3063 4070 3326 4127 Ecclesiae
3381 4070 3655 4128 alimoniis

2058 4159 2437 4214 sustentandas
2468 4159 2752 4230 suscipias.

2129 4258 2299 4313 Vens.
2325 4262 2410 4316 12.
2443 4287 2512 4298 -
2542 4257 2816 4314 Habentes
2855 4258 3042 4328 (Aue.,
3070 4259 3135 4314 de
3153 4260 3299 4314 Bono
3328 4257 3648 4315 viduitatis.

2056 4361 2175 4418 cap.
2219 4352 2269 4417 8,
2303 4350 2356 4413 9,
2417 4349 2531 4418 10.)
2560 4348 2619 4400 In
2651 4347 2921 4419 conjugali
2934 4346 3150 4402 vinculo
3170 4346 3216 4401 si
3233 4347 3490 4417 pudicitia
3513 4362 3648 4404 con-

361 4436 998 4512 adolescenteimirabilis
1029 4453 1322 4523 videretur,
1367 4460 1417 4507 et
1437 4451 1622 4525 gravis
1643 4450 1948 4522 disciplina,
1973 4455 2026 4514 D
2055 4444 2325 4501 servetur»
2352 4436 2626 4491 damnatio
2650 4452 2756 4491 Ποη
2779 4436 3012 4525 timelu“,
3039 4444 3165 4502 θῑοον
3191 4452 3364 4508 usque
3384 4436 3456 4491 αά
3475 4437 3653 4492 omnis

357 4553 414 4601 ut
444 4554 599 4602 actus
630 4545 746 4613 ejus
776 4550 1132 4599 excusarent:
1169 4549 1221 4596 et
1250 4557 1358 4596 non
1399 4538 1556 4612 quasi
1599 4539 1815 4607 juvenis
1856 4541 1955 4596 sed

363 4634 518 4706 quasi
548 4633 730 4689 senior
748 4633 1028 4695 habeatur,
1053 4639 1105 4686 et
1133 4631 1521 4685 erubescerent
1541 4629 1775 4697 majores
1803 4635 1951 4694 natu,

355 4723 399 4776 si
428 4738 537 4776 non
567 4721 881 4776 exhiberent
918 4736 977 4774 se
999 4720 1146 4787 juxta
1187 4719 1418 4774 formam
1441 4719 1619 4786 hujus,
1653 4732 1953 4773 conversa-

359 4812 501 4868 tione
529 4819 582 4865 et
611 4809 854 4865 moribus
883 4824 1097 4880 graves.

427 4931 592 4984 Vens.
639 4930 723 4982 14.
785 4959 854 4969 -
905 4929 1285 5000 Prophetiam.
1338 4927 1564 4983 Vocavit
1611 4925 1953 4998 prophetiam

356 5017 759 5088 inspirationem
800 5017 970 5072 sancti
1004 5017 1252 5090 Spiritus,
1289 5032 1383 5086 per
1423 5031 1586 5087 quam
1627 5015 1954 5086 praesciebat

360 5107 486 5178 quid
517 5107 586 5162 de
614 5107 718 5161 hoc
749 5114 802 5161 et
832 5106 901 5161 de
930 5106 1140 5160 caeteris
1172 5113 1317 5160 esset
1365 5113 1605 5160 acturus.
1661 5105 1786 5159 Ideo
1843 5103 1949 5157 ait:

365 5197 492 5264 Quae
531 5196 666 5250 data
732 5198 818 5249 est
857 5195 959 5250 tibi
994 5209 1094 5265 per
1148 5194 1544 5266 prophetiam:
1587 5193 1710 5264 quia
1751 5192 1953 5263 Spiritu

363 5283 636 5340 revelante
667 5283 925 5356 cognovit
955 5282 1248 5353 Apostolus
1307 5282 1648 5337 Timotheum
1697 5297 1818 5336 esse
1863 5280 1952 5335 di-

360 5388 525 5444 gnum
557 5371 858 5443 episcopali
915 5372 1142 5437 honore.
1181 5373 1516 5443 Presbyteri.
1561 5373 1664 5425 Pro
1723 5373 1951 5443 presby-

361 5465 626 5526 terorum,
660 5459 784 5532 quia
811 5459 990 5514 minus
1019 5460 1192 5515 tribus
1247 5476 1369 5516 esse
1425 5475 1533 5515 non
1590 5468 1835 5530 possunt.
1887 5461 1954 5514 Et

358 5557 513 5605 vocat
531 5549 934 5620 presbyterum,
959 5549 1309 5620 episcopum;
1334 5549 1418 5603 vel
1451 5548 1574 5620 quia
1604 5565 1743 5603 unus
1763 5565 1951 5602 manus

365 5637 589 5709 imponit
619 5638 832 5693 caeteris
871 5637 1309 5695 assentientibus.

2057 4525 2369 4594 hujusmodi
2392 4525 2582 4578 similis
2605 4533 2687 4579 est
2725 4523 2878 4578 uxori
2909 4524 3062 4591 Loth,
3089 4539 3210 4594 qua
3233 4532 3378 4579 retro
3417 4525 3646 4596 aspexit.

2126 4615 2361 4668 Irritam
2390 4616 2672 4684 fecerunt.
2705 4611 2821 4666 Etsi
2873 4627 2980 4666 non
3017 4612 3290 4678 nubendo,
3333 4620 3516 4668 tamen
3553 4629 3640 4668 vo-

2025 4702 2218 4757 -lendo
2252 4720 2264 4755 :
2299 4717 2404 4756 non
2439 4701 2561 4771 quia
2598 4700 2799 4771 nuptiae
2815 4700 3157 4768 damnentur,
3192 4701 3288 4755 sed
3318 4700 3471 4756 fraus
3518 4717 3640 4772 pro~

2054 4790 2236 4862 positi,
2298 4798 2351 4844 et
2407 4789 2580 4844 fracta
2619 4788 2755 4844 ﬁdes
2786 4789 2895 4844 voti
2933 4789 3219 4844 damnatur
3266 4798 3318 4845 et
3381 4791 3648 4858 voluntas,

2056 4896 2178 4952 quae
2207 4895 2236 4932 a
2266 4879 2542 4949 pr0posito
2575 4879 2779 4934 recedit
2809 4878 3131 4934 damnabilis
3157 4887 3258 4948 est,
3282 4880 3398 4935 sive
3445 4880 3646 4951 nuptiae

2057 4976 2371 5041 sequantur,
2406 4969 2520 5024 sive
2549 4985 2678 5024 non.

2125 5087 2294 5142 Vens.
2331 5089 2417 5140 15.
2449 5115 2519 5125 -
2552 5085 2837 5140 Conversa?
2866 5088 3003 5140 sunt
3049 5087 3200 5140 retro
3234 5085 3527 5140 Satanam.
3562 5085 3645 5139 Ab

2055 5174 2338 5231 excellenti
2367 5175 2458 5230 illo
2490 5173 2720 5230 vidualis
2765 5173 2852 5228 vel
2883 5173 3144 5229 castitatis
3192 5173 3476 5244 virginalis
3511 5189 3645 5243 pro-

2053 5264 2228 5337 posito
2259 5263 2314 5318 in
2335 5263 2638 5336 posteriora
2667 5261 3007 5335 respiciendo
3063 5262 3376 5318 ceciderunt
3405 5271 3458 5318 et
3487 5263 3647 5316 inter-

2049 5355 2246 5410 ierunt.

2125 5460 2292 5514 Vens.
2328 5461 2412 5513 17.
2446 5490 2515 5500 -
2543 5460 2652 5534 Qui
2684 5459 2836 5516 bene.
2873 5459 2952 5514 De
2985 5459 3190 5514 honore
3210 5457 3646 5529 presbyterorum

2056 5549 2140 5604 hic
2171 5549 2300 5619 agit,
2337 5548 2493 5620 quasi
2522 5547 2666 5604 dicat
2691 5566 2703 5602 :
2736 5546 2875 5604 Illud
2896 5547 3042 5620 quod
3071 5546 3181 5600 dixi
3227 5546 3296 5600 de
3338 5542 3513 5598 viduis
3543 5542 3645 5598 ob-

2056 5652 2247 5696 serva:
2281 5647 2334 5695 et
2362 5641 2466 5694 hoc
2496 5638 2658 5693 etiam
2690 5637 2922 5710 praecipe
2955 5637 3021 5691 de
3043 5632 3395 5707 presbyteris,
3429 5640 3485 5686 ut
3513 5648 3643 5702 pre-
