3968 6176
253 204 348 260 631

714 203 1119 261 WALAFRIDI
1155 204 1399 263 STRABI
1435 203 1636 262 FULD.
1678 202 1853 263 MON.
1892 203 2046 261 OPP.
2086 206 2265 265 PARS
2301 208 2344 265 Ι.
2386 235 2455 250 --
2490 206 2963 267 THEOLOGICA.

3454 217 3566 273 632

253 326 481 417 sbyteri,
514 328 609 402 qui
655 328 796 386 bene
844 336 1087 401 praesunt
1136 331 1247 386 vita
1283 337 1338 385 et
1373 327 1642 398 doctrina,
1693 327 1923 402 digniA
1948 332 2124 415 γυρία.
2164 341 2221 397 Si
2260 357 2392 416 ergo
2423 343 2645 400 avaritia
2690 345 2918 400 habetur
2954 360 3078 417 quas
3107 346 3331 417 proprie
3361 353 3449 403 est
3468 361 3567 417 pe-

254 415 585 475 habeantur.

324 506 497 564 Vens.
523 510 611 563 19.
634 537 705 548 -
721 508 997 565 Adversus
1019 508 1414 581 presbyterum
1433 507 1855 564 accusationem

254 595 378 652 noli
396 596 663 669 recipere,
687 602 790 652 etc.
825 596 975 652 Solet
1006 595 1100 668 qui
1127 595 1355 667 corripit
1398 612 1510 652 non
1555 595 1750 662 amari,
1802 601 1857 651 et

257 682 385 739 ideo
411 684 600 741 habita
635 684 1110 755 occasionet‘acile
1143 691 1455 741 accusatur.
1505 684 1710 740 Contra
1750 684 1856 740 hoc

251 779 458 840 monet,
481 788 591 829 non
611 789 734 829 esse
761 773 1137 845 recipiendam
1168 773 1237 830 de
1268 772 1416 831 facili
1448 772 1855 829 accusationem

250 859 519 919 adversus
559 862 964 935 presbyterum.

321 985 495 1041 Vens.
517 988 587 1042 20
606 1015 677 1027 --
699 986 898 1043 Coram
916 987 1195 1057 omnibus,
1228 992 1332 1043 etc.
1363 986 1551 1057 (AUG.,
1585 1000 1754 1041 serm.
1788 986 1855 1039 16

253 1074 322 1130 de
348 1075 496 1131 Verb.
530 1074 715 1146 Dom.)
744 1075 1053 1147 Aliquando
1098 1076 1269 1131 debes
1297 1075 1580 1146 corripere
1610 1089 1855 1145 peccan-

252 1169 365 1218 tem
393 1161 536 1219 inter
563 1171 618 1218 te
648 1172 702 1219 et
731 1164 912 1235 ipsum
940 1166 1138 1229 solum,
1171 1173 1300 1231 etc.,
1334 1181 1507 1236 usque
1534 1164 1606 1219 ad
1636 1161 1854 1234 quando

250 1258 435 1308 autem
464 1252 648 1324 palam
675 1262 954 1324 peccatur,
988 1251 1173 1324 palam
1205 1253 1552 1323 urguendum
1581 1258 1683 1307 est.

321 1359 492 1414 Vens.
524 1362 616 1417 21.
647 1390 718 1400 -
742 1362 930 1416 Testor
967 1376 1160 1417 coram
1200 1362 1326 1416 Deo.
1360 1360 1422 1415 Id
1453 1366 1554 1425 est,
1588 1359 1737 1416 Deus
1786 1356 1856 1411 sit

247 1446 381 1503 mihi
408 1447 580 1517 testis,
617 1448 763 1520 quod
792 1448 1033 1503 animam
1079 1464 1261 1503 meam
1291 1448 1501 1505 salvavi
1549 1447 1667 1513 tibi,
1698 1459 1852 1502 cave.

320 1546 494 1602 Vens.
525 1550 613 1605 23.
646 1576 717 1589 —
746 1548 871 1603 Noli
900 1547 1082 1603 adhuc
1112 1564 1335 1620 aquam,
1388 1554 1491 1603 etc.
1526 1545 1667 1615 Quia
1696 1550 1857 1600 casti-

248 1640 415 1690 tatem
443 1634 741 1705 admonuit,
774 1636 878 1691 hac
905 1634 1193 1692 occasione
1232 1636 1652 1692 immoderatam
1677 1632 1854 1689 absti-

249 1723 492 1781 nentiam
511 1725 782 1797 prohibet,
817 1741 979 1797 quam
1016 1725 1137 1796 ipse
1165 1724 1379 1782 inierat.

324 1840 493 1895 Vens.
555 1842 643 1898 24.
698 1841 1079 1908 Quorumdam
1126 1843 1420 1897 hominum
1456 1843 1709 1912 peccata,
1744 1847 1847 1894 etc.

253 1927 395 1998 Quia
418 1928 630 1985 dixerat
661 1929 778 1983 sine
798 1929 1117 2001 praejudicio
1144 1929 1278 1983 nihil
1308 1929 1639 1993 faciendum,
1672 1927 1855 1984 deter-

212 2046 221 2059 κ
250 2017 418 2073 minat
448 2017 543 2072 ubi
570 2018 949 2088 praejudicium
971 2018 1039 2072 sit
1068 2018 1462 2087 necessarium,
1496 2024 1550 2073 et
1579 2017 1672 2072 ubi
1718 2033 1850 2084 non,

252 2105 502 2163 dividens
538 2107 681 2163 bona
723 2114 778 2162 et
833 2107 1000 2173 mala,
1060 2107 1115 2161 in
1172 2106 1463 2162 manifesta
1509 2114 1563 2162 et
1615 2106 1849 2174 occulta,

255 2194 413 2268 quasi
447 2195 628 2251 dicat:
651 2195 778 2251 ideo
808 2212 947 2266 Opus
979 2204 1059 2250 est
1089 2195 1507 2265 examinatione,
1555 2195 1685 2267 quia
1713 2194 1854 2251 sicut

255 2283 507 2357 quadam
536 2292 661 2339 sunt
680 2283 987 2352 manifesta,
1012 2302 1135 2358 quae
1154 2302 1263 2341 non
1283 2292 1499 2357 oportet
1528 2284 1848 2353 examinari,

254 2372 328 2428 ita
356 2372 609 2444 quaedam
636 2380 760 2429 sunt
788 2374 1021 2443 occulta,
1052 2375 1121 2430 de
1144 2374 1342 2446 quibus
1375 2375 1492 2430 sine
1536 2372 1855 2445 prasexami-

254 2462 475 2518 natione
532 2478 644 2518 non
690 2470 867 2534 potest
905 2461 1025 2518 fieri
1070 2463 1466 2535 praejudicium.
1526 2464 1848 2535 Manifesta.

253 2551 371 2608 Hoc
400 2551 617 2608 dicitde
645 2551 731 2618 iis,
764 2552 834 2608 de
873 2552 1071 2625 quibus
1130 2553 1334 2610 clarum
1379 2561 1463 2609 est
1519 2568 1626 2626 quo
1670 2553 1853 2608 animo

256 2640 408 2708 fiant,
439 2642 557 2697 haec
578 2642 895 2712 praecedunt
929 2642 1001 2697 ad
1023 2642 1311 2713 judicium,
1344 2641 1473 2715 quia
1519 2640 1566 2696 si
1608 2642 1714 2697 ista
1758 2657 1852 2696 se-

253 2729 437 2804 quitur
457 2729 741 2801 judicium,
767 2747 876 2787 non
905 2738 987 2786 est
1004 2731 1374 2787 temerarium.
1402 2731 1847 2804 Subsequuntur.

256 2820 407 2876 Sicut
463 2835 586 2892 quae
641 2819 852 2875 occulta
905 2828 1031 2876 sunt
1068 2820 1231 2875 mala
1277 2819 1398 2891 ipsa
1448 2835 1559 2875 non
1610 2819 1854 2874 latebunt

255 2915 506 2979 tempore
526 2923 626 2964 suo
654 2908 870 2980 quando
900 2908 1101 2964 Christi
1134 2916 1347 2980 tempus
1392 2907 1695 2977 advenerit,
1744 2923 1852 2980 quo

255 2996 705 3055 manifestentur:
738 2997 817 3052 sic
847 3004 900 3053 et
926 2998 994 3052 de
1013 2996 1193 3052 bonis.
1227 2998 1308 3054 De
1344 2997 1431 3054 his
1460 3013 1595 3070 ergo
1634 2996 1850 3068 judice-
1878 3044 1915 3070 ,ς

253 3102 377 3162 mus
410 3102 426 3142 :
455 3086 546 3142 illa
575 3085 677 3144 Dei
697 3086 902 3157 judicio
932 3085 1324 3159 relinquantur.

852 3255 1079 3315 CAPUT
1106 3257 1197 3314 VI.

329 3396 501 3457 Vens.
533 3402 587 3454 1.
619 3426 689 3440 -
720 3397 1065 3473 Quicunque.
1118 3397 1411 3457 Sciendum
1457 3406 1542 3458 est
1588 3399 1853 3475 quosdam

258 3487 594 3559 praedicasse
641 3503 987 3546 communem
1029 3489 1282 3546 omnibus
1334 3489 1391 3545 in
1428 3488 1645 3546 Christo
1686 3490 1852 3546 liber-

256 3583 447 3632 tatem.
479 3575 639 3646 Quod
669 3576 738 3633 de
766 3578 1032 3650 spirituali
1056 3579 1302 3635 libertate
1329 3579 1515 3650 utique
1533 3596 1726 3635 verum
1746 3587 1847 3648 est,

258 3681 371 3721 non
396 3666 466 3722 de
484 3666 712 3735 carnali,
743 3674 803 3721 ut
823 3667 901 3722 illi
926 3667 1302 3742 intelligebant
1334 3685 1348 3722 :
1372 3668 1496 3724 ideo
1525 3674 1716 3726 contra
1755 3682 1853 3725 eos

252 3754 343 3811 hic
365 3754 606 3827 loquitur
631 3755 945 3827 Apostolus,
972 3758 1170 3827 jubens
1226 3773 1416 3814 servos
1455 3758 1690 3813 dominis
1739 3756 1851 3813 suis

256 3859 379 3900 esse
400 3844 666 3901 subditos.
697 3846 780 3901 Ne
808 3844 1029 3918 exigant
1049 3845 1195 3904 servi
1224 3847 1372 3919 quod
1399 3846 1469 3901 de
1497 3845 1747 3911 Hebraeis
1776 3846 1851 3900 di-

251 3933 405 4003 citur,
436 3941 494 3989 ut
523 3951 619 3991 sex
648 3934 803 3990 annis
823 3935 1086 4003 serviant,
1137 3942 1192 3992 et
1219 3935 1391 4008 gratis
1420 3935 1761 3992 dimittantur
1790 3934 1851 3991 li-

250 4021 390 4090 beri,
413 4023 560 4096 quod
588 4023 875 4095 mysticum
905 4032 1007 4080 est.

319 4137 491 4192 Vens.
524 4136 576 4191 4.
606 4165 675 4177 —
704 4137 1003 4209 Superbus.
1030 4135 1301 4207 Superbia
1329 4135 1548 4209 quippe,
1584 4151 1694 4193 non
1723 4151 1850 4192 eum

248 4224 387 4282 ratio
414 4225 581 4291 ducit,
609 4239 737 4282 cum
764 4226 834 4280 ad
855 4224 1097 4282 favorem
1136 4225 1489 4298 quaerendum
1534 4225 1590 4281 in
1619 4224 1848 4283 conﬂic-

244 4322 363 4370 tum
398 4321 739 4386 prorumpat,
774 4313 920 4386 quod
948 4330 982 4369 a
1010 4313 1309 4369 mansuetis
1339 4320 1390 4369 et
1420 4313 1579 4370 bonis
1627 4314 1844 4370 vitatur.

245 4404 562 4476 Languens.
592 4404 718 4460 Non
745 4403 892 4459 enim
920 4403 1230 4461 recusando
1268 4401 1435 4459 ﬁdem
1463 4402 1680 4474 penitus
1728 4419 1847 4460 mo-
1874 4418 1928 4479 D

244 4492 398 4562 ritur,
445 4507 548 4549 nec
584 4493 656 4547 ad
701 4493 947 4549 veritatis
1003 4490 1289 4549 scientiam
1337 4492 1691 4560 convalescit,
1742 4493 1843 4550 sed

243 4580 399 4652 quasi
426 4580 666 4653 repetitis
697 4581 1104 4639 accessionibus
1132 4580 1358 4653 languet
1385 4581 1532 4638 circa
1580 4583 1839 4655 quaestio-

239 4686 339 4726 nes
369 4677 423 4726 et
459 4686 672 4743 pugnas
703 4671 1012 4727 verborum.
1045 4672 1409 4739 Quwstiones.
1443 4670 1684 4740 Quaestio
1722 4679 1841 4727 erat

245 4772 318 4813 an
362 4774 554 4814 servus
603 4765 765 4826 esset,
813 4774 939 4816 cum
992 4776 1182 4816 omnes
1230 4775 1296 4815 ex
1358 4758 1564 4816 eisdem
1593 4758 1838 4831 patribus

247 4846 370 4914 orti,
403 4853 458 4903 et
476 4845 721 4903 Christus
756 4863 947 4905 omnes
983 4847 1299 4905 redemerit.

321 4949 494 5006 Vens.
530 4954 658 5006 9.—
682 4951 825 5008 Nam
841 4954 937 5026 qui
966 4954 1183 5009 uolunt.
1226 4951 1344 5008 Hoc
1371 4949 1566 5008 dicitur
1611 4949 1697 5004 his
1744 4949 1837 5022 qui

239 5038 428 5098 volunt
456 5046 509 5095 et
535 5055 647 5096 non
702 5048 844 5110 sunt,
902 5057 972 5097 ne
1022 5039 1354 5097 desiderent.
1411 5041 1529 5095 Iam
1578 5038 1836 5095 divitibus

240 5127 386 5184 aliud
415 5128 630 5195 dicitur,
660 5129 865 5187 scilicet
894 5146 1003 5186 non
1036 5130 1274 5202 superbe
1296 5144 1507 5200 sapere,
1559 5128 1656 5184 sed
1705 5127 1834 5183 dare

238 5217 588 5289 pauperibus.
615 5219 881 5276 Incidunt
892 5220 955 5274 in
975 5220 1351 5275 tentationem
1371 5222 1429 5274 et
1450 5219 1710 5290 laqueum
1721 5217 1837 5272 dia-

240 5307 366 5373 boli,
402 5308 534 5380 quia
554 5309 727 5364 radix
747 5310 1003 5365 omnium
1023 5308 1325 5373 malorum,
1359 5314 1466 5362 etc.
1489 5306 1614 5361 Non
1642 5312 1726 5361 est
1745 5322 1835 5377 ge-

235 5411 340 5452 nus
360 5396 487 5451 mali
502 5396 647 5468 quod
677 5412 788 5452 non
808 5412 873 5452 ex
904 5395 1197 5465 cupiditate
1218 5395 1505 5468 aliquando
1531 5394 1829 5467 proveniat,

240 5484 363 5558 quia
392 5484 546 5541 radix
575 5484 815 5540 omnium
844 5484 1111 5540 malorum
1140 5492 1221 5540 est
1260 5485 1546 5556 cupiditas.

309 5592 479 5649 Vens.
516 5595 601 5648 10.
625 5622 694 5635 —
726 5592 1035 5665 Cupiditas.
1060 5593 1121 5651 In
1151 5592 1347 5651 Graeco
1374 5592 1618 5663 habetur,
1642 5595 1828 5675 φιλαρ-

1956 432 2130 487 οιωίω
2158 447 2332 500 amor,
2365 447 2464 504 pro
2483 449 2687 505 genere
2714 433 2860 508 quod
2890 442 2975 491 est
3003 433 3293 508 cupiditas,
3333 433 3568 508 ponitur

1957 536 2189 592 species.

2025 609 2317 666 Doloribus
2343 610 2566 667 multis.
2590 610 2751 667 Avari
2807 610 2954 667 enim
2999 619 3152 668 tanto
3187 612 3313 684 plus
3348 610 3565 669 sollici-

1955 696 2197 754 tudinem
2240 698 2517 755 cruciatus
2558 700 2843 771 sustinent,
2909 715 3017 774 quo
3061 700 3294 773 amplius
3327 700 3567 758 deside-

1954 792 2078 843 rant
2106 801 2226 859 qum
2253 786 2342 843 vel
2370 787 2555 845 habita
2578 795 2882 858 transeunt,
2916 788 3006 847 vel
3040 806 3161 863 quae
3187 791 3397 848 habere
3443 794 3591 847 non”

1954 883 2210 946 possunt.

2025 983 2199 1040 Vens.
2242 986 2329 1038 11.
2378 1011 2449 1024 -
2480 984 2559 1040 Tu
2602 987 2817 1052 autem,
2872 985 3052 1053 homo,
3097 992 3201 1042 etc.
3252 986 3379 1042 Non
3423 984 3565 1042 dicit

1955 1072 2102 1144 quod
2130 1072 2237 1128 hoc
2260 1072 2445 1127 timeat
2472 1072 2541 1128 de
2570 1071 2695 1143 isto,
2730 1072 2828 1129 sed
2864 1074 3071 1130 sciebat
3132 1074 3237 1131 hoc
3266 1082 3565 1131 venturum

1956 1160 2011 1215 in
2040 1176 2236 1216 manus
2275 1160 2648 1216 ecclesiarum.
2682 1163 2807 1218 Ηιεο
2862 1164 3014 1235 fuge.
3063 1162 3209 1218 Nihil
3256 1163 3399 1219 enim
3445 1172 3562 1218 tam

1956 1265 2211 1321 asperum
2231 1257 2449 1322 tamque
2478 1250 2843 1321 perniciosum
2874 1266 3036 1323 quam
3056 1251 3100 1305 si
3121 1251 3200 1307 vir
3229 1251 3570 1308 ecclesiasti-

1956 1353 2055 1394 cus
2083 1338 2317 1393 maxime
2338 1338 2430 1410 qui
2461 1338 2747 1394 sublimem
2778 1346 2923 1394 tenet
2951 1339 3150 1410 locum,
3176 1340 3377 1396 divitiis
3393 1341 3561 1412 hujus

1957 1427 2142 1483 saeculi
2162 1427 2404 1483 studeat:
2436 1426 2559 1499 quia
2588 1443 2699 1483 non
2729 1428 2904 1484 solum
2925 1428 3029 1483 sibi
3081 1428 3186 1500 ipsi
3216 1431 3314 1486 sed
3357 1438 3411 1487 et
3440 1448 3560 1487 caa-

1956 1516 2088 1571 teris
2104 1516 2279 1585 obest,
2305 1514 2500 1588 quibus
2531 1516 2861 1572 contrariam
2915 1518 3009 1573 dat
3050 1516 3301 1574 formam.
3351 1521 3556 1577 Pieta-

1958 1608 2092 1660 tem.
2125 1605 2303 1660 Pietas
2325 1610 2408 1659 est
2436 1613 2494 1659 ut
2522 1605 2705 1677 egenti
2723 1604 3245 1673 condescendamus,
3267 1608 3416 1680 quod
3444 1625 3560 1665 non

1880 1689 1934 1751 B
1955 1692 2079 1751 facit
2117 1694 2365 1765 cupidus.
2402 1693 2612 1750 Fidem.
2630 1693 2733 1763 Qui
2753 1710 2938 1751 veram
2960 1694 3123 1751 ﬁdem
3142 1696 3305 1752 habet
3327 1697 3399 1753 de
3413 1698 3551 1765 Deo,

1953 1798 2063 1837 non
2092 1781 2237 1854 cupit
2264 1783 2319 1837 in
2349 1781 2587 1838 miseriis
2639 1781 2756 1840 ﬁeri
2805 1783 2983 1853 dives,
3032 1800 3137 1841 nec
3190 1785 3365 1858 pluris
3394 1795 3475 1843 est
3502 1786 3557 1843 ei

1952 1871 2204 1940 mundus,
2231 1887 2390 1944 quam
2418 1872 2587 1927 Deus.

2024 1979 2195 2034 Vens.
2232 1982 2317 2033 13.
2340 2007 2410 2019 -—
2440 1979 2710 2051 Prwcipio
2735 1979 2855 2035 tibi.
2880 1979 2942 2033 In
2971 1978 3254 2037 Timotheo
3299 1981 3553 2038 omnibus

1953 2066 2364 2122 successoribus
2393 2065 2633 2139 loquitur
2660 2067 2977 2140 Apostolus.
3023 2071 3095 2125 Et
3127 2069 3347 2127 Christo
3394 2072 3543 2128 Jesu.

1951 2155 2215 2226 Exemplo
2236 2155 2434 2211 Christi
2467 2156 2732 2211 hortatur.

2023 2269 2194 2325 Vens.
2229 2272 2313 2325 15.
2349 2301 2418 2310 -
2445 2272 2651 2328 Beatus
2671 2275 2729 2327 et
2757 2271 2929 2339 solus,
2961 2279 3066 2329 etc.
3087 2271 3202 2328 Hoc
3220 2287 3331 2330 non
3350 2274 3421 2330 de
3442 2275 3547 2332 Pa-

1952 2365 2032 2414 tre
2060 2366 2264 2413 tantum
2293 2357 2439 2429 dicit,
2481 2360 2579 2415 sed
2598 2359 2668 2415 de
2697 2359 2813 2416 Deo
2844 2360 2937 2433 qui
2967 2369 3050 2417 est
3079 2361 3196 2433 ipsa
3222 2362 3475 2420 Trinitas.

2021 2466 2194 2521 Vens.
2229 2468 2316 2520 16.
2367 2496 2437 2507 -
2486 2466 2591 2535 Qui
2636 2468 2791 2523 solus
2831 2467 2994 2525 habet
3027 2470 3543 2529 immortalitatem.

1950 2554 2123 2610 Habet
2141 2570 2242 2625 per
2260 2562 2532 2624 naturam,
2557 2554 2646 2610 alii
2675 2556 2746 2611 ab
2774 2572 2840 2612 eo
2858 2573 2960 2628 per
2976 2557 3227 2630 gratiam.
3243 2560 3549 2618 Inaccessi-

1951 2644 2119 2701 bilem
2160 2659 2324 2715 quem
2350 2645 2550 2701 nullus
2572 2644 2885 2702 hominum.
2922 2645 3064 2716 Quia
3091 2646 3274 2703 nullus
3305 2649 3375 2704 ad
3427 2665 3546 2705 eam

1949 2748 2015 2787 ex
2046 2748 2107 2787 se
2134 2732 2347 2788 accedit
2373 2732 2471 2788 sed
2498 2732 2586 2789 cui
2616 2732 2793 2804 datur,
2851 2734 2997 2791 dono
3027 2735 3146 2804 ejus
3174 2735 3352 2803 datur,
3401 2738 3547 2810 quod

1948 2820 2289 2894 intelligebat
2328 2822 2598 2893 Pmpheta
2625 2822 2814 2878 dicens
2848 2840 2862 2878 :
2894 2824 3154 2883 Accedite
3189 2825 3263 2883 ad
3310 2843 3462 2895 eum,
3492 2831 3550 2885 et

1948 2909 2371 2966 iiluminamini
2399 2909 2555 2981 (Psal
2574 2911 2806 2985 xxxm),
2834 2918 2940 2969 etc.

2023 3024 2193 3081 Vens.
2218 3026 2305 3080 17.
2336 3026 2694 3083 -Divitibus
2716 3027 2885 3100 hujus
2905 3028 3120 3086 saeculi.
3144 3029 3319 3102 Supra
3338 3029 3452 3104 egit
3478 3031 3547 3089 de

1951 3112 2036 3170 his
2052 3114 2144 3186 qui
2172 3113 2364 3170 divites
2390 3114 2578 3171 volunt
2593 3115 2729 3185 ﬁeri,
2761 3116 2951 3173 dicens
2966 3132 3062 3174 eos
3091 3118 3333 3176 incidere
3356 3120 3415 3176 in
3436 3128 3549 3178 ten-

1953 3202 2210 3259 tationem
2237 3211 2291 3258 et
2317 3202 2574 3276 laqueum
2600 3204 2824 3277 diaboli,
2854 3205 2944 3263 hic
2968 3206 3081 3280 agit
3110 3207 3179 3264 de
3218 3208 3305 3264 his
3336 3209 3430 3282 qui
3457 3210 3545 3266 di-

1953 3292 2092 3349 vites
2130 3299 2274 3360 sunt,
2305 3308 2537 3349 monens
2566 3309 2661 3350 eos
2690 3309 2802 3350 non
2848 3311 3073 3367 sperare
3124 3296 3180 3352 in
3207 3296 3428 3354 divitiis.
3479 3298 3547 3357 Et

1956 3389 2086 3462 quia
2113 3390 2247 3445 dixit
2271 3389 2415 3446 mala
2439 3391 2625 3447 venire
2655 3408 2723 3448 ex
2749 3392 3062 3465 cupiditate,
3113 3402 3168 3451 et
3193 3404 3384 3452 contra
3428 3413 3546 3453 sua-

1953 3479 2037 3548 sit,
2072 3496 2142 3535 ne
2188 3478 2499 3536 viderentur
2545 3480 2742 3537 divites
2779 3482 2995 3552 adjecti,
3046 3482 3387 3540 determinat.
3426 3486 3545 3545 Non

1951 3569 2208 3625 sublime.
2242 3569 2368 3625 Non
2390 3568 2607 3640 expavit
2634 3570 2926 3642 Apostolus
2972 3571 3206 3640 divitias,
3248 3574 3347 3630 sed
3391 3589 3542 3632 mor-

1947 3657 2076 3711 bum
2105 3673 2310 3725 earum,
2341 3656 2397 3712 id
2428 3666 2510 3714 est
2531 3658 2860 3730 superbiam,
2895 3675 3018 3732 qum
3046 3668 3130 3717 est
3165 3663 3367 3719 vermis
3401 3663 3544 3721 divi-

1949 3753 2083 3801 tum.
2117 3745 2353 3802 Grandis
2409 3746 2622 3802 animus
2679 3754 2778 3815 est,
2830 3748 2922 3820 qui
2972 3749 3116 3806 inter
3170 3750 3385 3809 divitias
3441 3752 3542 3810 isto

1950 3833 2143 3890 morbo
2189 3850 2300 3892 non
2344 3843 2597 3892 tentatur.
2630 3836 2859 3909 Magnus
2914 3845 2999 3894 est
3024 3838 3119 3911 qui
3157 3854 3267 3895 non
3311 3856 3373 3898 se
3422 3841 3543 3899 ideo

1950 3938 2209 3994 magnum
2237 3931 2407 3995 putat,
2440 3923 2564 3996 quia
2591 3923 2745 3981 dives
2775 3934 2876 3982 est.
2914 3924 3020 3994 Qui
3074 3935 3259 3985 autem
3312 3929 3438 3987 ideo
3484 3946 3542 3987 se

1946 4027 2208 4084 magnum
2236 4019 2406 4084 putat,
2439 4013 2709 4084 superbus
2741 4021 2843 4082 est,
2892 4030 3101 4088 egenus
3131 4024 3233 4083 est,
3287 4017 3345 4074 in
3375 4033 3542 4077 carne

1949 4107 2143 4172 turget,
2176 4108 2359 4171 crepat
2377 4099 2435 4155 in
2461 4100 2645 4171 corde,
2676 4102 2970 4171 mendicat,
3016 4104 3232 4161 inﬂatus
3280 4114 3384 4175 est,
3434 4122 3542 4164 non

1949 4188 2159 4261 plenus.
2188 4190 2271 4245 Ad
2295 4189 2624 4262 fruendum.
2666 4191 3013 4263 Temporalia
3033 4193 3179 4249 enim
3197 4193 3253 4250 in
3280 4196 3386 4252 hac
3432 4197 3543 4253 vita

1950 4278 2041 4334 dat
2062 4278 2208 4334 Deus
2263 4277 2332 4332 ad
2380 4278 2658 4347 utendum,
2707 4288 2907 4335 aeterna
2950 4282 3021 4336 ad
3059 4280 3347 4339 fruendum
3380 4300 3395 4341 :
3427 4284 3539 4354 illa,

1947 4366 2093 4423 unde
2120 4367 2264 4423 bona
2290 4365 2591 4435 faciamus;
2622 4367 2729 4426 ista
2755 4369 2899 4425 unde
2926 4368 3056 4427 boni
3087 4369 3407 4428 eﬁiciamur.

2015 4475 2187 4530 Vens.
2222 4477 2307 4529 19.
2331 4503 2400 4515 -
2435 4474 2854 4534 Thesaurizare.
2890 4476 2975 4533 Ad
3004 4477 3111 4536 hoc
3146 4479 3541 4551 praemittuntur

1941 4561 2144 4619 divitia:
2169 4577 2279 4618 non
2309 4562 2588 4633 periturae.

2012 4678 2183 4735 Vens.
2214 4680 2304 4735 20.
2336 4708 2406 4720 -
2440 4679 2482 4735 0
2527 4678 2825 4735 Timothee.
2874 4679 3207 4749 Timotheus,
3269 4682 3541 4755 pretiosus

1939 4766 2065 4825 ideo
2099 4765 2292 4846 Τίμιος
2328 4769 2624 4838 pretiosus,
2663 4766 2801 4836 Θεὸς
2837 4769 3008 4827 Deus.

2010 4866 2312 4936 Profanas.
2343 4865 2412 4922 Ut
2439 4872 2541 4934 est,
2575 4864 2909 4938 hypostasis,
2933 4881 3054 4938 quas
3069 4880 3174 4922 vox
3200 4881 3262 4922 se
3289 4866 3457 4924 habet
3472 4867 3541 4922 ad

1938 4966 2231 5022 personam
2261 4960 2313 5009 et
2340 4953 2408 5008 ad
2437 4953 2812 5010 substantiam.
2856 4953 3013 5010 Unde
3061 4961 3115 5009 et
3139 4954 3384 5012 haeretici
3438 4956 3541 5011 sub

1935 5041 2095 5109 hujus
2121 5041 2355 5098 nominis
2383 5041 2820 5113 multiplicatione
2847 5042 3107 5098 inducere
3150 5042 3402 5099 volebant
3429 5050 3541 5100 tres

1940 5145 2064 5185 esse
2086 5130 2432 5185 substantias.
2464 5129 2727 5186 Profanas
2746 5146 2912 5187 voces
2951 5130 3197 5204 intellige
3245 5148 3369 5204 quae
3414 5140 3541 5188 sunt

1940 5226 2135 5275 contra
2163 5218 2504 5290 religionem,
2536 5219 2656 5275 aliae
2680 5236 2790 5276 non
2818 5226 2940 5275 sunt
2968 5219 3222 5277 vitandas.

2003 5335 2176 5390 Vens.
2216 5338 2308 5391 21.
2344 5364 2412 5375 -
2458 5336 2884 5403 Promittentes,
2917 5335 3073 5392 circa
3104 5335 3274 5405 ﬁdem
3315 5336 3543 5393 excide-

1932 5428 2091 5492 runt,
2124 5431 2236 5480 etc.
2256 5422 2402 5479 Nihil
2437 5422 2584 5479 enim
2607 5422 2686 5479 sic
2704 5431 2881 5478 amant
2915 5423 3025 5494 isti,
3063 5439 3224 5496 quam
3256 5424 3545 5481 scientiam

1934 5512 2279 5585 promittere,
2312 5521 2368 5571 et
2393 5511 2559 5570 ﬁdem
2588 5527 2769 5568 rerum
2797 5527 3057 5569 verarum
3104 5512 3266 5585 (quas
3312 5514 3543 5572 credere

1936 5602 2147 5676 parvuli
2176 5600 2589 5677 praecipiuntur)
2621 5602 2767 5660 velut
2798 5601 3123 5675 imperitiam
3150 5602 3426 5661 deridere.
