3964 6178
193 244 296 298 633

1179 229 1450 290 GLOSSA
1486 226 1900 289 OBDINARIA.
1934 257 2004 270 —
2042 227 2257 286 EPIST.
2291 228 2340 284 ΙΙ
2369 227 2462 284 ΑΙ)
2491 227 2632 284 ΤΙΜ.

238 437 3426 466 W

1139 598 1564 676 EPSTOLA
1613 599 1680 670 Π
1731 596 1861 670 AD
1914 595 2497 669 TIMOTHEUM.

748 931 1260 989 ARGUMENTUM.

266 1049 408 1104 Item
457 1048 743 1104 Timotheo
782 1046 971 1104 scribit
1018 1048 1086 1103 de
1117 1045 1492 1102 exhortatione
1528 1044 1796 1115 martyrii,

190 1144 243 1193 et
275 1137 348 1193 de
381 1138 535 1194 omni
563 1138 757 1209 regula
782 1136 1046 1204 veritatis,
1079 1136 1278 1208 etquid
1300 1135 1535 1190 futurum
1569 1133 1636 1188 sit
1657 1141 1799 1188 tem-

189 1226 429 1297 poribus
451 1225 784 1294 novissimis,
817 1233 869 1281 et
899 1225 966 1282 de
999 1242 1094 1280 sua
1132 1224 1409 1297 passione,
1463 1222 1704 1279 scribens
1751 1220 1801 1277 ei

191 1315 261 1369 ab
292 1316 441 1372 urbe
474 1317 664 1372 Roma.

733 1429 956 1486 CAPUT
987 1429 1274 1485 PRIMUM.

266 1555 452 1611 Vnus.
489 1559 539 1609 1.
572 1585 642 1596 -
679 1555 893 1610 Paulus
927 1553 1230 1626 apostolus.
1266 1552 1449 1608 Primo
1507 1551 1801 1624 Apostolus

190 1644 416 1710 salutat,
450 1641 650 1698 deinde
680 1643 882 1715 gratias
914 1642 1025 1715 agit
1057 1642 1124 1696 de
1146 1643 1289 1697 bono
1323 1642 1468 1713 quod
1496 1641 1676 1708 habet,
1709 1640 1800 1695 ubi

193 1749 356 1787 suum
392 1732 620 1787 videndi
649 1748 774 1786 eum
808 1730 1139 1786 desiderium
1169 1731 1424 1785 ostendit.
1451 1732 1646 1785 Postea
1674 1745 1798 1784 mo-

194 1831 286 1877 net
317 1822 390 1875 ad
423 1819 854 1892 praedicandum,
889 1827 942 1874 et
980 1820 1048 1873 ad
1077 1819 1390 1890 patientiam
1409 1819 1670 1890 martyrii,
1703 1834 1802 1874 suo

191 1909 455 1980 exemplo
487 1917 540 1963 et
567 1909 690 1963 aliis
718 1909 916 1964 modis.
949 1908 1083 1963 Inde
1113 1908 1242 1963 dicit
1273 1908 1463 1981 quales
1481 1908 1646 1963 futuri
1679 1917 1802 1962 sunt

188 2000 242 2053 in
273 1997 604 2053 novissimis
634 1998 862 2052 diebus:
893 1996 1114 2052 tandem
1145 1998 1213 2052 de
1234 2006 1481 2068 tempore
1522 1995 1804 2052 resolutio-

188 2088 272 2142 nis
306 2103 427 2142 suaa
449 2086 691 2141 instanti.
714 2090 822 2142 Per
841 2088 1193 2142 voluntatem
1221 2088 1347 2141 Dei.
1387 2087 1507 2141 Non
1522 2086 1659 2140 meis
1679 2102 1800 2140 me-

190 2175 332 2242 ritis,
371 2175 532 2248 quasi
562 2175 706 2230 dicat
735 2193 750 2228 :
781 2175 1040 2230 Similiter
1082 2183 1136 2230 et
1162 2183 1220 2229 tu
1270 2175 1442 2244 gratis
1487 2175 1686 2230 missus
1716 2188 1796 2240 es,

192 2273 244 2321 et
273 2264 410 2319 ideo
424 2263 790 2335 praedicandae
811 2265 1003 2336 gratiae
1022 2264 1198 2336 magis
1225 2263 1511 2318 obnoxius.

255 2353 446 2409 Vens.
481 2354 532 2407 3.
566 2383 636 2393 —
669 2353 892 2408 Gratias
941 2370 1060 2424 ago.
1122 2353 1249 2422 Agit
1299 2352 1504 2424 gratias
1548 2351 1615 2406 de
1660 2351 1804 2408 bono

187 2443 327 2512 ejus,
385 2441 778 2498 commendans
826 2439 954 2496 ﬁdei
1013 2441 1250 2514 gratiam
1308 2457 1428 2512 quae
1474 2441 1529 2494 in
1587 2439 1803 2496 Christo

191 2540 291 2586 est.

256 2621 616 2676 Memoriam.
640 2618 812 2675 Flevit
841 2616 988 2673 enim
1009 2617 1325 2672 Timotheus
1355 2632 1388 2671 a
1419 2617 1586 2674 Paulo
1609 2616 1802 2672 dimis-

191 2726 303 2776 sus,
342 2716 574 2780 paralus
624 2723 749 2763 cum
787 2723 852 2764 eo
883 2707 964 2762 ire
1024 2706 1094 2760 ad
1124 2706 1308 2762 omnia
1336 2705 1592 2776 pericula.
1648 2705 1805 2774 Quod

185 2813 326 2871 ergo
359 2812 606 2868 praesens
639 2796 841 2864 habuit,
874 2795 1078 2851 absens
1099 2802 1299 2860 teneat,
1325 2795 1608 2867 accipiens
1629 2798 1805 2852 etiam

187 2885 654 2943 recordationem
683 2885 815 2954 ﬁdei
845 2900 968 2956 qua:
999 2891 1052 2940 te
1081 2890 1445 2949 commoneat,
1480 2899 1604 2939 cum
1643 2884 1803 2939 etiam

190 2973 243 3030 in
275 2973 511 3030 feminis
542 2973 701 3029 fuerit
731 2971 903 3028 ﬁrma.

252 3064 448 3121 Vens.
499 3066 552 3117 6.
603 3091 674 3103 -—-
728 3065 966 3135 Propter
1010 3078 1199 3134 quam.
1250 3059 1642 3116 Commendata
1696 3059 1805 3120 ﬁde

190 3151 373 3220 illius,
406 3150 480 3206 ad
509 3165 632 3207 eam
665 3151 781 3207 sine
838 3149 1032 3205 timore
1089 3149 1471 3205 erubescentia
1508 3150 1807 3221 praedican-

188 3242 320 3297 dam
373 3241 708 3298 exhortatur.
769 3241 876 3296 Per
917 3239 1337 3310 impositionem
1371 3255 1629 3295 manum.
1687 3240 1806 3296 Hoc

192 3339 296 3400 est,
334 3330 580 3404 gratiam
619 3328 850 3402 Spiritus
892 3328 1084 3394 sancti,
1119 3343 1279 3399 quam
1327 3327 1584 3399 accepisti
1608 3328 1678 3382 ad
1707 3329 1806 3384 Ec-

191 3420 388 3476 clesiae
412 3419 827 3483 institutionem,
878 3417 946 3473 ad
985 3416 1356 3489 perpetranda
1406 3416 1690 3484 miracula,
1735 3417 1805 3472 ad

192 3524 367 3564 omne
391 3506 681 3581 religionis
710 3506 1051 3579 obsequium.

1821 927 1878 988 A
1907 942 2028 998 quae
2055 926 2206 997 prius
2236 926 2424 999 ignota
2452 931 2588 994 erat,
2624 923 2880 991 ostendit,
2935 923 3180 996 inquam,
3220 939 3322 996 per
3349 939 3497 996 prae-

1901 1015 2231 1070 dicationem
2262 1014 2547 1087 Evangelii
2580 1015 2733 1084 cujus
2755 1013 3079 1084 praidicator
3108 1021 3190 1068 est
3209 1014 3429 1069 Paulus.

1972 1105 2142 1158 Vnns.
2166 1107 2250 1158 11.
2277 1134 2348 1143 -
2381 1106 2444 1158 In
2477 1120 2580 1175 quo
2602 1104 2816 1176 positus
2837 1107 2992 1158 sunt.
3011 1102 3110 1157 Hic
3129 1118 3225 1157 suo
3255 1102 3506 1174 exemplo

1900 1194 2157 1246 hortatur.
2186 1193 2550 1258 Prardicator,
2579 1197 2635 1247 et
2656 1193 2962 1264 apostolus,
2988 1196 3046 1246 et
3083 1193 3372 1262 magister,
3399 1199 3500 1247 etc.

1902 1279 2163 1348 Quaenam
2183 1296 2310 1335 vero
2341 1281 2472 1334 ratio
2503 1289 2603 1346 est,
2658 1298 2778 1336 cum
2831 1281 3070 1351 seipsum
3112 1281 3313 1351 jugiter
3359 1296 3501 1352 gen-

1899 1369 2031 1423 tium
2060 1368 2376 1442 magistrum
2408 1369 2947 1440 vocet?persuadere
2995 1369 3193 1440 quippe
3213 1368 3345 1438 vult,
3378 1385 3506 1440 gen-

1899 1466 1982 1511 tes
2009 1474 2222 1531 quoque
2252 1458 2305 1512 in
2336 1459 2701 1513 haereditatem
2742 1458 2841 1513 Dei
2893 1466 3116 1513 vocatas
3171 1473 3313 1524 esse,
3345 1465 3506 1530 atque

1898 1539 2022 1602 ideo
2054 1564 2084 1600 ει
2116 1547 2386 1602 consortio
2420 1546 2545 1602 ﬁdei
2577 1563 2684 1601 non
2716 1547 3075 1618 repellendas.

1971 1636 2140 1689 Vens.
2178 1639 2262 1692 12.
2293 1667 2361 1675 -
2390 1636 2514 1691 Scio
2562 1638 2734 1691 enim.
2789 1634 2958 1704 Quasi
3015 1635 3154 1692 dicat
3187 1654 3200 1690 :
3232 1636 3361 1691 Ideo
3391 1653 3506 1692 non

1901 1725 2246 1794 confundor,
2283 1724 2338 1777 id
2386 1732 2467 1778 est
2511 1723 2725 1790 deﬁcio,
2775 1725 2862 1780 vel
2909 1740 3015 1780 non
3059 1724 3256 1779 frustra
3304 1724 3501 1795 patior,

1904 1812 2027 1883 quia
2057 1811 2303 1882 promisit
2331 1820 2382 1866 et
2423 1829 2583 1867 verax
2615 1822 2696 1866 est
2725 1820 2775 1867 et
2807 1821 3000 1883 potens
3025 1831 3038 1866 :
3065 1821 3118 1867 et
3143 1813 3266 1868 ideo
3287 1813 3497 1868 credidi

1901 1899 2050 1954 illum
2078 1900 2274 1971 ipsum,
2310 1899 2400 1972 qui
2449 1900 2580 1954 mihi
2612 1901 2820 1956 reddet.
2857 1902 3000 1968 Quia
3036 1906 3233 1974 potens
3254 1905 3360 1956 est.
3398 1901 3504 1970 Spe

1902 1996 1954 2043 et
1984 1987 2383 2058 magniﬁcentia
2431 1989 2723 2044 Salvatoris
2782 2006 3005 2045 securus
3047 1999 3148 2056 est,
3207 1989 3330 2061 quia
3359 1990 3505 2060 quod

1903 2078 2243 2132 commendat
2291 2077 2388 2144 illi,
2435 2078 2488 2131 in
2530 2085 2640 2132 tuto
2691 2086 2792 2132 est.
2833 2078 2914 2132 Illi
2956 2087 3135 2133 autem
3183 2078 3503 2133 commenda

1904 2165 2131 2220 salutem
2163 2182 2335 2231 suam,
2368 2174 2425 2220 ut
2453 2166 2538 2220 hic
2569 2181 2667 2236 pro
2697 2165 2790 2221 illo
2821 2166 3054 2238 patiens,
3091 2167 3312 2222 salutem
3344 2166 3502 2222 inve-

1831 2254 2225 2344 Bniatipenes,
2257 2254 2406 2307 illum
2434 2271 2556 2344 cum
2599 2255 2825 2325 coeperit
2869 2255 3128 2344 judicare,
3179 2263 3236 2309 ut
3274 2255 3505 2344 puniens

1912 2341 2179 2411 inﬁdeles,
2213 2343 2374 2397 istum
2410 2343 2635 2414 dignum
2666 2351 2871 2398 a3terna
2901 2343 3006 2398 vita
3035 2343 3359 2415 pronuntiet.

1983 2432 2152 2486 Vens.
2188 2435 2273 2486 13.
2326 2463 2394 2471 -
2453 2433 2713 2487 Formam
2744 2433 2970 2488 habens.
3023 2432 3120 2487 Hic
3141 2431 3375 2488 ostendit
3400 2446 3506 2503 quo

1911 2520 1977 2575 de
2009 2537 2066 2575 se
2097 2520 2352 2591 praedicta
2377 2527 2641 2590 spectent.
2677 2520 2842 2590 Quasi
2872 2521 3014 2576 dicat
3049 2538 3062 2575 :
3115 2521 3190 2576 Ita
3238 2520 3422 2575 laboro
3451 2520 3506 2575 in

1910 2608 2014 2664 isto
2044 2608 2220 2664 oﬁicio
2251 2608 2382 2662 mihi
2429 2608 2632 2664 credito
2668 2626 2681 2664 :
2715 2609 2964 2665 similiter
3020 2625 3151 2681 ergo
3204 2615 3258 2666 et
3287 2617 3344 2665 tu
3391 2608 3504 2666 for-

1909 2714 2052 2752 mam
2081 2698 2306 2764 habens,
2341 2706 2445 2753 etc.

1979 2788 2068 2842 Ea:
2099 2787 2297 2859 quibus
2327 2792 2411 2842 est
2433 2787 2722 2859 Phigellus
2751 2791 2808 2843 et
2827 2788 3212 2859 Hermogenes.
3250 2786 3507 2844 Simulata

1909 2876 1963 2930 hi
1997 2889 2118 2931 cum
2151 2876 2412 2946 Apostolo
2439 2875 2673 2942 fuerunt,
2706 2883 2762 2930 ut
2791 2876 3111 2931 calumniam
3154 2876 3498 2932 invenirent:

1910 2965 2006 3021 sed
2035 2972 2322 3038 postquam
2352 2964 2604 3022 viderunt
2631 2982 2693 3021 se
2731 2965 3118 3037 manifestatos,
3167 2973 3507 3024 recesserunt

1909 3055 1978 3108 ab
2008 3069 2095 3110 eo.

2548 3143 2773 3200 CAPUT
2803 3144 2866 3198 ll.

1977 3256 2148 3312 Vens.
2185 3257 2235 3312 4.
2295 3257 2463 3314 Nemo
2516 3259 2798 3314 militans.
2853 3257 3019 3328 Quasi
3076 3257 3264 3315 dicat:
3301 3258 3358 3314 Si
3397 3259 3501 3316 bo-
3559 3326 3574 3343 ⁸

1905 3361 2006 3401 nus
2033 3345 2191 3401 miles
2241 3361 2362 3400 esse
2390 3346 2489 3412 vis,
2524 3362 2632 3401 non
2663 3347 2908 3418 implices
2939 3355 2991 3402 te
3023 3347 3372 3403 saecularibus
3402 3365 3504 3404 ne-

1906 3435 2089 3508 gotiis,
2125 3435 2247 3506 quia
2279 3450 2458 3501 nemo,
2497 3443 2600 3491 etc.
2660 3437 2923 3508 Negotiis.
2956 3437 3189 3509 Negotia
3232 3437 3506 3493 saecularia

1906 3531 2030 3578 sunt
2047 3539 2170 3579 cum
2200 3523 2411 3578 animus
2433 3533 2724 3595 occupatur
2748 3525 3070 3597 colligendae
3102 3540 3234 3580 cura
3255 3527 3505 3596 pecuniae

261 3597 449 3653 Vens.
482 3597 536 3652 '7.
569 3625 640 3636 —
674 3597 928 3651 Timoris.
964 3593 1181 3650 Timore
1211 3593 1458 3649 turbatus
1501 3594 1696 3648 Petrus
1715 3609 1805 3651 ne-

1919 3612 2021 3667 ;ine
2051 3613 2236 3668 labore
2264 3611 2532 3682 corporis,
2566 3593 2623 3667 ut
2653 3593 3016 3686 negotiatores
3064 3621 3118 3668 et
3147 3593 3461 3682 hujusmodi,
3490 3632 3504 3667 :

190 3687 352 3760 gavit
404 3684 698 3740 Christum.
725 3682 881 3740 Unde
913 3700 928 3738 :
959 3684 1143 3739 Nolite
1169 3684 1368 3739 timere
1394 3699 1483 3739 eos
1518 3684 1615 3755 qui
1651 3685 1802 3739 occi-

194 3776 354 3831 dunt
385 3790 587 3846 corpus
608 3772 829 3844 (Matth.
867 3771 1057 3842 xxvr.)
1086 3772 1258 3840 Hujus
1279 3771 1493 3826 timoris
1523 3786 1632 3825 non
1655 3785 1808 3828 acce-

190 3865 384 3936 pimus
435 3862 704 3933 spiritum,
762 3860 861 3916 sed
907 3858 1053 3915 illius
1109 3859 1178 3916 de
1235 3875 1342 3932 quo
1391 3859 1655 3916 Dominus
1684 3859 1803 3914 ait:

191 3956 349 4009 Eum
390 3953 586 4006 timete
614 3952 711 4024 qui
737 3952 923 4022 potest
940 3964 1140 4021 corpus
1181 3953 1237 4004 et
1277 3950 1536 4005 animam
1575 3949 1808 4022 perdere

194 4045 258 4097 in
278 4042 631 4114 gehennam.
658 4037 891 4110 Spiritus
912 4037 1057 4092 enim
1077 4046 1298 4094 sanctus
1318 4039 1408 4092 dat
1431 4037 1679 4093 timorem
1697 4053 1809 4092 non

191 4129 414 4195 mundi,
467 4129 566 4184 sed
607 4126 728 4193 Dei,
768 4127 860 4200 qui
901 4135 1081 4198 potest
1109 4126 1342 4199 perdere
1400 4126 1454 4182 in
1500 4127 1808 4200 gehennam

193 4218 373 4293 ignis.

269 4308 455 4363 Vnns.
481 4310 532 4362 8.
560 4333 630 4347 —
661 4305 788 4361 Noli
831 4306 1043 4378 itaque.
1077 4303 1449 4360 Constantiam
1501 4305 1811 4361 habendam

194 4398 368 4454 docet
396 4409 502 4450 nec
541 4394 973 4450 erubescendum
1023 4409 1147 4449 esse
1195 4393 1251 4448 in
1277 4391 1620 4464 professione
1655 4411 1669 4447 :
1701 4409 1811 4449 non

196 4495 284 4542 est
315 4485 469 4541 enim
514 4490 574 4537 ut
601 4483 955 4538 erubescatur
1007 4483 1065 4538 in
1122 4496 1188 4538 ea
1219 4499 1234 4537 :
1269 4482 1398 4554 quia
1454 4482 1592 4539 sicut
1647 4483 1811 4537 homo

202 4576 370 4630 visus
399 4580 484 4628 est
505 4571 774 4639 Christus,
808 4571 979 4644 gestis
1025 4578 1207 4626 tamen
1248 4571 1500 4642 apparuit
1532 4572 1679 4626 Deus
1709 4571 1812 4626 etsi

199 4661 505 4720 cruciﬁxus
535 4669 635 4728 est,
695 4660 1000 4716 resurrexit
1027 4668 1212 4715 tamen
1244 4674 1278 4713 a
1299 4657 1550 4725 mortuis,
1582 4667 1636 4714 et
1663 4659 1811 4715 mul-

199 4753 272 4807 tis
322 4750 640 4807 videntibus
697 4748 1030 4819 suscipiente
1089 4764 1212 4804 eum
1267 4747 1433 4814 nube,
1501 4747 1556 4802 in
1615 4749 1811 4803 malum

200 4839 481 4896 ascendit.
514 4839 617 4894 Ubi
637 4853 772 4911 ergo
793 4845 1018 4909 putatur
1039 4835 1341 4903 inﬁrmitas,
1365 4835 1440 4891 ibi
1457 4844 1682 4908 apparet
1713 4852 1812 4908 po-

204 4929 404 4985 tentia.

1909 3701 2052 3772 quod
2082 3717 2151 3755 ne
2171 3701 2274 3755 iste
2304 3700 2524 3767 faceret,
2557 3702 2679 3774 quia
2710 3701 2953 3755 inﬁrmus
2992 3701 3237 3757 laborare
3263 3719 3371 3758 non
3402 3717 3505 3773 po-

1908 3797 2061 3859 terat,
2084 3789 2352 3860 prohibet.

1978 3879 2150 3934 VEns.
2186 3881 2239 3932 6.
2273 3908 2342 3918 —
2369 3878 2741 3934 Laborantem
2767 3879 3096 3950 agricolam.
3115 3878 3288 3949 Quasi
3316 3879 3503 3935 Timo-

1908 3968 2065 4022 theus
2097 3974 2367 4038 quaereret
2398 3983 2412 4021 :
2445 3967 2601 4023 Unde
2633 3983 2768 4038 ergo
2798 3967 2980 4023 vivam
3023 3984 3145 4023 cum
3176 3967 3362 4025 fodere
3393 3984 3502 4024 non

1907 4055 2135 4128 possim,
2179 4055 2485 4111 mendicare
2531 4055 2884 4111 confundar?
2920 4057 3101 4111 subdit
3158 4058 3508 4115 laborantem

1910 4145 2240 4217 agricolam.
2267 4143 2436 4214 Quasi
2467 4144 2628 4210 dicat,
2665 4144 2765 4200 etsi
2781 4160 2886 4201 non
2917 4145 3164 4217 implices
3191 4154 3245 4202 te
3274 4147 3507 4218 negotiis

1911 4233 2281 4302 sacularibus,
2334 4242 2418 4289 est
2461 4241 2636 4288 tamen
2691 4235 2835 4290 unde
2883 4235 3064 4291 vivere
3093 4235 3312 4306 possis:
3366 4237 3508 4303 Quia

1910 4327 2125 4394 oportet
2151 4365 2164 4389 ,
2199 4331 2301 4378 etc.
2332 4325 2594 4379 Primum
2608 4325 2919 4396 percipere.
2961 4325 3021 4378 Id
3051 4331 3133 4379 est
3162 4340 3400 4380 sumere.
3433 4327 3509 4381 De

1909 4411 2210 4483 fructibus.
2244 4411 2303 4466 Id
2351 4420 2434 4466 est
2481 4413 2795 4468 necessaria
2849 4413 2920 4467 ab
2978 4413 3327 4480 auditoribus,
3382 4413 3509 4485 quia

1909 4499 2110 4572 dignus
2142 4508 2229 4555 est
2288 4500 2570 4571 operarius
2599 4501 2855 4556 mercede
2886 4516 3019 4567 sua;
3051 4509 3109 4555 ut
3151 4501 3393 4574 agricola
3420 4502 3507 4557 vel

1910 4587 2109 4644 vinitor
2135 4589 2344 4660 primos
2373 4588 2578 4643 fructus
2603 4589 2802 4643 laboris
2832 4588 2916 4644 sui
2944 4589 3218 4662 degustat,
3252 4590 3324 4644 ita
3355 4593 3505 4660 Apo-

1911 4677 2080 4732 stolus
2107 4677 2259 4747 prius
2285 4677 2436 4746 jubet
2453 4693 2577 4733 eum
2607 4694 2823 4733 sumere
2853 4679 2942 4750 qui
2972 4677 3178 4748 primus
3209 4686 3310 4746 est,
3334 4688 3386 4734 et
3400 4679 3497 4745 sic,

1912 4765 2125 4821 caeteris
2153 4765 2498 4824 distribuere.
2533 4766 2712 4821 Primo
2742 4766 2892 4821 enim
2914 4766 3076 4822 debet
3107 4766 3199 4822 ille
3228 4783 3380 4822 suam
3410 4783 3507 4822 ne-

1911 4855 2217 4910 cessitatem
2249 4854 2477 4925 implere
2503 4871 2568 4909 ex
2595 4854 2680 4908 his
2719 4855 2810 4927 qui
2841 4855 3068 4928 accepit,
3101 4864 3154 4911 et
3210 4863 3353 4927 post,
3387 4855 3507 4910 aliis

1911 4944 1980 4998 de
2009 4943 2094 4998 his
2122 4960 2242 5016 quae
2274 4952 2565 5014 supersunt
2596 4944 2922 5000 ministrare.

285 5018 460 5106 VFHS-
494 5018 622 5106 εδδ-ξ
648 5016 762 5106 Qui:
782 5031 884 5106 ηοε
903 5015 1179 5106 ίίὺθταγίί·
1199 5012 1648 5106 Yicf’mfeddere
1676 5014 1809 5070 libe'
1827 5004 1880 5065 D
1980 5004 2157 5088 Vens:
2187 5037 2236 5087 8.
2268 5004 2562 5089 -.Memor
2589 5037 2723 5089 esto.
2743 5033 2952 5088 Labora
2979 5033 3120 5089 sicut
3173 5049 3296 5106 ego,
3321 5040 3376 5088 et
3403 5035 3508 5090 hoc

207 5105 356 5162 ranti
384 5103 639 5162 convenit
671 5122 684 5158 :
726 5104 889 5173 Cujus
920 5119 1045 5160 cum
1073 5101 1351 5158 beneﬁciis
1380 5102 1545 5175 digne
1576 5118 1810 5174 respon-

210 5197 346 5252 dere
371 5209 482 5248 non
513 5193 778 5260 valemus,
814 5193 1007 5250 saltem
1058 5191 1383 5264 legationem
1411 5192 1528 5261 ejus
1582 5191 1812 5248 ﬁdeliter

214 5293 269 5339 et
299 5284 571 5339 instanter
597 5296 847 5355 agamus.

291 5390 464 5444 Vens.
505 5391 593 5443 {0.
624 5417 693 5428 —-
735 5388 840 5455 Qui
882 5387 1188 5443 destruxit.
1225 5387 1372 5441 Mors
1421 5394 1602 5458 utpote
1647 5388 1807 5454 victa,

219 5495 331 5535 non
360 5485 444 5533 est
473 5476 710 5532 timenda
722 5493 820 5549 pro
849 5476 954 5531 ﬁde
974 5475 1192 5532 Christi.
1218 5476 1580 5532 Illuminavit
1596 5481 1808 5532 autem.

1911 5137 2007 5193 spe
2035 5121 2158 5176 vitae
2213 5128 2450 5177 aeternae.
2482 5123 2611 5178 Haec
2662 5130 2840 5178 autem
2881 5137 2988 5178 non
3040 5130 3262 5194 propter
3319 5123 3507 5180 Timo-

1911 5211 2093 5264 theum
2124 5218 2404 5277 memorat,
2437 5211 2535 5266 sed
2563 5217 2787 5281 propter
2832 5211 3119 5267 haereticos
3149 5227 3286 5283 quos
3309 5213 3506 5284 praevi-

1913 5298 1992 5352 dit
2019 5297 2226 5353 futuros
2249 5307 2302 5354 et
2330 5299 2433 5354 ista
2453 5307 2766 5372 negaturos.

1985 5387 2154 5441 Vens.
2188 5391 2240 5441 9.
2291 5419 2359 5428 ——
2391 5389 2562 5455 Quasi
2601 5391 2751 5445 male
2804 5405 3065 5462 operans.
3091 5389 3190 5445 Hic
3221 5399 3507 5446 contume-

1916 5474 2042 5529 liam
2072 5482 2219 5532 notat
2246 5492 2367 5547 quae
2385 5476 2434 5531 ei
2475 5477 2834 5549 ingerebatur.
2877 5480 2981 5536 Sed
3016 5480 3244 5535 verbum
3271 5480 3368 5534 Dei
3389 5495 3505 5534 non

217 5568 340 5637 Quo
369 5568 487 5622 haec
517 5573 783 5638 spectent,
814 5565 888 5621 ibi
918 5564 1094 5637 aperit
1126 5581 1137 5620 :
1172 5567 1431 5621 Formam
1450 5566 1674 5622 habens.
1708 5568 1814 5621 Per
1912 5569 1994 5620 est
2039 5566 2360 5637 alligatum.
2411 5565 2574 5634 Quasi
2605 5566 2782 5622 dicat:
2817 5568 3104 5640 Licetergo
3128 5567 3229 5621 sim
3249 5565 3498 5639 alligatus

220 5657 611 5728 Evangelium.
648 5653 902 5712 Ostendit
929 5656 1077 5712 Deus
1124 5654 1292 5710 vitam
1323 5653 1808 5728 incorruptibilem,

1915 5668 2159 5727 carpore,
2194 5662 2372 5711 tamen
2403 5655 2625 5714 verbum
2656 5655 2758 5713 Dei
2795 5671 2902 5713 non
2948 5664 3028 5712 est
3054 5656 3330 5727 alligatum
3367 5669 3378 5712 :
3414 5656 3504 5728 qui

3396 229 3499 285 εει
3596 294 3603 300 _
