  <div class='ocr_page' id='page_1' title='image "/cluster/home/n/w/nwhite01/storage/ocr_20150623/114/hvd.32044052819893/323.png"; bbox 0 0 3964 6178; ppageno 0'>
   <div class='ocr_carea' id='block_1_1' title="bbox 464 247 566 300">
    <p class='ocr_par' dir='ltr' id='par_1_1' title="bbox 464 247 566 300">
     <span class='ocr_line' id='line_1_1' title="bbox 464 247 566 300; baseline 0.02 -2"><span class='ocrx_word' id='word_1_1' title='bbox 464 247 566 300; x_wconf 77' lang='grc'>635</span> 
     </span>
    </p>
   </div>
   <div class='ocr_carea' id='block_1_2' title="bbox 1038 244 3280 304">
    <p class='ocr_par' dir='ltr' id='par_1_2' title="bbox 1038 244 3280 304">
     <span class='ocr_line' id='line_1_2' title="bbox 1038 244 3280 304; baseline 0.001 -2"><span class='ocrx_word' id='word_1_2' title='bbox 1038 246 1440 304; x_wconf 84' lang='lat' dir='ltr'>WALAFRIDI</span> <span class='ocrx_word' id='word_1_3' title='bbox 1479 245 1721 302; x_wconf 81' lang='lat' dir='ltr'>STRABI</span> <span class='ocrx_word' id='word_1_4' title='bbox 1759 246 1961 303; x_wconf 91' lang='lat' dir='ltr'>FULD.</span> <span class='ocrx_word' id='word_1_5' title='bbox 1992 244 2165 302; x_wconf 88' lang='lat' dir='ltr'>MON.</span> <span class='ocrx_word' id='word_1_6' title='bbox 2208 244 2360 302; x_wconf 85' lang='lat' dir='ltr'>OPP.</span> <span class='ocrx_word' id='word_1_7' title='bbox 2403 247 2577 303; x_wconf 81' lang='lat' dir='ltr'>PARS</span> <span class='ocrx_word' id='word_1_8' title='bbox 2616 247 2656 301; x_wconf 88' lang='grc' dir='ltr'>Ι.</span> <span class='ocrx_word' id='word_1_9' title='bbox 2699 277 2768 288; x_wconf 88' lang='lat'>-—-</span> <span class='ocrx_word' id='word_1_10' title='bbox 2807 247 3280 304; x_wconf 85' lang='lat' dir='ltr'>THEOLOGICA.</span> 
     </span>
    </p>
   </div>
   <div class='ocr_carea' id='block_1_3' title="bbox 3653 256 3744 308">
    <p class='ocr_par' dir='ltr' id='par_1_3' title="bbox 3653 256 3744 308">
     <span class='ocr_line' id='line_1_3' title="bbox 3653 256 3744 308; baseline -0.011 0"><span class='ocrx_word' id='word_1_11' title='bbox 3653 256 3744 308; x_wconf 82' lang='lat'><strong>636</strong></span> 
     </span>
    </p>
   </div>
   <div class='ocr_carea' id='block_1_4' title="bbox 455 371 2034 460">
    <p class='ocr_par' dir='ltr' id='par_1_4' title="bbox 455 388 2034 460">
     <span class='ocr_line' id='line_1_4' title="bbox 455 388 2034 460; baseline -0.001 -18"><span class='ocrx_word' id='word_1_12' title='bbox 455 394 508 443; x_wconf 90' lang='lat' dir='ltr'>et</span> <span class='ocrx_word' id='word_1_13' title='bbox 528 402 779 443; x_wconf 85' lang='lat' dir='ltr'>sermone</span> <span class='ocrx_word' id='word_1_14' title='bbox 810 396 1125 460; x_wconf 69' lang='lat' dir='ltr'>praesentes,</span> <span class='ocrx_word' id='word_1_15' title='bbox 1157 397 1209 443; x_wconf 93' lang='lat' dir='ltr'>et</span> <span class='ocrx_word' id='word_1_16' title='bbox 1237 388 1430 443; x_wconf 77' lang='lat' dir='ltr'>litteris</span> <span class='ocrx_word' id='word_1_17' title='bbox 1455 388 1708 443; x_wconf 78' lang='lat' dir='ltr'>absentes</span> <span class='ocrx_word' id='word_1_18' title='bbox 1723 388 1922 444; x_wconf 90' lang='lat' dir='ltr'>docere</span> <span class='ocrx_word' id='word_1_19' title='bbox 1943 403 2034 443; x_wconf 83' lang='lat' dir='ltr'>nor</span> 
     </span>
    </p>
   </div>
   <div class='ocr_carea' id='block_1_5' title="bbox 2147 371 3743 460">
    <p class='ocr_par' dir='ltr' id='par_1_5' title="bbox 2233 371 3743 450">
     <span class='ocr_line' id='line_1_5' title="bbox 2233 371 3743 450; baseline 0.003 -24"><span class='ocrx_word' id='word_1_20' title='bbox 2233 371 2400 428; x_wconf 78' lang='lat' dir='ltr'>Vnus.</span> <span class='ocrx_word' id='word_1_21' title='bbox 2433 374 2522 429; x_wconf 75' lang='grc'><strong>24.</strong></span> <span class='ocrx_word' id='word_1_22' title='bbox 2555 371 2872 428; x_wconf 83' lang='lat' dir='ltr'>-—Servum</span> <span class='ocrx_word' id='word_1_23' title='bbox 2905 377 3098 429; x_wconf 89' lang='lat' dir='ltr'>autem</span> <span class='ocrx_word' id='word_1_24' title='bbox 3119 374 3345 429; x_wconf 78' lang='lat' dir='ltr'>Domini</span> <span class='ocrx_word' id='word_1_25' title='bbox 3373 390 3491 431; x_wconf 87' lang='lat' dir='ltr'>non</span> <span class='ocrx_word' id='word_1_26' title='bbox 3539 380 3743 450; x_wconf 77' lang='lat' dir='ltr'><strong><em>oportet</em></strong></span> 
     </span>
    </p>
   </div>
   <div class='ocr_carea' id='block_1_6' title="bbox 465 490 642 531">
    <p class='ocr_par' dir='ltr' id='par_1_6' title="bbox 465 490 642 531">
     <span class='ocr_line' id='line_1_6' title="bbox 465 490 642 531; baseline -0.006 0"><span class='ocrx_word' id='word_1_27' title='bbox 465 490 642 531; x_wconf 74' lang='lat' dir='ltr'>CCSSO.</span> 
     </span>
    </p>
   </div>
   <div class='ocr_carea' id='block_1_7' title="bbox 532 565 2045 637">
    <p class='ocr_par' dir='ltr' id='par_1_7' title="bbox 532 565 2045 637">
     <span class='ocr_line' id='line_1_7' title="bbox 532 565 2045 637; baseline 0.001 -19"><span class='ocrx_word' id='word_1_28' title='bbox 532 565 698 619; x_wconf 73' lang='lat' dir='ltr'>Vens.</span> <span class='ocrx_word' id='word_1_29' title='bbox 744 568 828 618; x_wconf 81' lang='grc'><strong>10.</strong></span> <span class='ocrx_word' id='word_1_30' title='bbox 880 595 948 606; x_wconf 88' lang='grc'>--</span> <span class='ocrx_word' id='word_1_31' title='bbox 1005 565 1280 630; x_wconf 80' lang='lat' dir='ltr'>Salutem,</span> <span class='ocrx_word' id='word_1_32' title='bbox 1342 572 1471 635; x_wconf 90' lang='lat' dir='ltr'>etc.,</span> <span class='ocrx_word' id='word_1_33' title='bbox 1520 581 1651 622; x_wconf 87' lang='lat' dir='ltr'>cum</span> <span class='ocrx_word' id='word_1_34' title='bbox 1697 566 1895 637; x_wconf 80' lang='lat' dir='ltr'>gloria,</span> <span class='ocrx_word' id='word_1_35' title='bbox 1945 573 2045 620; x_wconf 91' lang='lat' dir='ltr'>etc.</span> 
     </span>
    </p>
   </div>
   <div class='ocr_carea' id='block_1_8' title="bbox 458 651 2050 726">
    <p class='ocr_par' dir='ltr' id='par_1_8' title="bbox 458 651 2050 726">
     <span class='ocr_line' id='line_1_8' title="bbox 458 651 2050 726; baseline 0.001 -20"><span class='ocrx_word' id='word_1_36' title='bbox 458 652 623 720; x_wconf 86' lang='lat' dir='ltr'>Quasi</span> <span class='ocrx_word' id='word_1_37' title='bbox 667 653 852 708; x_wconf 88' lang='lat' dir='ltr'>dicat:</span> <span class='ocrx_word' id='word_1_38' title='bbox 901 651 1182 708; x_wconf 84' lang='lat' dir='ltr'>Justiﬁcati</span> <span class='ocrx_word' id='word_1_39' title='bbox 1229 653 1359 708; x_wconf 85' lang='lat' dir='ltr'>estis</span> <span class='ocrx_word' id='word_1_40' title='bbox 1397 662 1454 708; x_wconf 91' lang='lat' dir='ltr'>ut</span> <span class='ocrx_word' id='word_1_41' title='bbox 1497 655 1584 708; x_wconf 91' lang='lat' dir='ltr'>hic</span> <span class='ocrx_word' id='word_1_42' title='bbox 1643 653 2050 726; x_wconf 88' lang='lat' dir='ltr'>consequamini</span> 
     </span>
    </p>
   </div>
   <div class='ocr_carea' id='block_1_9' title="bbox 454 741 1936 814">
    <p class='ocr_par' dir='ltr' id='par_1_9' title="bbox 454 741 1936 814">
     <span class='ocr_line' id='line_1_9' title="bbox 454 741 1936 814; baseline 0.001 -19"><span class='ocrx_word' id='word_1_43' title='bbox 454 741 700 806; x_wconf 78' lang='lat' dir='ltr'>salutem,</span> <span class='ocrx_word' id='word_1_44' title='bbox 735 749 808 807; x_wconf 90' lang='lat' dir='ltr'>et,</span> <span class='ocrx_word' id='word_1_45' title='bbox 837 749 960 812; x_wconf 89' lang='lat' dir='ltr'>post</span> <span class='ocrx_word' id='word_1_46' title='bbox 991 742 1128 797; x_wconf 87' lang='lat' dir='ltr'>hanc</span> <span class='ocrx_word' id='word_1_47' title='bbox 1159 742 1340 807; x_wconf 87' lang='lat' dir='ltr'>vitam,</span> <span class='ocrx_word' id='word_1_48' title='bbox 1376 743 1604 814; x_wconf 84' lang='lat' dir='ltr'>gloriam</span> <span class='ocrx_word' id='word_1_49' title='bbox 1635 743 1936 798; x_wconf 76' lang='lat' dir='ltr'>cmlestem.</span> 
     </span>
    </p>
   </div>
   <div class='ocr_carea' id='block_1_10' title="bbox 526 857 2043 931">
    <p class='ocr_par' dir='ltr' id='par_1_10' title="bbox 526 857 2043 931">
     <span class='ocr_line' id='line_1_10' title="bbox 526 857 2043 931; baseline 0.003 -21"><span class='ocrx_word' id='word_1_50' title='bbox 526 857 695 912; x_wconf 73' lang='lat' dir='ltr'>Vnus.</span> <span class='ocrx_word' id='word_1_51' title='bbox 731 859 814 913; x_wconf 81' lang='grc'>11.</span> <span class='ocrx_word' id='word_1_52' title='bbox 846 886 915 898; x_wconf 79' lang='grc' dir='ltr'>-ο</span> <span class='ocrx_word' id='word_1_53' title='bbox 949 858 1153 914; x_wconf 78' lang='lat' dir='ltr'>Fidelis</span> <span class='ocrx_word' id='word_1_54' title='bbox 1176 874 1377 914; x_wconf 85' lang='lat' dir='ltr'>sermo.</span> <span class='ocrx_word' id='word_1_55' title='bbox 1403 860 1498 913; x_wconf 86' lang='lat' dir='ltr'>Est</span> <span class='ocrx_word' id='word_1_56' title='bbox 1526 859 1646 924; x_wconf 90' lang='lat' dir='ltr'>iste,</span> <span class='ocrx_word' id='word_1_57' title='bbox 1672 857 1817 931; x_wconf 90' lang='lat' dir='ltr'>quod</span> <span class='ocrx_word' id='word_1_58' title='bbox 1846 873 2043 914; x_wconf 89' lang='lat' dir='ltr'>conse-</span> 
     </span>
    </p>
   </div>
   <div class='ocr_carea' id='block_1_11' title="bbox 452 944 2048 1020">
    <p class='ocr_par' dir='ltr' id='par_1_11' title="bbox 452 944 2048 1020">
     <span class='ocr_line' id='line_1_11' title="bbox 452 944 2048 1020; baseline 0.001 -22"><span class='ocrx_word' id='word_1_59' title='bbox 452 951 682 1016; x_wconf 87' lang='lat' dir='ltr'>quentur</span> <span class='ocrx_word' id='word_1_60' title='bbox 726 944 957 1000; x_wconf 80' lang='lat' dir='ltr'>salutem</span> <span class='ocrx_word' id='word_1_61' title='bbox 1018 954 1070 1002; x_wconf 87' lang='lat' dir='ltr'>ct</span> <span class='ocrx_word' id='word_1_62' title='bbox 1119 946 1373 1020; x_wconf 82' lang='lat' dir='ltr'>gloriam,</span> <span class='ocrx_word' id='word_1_63' title='bbox 1432 962 1558 1000; x_wconf 91' lang='lat' dir='ltr'>nam</span> <span class='ocrx_word' id='word_1_64' title='bbox 1607 963 1795 1001; x_wconf 89' lang='lat' dir='ltr'>sumus</span> <span class='ocrx_word' id='word_1_65' title='bbox 1854 945 2048 1002; x_wconf 81' lang='lat' dir='ltr'>mortui</span> 
     </span>
    </p>
   </div>
   <div class='ocr_carea' id='block_1_12' title="bbox 453 1033 2042 1106">
    <p class='ocr_par' dir='ltr' id='par_1_12' title="bbox 453 1033 2042 1106">
     <span class='ocr_line' id='line_1_12' title="bbox 453 1033 2042 1106; baseline 0.001 -20"><span class='ocrx_word' id='word_1_66' title='bbox 453 1033 673 1103; x_wconf 89' lang='lat' dir='ltr'>mundo,</span> <span class='ocrx_word' id='word_1_67' title='bbox 709 1034 845 1089; x_wconf 91' lang='lat' dir='ltr'>sicut</span> <span class='ocrx_word' id='word_1_68' title='bbox 867 1035 1112 1090; x_wconf 82' lang='lat' dir='ltr'>Christus</span> <span class='ocrx_word' id='word_1_69' title='bbox 1152 1036 1324 1092; x_wconf 78' lang='lat' dir='ltr'>veteri</span> <span class='ocrx_word' id='word_1_70' title='bbox 1357 1036 1583 1106; x_wconf 85' lang='lat' dir='ltr'>homini,</span> <span class='ocrx_word' id='word_1_71' title='bbox 1617 1046 1666 1090; x_wconf 91' lang='lat' dir='ltr'>et</span> <span class='ocrx_word' id='word_1_72' title='bbox 1696 1035 2042 1104; x_wconf 83' lang='lat' dir='ltr'>sustinentes,</span> 
     </span>
    </p>
   </div>
   <div class='ocr_carea' id='block_1_13' title="bbox 451 1120 935 1194">
    <p class='ocr_par' dir='ltr' id='par_1_13' title="bbox 451 1120 935 1194">
     <span class='ocr_line' id='line_1_13' title="bbox 451 1120 935 1194; baseline 0.006 -19"><span class='ocrx_word' id='word_1_73' title='bbox 451 1120 507 1176; x_wconf 88' lang='lat' dir='ltr'>id</span> <span class='ocrx_word' id='word_1_74' title='bbox 537 1130 618 1175; x_wconf 90' lang='lat' dir='ltr'>est</span> <span class='ocrx_word' id='word_1_75' title='bbox 648 1131 935 1194; x_wconf 86' lang='lat' dir='ltr'>martyres.</span> 
     </span>
    </p>
   </div>
   <div class='ocr_carea' id='block_1_14' title="bbox 524 1211 2047 1284">
    <p class='ocr_par' dir='ltr' id='par_1_14' title="bbox 524 1211 2047 1284">
     <span class='ocr_line' id='line_1_14' title="bbox 524 1211 2047 1284; baseline -0.001 -18"><span class='ocrx_word' id='word_1_76' title='bbox 524 1211 701 1267; x_wconf 70' lang='lat' dir='ltr'>VERS.</span> <span class='ocrx_word' id='word_1_77' title='bbox 766 1214 850 1267; x_wconf 76' lang='grc'><strong>14.</strong></span> <span class='ocrx_word' id='word_1_78' title='bbox 885 1241 954 1253; x_wconf 91' lang='grc'><strong>-</strong></span> <span class='ocrx_word' id='word_1_79' title='bbox 984 1214 1108 1269; x_wconf 67' lang='lat' dir='ltr'>Haec</span> <span class='ocrx_word' id='word_1_80' title='bbox 1162 1229 1467 1268; x_wconf 85' lang='lat' dir='ltr'>commone.</span> <span class='ocrx_word' id='word_1_81' title='bbox 1516 1212 1640 1267; x_wconf 69' lang='lat' dir='ltr'>Haec</span> <span class='ocrx_word' id='word_1_82' title='bbox 1686 1211 1941 1284; x_wconf 66' lang='lat' dir='ltr'>praedicta</span> <span class='ocrx_word' id='word_1_83' title='bbox 1991 1220 2047 1266; x_wconf 93' lang='lat' dir='ltr'>ut</span> 
     </span>
    </p>
   </div>
   <div class='ocr_carea' id='block_1_15' title="bbox 449 1299 2042 1373">
    <p class='ocr_par' dir='ltr' id='par_1_15' title="bbox 449 1299 2042 1373">
     <span class='ocr_line' id='line_1_15' title="bbox 449 1299 2042 1373; baseline -0.001 -18"><span class='ocrx_word' id='word_1_84' title='bbox 449 1299 696 1373; x_wconf 88' lang='lat' dir='ltr'>patiaris,</span> <span class='ocrx_word' id='word_1_85' title='bbox 742 1316 1061 1356; x_wconf 90' lang='lat' dir='ltr'>commoneo</span> <span class='ocrx_word' id='word_1_86' title='bbox 1097 1311 1165 1356; x_wconf 90' lang='lat' dir='ltr'>te.</span> <span class='ocrx_word' id='word_1_87' title='bbox 1218 1301 1335 1370; x_wconf 85' lang='lat' dir='ltr'>Vel,</span> <span class='ocrx_word' id='word_1_88' title='bbox 1385 1301 1500 1357; x_wconf 69' lang='lat' dir='ltr'>haec</span> <span class='ocrx_word' id='word_1_89' title='bbox 1561 1316 1844 1357; x_wconf 91' lang='lat' dir='ltr'>commone</span> <span class='ocrx_word' id='word_1_90' title='bbox 1905 1309 2042 1356; x_wconf 90' lang='lat' dir='ltr'>tuos.</span> 
     </span>
    </p>
   </div>
   <div class='ocr_carea' id='block_1_16' title="bbox 452 1388 2044 1447">
    <p class='ocr_par' dir='ltr' id='par_1_16' title="bbox 452 1388 2044 1447">
     <span class='ocr_line' id='line_1_16' title="bbox 452 1388 2044 1447; baseline -0.004 0"><span class='ocrx_word' id='word_1_91' title='bbox 452 1390 531 1447; x_wconf 84' lang='lat' dir='ltr'>Ad</span> <span class='ocrx_word' id='word_1_92' title='bbox 551 1389 702 1446; x_wconf 87' lang='lat' dir='ltr'>nihil</span> <span class='ocrx_word' id='word_1_93' title='bbox 743 1392 897 1446; x_wconf 86' lang='lat' dir='ltr'>enim</span> <span class='ocrx_word' id='word_1_94' title='bbox 953 1391 1096 1446; x_wconf 84' lang='lat' dir='ltr'>utile</span> <span class='ocrx_word' id='word_1_95' title='bbox 1144 1390 1557 1447; x_wconf 87' lang='lat' dir='ltr'>est.Contentio</span> <span class='ocrx_word' id='word_1_96' title='bbox 1611 1389 1791 1444; x_wconf 90' lang='lat' dir='ltr'>minus</span> <span class='ocrx_word' id='word_1_97' title='bbox 1841 1388 2044 1445; x_wconf 87' lang='lat' dir='ltr'>stabilis</span> 
     </span>
    </p>
   </div>
   <div class='ocr_carea' id='block_1_17' title="bbox 452 1478 2044 1550">
    <p class='ocr_par' dir='ltr' id='par_1_17' title="bbox 452 1478 2044 1550">
     <span class='ocr_line' id='line_1_17' title="bbox 452 1478 2044 1550; baseline -0.001 -17"><span class='ocrx_word' id='word_1_98' title='bbox 452 1495 596 1549; x_wconf 68' lang='lat' dir='ltr'>smpe</span> <span class='ocrx_word' id='word_1_99' title='bbox 613 1486 842 1550; x_wconf 81' lang='lat' dir='ltr'>generat</span> <span class='ocrx_word' id='word_1_100' title='bbox 871 1478 1208 1549; x_wconf 86' lang='lat' dir='ltr'>scrupulum.</span> <span class='ocrx_word' id='word_1_101' title='bbox 1241 1479 1426 1534; x_wconf 89' lang='lat' dir='ltr'>Solent</span> <span class='ocrx_word' id='word_1_102' title='bbox 1453 1479 1599 1534; x_wconf 90' lang='lat' dir='ltr'>enim</span> <span class='ocrx_word' id='word_1_103' title='bbox 1619 1479 1675 1533; x_wconf 91' lang='lat' dir='ltr'>in</span> <span class='ocrx_word' id='word_1_104' title='bbox 1694 1479 2044 1534; x_wconf 85' lang='lat' dir='ltr'>contentione</span> 
     </span>
    </p>
   </div>
   <div class='ocr_carea' id='block_1_18' title="bbox 449 1566 2044 1639">
    <p class='ocr_par' dir='ltr' id='par_1_18' title="bbox 449 1566 2044 1639">
     <span class='ocr_line' id='line_1_18' title="bbox 449 1566 2044 1639; baseline 0 -19"><span class='ocrx_word' id='word_1_105' title='bbox 449 1567 578 1621; x_wconf 88' lang='lat' dir='ltr'>talia</span> <span class='ocrx_word' id='word_1_106' title='bbox 607 1567 808 1638; x_wconf 90' lang='lat' dir='ltr'>opponi</span> <span class='ocrx_word' id='word_1_107' title='bbox 851 1567 1066 1622; x_wconf 90' lang='lat' dir='ltr'>elimato</span> <span class='ocrx_word' id='word_1_108' title='bbox 1131 1566 1527 1622; x_wconf 88' lang='lat' dir='ltr'>malevolentiae</span> <span class='ocrx_word' id='word_1_109' title='bbox 1598 1575 1942 1639; x_wconf 90' lang='lat' dir='ltr'>argumento,</span> <span class='ocrx_word' id='word_1_110' title='bbox 1989 1575 2044 1620; x_wconf 92' lang='lat' dir='ltr'>ut</span> 
     </span>
    </p>
   </div>
   <div class='ocr_carea' id='block_1_19' title="bbox 449 1655 2044 1726">
    <p class='ocr_par' dir='ltr' id='par_1_19' title="bbox 449 1655 2044 1726">
     <span class='ocr_line' id='line_1_19' title="bbox 449 1655 2044 1726; baseline -0.001 -15"><span class='ocrx_word' id='word_1_111' title='bbox 449 1664 703 1711; x_wconf 86' lang='lat' dir='ltr'>moveant</span> <span class='ocrx_word' id='word_1_112' title='bbox 745 1655 954 1710; x_wconf 88' lang='lat' dir='ltr'>animos</span> <span class='ocrx_word' id='word_1_113' title='bbox 984 1655 1352 1726; x_wconf 89' lang='lat' dir='ltr'>insipientium</span> <span class='ocrx_word' id='word_1_114' title='bbox 1402 1655 1656 1710; x_wconf 84' lang='lat' dir='ltr'>fratrum.</span> <span class='ocrx_word' id='word_1_115' title='bbox 1692 1656 1807 1711; x_wconf 88' lang='lat' dir='ltr'>Nec</span> <span class='ocrx_word' id='word_1_116' title='bbox 1864 1663 2044 1726; x_wconf 89' lang='lat' dir='ltr'>potest</span> 
     </span>
    </p>
   </div>
   <div class='ocr_carea' id='block_1_20' title="bbox 452 1730 2114 1816">
    <p class='ocr_par' dir='ltr' id='par_1_20' title="bbox 452 1730 2114 1816">
     <span class='ocr_line' id='line_1_20' title="bbox 452 1730 2114 1816; baseline -0.001 -17"><span class='ocrx_word' id='word_1_117' title='bbox 452 1760 595 1809; x_wconf 89' lang='lat' dir='ltr'>esse,</span> <span class='ocrx_word' id='word_1_118' title='bbox 631 1743 760 1816; x_wconf 92' lang='lat' dir='ltr'>quin</span> <span class='ocrx_word' id='word_1_119' title='bbox 790 1745 1063 1799; x_wconf 88' lang='lat' dir='ltr'>contentio</span> <span class='ocrx_word' id='word_1_120' title='bbox 1094 1753 1411 1816; x_wconf 82' lang='lat' dir='ltr'>extorqueat</span> <span class='ocrx_word' id='word_1_121' title='bbox 1441 1744 1641 1816; x_wconf 91' lang='lat' dir='ltr'>aliquid</span> <span class='ocrx_word' id='word_1_122' title='bbox 1661 1744 1804 1816; x_wconf 90' lang='lat' dir='ltr'>quod</span> <span class='ocrx_word' id='word_1_123' title='bbox 1835 1730 2114 1799; x_wconf 87' lang='lat' dir='ltr'>dicaturB</span> 
     </span>
    </p>
   </div>
   <div class='ocr_carea' id='block_1_21' title="bbox 452 1833 2048 1904">
    <p class='ocr_par' dir='ltr' id='par_1_21' title="bbox 452 1833 2048 1904">
     <span class='ocr_line' id='line_1_21' title="bbox 452 1833 2048 1904; baseline -0.001 -15"><span class='ocrx_word' id='word_1_124' title='bbox 452 1841 641 1889; x_wconf 89' lang='lat' dir='ltr'>contra</span> <span class='ocrx_word' id='word_1_125' title='bbox 681 1833 1088 1899; x_wconf 88' lang='lat' dir='ltr'>conscientiam,</span> <span class='ocrx_word' id='word_1_126' title='bbox 1136 1843 1193 1888; x_wconf 92' lang='lat' dir='ltr'>ut</span> <span class='ocrx_word' id='word_1_127' title='bbox 1240 1833 1382 1888; x_wconf 92' lang='lat' dir='ltr'>intus</span> <span class='ocrx_word' id='word_1_128' title='bbox 1435 1833 1490 1887; x_wconf 90' lang='lat' dir='ltr'>in</span> <span class='ocrx_word' id='word_1_129' title='bbox 1526 1833 1706 1888; x_wconf 89' lang='lat' dir='ltr'>animo</span> <span class='ocrx_word' id='word_1_130' title='bbox 1751 1833 1959 1904; x_wconf 85' lang='lat' dir='ltr'>perdat,</span> <span class='ocrx_word' id='word_1_131' title='bbox 1996 1842 2048 1888; x_wconf 91' lang='lat' dir='ltr'>ct</span> 
     </span>
    </p>
   </div>
   <div class='ocr_carea' id='block_1_22' title="bbox 451 1920 2041 1991">
    <p class='ocr_par' dir='ltr' id='par_1_22' title="bbox 451 1920 2041 1991">
     <span class='ocr_line' id='line_1_22' title="bbox 451 1920 2041 1991; baseline -0.001 -16"><span class='ocrx_word' id='word_1_132' title='bbox 451 1920 582 1976; x_wconf 88' lang='lat' dir='ltr'>foris</span> <span class='ocrx_word' id='word_1_133' title='bbox 613 1921 789 1976; x_wconf 89' lang='lat' dir='ltr'>victor</span> <span class='ocrx_word' id='word_1_134' title='bbox 837 1922 1078 1977; x_wconf 87' lang='lat' dir='ltr'>accedat.</span> <span class='ocrx_word' id='word_1_135' title='bbox 1127 1922 1301 1976; x_wconf 91' lang='lat' dir='ltr'>Nemo</span> <span class='ocrx_word' id='word_1_136' title='bbox 1351 1921 1496 1976; x_wconf 89' lang='lat' dir='ltr'>enim</span> <span class='ocrx_word' id='word_1_137' title='bbox 1534 1921 1731 1991; x_wconf 89' lang='lat' dir='ltr'>patitur</span> <span class='ocrx_word' id='word_1_138' title='bbox 1773 1938 1834 1976; x_wconf 91' lang='lat' dir='ltr'>se</span> <span class='ocrx_word' id='word_1_139' title='bbox 1881 1921 2041 1986; x_wconf 88' lang='lat' dir='ltr'>vinci,</span> 
     </span>
    </p>
   </div>
   <div class='ocr_carea' id='block_1_23' title="bbox 449 2009 2047 2082">
    <p class='ocr_par' dir='ltr' id='par_1_23' title="bbox 449 2009 2047 2082">
     <span class='ocr_line' id='line_1_23' title="bbox 449 2009 2047 2082; baseline 0 -18"><span class='ocrx_word' id='word_1_140' title='bbox 449 2009 572 2064; x_wconf 91' lang='lat' dir='ltr'>licet</span> <span class='ocrx_word' id='word_1_141' title='bbox 603 2010 739 2064; x_wconf 85' lang='lat' dir='ltr'>sciat</span> <span class='ocrx_word' id='word_1_142' title='bbox 767 2026 897 2064; x_wconf 88' lang='lat' dir='ltr'>vera</span> <span class='ocrx_word' id='word_1_143' title='bbox 927 2027 1047 2064; x_wconf 87' lang='lat' dir='ltr'>esse</span> <span class='ocrx_word' id='word_1_144' title='bbox 1079 2027 1198 2082; x_wconf 67' lang='lat' dir='ltr'>qua:</span> <span class='ocrx_word' id='word_1_145' title='bbox 1234 2009 1400 2065; x_wconf 89' lang='lat' dir='ltr'>audit.</span> <span class='ocrx_word' id='word_1_146' title='bbox 1457 2009 1682 2065; x_wconf 87' lang='lat' dir='ltr'>Collatio</span> <span class='ocrx_word' id='word_1_147' title='bbox 1715 2026 1850 2082; x_wconf 87' lang='lat' dir='ltr'>ergo</span> <span class='ocrx_word' id='word_1_148' title='bbox 1908 2010 2047 2064; x_wconf 90' lang='lat' dir='ltr'>inter</span> 
     </span>
    </p>
   </div>
   <div class='ocr_carea' id='block_1_24' title="bbox 443 2098 1601 2166">
    <p class='ocr_par' dir='ltr' id='par_1_24' title="bbox 443 2098 1601 2166">
     <span class='ocr_line' id='line_1_24' title="bbox 443 2098 1601 2166; baseline -0.002 -12"><span class='ocrx_word' id='word_1_149' title='bbox 443 2098 544 2155; x_wconf 89' lang='lat' dir='ltr'>Dei</span> <span class='ocrx_word' id='word_1_150' title='bbox 573 2114 764 2154; x_wconf 89' lang='lat' dir='ltr'>servos</span> <span class='ocrx_word' id='word_1_151' title='bbox 792 2114 914 2154; x_wconf 88' lang='lat' dir='ltr'>csse</span> <span class='ocrx_word' id='word_1_152' title='bbox 946 2099 1125 2166; x_wconf 86' lang='lat' dir='ltr'>debet,</span> <span class='ocrx_word' id='word_1_153' title='bbox 1160 2113 1269 2154; x_wconf 89' lang='lat' dir='ltr'>non</span> <span class='ocrx_word' id='word_1_154' title='bbox 1300 2099 1601 2154; x_wconf 87' lang='lat' dir='ltr'>altercatio.</span> 
     </span>
    </p>
   </div>
   <div class='ocr_carea' id='block_1_25' title="bbox 476 2200 2042 2274">
    <p class='ocr_par' dir='ltr' id='par_1_25' title="bbox 476 2200 2042 2274">
     <span class='ocr_line' id='line_1_25' title="bbox 476 2200 2042 2274; baseline -0.001 -17"><span class='ocrx_word' id='word_1_155' title='bbox 476 2245 484 2257; x_wconf 88' lang='lat'>.</span> <span class='ocrx_word' id='word_1_156' title='bbox 519 2200 691 2257; x_wconf 77' lang='lat' dir='ltr'>VERS.</span> <span class='ocrx_word' id='word_1_157' title='bbox 718 2202 803 2256; x_wconf 79' lang='lat' dir='ltr'>l7.</span> <span class='ocrx_word' id='word_1_158' title='bbox 828 2230 897 2240; x_wconf 92' lang='lat'><strong>—</strong></span> <span class='ocrx_word' id='word_1_159' title='bbox 926 2203 1014 2258; x_wconf 74' lang='lat' dir='ltr'>Ea:</span> <span class='ocrx_word' id='word_1_160' title='bbox 1033 2201 1229 2274; x_wconf 79' lang='lat' dir='ltr'>quibus</span> <span class='ocrx_word' id='word_1_161' title='bbox 1262 2205 1348 2258; x_wconf 84' lang='lat' dir='ltr'>est</span> <span class='ocrx_word' id='word_1_162' title='bbox 1397 2203 1728 2273; x_wconf 63' lang='lat' dir='ltr'>Hymenaeus</span> <span class='ocrx_word' id='word_1_163' title='bbox 1772 2205 1828 2256; x_wconf 89' lang='lat' dir='ltr'>et</span> <span class='ocrx_word' id='word_1_164' title='bbox 1849 2201 2042 2256; x_wconf 83' lang='lat' dir='ltr'>Phile-</span> 
     </span>
    </p>
   </div>
   <div class='ocr_carea' id='block_1_26' title="bbox 453 2289 2044 2361">
    <p class='ocr_par' dir='ltr' id='par_1_26' title="bbox 453 2289 2044 2361">
     <span class='ocr_line' id='line_1_26' title="bbox 453 2289 2044 2361; baseline -0.003 -15"><span class='ocrx_word' id='word_1_165' title='bbox 453 2294 565 2346; x_wconf 85' lang='lat' dir='ltr'>tus.</span> <span class='ocrx_word' id='word_1_166' title='bbox 600 2291 800 2345; x_wconf 85' lang='lat' dir='ltr'>Horum</span> <span class='ocrx_word' id='word_1_167' title='bbox 830 2290 1070 2361; x_wconf 89' lang='lat' dir='ltr'>prodidit</span> <span class='ocrx_word' id='word_1_168' title='bbox 1099 2290 1337 2360; x_wconf 90' lang='lat' dir='ltr'>nomina,</span> <span class='ocrx_word' id='word_1_169' title='bbox 1367 2299 1423 2344; x_wconf 91' lang='lat' dir='ltr'>ut</span> <span class='ocrx_word' id='word_1_170' title='bbox 1463 2291 1532 2345; x_wconf 88' lang='lat' dir='ltr'>ab</span> <span class='ocrx_word' id='word_1_171' title='bbox 1564 2290 1648 2344; x_wconf 90' lang='lat' dir='ltr'>his</span> <span class='ocrx_word' id='word_1_172' title='bbox 1693 2289 2044 2359; x_wconf 87' lang='lat' dir='ltr'>spiritualitcr</span> 
     </span>
    </p>
   </div>
   <div class='ocr_carea' id='block_1_27' title="bbox 450 2378 2040 2451">
    <p class='ocr_par' dir='ltr' id='par_1_27' title="bbox 450 2378 2040 2451">
     <span class='ocr_line' id='line_1_27' title="bbox 450 2378 2040 2451; baseline -0.003 -16"><span class='ocrx_word' id='word_1_173' title='bbox 450 2386 657 2446; x_wconf 86' lang='lat' dir='ltr'>caveat,</span> <span class='ocrx_word' id='word_1_174' title='bbox 679 2394 816 2451; x_wconf 92' lang='lat' dir='ltr'>quos</span> <span class='ocrx_word' id='word_1_175' title='bbox 845 2387 897 2434; x_wconf 88' lang='lat' dir='ltr'>et</span> <span class='ocrx_word' id='word_1_176' title='bbox 926 2378 1184 2451; x_wconf 83' lang='lat' dir='ltr'>profanos</span> <span class='ocrx_word' id='word_1_177' title='bbox 1216 2388 1268 2435; x_wconf 85' lang='lat' dir='ltr'>ct</span> <span class='ocrx_word' id='word_1_178' title='bbox 1288 2379 1484 2451; x_wconf 89' lang='lat' dir='ltr'>impios</span> <span class='ocrx_word' id='word_1_179' title='bbox 1505 2379 1758 2450; x_wconf 80' lang='lat' dir='ltr'>designat</span> <span class='ocrx_word' id='word_1_180' title='bbox 1781 2386 1834 2434; x_wconf 91' lang='lat' dir='ltr'>et</span> <span class='ocrx_word' id='word_1_181' title='bbox 1851 2393 2040 2433; x_wconf 91' lang='lat' dir='ltr'>erran-</span> 
     </span>
    </p>
   </div>
   <div class='ocr_carea' id='block_1_28' title="bbox 452 2467 864 2524">
    <p class='ocr_par' dir='ltr' id='par_1_28' title="bbox 452 2467 864 2524">
     <span class='ocr_line' id='line_1_28' title="bbox 452 2467 864 2524; baseline -0.002 -2"><span class='ocrx_word' id='word_1_182' title='bbox 452 2475 532 2523; x_wconf 91' lang='lat' dir='ltr'>tes</span> <span class='ocrx_word' id='word_1_183' title='bbox 561 2483 594 2523; x_wconf 89' lang='lat' dir='ltr'>a</span> <span class='ocrx_word' id='word_1_184' title='bbox 626 2467 864 2524; x_wconf 85' lang='lat' dir='ltr'>veritate.</span> 
     </span>
    </p>
   </div>
   <div class='ocr_carea' id='block_1_29' title="bbox 521 2575 2037 2646">
    <p class='ocr_par' dir='ltr' id='par_1_29' title="bbox 521 2575 2037 2646">
     <span class='ocr_line' id='line_1_29' title="bbox 521 2575 2037 2646; baseline -0.001 -17"><span class='ocrx_word' id='word_1_185' title='bbox 521 2575 692 2630; x_wconf 73' lang='lat' dir='ltr'>Vnus.</span> <span class='ocrx_word' id='word_1_186' title='bbox 717 2578 878 2630; x_wconf 82' lang='grc'><strong>18.--</strong></span> <span class='ocrx_word' id='word_1_187' title='bbox 895 2577 1153 2632; x_wconf 87' lang='lat' dir='ltr'>Dicentes</span> <span class='ocrx_word' id='word_1_188' title='bbox 1171 2576 1641 2632; x_wconf 86' lang='lat' dir='ltr'>resurrectionem</span> <span class='ocrx_word' id='word_1_189' title='bbox 1653 2577 1778 2646; x_wconf 84' lang='lat' dir='ltr'>jam</span> <span class='ocrx_word' id='word_1_190' title='bbox 1799 2577 2037 2645; x_wconf 85' lang='lat' dir='ltr'>factam.</span> 
     </span>
    </p>
   </div>
   <div class='ocr_carea' id='block_1_30' title="bbox 445 2662 2042 2734">
    <p class='ocr_par' dir='ltr' id='par_1_30' title="bbox 445 2662 2042 2734">
     <span class='ocr_line' id='line_1_30' title="bbox 445 2662 2042 2734; baseline -0.001 -15"><span class='ocrx_word' id='word_1_191' title='bbox 445 2664 578 2719; x_wconf 67' lang='lat' dir='ltr'>Duae</span> <span class='ocrx_word' id='word_1_192' title='bbox 608 2671 732 2718; x_wconf 92' lang='lat' dir='ltr'>sunt</span> <span class='ocrx_word' id='word_1_193' title='bbox 753 2664 1202 2718; x_wconf 87' lang='lat' dir='ltr'>resurrectiones.</span> <span class='ocrx_word' id='word_1_194' title='bbox 1229 2665 1408 2718; x_wconf 87' lang='lat' dir='ltr'>Prima</span> <span class='ocrx_word' id='word_1_195' title='bbox 1439 2672 1521 2718; x_wconf 90' lang='lat' dir='ltr'>est</span> <span class='ocrx_word' id='word_1_196' title='bbox 1549 2681 1671 2734; x_wconf 79' lang='lat' dir='ltr'>quae</span> <span class='ocrx_word' id='word_1_197' title='bbox 1701 2663 1761 2717; x_wconf 87' lang='lat' dir='ltr'>ﬁt</span> <span class='ocrx_word' id='word_1_198' title='bbox 1781 2663 1836 2716; x_wconf 92' lang='lat' dir='ltr'>in</span> <span class='ocrx_word' id='word_1_199' title='bbox 1861 2662 2042 2717; x_wconf 89' lang='lat' dir='ltr'>anima</span> 
     </span>
    </p>
   </div>
   <div class='ocr_carea' id='block_1_31' title="bbox 443 2749 2042 2824">
    <p class='ocr_par' dir='ltr' id='par_1_31' title="bbox 443 2749 2042 2824">
     <span class='ocr_line' id='line_1_31' title="bbox 443 2749 2042 2824; baseline -0.001 -16"><span class='ocrx_word' id='word_1_200' title='bbox 443 2769 542 2824; x_wconf 89' lang='lat' dir='ltr'>per</span> <span class='ocrx_word' id='word_1_201' title='bbox 561 2751 745 2822; x_wconf 87' lang='lat' dir='ltr'>ﬁdem,</span> <span class='ocrx_word' id='word_1_202' title='bbox 777 2752 994 2823; x_wconf 84' lang='lat' dir='ltr'>quando</span> <span class='ocrx_word' id='word_1_203' title='bbox 1025 2753 1115 2822; x_wconf 85' lang='lat' dir='ltr'>qui</span> <span class='ocrx_word' id='word_1_204' title='bbox 1153 2759 1397 2807; x_wconf 91' lang='lat' dir='ltr'>mortuus</span> <span class='ocrx_word' id='word_1_205' title='bbox 1417 2760 1532 2807; x_wconf 89' lang='lat' dir='ltr'>erat</span> <span class='ocrx_word' id='word_1_206' title='bbox 1561 2751 1616 2805; x_wconf 89' lang='lat' dir='ltr'>in</span> <span class='ocrx_word' id='word_1_207' title='bbox 1647 2749 1958 2806; x_wconf 90' lang='lat' dir='ltr'>inﬁdelitate</span> <span class='ocrx_word' id='word_1_208' title='bbox 1989 2760 2042 2806; x_wconf 89' lang='lat' dir='ltr'>ct</span> 
     </span>
    </p>
   </div>
   <div class='ocr_carea' id='block_1_32' title="bbox 444 2838 2034 2912">
    <p class='ocr_par' dir='ltr' id='par_1_32' title="bbox 444 2838 2034 2912">
     <span class='ocr_line' id='line_1_32' title="bbox 444 2838 2034 2912; baseline -0.001 -16"><span class='ocrx_word' id='word_1_209' title='bbox 444 2841 565 2896; x_wconf 86' lang='lat' dir='ltr'>aliis</span> <span class='ocrx_word' id='word_1_210' title='bbox 594 2841 852 2912; x_wconf 85' lang='lat' dir='ltr'>peccatis,</span> <span class='ocrx_word' id='word_1_211' title='bbox 885 2857 984 2912; x_wconf 89' lang='lat' dir='ltr'>per</span> <span class='ocrx_word' id='word_1_212' title='bbox 1029 2838 1194 2896; x_wconf 82' lang='lat' dir='ltr'>fidem</span> <span class='ocrx_word' id='word_1_213' title='bbox 1241 2849 1295 2897; x_wconf 90' lang='lat' dir='ltr'>et</span> <span class='ocrx_word' id='word_1_214' title='bbox 1335 2841 1662 2911; x_wconf 88' lang='lat' dir='ltr'>baptismum</span> <span class='ocrx_word' id='word_1_215' title='bbox 1717 2838 2034 2896; x_wconf 85' lang='lat' dir='ltr'>viviﬁcatur.</span> 
     </span>
    </p>
   </div>
   <div class='ocr_carea' id='block_1_33' title="bbox 442 2928 2034 3002">
    <p class='ocr_par' dir='ltr' id='par_1_33' title="bbox 442 2928 2034 3002">
     <span class='ocr_line' id='line_1_33' title="bbox 442 2928 2034 3002; baseline -0.002 -16"><span class='ocrx_word' id='word_1_216' title='bbox 442 2929 646 2996; x_wconf 88' lang='lat' dir='ltr'>Altera,</span> <span class='ocrx_word' id='word_1_217' title='bbox 691 2946 811 3002; x_wconf 87' lang='lat' dir='ltr'>quae</span> <span class='ocrx_word' id='word_1_218' title='bbox 862 2929 960 2984; x_wconf 91' lang='lat' dir='ltr'>erit</span> <span class='ocrx_word' id='word_1_219' title='bbox 1008 2944 1312 2999; x_wconf 90' lang='lat' dir='ltr'>corporum,</span> <span class='ocrx_word' id='word_1_220' title='bbox 1349 2945 1469 3000; x_wconf 64' lang='lat' dir='ltr'>quae</span> <span class='ocrx_word' id='word_1_221' title='bbox 1496 2929 1600 2984; x_wconf 90' lang='lat' dir='ltr'>erit</span> <span class='ocrx_word' id='word_1_222' title='bbox 1628 2929 1681 2982; x_wconf 91' lang='lat' dir='ltr'>in</span> <span class='ocrx_word' id='word_1_223' title='bbox 1711 2928 1800 2984; x_wconf 91' lang='lat' dir='ltr'>die</span> <span class='ocrx_word' id='word_1_224' title='bbox 1824 2928 2034 2997; x_wconf 87' lang='lat' dir='ltr'>judicii.</span> 
     </span>
    </p>
   </div>
   <div class='ocr_carea' id='block_1_34' title="bbox 441 3015 2039 3088">
    <p class='ocr_par' dir='ltr' id='par_1_34' title="bbox 441 3015 2039 3088">
     <span class='ocr_line' id='line_1_34' title="bbox 441 3015 2039 3088; baseline -0.001 -15"><span class='ocrx_word' id='word_1_225' title='bbox 441 3018 522 3073; x_wconf 94' lang='lat' dir='ltr'>De</span> <span class='ocrx_word' id='word_1_226' title='bbox 555 3018 648 3072; x_wconf 87' lang='lat' dir='ltr'>illa</span> <span class='ocrx_word' id='word_1_227' title='bbox 680 3017 1072 3073; x_wconf 90' lang='lat' dir='ltr'>resurrectione</span> <span class='ocrx_word' id='word_1_228' title='bbox 1104 3033 1223 3088; x_wconf 69' lang='lat' dir='ltr'>quae</span> <span class='ocrx_word' id='word_1_229' title='bbox 1259 3015 1318 3072; x_wconf 84' lang='lat' dir='ltr'>fit</span> <span class='ocrx_word' id='word_1_230' title='bbox 1346 3018 1403 3071; x_wconf 92' lang='lat' dir='ltr'>in</span> <span class='ocrx_word' id='word_1_231' title='bbox 1421 3017 1597 3071; x_wconf 91' lang='lat' dir='ltr'>anima</span> <span class='ocrx_word' id='word_1_232' title='bbox 1635 3033 1735 3088; x_wconf 90' lang='lat' dir='ltr'>per</span> <span class='ocrx_word' id='word_1_233' title='bbox 1767 3016 1929 3071; x_wconf 86' lang='lat' dir='ltr'>ﬁdem</span> <span class='ocrx_word' id='word_1_234' title='bbox 1958 3018 2039 3072; x_wconf 85' lang='lat' dir='ltr'>lo-</span> 
     </span>
    </p>
   </div>
   <div class='ocr_carea' id='block_1_35' title="bbox 444 3105 2040 3178">
    <p class='ocr_par' dir='ltr' id='par_1_35' title="bbox 444 3105 2040 3178">
     <span class='ocr_line' id='line_1_35' title="bbox 444 3105 2040 3178; baseline 0.002 -18"><span class='ocrx_word' id='word_1_235' title='bbox 444 3105 621 3178; x_wconf 87' lang='lat' dir='ltr'>quitur</span> <span class='ocrx_word' id='word_1_236' title='bbox 650 3106 737 3160; x_wconf 90' lang='lat' dir='ltr'>hic</span> <span class='ocrx_word' id='word_1_237' title='bbox 751 3105 1062 3176; x_wconf 84' lang='lat' dir='ltr'>Apostolus,</span> <span class='ocrx_word' id='word_1_238' title='bbox 1096 3121 1218 3162; x_wconf 92' lang='lat' dir='ltr'>cum</span> <span class='ocrx_word' id='word_1_239' title='bbox 1238 3106 1310 3160; x_wconf 88' lang='lat' dir='ltr'>ait</span> <span class='ocrx_word' id='word_1_240' title='bbox 1346 3123 1358 3160; x_wconf 91' lang='lat'><strong>:</strong></span> <span class='ocrx_word' id='word_1_241' title='bbox 1391 3108 1652 3162; x_wconf 88' lang='lat' dir='ltr'>Dicentes</span> <span class='ocrx_word' id='word_1_242' title='bbox 1672 3107 2040 3163; x_wconf 81' lang='lat' dir='ltr'>resurrectio-</span> 
     </span>
    </p>
   </div>
   <div class='ocr_carea' id='block_1_36' title="bbox 444 3193 2038 3266">
    <p class='ocr_par' dir='ltr' id='par_1_36' title="bbox 444 3193 2038 3266">
     <span class='ocr_line' id='line_1_36' title="bbox 444 3193 2038 3266; baseline -0.001 -15"><span class='ocrx_word' id='word_1_243' title='bbox 444 3211 596 3262; x_wconf 86' lang='lat' dir='ltr'>nem,</span> <span class='ocrx_word' id='word_1_244' title='bbox 638 3194 900 3248; x_wconf 88' lang='lat' dir='ltr'>mentium</span> <span class='ocrx_word' id='word_1_245' title='bbox 949 3193 1156 3250; x_wconf 88' lang='lat' dir='ltr'>scilicet</span> <span class='ocrx_word' id='word_1_246' title='bbox 1203 3212 1319 3251; x_wconf 88' lang='lat' dir='ltr'>esse</span> <span class='ocrx_word' id='word_1_247' title='bbox 1344 3198 1560 3266; x_wconf 76' lang='lat' dir='ltr'>factam</span> <span class='ocrx_word' id='word_1_248' title='bbox 1582 3195 1635 3249; x_wconf 91' lang='lat' dir='ltr'>in</span> <span class='ocrx_word' id='word_1_249' title='bbox 1665 3195 1951 3266; x_wconf 89' lang='lat' dir='ltr'>baptismo,</span> <span class='ocrx_word' id='word_1_250' title='bbox 1985 3202 2038 3250; x_wconf 87' lang='lat' dir='ltr'>et</span> 
     </span>
    </p>
   </div>
   <div class='ocr_carea' id='block_1_37' title="bbox 437 3279 2026 3354">
    <p class='ocr_par' dir='ltr' id='par_1_37' title="bbox 437 3279 2026 3354">
     <span class='ocr_line' id='line_1_37' title="bbox 437 3279 2026 3354; baseline 0.003 -18"><span class='ocrx_word' id='word_1_251' title='bbox 437 3281 494 3337; x_wconf 89' lang='lat' dir='ltr'>in</span> <span class='ocrx_word' id='word_1_252' title='bbox 543 3279 650 3338; x_wconf 88' lang='lat' dir='ltr'>ﬁde</span> <span class='ocrx_word' id='word_1_253' title='bbox 682 3282 881 3337; x_wconf 89' lang='lat' dir='ltr'>nullam</span> <span class='ocrx_word' id='word_1_254' title='bbox 932 3285 1384 3339; x_wconf 87' lang='lat' dir='ltr'>resurrectionem</span> <span class='ocrx_word' id='word_1_255' title='bbox 1432 3299 1720 3354; x_wconf 90' lang='lat' dir='ltr'>corporum</span> <span class='ocrx_word' id='word_1_256' title='bbox 1769 3282 2026 3340; x_wconf 74' lang='lat' dir='ltr'>fut—uram.</span> 
     </span>
    </p>
   </div>
   <div class='ocr_carea' id='block_1_38' title="bbox 438 3369 2036 3445">
    <p class='ocr_par' dir='ltr' id='par_1_38' title="bbox 438 3369 2036 3445">
     <span class='ocr_line' id='line_1_38' title="bbox 438 3369 2036 3445; baseline 0 -19"><span class='ocrx_word' id='word_1_257' title='bbox 438 3369 646 3427; x_wconf 90' lang='lat' dir='ltr'>Omnes</span> <span class='ocrx_word' id='word_1_258' title='bbox 677 3379 836 3426; x_wconf 66' lang='lat' dir='ltr'>sectae</span> <span class='ocrx_word' id='word_1_259' title='bbox 866 3388 986 3444; x_wconf 70' lang='lat' dir='ltr'>qua:</span> <span class='ocrx_word' id='word_1_260' title='bbox 1020 3372 1339 3445; x_wconf 85' lang='lat' dir='ltr'>religionem</span> <span class='ocrx_word' id='word_1_261' title='bbox 1361 3373 1700 3443; x_wconf 90' lang='lat' dir='ltr'>promittunt,</span> <span class='ocrx_word' id='word_1_262' title='bbox 1734 3373 2036 3430; x_wconf 90' lang='lat' dir='ltr'>concedunt</span> 
     </span>
    </p>
   </div>
   <div class='ocr_carea' id='block_1_39' title="bbox 435 3460 2035 3518">
    <p class='ocr_par' dir='ltr' id='par_1_39' title="bbox 435 3460 2035 3518">
     <span class='ocr_line' id='line_1_39' title="bbox 435 3460 2035 3518; baseline 0.001 -3"><span class='ocrx_word' id='word_1_263' title='bbox 435 3460 890 3516; x_wconf 88' lang='lat' dir='ltr'>resurrectionem</span> <span class='ocrx_word' id='word_1_264' title='bbox 934 3461 1193 3516; x_wconf 88' lang='lat' dir='ltr'>mentium</span> <span class='ocrx_word' id='word_1_265' title='bbox 1242 3461 1296 3516; x_wconf 90' lang='lat' dir='ltr'>in</span> <span class='ocrx_word' id='word_1_266' title='bbox 1345 3461 1470 3516; x_wconf 87' lang='lat' dir='ltr'>ﬁde.</span> <span class='ocrx_word' id='word_1_267' title='bbox 1530 3462 1699 3518; x_wconf 82' lang='lat' dir='ltr'>Aliter</span> <span class='ocrx_word' id='word_1_268' title='bbox 1730 3462 1873 3516; x_wconf 89' lang='lat' dir='ltr'>enim</span> <span class='ocrx_word' id='word_1_269' title='bbox 1926 3477 2035 3517; x_wconf 91' lang='lat' dir='ltr'>non</span> 
     </span>
    </p>
   </div>
   <div class='ocr_carea' id='block_1_40' title="bbox 435 3548 2035 3624">
    <p class='ocr_par' dir='ltr' id='par_1_40' title="bbox 435 3548 2035 3624">
     <span class='ocr_line' id='line_1_40' title="bbox 435 3548 2035 3624; baseline 0 -20"><span class='ocrx_word' id='word_1_270' title='bbox 435 3548 748 3605; x_wconf 87' lang='lat' dir='ltr'>viderentur</span> <span class='ocrx_word' id='word_1_271' title='bbox 767 3549 1044 3605; x_wconf 90' lang='lat' dir='ltr'>audiendi.</span> <span class='ocrx_word' id='word_1_272' title='bbox 1081 3550 1337 3606; x_wconf 81' lang='lat' dir='ltr'>Volentes</span> <span class='ocrx_word' id='word_1_273' title='bbox 1368 3566 1500 3624; x_wconf 90' lang='lat' dir='ltr'>ergo</span> <span class='ocrx_word' id='word_1_274' title='bbox 1535 3551 1684 3607; x_wconf 91' lang='lat' dir='ltr'>credi</span> <span class='ocrx_word' id='word_1_275' title='bbox 1713 3550 1818 3604; x_wconf 89' lang='lat' dir='ltr'>sibi</span> <span class='ocrx_word' id='word_1_276' title='bbox 1846 3566 2035 3605; x_wconf 90' lang='lat' dir='ltr'>omnes</span> 
     </span>
    </p>
   </div>
   <div class='ocr_carea' id='block_1_41' title="bbox 430 3637 2033 3712">
    <p class='ocr_par' dir='ltr' id='par_1_41' title="bbox 430 3637 2033 3712">
     <span class='ocr_line' id='line_1_41' title="bbox 430 3637 2033 3712; baseline 0 -18"><span class='ocrx_word' id='word_1_277' title='bbox 430 3637 589 3695; x_wconf 86' lang='lat' dir='ltr'>etiam</span> <span class='ocrx_word' id='word_1_278' title='bbox 637 3638 728 3711; x_wconf 91' lang='lat' dir='ltr'>qui</span> <span class='ocrx_word' id='word_1_279' title='bbox 757 3638 1101 3696; x_wconf 90' lang='lat' dir='ltr'>instituerunt</span> <span class='ocrx_word' id='word_1_280' title='bbox 1143 3639 1366 3708; x_wconf 89' lang='lat' dir='ltr'>alicujus</span> <span class='ocrx_word' id='word_1_281' title='bbox 1407 3638 1559 3695; x_wconf 62' lang='lat' dir='ltr'>falsa:</span> <span class='ocrx_word' id='word_1_282' title='bbox 1605 3639 1892 3712; x_wconf 79' lang='lat' dir='ltr'>religionis</span> <span class='ocrx_word' id='word_1_283' title='bbox 1940 3655 2033 3694; x_wconf 90' lang='lat' dir='ltr'>se—</span> 
     </span>
    </p>
   </div>
   <div class='ocr_carea' id='block_1_42' title="bbox 435 3728 2033 3800">
    <p class='ocr_par' dir='ltr' id='par_1_42' title="bbox 435 3728 2033 3800">
     <span class='ocr_line' id='line_1_42' title="bbox 435 3728 2033 3800; baseline -0.001 -16"><span class='ocrx_word' id='word_1_284' title='bbox 435 3735 598 3794; x_wconf 89' lang='lat' dir='ltr'>ctam,</span> <span class='ocrx_word' id='word_1_285' title='bbox 646 3744 846 3800; x_wconf 82' lang='lat' dir='ltr'>negare</span> <span class='ocrx_word' id='word_1_286' title='bbox 886 3729 1045 3783; x_wconf 90' lang='lat' dir='ltr'>istam</span> <span class='ocrx_word' id='word_1_287' title='bbox 1096 3728 1559 3784; x_wconf 90' lang='lat' dir='ltr'>resurrectionem</span> <span class='ocrx_word' id='word_1_288' title='bbox 1619 3729 1878 3784; x_wconf 86' lang='lat' dir='ltr'>mentium</span> <span class='ocrx_word' id='word_1_289' title='bbox 1925 3744 2033 3783; x_wconf 91' lang='lat' dir='ltr'>non</span> 
     </span>
    </p>
   </div>
   <div class='ocr_carea' id='block_1_43' title="bbox 432 3817 2033 3887">
    <p class='ocr_par' dir='ltr' id='par_1_43' title="bbox 432 3817 2033 3887">
     <span class='ocr_line' id='line_1_43' title="bbox 432 3817 2033 3887; baseline 0.001 -17"><span class='ocrx_word' id='word_1_290' title='bbox 432 3823 742 3887; x_wconf 90' lang='lat' dir='ltr'>potuerunt,</span> <span class='ocrx_word' id='word_1_291' title='bbox 777 3833 969 3873; x_wconf 90' lang='lat' dir='ltr'>omnes</span> <span class='ocrx_word' id='word_1_292' title='bbox 999 3817 1067 3872; x_wconf 92' lang='lat' dir='ltr'>de</span> <span class='ocrx_word' id='word_1_293' title='bbox 1098 3817 1190 3872; x_wconf 88' lang='lat' dir='ltr'>illa</span> <span class='ocrx_word' id='word_1_294' title='bbox 1222 3826 1633 3874; x_wconf 90' lang='lat' dir='ltr'>consenserunt.</span> <span class='ocrx_word' id='word_1_295' title='bbox 1696 3817 1803 3871; x_wconf 91' lang='lat' dir='ltr'>Sed</span> <span class='ocrx_word' id='word_1_296' title='bbox 1840 3831 2033 3887; x_wconf 85' lang='lat' dir='ltr'>corpo-</span> 
     </span>
    </p>
   </div>
   <div class='ocr_carea' id='block_1_44' title="bbox 434 3905 2034 3977">
    <p class='ocr_par' dir='ltr' id='par_1_44' title="bbox 434 3905 2034 3977">
     <span class='ocr_line' id='line_1_44' title="bbox 434 3905 2034 3977; baseline 0.001 -18"><span class='ocrx_word' id='word_1_297' title='bbox 434 3922 552 3959; x_wconf 91' lang='lat' dir='ltr'>rum</span> <span class='ocrx_word' id='word_1_298' title='bbox 615 3905 1070 3962; x_wconf 86' lang='lat' dir='ltr'>resurrectionem</span> <span class='ocrx_word' id='word_1_299' title='bbox 1117 3905 1271 3960; x_wconf 90' lang='lat' dir='ltr'>multi</span> <span class='ocrx_word' id='word_1_300' title='bbox 1332 3915 1683 3977; x_wconf 88' lang='lat' dir='ltr'>negaverunt,</span> <span class='ocrx_word' id='word_1_301' title='bbox 1752 3905 1893 3960; x_wconf 85' lang='lat' dir='ltr'>sicut</span> <span class='ocrx_word' id='word_1_302' title='bbox 1947 3906 2034 3960; x_wconf 90' lang='lat' dir='ltr'>isti</span> 
     </span>
    </p>
   </div>
   <div class='ocr_carea' id='block_1_45' title="bbox 431 3994 1182 4065">
    <p class='ocr_par' dir='ltr' id='par_1_45' title="bbox 431 3994 1182 4065">
     <span class='ocr_line' id='line_1_45' title="bbox 431 3994 1182 4065; baseline 0.001 -18"><span class='ocrx_word' id='word_1_303' title='bbox 431 4010 570 4065; x_wconf 90' lang='lat' dir='ltr'>quos</span> <span class='ocrx_word' id='word_1_304' title='bbox 599 3994 839 4048; x_wconf 89' lang='lat' dir='ltr'>nominat</span> <span class='ocrx_word' id='word_1_305' title='bbox 869 3994 1182 4064; x_wconf 82' lang='lat' dir='ltr'>Apostolus.</span> 
     </span>
    </p>
   </div>
   <div class='ocr_carea' id='block_1_46' title="bbox 503 4100 2029 4173">
    <p class='ocr_par' dir='ltr' id='par_1_46' title="bbox 503 4100 2029 4173">
     <span class='ocr_line' id='line_1_46' title="bbox 503 4100 2029 4173; baseline 0.001 -18"><span class='ocrx_word' id='word_1_306' title='bbox 503 4100 676 4155; x_wconf 77' lang='lat' dir='ltr'>Vnus.</span> <span class='ocrx_word' id='word_1_307' title='bbox 711 4104 798 4154; x_wconf 83' lang='grc'>19.</span> <span class='ocrx_word' id='word_1_308' title='bbox 823 4130 892 4140; x_wconf 90' lang='grc'><strong><em>-</em></strong></span> <span class='ocrx_word' id='word_1_309' title='bbox 915 4101 1180 4172; x_wconf 78' lang='lat' dir='ltr'>Cognovit</span> <span class='ocrx_word' id='word_1_310' title='bbox 1196 4102 1468 4157; x_wconf 77' lang='lat' dir='ltr'>Dominus</span> <span class='ocrx_word' id='word_1_311' title='bbox 1489 4104 1584 4173; x_wconf 85' lang='lat' dir='ltr'>qui</span> <span class='ocrx_word' id='word_1_312' title='bbox 1604 4106 1740 4158; x_wconf 87' lang='lat' dir='ltr'>sunt</span> <span class='ocrx_word' id='word_1_313' title='bbox 1759 4103 1899 4173; x_wconf 87' lang='lat' dir='ltr'>ejus,</span> <span class='ocrx_word' id='word_1_314' title='bbox 1925 4108 2029 4158; x_wconf 89' lang='lat' dir='ltr'>etc.</span> 
     </span>
    </p>
   </div>
   <div class='ocr_carea' id='block_1_47' title="bbox 432 4189 2034 4260">
    <p class='ocr_par' dir='ltr' id='par_1_47' title="bbox 432 4189 2034 4260">
     <span class='ocr_line' id='line_1_47' title="bbox 432 4189 2034 4260; baseline 0 -16"><span class='ocrx_word' id='word_1_315' title='bbox 432 4189 493 4244; x_wconf 91' lang='lat' dir='ltr'>Id</span> <span class='ocrx_word' id='word_1_316' title='bbox 523 4199 626 4256; x_wconf 88' lang='lat' dir='ltr'>est,</span> <span class='ocrx_word' id='word_1_317' title='bbox 661 4197 806 4244; x_wconf 88' lang='lat' dir='ltr'>amat</span> <span class='ocrx_word' id='word_1_318' title='bbox 833 4197 886 4244; x_wconf 92' lang='lat' dir='ltr'>et</span> <span class='ocrx_word' id='word_1_319' title='bbox 915 4189 1156 4245; x_wconf 87' lang='lat' dir='ltr'>defendit</span> <span class='ocrx_word' id='word_1_320' title='bbox 1184 4189 1462 4260; x_wconf 64' lang='lat' dir='ltr'>praescitos</span> <span class='ocrx_word' id='word_1_321' title='bbox 1493 4206 1645 4245; x_wconf 92' lang='lat' dir='ltr'>suos.</span> <span class='ocrx_word' id='word_1_322' title='bbox 1676 4192 1737 4245; x_wconf 92' lang='lat' dir='ltr'>In</span> <span class='ocrx_word' id='word_1_323' title='bbox 1758 4191 1862 4246; x_wconf 92' lang='lat' dir='ltr'>hoc</span> <span class='ocrx_word' id='word_1_324' title='bbox 1881 4198 2034 4246; x_wconf 86' lang='lat' dir='ltr'>nota-</span> 
     </span>
    </p>
   </div>
   <div class='ocr_carea' id='block_1_48' title="bbox 431 4278 2033 4352">
    <p class='ocr_par' dir='ltr' id='par_1_48' title="bbox 431 4278 2033 4352">
     <span class='ocr_line' id='line_1_48' title="bbox 431 4278 2033 4352; baseline 0.001 -18"><span class='ocrx_word' id='word_1_325' title='bbox 431 4287 518 4334; x_wconf 90' lang='lat' dir='ltr'>tur</span> <span class='ocrx_word' id='word_1_326' title='bbox 550 4278 913 4350; x_wconf 72' lang='lat' dir='ltr'>praescientia,</span> <span class='ocrx_word' id='word_1_327' title='bbox 983 4296 1088 4351; x_wconf 89' lang='lat' dir='ltr'>qua</span> <span class='ocrx_word' id='word_1_328' title='bbox 1149 4295 1284 4352; x_wconf 91' lang='lat' dir='ltr'>quos</span> <span class='ocrx_word' id='word_1_329' title='bbox 1331 4279 1607 4350; x_wconf 66' lang='lat' dir='ltr'>prmscivit</span> <span class='ocrx_word' id='word_1_330' title='bbox 1645 4279 1852 4335; x_wconf 82' lang='lat' dir='ltr'>futuros</span> <span class='ocrx_word' id='word_1_331' title='bbox 1909 4295 2033 4336; x_wconf 87' lang='lat' dir='ltr'>esse</span> 
     </span>
    </p>
   </div>
   <div class='ocr_carea' id='block_1_49' title="bbox 429 4367 2027 4440">
    <p class='ocr_par' dir='ltr' id='par_1_49' title="bbox 429 4367 2027 4440">
     <span class='ocr_line' id='line_1_49' title="bbox 429 4367 2027 4440; baseline 0 -16"><span class='ocrx_word' id='word_1_332' title='bbox 429 4367 744 4424; x_wconf 87' lang='lat' dir='ltr'>conformes</span> <span class='ocrx_word' id='word_1_333' title='bbox 773 4367 1026 4440; x_wconf 80' lang='lat' dir='ltr'>imaginis</span> <span class='ocrx_word' id='word_1_334' title='bbox 1078 4368 1197 4423; x_wconf 88' lang='lat' dir='ltr'>Filii</span> <span class='ocrx_word' id='word_1_335' title='bbox 1246 4367 1347 4435; x_wconf 89' lang='lat' dir='ltr'>sui,</span> <span class='ocrx_word' id='word_1_336' title='bbox 1400 4367 1456 4423; x_wconf 90' lang='lat' dir='ltr'>id</span> <span class='ocrx_word' id='word_1_337' title='bbox 1486 4376 1568 4423; x_wconf 91' lang='lat' dir='ltr'>est</span> <span class='ocrx_word' id='word_1_338' title='bbox 1604 4368 2027 4440; x_wconf 74' lang='lat' dir='ltr'>praedestinavit,</span> 
     </span>
    </p>
   </div>
   <div class='ocr_carea' id='block_1_50' title="bbox 429 4455 1389 4529">
    <p class='ocr_par' dir='ltr' id='par_1_50' title="bbox 429 4455 1389 4529">
     <span class='ocr_line' id='line_1_50' title="bbox 429 4455 1389 4529; baseline -0.003 -15"><span class='ocrx_word' id='word_1_339' title='bbox 429 4458 662 4527; x_wconf 89' lang='lat' dir='ltr'>vocavit,</span> <span class='ocrx_word' id='word_1_340' title='bbox 688 4455 1017 4528; x_wconf 86' lang='lat' dir='ltr'>justiﬁcavit,</span> <span class='ocrx_word' id='word_1_341' title='bbox 1053 4456 1389 4529; x_wconf 87' lang='lat' dir='ltr'>gloriﬁcavit.</span> 
     </span>
    </p>
   </div>
   <div class='ocr_carea' id='block_1_51' title="bbox 503 4546 2025 4618">
    <p class='ocr_par' dir='ltr' id='par_1_51' title="bbox 503 4546 2025 4618">
     <span class='ocr_line' id='line_1_51' title="bbox 503 4546 2025 4618; baseline 0 -16"><span class='ocrx_word' id='word_1_342' title='bbox 503 4547 676 4602; x_wconf 72' lang='lat' dir='ltr'>Vnus.</span> <span class='ocrx_word' id='word_1_343' title='bbox 707 4551 797 4603; x_wconf 79' lang='grc'><strong>20.</strong></span> <span class='ocrx_word' id='word_1_344' title='bbox 831 4578 902 4587; x_wconf 92' lang='grc'>--</span> <span class='ocrx_word' id='word_1_345' title='bbox 940 4549 1074 4603; x_wconf 85' lang='lat' dir='ltr'>Vasa</span> <span class='ocrx_word' id='word_1_346' title='bbox 1095 4563 1270 4602; x_wconf 88' lang='lat' dir='ltr'>aurea</span> <span class='ocrx_word' id='word_1_347' title='bbox 1291 4551 1348 4603; x_wconf 89' lang='lat' dir='ltr'>et</span> <span class='ocrx_word' id='word_1_348' title='bbox 1386 4551 1674 4618; x_wconf 85' lang='lat' dir='ltr'>argentea.</span> <span class='ocrx_word' id='word_1_349' title='bbox 1702 4546 1850 4602; x_wconf 89' lang='lat' dir='ltr'>Sicut</span> <span class='ocrx_word' id='word_1_350' title='bbox 1881 4546 2025 4602; x_wconf 91' lang='lat' dir='ltr'>enim</span> 
     </span>
    </p>
   </div>
   <div class='ocr_carea' id='block_1_52' title="bbox 430 4635 2026 4708">
    <p class='ocr_par' dir='ltr' id='par_1_52' title="bbox 430 4635 2026 4708">
     <span class='ocr_line' id='line_1_52' title="bbox 430 4635 2026 4708; baseline -0.001 -16"><span class='ocrx_word' id='word_1_351' title='bbox 430 4651 563 4692; x_wconf 86' lang='lat' dir='ltr'>vasa</span> <span class='ocrx_word' id='word_1_352' title='bbox 583 4635 768 4708; x_wconf 86' lang='lat' dir='ltr'>lignea</span> <span class='ocrx_word' id='word_1_353' title='bbox 814 4644 867 4692; x_wconf 89' lang='lat' dir='ltr'>et</span> <span class='ocrx_word' id='word_1_354' title='bbox 913 4636 1098 4693; x_wconf 91' lang='lat' dir='ltr'>ﬁctilia</span> <span class='ocrx_word' id='word_1_355' title='bbox 1148 4636 1330 4692; x_wconf 90' lang='lat' dir='ltr'>valent</span> <span class='ocrx_word' id='word_1_356' title='bbox 1357 4644 1414 4690; x_wconf 92' lang='lat' dir='ltr'>ut</span> <span class='ocrx_word' id='word_1_357' title='bbox 1449 4643 1752 4708; x_wconf 83' lang='lat' dir='ltr'>purgentur</span> <span class='ocrx_word' id='word_1_358' title='bbox 1786 4651 1951 4691; x_wconf 88' lang='lat' dir='ltr'>aurea</span> <span class='ocrx_word' id='word_1_359' title='bbox 1972 4644 2026 4691; x_wconf 92' lang='lat' dir='ltr'>et</span> 
     </span>
    </p>
   </div>
   <div class='ocr_carea' id='block_1_53' title="bbox 428 4723 2018 4796">
    <p class='ocr_par' dir='ltr' id='par_1_53' title="bbox 428 4723 2018 4796">
     <span class='ocr_line' id='line_1_53' title="bbox 428 4723 2018 4796; baseline 0.001 -18"><span class='ocrx_word' id='word_1_360' title='bbox 428 4731 707 4796; x_wconf 88' lang='lat' dir='ltr'>argentea,</span> <span class='ocrx_word' id='word_1_361' title='bbox 741 4724 820 4780; x_wconf 92' lang='lat' dir='ltr'>sic</span> <span class='ocrx_word' id='word_1_362' title='bbox 849 4725 980 4780; x_wconf 88' lang='lat' dir='ltr'>mali</span> <span class='ocrx_word' id='word_1_363' title='bbox 1009 4734 1236 4796; x_wconf 89' lang='lat' dir='ltr'>prosunt</span> <span class='ocrx_word' id='word_1_364' title='bbox 1267 4725 1339 4780; x_wconf 90' lang='lat' dir='ltr'>ad</span> <span class='ocrx_word' id='word_1_365' title='bbox 1386 4723 1688 4796; x_wconf 84' lang='lat' dir='ltr'>profectum</span> <span class='ocrx_word' id='word_1_366' title='bbox 1737 4725 2018 4780; x_wconf 90' lang='lat' dir='ltr'>bonorum.</span> 
     </span>
    </p>
   </div>
   <div class='ocr_carea' id='block_1_54' title="bbox 428 4813 2022 4887">
    <p class='ocr_par' dir='ltr' id='par_1_54' title="bbox 428 4813 2022 4887">
     <span class='ocr_line' id='line_1_54' title="bbox 428 4813 2022 4887; baseline -0.001 -18"><span class='ocrx_word' id='word_1_367' title='bbox 428 4813 628 4886; x_wconf 86' lang='lat' dir='ltr'>Magna</span> <span class='ocrx_word' id='word_1_368' title='bbox 655 4830 790 4887; x_wconf 89' lang='lat' dir='ltr'>ergo</span> <span class='ocrx_word' id='word_1_369' title='bbox 821 4814 1034 4882; x_wconf 92' lang='lat' dir='ltr'>domus,</span> <span class='ocrx_word' id='word_1_370' title='bbox 1067 4813 1334 4880; x_wconf 89' lang='lat' dir='ltr'>Ecclesia,</span> <span class='ocrx_word' id='word_1_371' title='bbox 1364 4814 1421 4868; x_wconf 90' lang='lat' dir='ltr'>in</span> <span class='ocrx_word' id='word_1_372' title='bbox 1448 4831 1552 4885; x_wconf 90' lang='lat' dir='ltr'>qua</span> <span class='ocrx_word' id='word_1_373' title='bbox 1573 4822 1695 4870; x_wconf 91' lang='lat' dir='ltr'>sunt</span> <span class='ocrx_word' id='word_1_374' title='bbox 1713 4830 1843 4868; x_wconf 89' lang='lat' dir='ltr'>vasa</span> <span class='ocrx_word' id='word_1_375' title='bbox 1861 4830 2022 4869; x_wconf 90' lang='lat' dir='ltr'>aurea</span> 
     </span>
    </p>
   </div>
   <div class='ocr_carea' id='block_1_55' title="bbox 427 4902 2020 4974">
    <p class='ocr_par' dir='ltr' id='par_1_55' title="bbox 427 4902 2020 4974">
     <span class='ocr_line' id='line_1_55' title="bbox 427 4902 2020 4974; baseline 0.001 -17"><span class='ocrx_word' id='word_1_376' title='bbox 427 4911 480 4957; x_wconf 91' lang='lat' dir='ltr'>et</span> <span class='ocrx_word' id='word_1_377' title='bbox 511 4911 791 4974; x_wconf 89' lang='lat' dir='ltr'>argentea,</span> <span class='ocrx_word' id='word_1_378' title='bbox 816 4902 871 4955; x_wconf 92' lang='lat' dir='ltr'>id</span> <span class='ocrx_word' id='word_1_379' title='bbox 901 4910 1001 4971; x_wconf 91' lang='lat' dir='ltr'>est,</span> <span class='ocrx_word' id='word_1_380' title='bbox 1027 4902 1155 4957; x_wconf 90' lang='lat' dir='ltr'>boni</span> <span class='ocrx_word' id='word_1_381' title='bbox 1177 4911 1229 4958; x_wconf 91' lang='lat' dir='ltr'>et</span> <span class='ocrx_word' id='word_1_382' title='bbox 1260 4902 1449 4957; x_wconf 89' lang='lat' dir='ltr'>ﬁdeles</span> <span class='ocrx_word' id='word_1_383' title='bbox 1478 4910 1530 4958; x_wconf 91' lang='lat' dir='ltr'>et</span> <span class='ocrx_word' id='word_1_384' title='bbox 1552 4903 1725 4958; x_wconf 84' lang='lat' dir='ltr'>sancti</span> <span class='ocrx_word' id='word_1_385' title='bbox 1746 4903 1846 4957; x_wconf 91' lang='lat' dir='ltr'>Dei</span> <span class='ocrx_word' id='word_1_386' title='bbox 1876 4904 2020 4958; x_wconf 84' lang='lat' dir='ltr'>servi</span> 
     </span>
    </p>
   </div>
   <div class='ocr_carea' id='block_1_56' title="bbox 425 4991 2018 5062">
    <p class='ocr_par' dir='ltr' id='par_1_56' title="bbox 425 4991 2018 5062">
     <span class='ocr_line' id='line_1_56' title="bbox 425 4991 2018 5062; baseline 0 -17"><span class='ocrx_word' id='word_1_387' title='bbox 425 4991 626 5062; x_wconf 88' lang='lat' dir='ltr'>ubique</span> <span class='ocrx_word' id='word_1_388' title='bbox 671 4991 905 5061; x_wconf 90' lang='lat' dir='ltr'>dispersi</span> <span class='ocrx_word' id='word_1_389' title='bbox 971 4998 1025 5045; x_wconf 91' lang='lat' dir='ltr'>et</span> <span class='ocrx_word' id='word_1_390' title='bbox 1073 4992 1334 5062; x_wconf 86' lang='lat' dir='ltr'>spirituali</span> <span class='ocrx_word' id='word_1_391' title='bbox 1390 4992 1594 5047; x_wconf 89' lang='lat' dir='ltr'>unitate</span> <span class='ocrx_word' id='word_1_392' title='bbox 1641 4991 1895 5058; x_wconf 90' lang='lat' dir='ltr'>devincti,</span> <span class='ocrx_word' id='word_1_393' title='bbox 1965 4992 2018 5045; x_wconf 90' lang='lat' dir='ltr'>in</span> 
     </span>
    </p>
   </div>
   <div class='ocr_carea' id='block_1_57' title="bbox 425 5079 2020 5154">
    <p class='ocr_par' dir='ltr' id='par_1_57' title="bbox 425 5079 2020 5154">
     <span class='ocr_line' id='line_1_57' title="bbox 425 5079 2020 5154; baseline 0 -20"><span class='ocrx_word' id='word_1_394' title='bbox 425 5079 614 5134; x_wconf 88' lang='lat' dir='ltr'>eadem</span> <span class='ocrx_word' id='word_1_395' title='bbox 663 5079 1043 5135; x_wconf 90' lang='lat' dir='ltr'>communione</span> <span class='ocrx_word' id='word_1_396' title='bbox 1101 5089 1561 5136; x_wconf 89' lang='lat' dir='ltr'>sacramentorum</span> <span class='ocrx_word' id='word_1_397' title='bbox 1632 5082 1916 5154; x_wconf 87' lang='lat' dir='ltr'>degentes.</span> <span class='ocrx_word' id='word_1_398' title='bbox 1955 5083 2020 5136; x_wconf 86' lang='lat' dir='ltr'>Et</span> 
     </span>
    </p>
   </div>
   <div class='ocr_carea' id='block_1_58' title="bbox 425 5165 2020 5240">
    <p class='ocr_par' dir='ltr' id='par_1_58' title="bbox 425 5165 2020 5240">
     <span class='ocr_line' id='line_1_58' title="bbox 425 5165 2020 5240; baseline 0.002 -21"><span class='ocrx_word' id='word_1_399' title='bbox 425 5181 556 5219; x_wconf 91' lang='lat' dir='ltr'>vasa</span> <span class='ocrx_word' id='word_1_400' title='bbox 576 5165 756 5238; x_wconf 86' lang='lat' dir='ltr'>lignea</span> <span class='ocrx_word' id='word_1_401' title='bbox 786 5173 838 5220; x_wconf 89' lang='lat' dir='ltr'>et</span> <span class='ocrx_word' id='word_1_402' title='bbox 869 5165 1072 5237; x_wconf 88' lang='lat' dir='ltr'>ﬁctilia,</span> <span class='ocrx_word' id='word_1_403' title='bbox 1107 5169 1160 5221; x_wconf 93' lang='lat' dir='ltr'>id</span> <span class='ocrx_word' id='word_1_404' title='bbox 1192 5177 1274 5223; x_wconf 89' lang='lat' dir='ltr'>est</span> <span class='ocrx_word' id='word_1_405' title='bbox 1293 5169 1370 5223; x_wconf 90' lang='lat' dir='ltr'>illi</span> <span class='ocrx_word' id='word_1_406' title='bbox 1393 5170 1483 5240; x_wconf 87' lang='lat' dir='ltr'>qui</span> <span class='ocrx_word' id='word_1_407' title='bbox 1521 5177 1644 5225; x_wconf 88' lang='lat' dir='ltr'>sunt</span> <span class='ocrx_word' id='word_1_408' title='bbox 1673 5170 1728 5223; x_wconf 91' lang='lat' dir='ltr'>in</span> <span class='ocrx_word' id='word_1_409' title='bbox 1758 5171 1939 5238; x_wconf 88' lang='lat' dir='ltr'>domo,</span> <span class='ocrx_word' id='word_1_410' title='bbox 1965 5179 2020 5222; x_wconf 91' lang='lat' dir='ltr'>ut</span> 
     </span>
    </p>
   </div>
   <div class='ocr_carea' id='block_1_59' title="bbox 425 5254 2015 5329">
    <p class='ocr_par' dir='ltr' id='par_1_59' title="bbox 425 5254 2015 5329">
     <span class='ocr_line' id='line_1_59' title="bbox 425 5254 2015 5329; baseline 0.001 -19"><span class='ocrx_word' id='word_1_411' title='bbox 425 5271 532 5310; x_wconf 91' lang='lat' dir='ltr'>non</span> <span class='ocrx_word' id='word_1_412' title='bbox 564 5254 668 5308; x_wconf 92' lang='lat' dir='ltr'>sint</span> <span class='ocrx_word' id='word_1_413' title='bbox 698 5255 754 5309; x_wconf 92' lang='lat' dir='ltr'>in</span> <span class='ocrx_word' id='word_1_414' title='bbox 781 5271 1044 5328; x_wconf 84' lang='lat' dir='ltr'>compage</span> <span class='ocrx_word' id='word_1_415' title='bbox 1086 5257 1300 5312; x_wconf 90' lang='lat' dir='ltr'>domus.</span> <span class='ocrx_word' id='word_1_416' title='bbox 1333 5274 1431 5312; x_wconf 91' lang='lat' dir='ltr'>nec</span> <span class='ocrx_word' id='word_1_417' title='bbox 1482 5259 1537 5312; x_wconf 91' lang='lat' dir='ltr'>in</span> <span class='ocrx_word' id='word_1_418' title='bbox 1575 5259 1834 5315; x_wconf 82' lang='lat' dir='ltr'>societate</span> <span class='ocrx_word' id='word_1_419' title='bbox 1865 5258 2015 5329; x_wconf 86' lang='lat' dir='ltr'>paci-</span> 
     </span>
    </p>
   </div>
   <div class='ocr_carea' id='block_1_60' title="bbox 423 5343 1840 5416">
    <p class='ocr_par' dir='ltr' id='par_1_60' title="bbox 423 5343 1840 5416">
     <span class='ocr_line' id='line_1_60' title="bbox 423 5343 1840 5416; baseline 0.003 -18"><span class='ocrx_word' id='word_1_420' title='bbox 423 5343 546 5411; x_wconf 88' lang='lat' dir='ltr'>ﬁca,</span> <span class='ocrx_word' id='word_1_421' title='bbox 578 5352 631 5399; x_wconf 91' lang='lat' dir='ltr'>et</span> <span class='ocrx_word' id='word_1_422' title='bbox 660 5353 838 5399; x_wconf 90' lang='lat' dir='ltr'>tamen</span> <span class='ocrx_word' id='word_1_423' title='bbox 867 5345 1043 5400; x_wconf 88' lang='lat' dir='ltr'>adhuc</span> <span class='ocrx_word' id='word_1_424' title='bbox 1059 5361 1287 5416; x_wconf 89' lang='lat' dir='ltr'>corpore</span> <span class='ocrx_word' id='word_1_425' title='bbox 1321 5347 1480 5402; x_wconf 91' lang='lat' dir='ltr'>simul</span> <span class='ocrx_word' id='word_1_426' title='bbox 1509 5364 1631 5404; x_wconf 90' lang='lat' dir='ltr'>cum</span> <span class='ocrx_word' id='word_1_427' title='bbox 1665 5348 1840 5403; x_wconf 90' lang='lat' dir='ltr'>bonis.</span> 
     </span>
    </p>
   </div>
   <div class='ocr_carea' id='block_1_61' title="bbox 492 5443 2014 5519">
    <p class='ocr_par' dir='ltr' id='par_1_61' title="bbox 492 5443 2014 5519">
     <span class='ocr_line' id='line_1_61' title="bbox 492 5443 2014 5519; baseline 0.001 -19"><span class='ocrx_word' id='word_1_428' title='bbox 492 5444 664 5500; x_wconf 73' lang='lat' dir='ltr'>Vens.</span> <span class='ocrx_word' id='word_1_429' title='bbox 689 5446 778 5498; x_wconf 79' lang='grc'>23.</span> <span class='ocrx_word' id='word_1_430' title='bbox 799 5473 867 5482; x_wconf 88' lang='grc'><strong>--</strong></span> <span class='ocrx_word' id='word_1_431' title='bbox 885 5443 1102 5500; x_wconf 75' lang='lat' dir='ltr'>Stultus</span> <span class='ocrx_word' id='word_1_432' title='bbox 1118 5448 1309 5499; x_wconf 88' lang='lat' dir='ltr'>autem</span> <span class='ocrx_word' id='word_1_433' title='bbox 1333 5448 1523 5502; x_wconf 86' lang='lat' dir='ltr'>etsine</span> <span class='ocrx_word' id='word_1_434' title='bbox 1545 5448 1850 5519; x_wconf 86' lang='lat' dir='ltr'>disciplina</span> <span class='ocrx_word' id='word_1_435' title='bbox 1862 5463 2014 5519; x_wconf 66' lang='lat' dir='ltr'>quee-</span> 
     </span>
    </p>
   </div>
   <div class='ocr_carea' id='block_1_62' title="bbox 423 5531 2014 5603">
    <p class='ocr_par' dir='ltr' id='par_1_62' title="bbox 423 5531 2014 5603">
     <span class='ocr_line' id='line_1_62' title="bbox 423 5531 2014 5603; baseline 0 -14"><span class='ocrx_word' id='word_1_436' title='bbox 423 5536 635 5590; x_wconf 87' lang='lat' dir='ltr'>stiones</span> <span class='ocrx_word' id='word_1_437' title='bbox 662 5533 864 5590; x_wconf 88' lang='lat' dir='ltr'>devita.</span> <span class='ocrx_word' id='word_1_438' title='bbox 899 5531 1020 5586; x_wconf 90' lang='lat' dir='ltr'>Non</span> <span class='ocrx_word' id='word_1_439' title='bbox 1049 5548 1240 5586; x_wconf 89' lang='lat' dir='ltr'>omnes</span> <span class='ocrx_word' id='word_1_440' title='bbox 1274 5534 1586 5603; x_wconf 90' lang='lat' dir='ltr'>questiones</span> <span class='ocrx_word' id='word_1_441' title='bbox 1617 5536 1866 5600; x_wconf 56' lang='lat' dir='ltr'>vitandae,</span> <span class='ocrx_word' id='word_1_442' title='bbox 1919 5535 2014 5590; x_wconf 89' lang='lat' dir='ltr'>sed</span> 
     </span>
    </p>
   </div>
   <div class='ocr_carea' id='block_1_63' title="bbox 425 5620 1196 5694">
    <p class='ocr_par' dir='ltr' id='par_1_63' title="bbox 425 5620 1196 5694">
     <span class='ocr_line' id='line_1_63' title="bbox 425 5620 1196 5694; baseline -0.009 -13"><span class='ocrx_word' id='word_1_443' title='bbox 425 5623 641 5681; x_wconf 86' lang='lat' dir='ltr'>mutiles</span> <span class='ocrx_word' id='word_1_444' title='bbox 664 5631 724 5678; x_wconf 88' lang='lat' dir='ltr'>ct</span> <span class='ocrx_word' id='word_1_445' title='bbox 746 5622 861 5679; x_wconf 91' lang='lat' dir='ltr'>sine</span> <span class='ocrx_word' id='word_1_446' title='bbox 891 5620 1196 5694; x_wconf 86' lang='lat' dir='ltr'>disciplina.</span> 
     </span>
    </p>
   </div>
   <div class='ocr_carea' id='block_1_64' title="bbox 2156 461 3742 531">
    <p class='ocr_par' dir='ltr' id='par_1_64' title="bbox 2156 461 3742 531">
     <span class='ocr_line' id='line_1_64' title="bbox 2156 461 3742 531; baseline 0.003 -17"><span class='ocrx_word' id='word_1_447' title='bbox 2156 461 2400 531; x_wconf 84' lang='lat' dir='ltr'>litigare,</span> <span class='ocrx_word' id='word_1_448' title='bbox 2437 461 2534 516; x_wconf 86' lang='lat' dir='ltr'>sed</span> <span class='ocrx_word' id='word_1_449' title='bbox 2579 465 2946 517; x_wconf 82' lang='lat' dir='ltr'>mansuetum</span> <span class='ocrx_word' id='word_1_450' title='bbox 2977 478 3094 517; x_wconf 84' lang='lat' dir='ltr'>esse</span> <span class='ocrx_word' id='word_1_451' title='bbox 3125 462 3196 516; x_wconf 87' lang='lat' dir='ltr'>ad</span> <span class='ocrx_word' id='word_1_452' title='bbox 3228 479 3442 517; x_wconf 87' lang='lat' dir='ltr'>omnes.</span> <span class='ocrx_word' id='word_1_453' title='bbox 3485 462 3626 518; x_wconf 86' lang='lat' dir='ltr'>Satis</span> <span class='ocrx_word' id='word_1_454' title='bbox 3647 465 3742 518; x_wconf 91' lang='lat' dir='ltr'>ob-</span> 
     </span>
    </p>
   </div>
   <div class='ocr_carea' id='block_1_65' title="bbox 2153 549 3742 621">
    <p class='ocr_par' dir='ltr' id='par_1_65' title="bbox 2153 549 3742 621">
     <span class='ocr_line' id='line_1_65' title="bbox 2153 549 3742 621; baseline 0.003 -19"><span class='ocrx_word' id='word_1_455' title='bbox 2153 556 2397 619; x_wconf 89' lang='lat' dir='ltr'>strepunt</span> <span class='ocrx_word' id='word_1_456' title='bbox 2429 549 2882 606; x_wconf 85' lang='lat' dir='ltr'>contradicentes.</span> <span class='ocrx_word' id='word_1_457' title='bbox 2918 550 2999 604; x_wconf 91' lang='lat' dir='ltr'>Ne</span> <span class='ocrx_word' id='word_1_458' title='bbox 3033 566 3164 621; x_wconf 89' lang='lat' dir='ltr'>ergo</span> <span class='ocrx_word' id='word_1_459' title='bbox 3195 566 3382 604; x_wconf 88' lang='lat' dir='ltr'>serves</span> <span class='ocrx_word' id='word_1_460' title='bbox 3407 551 3508 606; x_wconf 88' lang='lat' dir='ltr'>Dei</span> <span class='ocrx_word' id='word_1_461' title='bbox 3530 552 3631 606; x_wconf 90' lang='lat' dir='ltr'>sibi</span> <span class='ocrx_word' id='word_1_462' title='bbox 3656 553 3742 606; x_wconf 87' lang='lat' dir='ltr'>ob-</span> 
     </span>
    </p>
   </div>
   <div class='ocr_carea' id='block_1_66' title="bbox 2153 637 3741 708">
    <p class='ocr_par' dir='ltr' id='par_1_66' title="bbox 2153 637 3741 708">
     <span class='ocr_line' id='line_1_66' title="bbox 2153 637 3741 708; baseline 0.003 -18"><span class='ocrx_word' id='word_1_463' title='bbox 2153 643 2355 708; x_wconf 88' lang='lat' dir='ltr'>strepat</span> <span class='ocrx_word' id='word_1_464' title='bbox 2387 637 2562 692; x_wconf 89' lang='lat' dir='ltr'>studio</span> <span class='ocrx_word' id='word_1_465' title='bbox 2593 638 2912 693; x_wconf 89' lang='lat' dir='ltr'>altercandi.</span> <span class='ocrx_word' id='word_1_466' title='bbox 2946 639 3069 692; x_wconf 90' lang='lat' dir='ltr'>Non</span> <span class='ocrx_word' id='word_1_467' title='bbox 3098 638 3292 694; x_wconf 89' lang='lat' dir='ltr'>deesse</span> <span class='ocrx_word' id='word_1_468' title='bbox 3322 639 3492 694; x_wconf 85' lang='lat' dir='ltr'>voluit</span> <span class='ocrx_word' id='word_1_469' title='bbox 3516 655 3614 695; x_wconf 92' lang='lat' dir='ltr'>nos</span> <span class='ocrx_word' id='word_1_470' title='bbox 3646 640 3741 695; x_wconf 80' lang='lat' dir='ltr'>fra-</span> 
     </span>
    </p>
   </div>
   <div class='ocr_carea' id='block_1_67' title="bbox 2152 726 3743 796">
    <p class='ocr_par' dir='ltr' id='par_1_67' title="bbox 2152 726 3743 796">
     <span class='ocr_line' id='line_1_67' title="bbox 2152 726 3743 796; baseline 0.004 -18"><span class='ocrx_word' id='word_1_471' title='bbox 2152 733 2294 780; x_wconf 89' lang='lat' dir='ltr'>trum</span> <span class='ocrx_word' id='word_1_472' title='bbox 2322 726 2671 796; x_wconf 90' lang='lat' dir='ltr'>corrcptioni,</span> <span class='ocrx_word' id='word_1_473' title='bbox 2706 742 2808 783; x_wconf 92' lang='lat' dir='ltr'>nec</span> <span class='ocrx_word' id='word_1_474' title='bbox 2838 727 3052 782; x_wconf 91' lang='lat' dir='ltr'>studere</span> <span class='ocrx_word' id='word_1_475' title='bbox 3091 728 3394 782; x_wconf 87' lang='lat' dir='ltr'>certamini.</span> <span class='ocrx_word' id='word_1_476' title='bbox 3430 728 3585 782; x_wconf 81' lang='lat' dir='ltr'>Multi</span> <span class='ocrx_word' id='word_1_477' title='bbox 3613 731 3743 784; x_wconf 88' lang='lat' dir='ltr'>enim</span> 
     </span>
    </p>
   </div>
   <div class='ocr_carea' id='block_1_68' title="bbox 2151 813 3744 887">
    <p class='ocr_par' dir='ltr' id='par_1_68' title="bbox 2151 813 3744 887">
     <span class='ocr_line' id='line_1_68' title="bbox 2151 813 3744 887; baseline 0.003 -19"><span class='ocrx_word' id='word_1_478' title='bbox 2151 813 2398 869; x_wconf 89' lang='lat' dir='ltr'>homines</span> <span class='ocrx_word' id='word_1_479' title='bbox 2425 830 2548 869; x_wconf 92' lang='lat' dir='ltr'>cum</span> <span class='ocrx_word' id='word_1_480' title='bbox 2578 830 2608 868; x_wconf 92' lang='lat' dir='ltr'>a</span> <span class='ocrx_word' id='word_1_481' title='bbox 2639 831 2830 869; x_wconf 92' lang='lat' dir='ltr'>somno</span> <span class='ocrx_word' id='word_1_482' title='bbox 2861 815 3184 882; x_wconf 88' lang='lat' dir='ltr'>excitantur,</span> <span class='ocrx_word' id='word_1_483' title='bbox 3212 815 3428 887; x_wconf 82' lang='lat' dir='ltr'>litigare</span> <span class='ocrx_word' id='word_1_484' title='bbox 3460 816 3668 883; x_wconf 89' lang='lat' dir='ltr'>volunt,</span> <span class='ocrx_word' id='word_1_485' title='bbox 3685 835 3744 873; x_wconf 89' lang='lat' dir='ltr'>au</span> 
     </span>
    </p>
   </div>
   <div class='ocr_carea' id='block_1_69' title="bbox 2150 895 3427 975">
    <p class='ocr_par' dir='ltr' id='par_1_69' title="bbox 2150 895 3427 975">
     <span class='ocr_line' id='line_1_69' title="bbox 2150 895 3427 975; baseline 0.002 -19"><span class='ocrx_word' id='word_1_486' title='bbox 2150 917 2337 956; x_wconf 88' lang='lat' dir='ltr'>rursus</span> <span class='ocrx_word' id='word_1_487' title='bbox 2359 903 2623 968; x_wconf 87' lang='lat' dir='ltr'>dormire,</span> <span class='ocrx_word' id='word_1_488' title='bbox 2651 919 2774 958; x_wconf 89' lang='lat' dir='ltr'>cum</span> <span class='ocrx_word' id='word_1_489' title='bbox 2804 895 3020 975; x_wconf 82' lang='lat' dir='ltr'>litigare</span> <span class='ocrx_word' id='word_1_490' title='bbox 3051 904 3427 975; x_wconf 82' lang='lat' dir='ltr'>prohibentur.</span> 
     </span>
    </p>
   </div>
   <div class='ocr_carea' id='block_1_70' title="bbox 2222 992 3744 1065">
    <p class='ocr_par' dir='ltr' id='par_1_70' title="bbox 2222 992 3744 1065">
     <span class='ocr_line' id='line_1_70' title="bbox 2222 992 3744 1065; baseline 0.003 -21"><span class='ocrx_word' id='word_1_491' title='bbox 2222 992 2388 1045; x_wconf 73' lang='lat' dir='ltr'>Vens.</span> <span class='ocrx_word' id='word_1_492' title='bbox 2425 994 2514 1048; x_wconf 77' lang='grc'>25.</span> <span class='ocrx_word' id='word_1_493' title='bbox 2538 1021 2605 1032; x_wconf 89' lang='lat'>——</span> <span class='ocrx_word' id='word_1_494' title='bbox 2623 992 2922 1065; x_wconf 85' lang='lat' dir='ltr'>Nequando</span> <span class='ocrx_word' id='word_1_495' title='bbox 2941 992 3037 1047; x_wconf 88' lang='lat' dir='ltr'>det</span> <span class='ocrx_word' id='word_1_496' title='bbox 3051 993 3169 1048; x_wconf 86' lang='lat' dir='ltr'>illis</span> <span class='ocrx_word' id='word_1_497' title='bbox 3185 995 3331 1049; x_wconf 89' lang='lat' dir='ltr'>Deus</span> <span class='ocrx_word' id='word_1_498' title='bbox 3349 995 3744 1065; x_wconf 57' lang='lat' dir='ltr'>paenitentiam</span> 
     </span>
    </p>
   </div>
   <div class='ocr_carea' id='block_1_71' title="bbox 2149 1080 3743 1153">
    <p class='ocr_par' dir='ltr' id='par_1_71' title="bbox 2149 1080 3743 1153">
     <span class='ocr_line' id='line_1_71' title="bbox 2149 1080 3743 1153; baseline 0.001 -19"><span class='ocrx_word' id='word_1_499' title='bbox 2149 1080 2221 1135; x_wconf 86' lang='lat' dir='ltr'>ad</span> <span class='ocrx_word' id='word_1_500' title='bbox 2238 1080 2675 1151; x_wconf 85' lang='lat' dir='ltr'>cognoscendam</span> <span class='ocrx_word' id='word_1_501' title='bbox 2699 1081 3022 1137; x_wconf 82' lang='lat' dir='ltr'>veritatem.</span> <span class='ocrx_word' id='word_1_502' title='bbox 3053 1082 3172 1136; x_wconf 90' lang='lat' dir='ltr'>Non</span> <span class='ocrx_word' id='word_1_503' title='bbox 3202 1082 3430 1153; x_wconf 86' lang='lat' dir='ltr'>prodest</span> <span class='ocrx_word' id='word_1_504' title='bbox 3457 1085 3743 1153; x_wconf 89' lang='lat' dir='ltr'>correptio,</span> 
     </span>
    </p>
   </div>
   <div class='ocr_carea' id='block_1_72' title="bbox 2147 1168 3739 1241">
    <p class='ocr_par' dir='ltr' id='par_1_72' title="bbox 2147 1168 3739 1241">
     <span class='ocr_line' id='line_1_72' title="bbox 2147 1168 3739 1241; baseline 0.003 -20"><span class='ocrx_word' id='word_1_505' title='bbox 2147 1168 2251 1222; x_wconf 89' lang='lat' dir='ltr'>nisi</span> <span class='ocrx_word' id='word_1_506' title='bbox 2298 1185 2567 1239; x_wconf 90' lang='lat' dir='ltr'>supernus</span> <span class='ocrx_word' id='word_1_507' title='bbox 2614 1170 2862 1225; x_wconf 88' lang='lat' dir='ltr'>medicus</span> <span class='ocrx_word' id='word_1_508' title='bbox 2894 1169 3171 1240; x_wconf 86' lang='lat' dir='ltr'>respiciat,</span> <span class='ocrx_word' id='word_1_509' title='bbox 3207 1170 3262 1224; x_wconf 88' lang='lat' dir='ltr'>id</span> <span class='ocrx_word' id='word_1_510' title='bbox 3299 1179 3381 1226; x_wconf 88' lang='lat' dir='ltr'>est</span> <span class='ocrx_word' id='word_1_511' title='bbox 3410 1169 3516 1225; x_wconf 88' lang='lat' dir='ltr'>nisi</span> <span class='ocrx_word' id='word_1_512' title='bbox 3569 1169 3739 1241; x_wconf 86' lang='lat' dir='ltr'>faciat,</span> 
     </span>
    </p>
   </div>
   <div class='ocr_carea' id='block_1_73' title="bbox 2146 1258 3744 1331">
    <p class='ocr_par' dir='ltr' id='par_1_73' title="bbox 2146 1258 3744 1331">
     <span class='ocr_line' id='line_1_73' title="bbox 2146 1258 3744 1331; baseline 0.001 -19"><span class='ocrx_word' id='word_1_513' title='bbox 2146 1265 2201 1312; x_wconf 91' lang='lat' dir='ltr'>ut</span> <span class='ocrx_word' id='word_1_514' title='bbox 2229 1258 2433 1328; x_wconf 91' lang='lat' dir='ltr'>peccati</span> <span class='ocrx_word' id='word_1_515' title='bbox 2496 1258 2579 1312; x_wconf 89' lang='lat' dir='ltr'>sui</span> <span class='ocrx_word' id='word_1_516' title='bbox 2637 1275 2908 1331; x_wconf 88' lang='lat' dir='ltr'>quemque</span> <span class='ocrx_word' id='word_1_517' title='bbox 2939 1259 3220 1329; x_wconf 76' lang='lat' dir='ltr'>poeniteat.</span> <span class='ocrx_word' id='word_1_518' title='bbox 3270 1258 3407 1327; x_wconf 61' lang='lat' dir='ltr'>Quae</span> <span class='ocrx_word' id='word_1_519' title='bbox 3433 1259 3744 1330; x_wconf 85' lang='lat' dir='ltr'>poenitentia</span> 
     </span>
    </p>
   </div>
   <div class='ocr_carea' id='block_1_74' title="bbox 2145 1345 3744 1419">
    <p class='ocr_par' dir='ltr' id='par_1_74' title="bbox 2145 1345 3744 1419">
     <span class='ocr_line' id='line_1_74' title="bbox 2145 1345 3744 1419; baseline 0.003 -21"><span class='ocrx_word' id='word_1_520' title='bbox 2145 1346 2352 1416; x_wconf 87' lang='lat' dir='ltr'>pudore</span> <span class='ocrx_word' id='word_1_521' title='bbox 2381 1354 2433 1400; x_wconf 86' lang='lat' dir='ltr'>et</span> <span class='ocrx_word' id='word_1_522' title='bbox 2461 1345 2654 1402; x_wconf 87' lang='lat' dir='ltr'>timore</span> <span class='ocrx_word' id='word_1_523' title='bbox 2683 1346 3006 1417; x_wconf 89' lang='lat' dir='ltr'>displicendi</span> <span class='ocrx_word' id='word_1_524' title='bbox 3045 1347 3163 1402; x_wconf 90' lang='lat' dir='ltr'>aliis</span> <span class='ocrx_word' id='word_1_525' title='bbox 3223 1347 3492 1402; x_wconf 87' lang='lat' dir='ltr'>interdum</span> <span class='ocrx_word' id='word_1_526' title='bbox 3523 1347 3744 1419; x_wconf 81' lang='lat' dir='ltr'>impedi-</span> 
     </span>
    </p>
   </div>
   <div class='ocr_carea' id='block_1_75' title="bbox 2145 1434 3739 1505">
    <p class='ocr_par' dir='ltr' id='par_1_75' title="bbox 2145 1434 3739 1505">
     <span class='ocr_line' id='line_1_75' title="bbox 2145 1434 3739 1505; baseline 0.002 -18"><span class='ocrx_word' id='word_1_527' title='bbox 2145 1440 2248 1500; x_wconf 91' lang='lat' dir='ltr'>tur,</span> <span class='ocrx_word' id='word_1_528' title='bbox 2280 1434 2410 1488; x_wconf 92' lang='lat' dir='ltr'>dum</span> <span class='ocrx_word' id='word_1_529' title='bbox 2439 1434 2560 1505; x_wconf 90' lang='lat' dir='ltr'>plus</span> <span class='ocrx_word' id='word_1_530' title='bbox 2589 1434 2818 1504; x_wconf 87' lang='lat' dir='ltr'>delectat</span> <span class='ocrx_word' id='word_1_531' title='bbox 2849 1434 3132 1490; x_wconf 88' lang='lat' dir='ltr'>hominem</span> <span class='ocrx_word' id='word_1_532' title='bbox 3175 1434 3404 1490; x_wconf 88' lang='lat' dir='ltr'>aliorum</span> <span class='ocrx_word' id='word_1_533' title='bbox 3461 1436 3739 1490; x_wconf 83' lang='lat' dir='ltr'>existima-</span> 
     </span>
    </p>
   </div>
   <div class='ocr_carea' id='block_1_76' title="bbox 2145 1521 3745 1596">
    <p class='ocr_par' dir='ltr' id='par_1_76' title="bbox 2145 1521 3745 1596">
     <span class='ocr_line' id='line_1_76' title="bbox 2145 1521 3745 1596; baseline 0.002 -20"><span class='ocrx_word' id='word_1_534' title='bbox 2145 1521 2251 1588; x_wconf 89' lang='lat' dir='ltr'>tio;</span> <span class='ocrx_word' id='word_1_535' title='bbox 2295 1538 2453 1594; x_wconf 90' lang='lat' dir='ltr'>quam</span> <span class='ocrx_word' id='word_1_536' title='bbox 2488 1522 2710 1591; x_wconf 87' lang='lat' dir='ltr'>justitia,</span> <span class='ocrx_word' id='word_1_537' title='bbox 2745 1539 2847 1594; x_wconf 89' lang='lat' dir='ltr'>qua</span> <span class='ocrx_word' id='word_1_538' title='bbox 2897 1539 2958 1578; x_wconf 91' lang='lat' dir='ltr'>se</span> <span class='ocrx_word' id='word_1_539' title='bbox 3015 1523 3243 1596; x_wconf 89' lang='lat' dir='ltr'>quisque</span> <span class='ocrx_word' id='word_1_540' title='bbox 3299 1523 3548 1578; x_wconf 88' lang='lat' dir='ltr'>humiliat</span> <span class='ocrx_word' id='word_1_541' title='bbox 3587 1525 3745 1594; x_wconf 67' lang='lat' dir='ltr'>poeni-</span> 
     </span>
    </p>
   </div>
   <div class='ocr_carea' id='block_1_77' title="bbox 2146 1611 3738 1683">
    <p class='ocr_par' dir='ltr' id='par_1_77' title="bbox 2146 1611 3738 1683">
     <span class='ocr_line' id='line_1_77' title="bbox 2146 1611 3738 1683; baseline 0.001 -19"><span class='ocrx_word' id='word_1_542' title='bbox 2146 1611 2327 1666; x_wconf 88' lang='lat' dir='ltr'>tendo.</span> <span class='ocrx_word' id='word_1_543' title='bbox 2379 1611 2616 1682; x_wconf 89' lang='lat' dir='ltr'>Ideoque</span> <span class='ocrx_word' id='word_1_544' title='bbox 2643 1627 2751 1667; x_wconf 90' lang='lat' dir='ltr'>non</span> <span class='ocrx_word' id='word_1_545' title='bbox 2806 1611 2980 1666; x_wconf 92' lang='lat' dir='ltr'>solum</span> <span class='ocrx_word' id='word_1_546' title='bbox 3027 1628 3151 1667; x_wconf 91' lang='lat' dir='ltr'>cum</span> <span class='ocrx_word' id='word_1_547' title='bbox 3169 1611 3348 1682; x_wconf 86' lang='lat' dir='ltr'>agitur</span> <span class='ocrx_word' id='word_1_548' title='bbox 3402 1612 3738 1683; x_wconf 72' lang='lat' dir='ltr'>pmnitentia,</span> 
     </span>
    </p>
   </div>
   <div class='ocr_carea' id='block_1_78' title="bbox 2143 1699 3746 1770">
    <p class='ocr_par' dir='ltr' id='par_1_78' title="bbox 2143 1699 3746 1770">
     <span class='ocr_line' id='line_1_78' title="bbox 2143 1699 3746 1770; baseline 0.002 -18"><span class='ocrx_word' id='word_1_549' title='bbox 2143 1714 2330 1754; x_wconf 89' lang='lat' dir='ltr'>verum</span> <span class='ocrx_word' id='word_1_550' title='bbox 2357 1699 2514 1754; x_wconf 82' lang='lat' dir='ltr'>etiam</span> <span class='ocrx_word' id='word_1_551' title='bbox 2543 1707 2601 1753; x_wconf 92' lang='lat' dir='ltr'>ut</span> <span class='ocrx_word' id='word_1_552' title='bbox 2629 1707 2834 1770; x_wconf 85' lang='lat' dir='ltr'>agatur,</span> <span class='ocrx_word' id='word_1_553' title='bbox 2869 1701 2970 1755; x_wconf 86' lang='lat' dir='ltr'>Dei</span> <span class='ocrx_word' id='word_1_554' title='bbox 3013 1699 3384 1756; x_wconf 89' lang='lat' dir='ltr'>misericordia</span> <span class='ocrx_word' id='word_1_555' title='bbox 3442 1703 3746 1756; x_wconf 82' lang='lat' dir='ltr'>necessaria</span> 
     </span>
    </p>
   </div>
   <div class='ocr_carea' id='block_1_79' title="bbox 2147 1787 3746 1861">
    <p class='ocr_par' dir='ltr' id='par_1_79' title="bbox 2147 1787 3746 1861">
     <span class='ocr_line' id='line_1_79' title="bbox 2147 1787 3746 1861; baseline 0.002 -20"><span class='ocrx_word' id='word_1_556' title='bbox 2147 1796 2246 1841; x_wconf 92' lang='lat' dir='ltr'>est.</span> <span class='ocrx_word' id='word_1_557' title='bbox 2273 1787 2338 1843; x_wconf 90' lang='lat' dir='ltr'>Ut</span> <span class='ocrx_word' id='word_1_558' title='bbox 2368 1787 2513 1843; x_wconf 90' lang='lat' dir='ltr'>cnim</span> <span class='ocrx_word' id='word_1_559' title='bbox 2541 1789 2727 1844; x_wconf 88' lang='lat' dir='ltr'>Petrus</span> <span class='ocrx_word' id='word_1_560' title='bbox 2777 1804 2958 1844; x_wconf 89' lang='lat' dir='ltr'>amare</span> <span class='ocrx_word' id='word_1_561' title='bbox 2989 1788 3160 1854; x_wconf 89' lang='lat' dir='ltr'>ﬂeret,</span> <span class='ocrx_word' id='word_1_562' title='bbox 3193 1789 3434 1861; x_wconf 83' lang='lat' dir='ltr'>respexit</span> <span class='ocrx_word' id='word_1_563' title='bbox 3486 1805 3620 1844; x_wconf 87' lang='lat' dir='ltr'>eum</span> <span class='ocrx_word' id='word_1_564' title='bbox 3647 1791 3746 1844; x_wconf 87' lang='lat' dir='ltr'>Do-</span> 
     </span>
    </p>
   </div>
   <div class='ocr_carea' id='block_1_80' title="bbox 2146 1876 3745 1948">
    <p class='ocr_par' dir='ltr' id='par_1_80' title="bbox 2146 1876 3745 1948">
     <span class='ocr_line' id='line_1_80' title="bbox 2146 1876 3745 1948; baseline 0.003 -17"><span class='ocrx_word' id='word_1_565' title='bbox 2146 1876 2341 1931; x_wconf 89' lang='lat' dir='ltr'>minus.</span> <span class='ocrx_word' id='word_1_566' title='bbox 2377 1878 2444 1930; x_wconf 87' lang='lat' dir='ltr'>Et</span> <span class='ocrx_word' id='word_1_567' title='bbox 2473 1877 2597 1931; x_wconf 92' lang='lat' dir='ltr'>ideo</span> <span class='ocrx_word' id='word_1_568' title='bbox 2640 1877 2929 1948; x_wconf 84' lang='lat' dir='ltr'>Apostolus</span> <span class='ocrx_word' id='word_1_569' title='bbox 2958 1877 3045 1932; x_wconf 91' lang='lat' dir='ltr'>hic</span> <span class='ocrx_word' id='word_1_570' title='bbox 3075 1877 3217 1934; x_wconf 89' lang='lat' dir='ltr'>dicet</span> <span class='ocrx_word' id='word_1_571' title='bbox 3246 1895 3260 1932; x_wconf 87' lang='lat'><strong>:</strong></span> <span class='ocrx_word' id='word_1_572' title='bbox 3292 1881 3394 1935; x_wconf 86' lang='lat' dir='ltr'>Det</span> <span class='ocrx_word' id='word_1_573' title='bbox 3447 1879 3574 1934; x_wconf 81' lang='lat' dir='ltr'>illis</span> <span class='ocrx_word' id='word_1_574' title='bbox 3612 1881 3745 1935; x_wconf 79' lang='lat' dir='ltr'>Deus</span> 
     </span>
    </p>
   </div>
   <div class='ocr_carea' id='block_1_81' title="bbox 2143 1965 3024 2036">
    <p class='ocr_par' dir='ltr' id='par_1_81' title="bbox 2143 1965 3024 2036">
     <span class='ocr_line' id='line_1_81' title="bbox 2143 1965 3024 2036; baseline -0.002 -14"><span class='ocrx_word' id='word_1_575' title='bbox 2143 1966 2542 2036; x_wconf 75' lang='lat' dir='ltr'>paenitentiam</span> <span class='ocrx_word' id='word_1_576' title='bbox 2575 1966 2797 2034; x_wconf 86' lang='lat' dir='ltr'>(Matth.</span> <span class='ocrx_word' id='word_1_577' title='bbox 2831 1965 3024 2034; x_wconf 72' lang='lat' dir='ltr'>xxvr).</span> 
     </span>
    </p>
   </div>
   <div class='ocr_carea' id='block_1_82' title="bbox 2770 2133 3133 2189">
    <p class='ocr_par' dir='ltr' id='par_1_82' title="bbox 2770 2133 3133 2189">
     <span class='ocr_line' id='line_1_82' title="bbox 2770 2133 3133 2189; baseline 0.003 -2"><span class='ocrx_word' id='word_1_578' title='bbox 2770 2133 2994 2189; x_wconf 81' lang='lat' dir='ltr'>CAPUT</span> <span class='ocrx_word' id='word_1_579' title='bbox 3040 2133 3133 2188; x_wconf 88' lang='lat' dir='ltr'>III.</span> 
     </span>
    </p>
   </div>
   <div class='ocr_carea' id='block_1_83' title="bbox 2216 2274 3747 2347">
    <p class='ocr_par' dir='ltr' id='par_1_83' title="bbox 2216 2274 3747 2347">
     <span class='ocr_line' id='line_1_83' title="bbox 2216 2274 3747 2347; baseline 0.001 -18"><span class='ocrx_word' id='word_1_580' title='bbox 2216 2274 2384 2329; x_wconf 77' lang='lat' dir='ltr'>Vnus.</span> <span class='ocrx_word' id='word_1_581' title='bbox 2417 2277 2470 2330; x_wconf 81' lang='lat'>2.</span> <span class='ocrx_word' id='word_1_582' title='bbox 2505 2305 2572 2314; x_wconf 92' lang='lat'>—</span> <span class='ocrx_word' id='word_1_583' title='bbox 2602 2275 2820 2347; x_wconf 80' lang='lat' dir='ltr'>Seipsos</span> <span class='ocrx_word' id='word_1_584' title='bbox 2842 2279 3122 2331; x_wconf 84' lang='lat' dir='ltr'>amantes.</span> <span class='ocrx_word' id='word_1_585' title='bbox 3165 2275 3286 2330; x_wconf 85' lang='lat' dir='ltr'>Non</span> <span class='ocrx_word' id='word_1_586' title='bbox 3319 2275 3643 2343; x_wconf 90' lang='lat' dir='ltr'>Dominum,</span> <span class='ocrx_word' id='word_1_587' title='bbox 3697 2288 3747 2331; x_wconf 89' lang='lat' dir='ltr'>ut</span> 
     </span>
    </p>
   </div>
   <div class='ocr_carea' id='block_1_84' title="bbox 2143 2362 3743 2436">
    <p class='ocr_par' dir='ltr' id='par_1_84' title="bbox 2143 2362 3743 2436">
     <span class='ocr_line' id='line_1_84' title="bbox 2143 2362 3743 2436; baseline 0.003 -21"><span class='ocrx_word' id='word_1_588' title='bbox 2143 2362 2348 2429; x_wconf 88' lang='lat' dir='ltr'>Petrus,</span> <span class='ocrx_word' id='word_1_589' title='bbox 2382 2362 2472 2434; x_wconf 93' lang='lat' dir='ltr'>qui</span> <span class='ocrx_word' id='word_1_590' title='bbox 2501 2370 2583 2417; x_wconf 90' lang='lat' dir='ltr'>ter</span> <span class='ocrx_word' id='word_1_591' title='bbox 2613 2362 2971 2433; x_wconf 84' lang='lat' dir='ltr'>interrogatus</span> <span class='ocrx_word' id='word_1_592' title='bbox 3002 2378 3032 2417; x_wconf 90' lang='lat' dir='ltr'>a</span> <span class='ocrx_word' id='word_1_593' title='bbox 3064 2363 3316 2431; x_wconf 89' lang='lat' dir='ltr'>Domino,</span> <span class='ocrx_word' id='word_1_594' title='bbox 3351 2372 3431 2418; x_wconf 90' lang='lat' dir='ltr'>ter</span> <span class='ocrx_word' id='word_1_595' title='bbox 3457 2364 3743 2436; x_wconf 86' lang='lat' dir='ltr'>professus</span> 
     </span>
    </p>
   </div>
   <div class='ocr_carea' id='block_1_85' title="bbox 2142 2450 3742 2525">
    <p class='ocr_par' dir='ltr' id='par_1_85' title="bbox 2142 2450 3742 2525">
     <span class='ocr_line' id='line_1_85' title="bbox 2142 2450 3742 2525; baseline 0 -19"><span class='ocrx_word' id='word_1_596' title='bbox 2142 2458 2224 2506; x_wconf 88' lang='lat' dir='ltr'>est</span> <span class='ocrx_word' id='word_1_597' title='bbox 2249 2466 2308 2506; x_wconf 88' lang='lat' dir='ltr'>se</span> <span class='ocrx_word' id='word_1_598' title='bbox 2337 2467 2459 2505; x_wconf 89' lang='lat' dir='ltr'>eum</span> <span class='ocrx_word' id='word_1_599' title='bbox 2501 2450 2727 2523; x_wconf 86' lang='lat' dir='ltr'>diligere</span> <span class='ocrx_word' id='word_1_600' title='bbox 2771 2451 2960 2507; x_wconf 88' lang='lat' dir='ltr'>dicens</span> <span class='ocrx_word' id='word_1_601' title='bbox 3007 2469 3019 2504; x_wconf 91' lang='lat'>:</span> <span class='ocrx_word' id='word_1_602' title='bbox 3076 2454 3152 2508; x_wconf 89' lang='lat' dir='ltr'>Tu</span> <span class='ocrx_word' id='word_1_603' title='bbox 3199 2454 3310 2507; x_wconf 80' lang='lat' dir='ltr'>scis</span> <span class='ocrx_word' id='word_1_604' title='bbox 3345 2456 3481 2525; x_wconf 85' lang='lat' dir='ltr'>quia</span> <span class='ocrx_word' id='word_1_605' title='bbox 3521 2471 3653 2510; x_wconf 87' lang='lat' dir='ltr'>amo</span> <span class='ocrx_word' id='word_1_606' title='bbox 3674 2459 3742 2509; x_wconf 85' lang='lat' dir='ltr'>te.</span> 
     </span>
    </p>
   </div>
   <div class='ocr_carea' id='block_1_86' title="bbox 2141 2539 3744 2614">
    <p class='ocr_par' dir='ltr' id='par_1_86' title="bbox 2141 2539 3744 2614">
     <span class='ocr_line' id='line_1_86' title="bbox 2141 2539 3744 2614; baseline 0.001 -20"><span class='ocrx_word' id='word_1_607' title='bbox 2141 2539 2294 2594; x_wconf 91' lang='lat' dir='ltr'>Unde</span> <span class='ocrx_word' id='word_1_608' title='bbox 2328 2547 2376 2594; x_wconf 90' lang='lat' dir='ltr'>et</span> <span class='ocrx_word' id='word_1_609' title='bbox 2408 2540 2670 2594; x_wconf 89' lang='lat' dir='ltr'>Dominus</span> <span class='ocrx_word' id='word_1_610' title='bbox 2699 2541 2748 2594; x_wconf 92' lang='lat' dir='ltr'>ei</span> <span class='ocrx_word' id='word_1_611' title='bbox 2789 2555 2920 2595; x_wconf 89' lang='lat' dir='ltr'>oves</span> <span class='ocrx_word' id='word_1_612' title='bbox 2968 2541 3268 2611; x_wconf 90' lang='lat' dir='ltr'>pascendas</span> <span class='ocrx_word' id='word_1_613' title='bbox 3313 2542 3548 2596; x_wconf 79' lang='lat' dir='ltr'>credidit</span> <span class='ocrx_word' id='word_1_614' title='bbox 3583 2559 3598 2596; x_wconf 89' lang='lat'><strong>:</strong></span> <span class='ocrx_word' id='word_1_615' title='bbox 3631 2543 3744 2614; x_wconf 88' lang='lat' dir='ltr'>quia</span> 
     </span>
    </p>
   </div>
   <div class='ocr_carea' id='block_1_87' title="bbox 2140 2627 3748 2698">
    <p class='ocr_par' dir='ltr' id='par_1_87' title="bbox 2140 2627 3748 2698">
     <span class='ocr_line' id='line_1_87' title="bbox 2140 2627 3748 2698; baseline 0.002 -18"><span class='ocrx_word' id='word_1_616' title='bbox 2140 2627 2194 2681; x_wconf 91' lang='lat' dir='ltr'>in</span> <span class='ocrx_word' id='word_1_617' title='bbox 2262 2627 2554 2698; x_wconf 89' lang='lat' dir='ltr'>pascendis</span> <span class='ocrx_word' id='word_1_618' title='bbox 2610 2627 2799 2682; x_wconf 90' lang='lat' dir='ltr'>ovibus</span> <span class='ocrx_word' id='word_1_619' title='bbox 2870 2643 2999 2684; x_wconf 86' lang='lat' dir='ltr'>vera</span> <span class='ocrx_word' id='word_1_620' title='bbox 3048 2637 3372 2684; x_wconf 88' lang='lat' dir='ltr'>monstratur</span> <span class='ocrx_word' id='word_1_621' title='bbox 3405 2629 3656 2695; x_wconf 86' lang='lat' dir='ltr'>dilectio,</span> <span class='ocrx_word' id='word_1_622' title='bbox 3706 2631 3748 2684; x_wconf 88' lang='lat' dir='ltr'>si</span> 
     </span>
    </p>
   </div>
   <div class='ocr_carea' id='block_1_88' title="bbox 2141 2715 3746 2788">
    <p class='ocr_par' dir='ltr' id='par_1_88' title="bbox 2141 2715 3746 2788">
     <span class='ocr_line' id='line_1_88' title="bbox 2141 2715 3746 2788; baseline 0.001 -17"><span class='ocrx_word' id='word_1_623' title='bbox 2141 2715 2259 2787; x_wconf 89' lang='lat' dir='ltr'>quis</span> <span class='ocrx_word' id='word_1_624' title='bbox 2291 2716 2362 2769; x_wconf 91' lang='lat' dir='ltr'>ibi</span> <span class='ocrx_word' id='word_1_625' title='bbox 2393 2732 2498 2770; x_wconf 90' lang='lat' dir='ltr'>non</span> <span class='ocrx_word' id='word_1_626' title='bbox 2520 2715 2708 2788; x_wconf 70' lang='lat' dir='ltr'>quaerit</span> <span class='ocrx_word' id='word_1_627' title='bbox 2760 2732 2871 2782; x_wconf 91' lang='lat' dir='ltr'>sua,</span> <span class='ocrx_word' id='word_1_628' title='bbox 2921 2715 3018 2772; x_wconf 90' lang='lat' dir='ltr'>sed</span> <span class='ocrx_word' id='word_1_629' title='bbox 3048 2733 3168 2788; x_wconf 72' lang='lat' dir='ltr'>quae</span> <span class='ocrx_word' id='word_1_630' title='bbox 3216 2716 3415 2772; x_wconf 89' lang='lat' dir='ltr'>Christi</span> <span class='ocrx_word' id='word_1_631' title='bbox 3460 2727 3612 2772; x_wconf 89' lang='lat' dir='ltr'>sunt.</span> <span class='ocrx_word' id='word_1_632' title='bbox 3674 2720 3746 2774; x_wconf 82' lang='lat' dir='ltr'>Ex</span> 
     </span>
    </p>
   </div>
   <div class='ocr_carea' id='block_1_89' title="bbox 2141 2804 3746 2879">
    <p class='ocr_par' dir='ltr' id='par_1_89' title="bbox 2141 2804 3746 2879">
     <span class='ocr_line' id='line_1_89' title="bbox 2141 2804 3746 2879; baseline 0.001 -20"><span class='ocrx_word' id='word_1_633' title='bbox 2141 2819 2204 2860; x_wconf 91' lang='lat' dir='ltr'>eo</span> <span class='ocrx_word' id='word_1_634' title='bbox 2226 2812 2401 2858; x_wconf 87' lang='lat' dir='ltr'>autem</span> <span class='ocrx_word' id='word_1_635' title='bbox 2433 2805 2576 2875; x_wconf 91' lang='lat' dir='ltr'>quod</span> <span class='ocrx_word' id='word_1_636' title='bbox 2623 2804 2852 2876; x_wconf 90' lang='lat' dir='ltr'>seipsos,</span> <span class='ocrx_word' id='word_1_637' title='bbox 2904 2821 3012 2860; x_wconf 91' lang='lat' dir='ltr'>non</span> <span class='ocrx_word' id='word_1_638' title='bbox 3057 2806 3231 2860; x_wconf 90' lang='lat' dir='ltr'>Deum</span> <span class='ocrx_word' id='word_1_639' title='bbox 3262 2815 3462 2873; x_wconf 88' lang='lat' dir='ltr'>amant,</span> <span class='ocrx_word' id='word_1_640' title='bbox 3494 2807 3656 2879; x_wconf 89' lang='lat' dir='ltr'>quasi</span> <span class='ocrx_word' id='word_1_641' title='bbox 3686 2824 3746 2861; x_wconf 87' lang='lat' dir='ltr'>ex</span> 
     </span>
    </p>
   </div>
   <div class='ocr_carea' id='block_1_90' title="bbox 2140 2893 3739 2967">
    <p class='ocr_par' dir='ltr' id='par_1_90' title="bbox 2140 2893 3739 2967">
     <span class='ocr_line' id='line_1_90' title="bbox 2140 2893 3739 2967; baseline 0.002 -21"><span class='ocrx_word' id='word_1_642' title='bbox 2140 2893 2320 2948; x_wconf 89' lang='lat' dir='ltr'>radice</span> <span class='ocrx_word' id='word_1_643' title='bbox 2349 2893 2465 2949; x_wconf 69' lang='lat' dir='ltr'>haec</span> <span class='ocrx_word' id='word_1_644' title='bbox 2498 2910 2618 2964; x_wconf 65' lang='lat' dir='ltr'>quae</span> <span class='ocrx_word' id='word_1_645' title='bbox 2649 2901 2948 2964; x_wconf 89' lang='lat' dir='ltr'>sequuntur</span> <span class='ocrx_word' id='word_1_646' title='bbox 3001 2893 3140 2948; x_wconf 91' lang='lat' dir='ltr'>mala</span> <span class='ocrx_word' id='word_1_647' title='bbox 3197 2894 3461 2950; x_wconf 88' lang='lat' dir='ltr'>oriuntur.</span> <span class='ocrx_word' id='word_1_648' title='bbox 3498 2896 3739 2967; x_wconf 79' lang='lat' dir='ltr'>Ingrati.</span> 
     </span>
    </p>
   </div>
   <div class='ocr_carea' id='block_1_91' title="bbox 2139 2981 3744 3056">
    <p class='ocr_par' dir='ltr' id='par_1_91' title="bbox 2139 2981 3744 3056">
     <span class='ocr_line' id='line_1_91' title="bbox 2139 2981 3744 3056; baseline 0.002 -21"><span class='ocrx_word' id='word_1_649' title='bbox 2139 2981 2219 3035; x_wconf 90' lang='lat' dir='ltr'>Illi</span> <span class='ocrx_word' id='word_1_650' title='bbox 2259 2990 2380 3037; x_wconf 88' lang='lat' dir='ltr'>sunt</span> <span class='ocrx_word' id='word_1_651' title='bbox 2427 2982 2620 3052; x_wconf 89' lang='lat' dir='ltr'>ingrati</span> <span class='ocrx_word' id='word_1_652' title='bbox 2669 2982 2759 3054; x_wconf 91' lang='lat' dir='ltr'>qui</span> <span class='ocrx_word' id='word_1_653' title='bbox 2809 2981 3206 3054; x_wconf 89' lang='lat' dir='ltr'>corrigentibus</span> <span class='ocrx_word' id='word_1_654' title='bbox 3256 2983 3395 3038; x_wconf 90' lang='lat' dir='ltr'>mala</span> <span class='ocrx_word' id='word_1_655' title='bbox 3437 2999 3542 3056; x_wconf 79' lang='lat' dir='ltr'>pro</span> <span class='ocrx_word' id='word_1_656' title='bbox 3589 2985 3744 3040; x_wconf 90' lang='lat' dir='ltr'>bonis</span> 
     </span>
    </p>
   </div>
   <div class='ocr_carea' id='block_1_92' title="bbox 2068 3069 2392 3149">
    <p class='ocr_par' dir='ltr' id='par_1_92' title="bbox 2068 3069 2392 3149">
     <span class='ocr_line' id='line_1_92' title="bbox 2068 3069 2392 3149; baseline 0.003 -26"><span class='ocrx_word' id='word_1_657' title='bbox 2068 3085 2117 3149; x_wconf 69' lang='grc' dir='ltr'>α</span> <span class='ocrx_word' id='word_1_658' title='bbox 2141 3069 2392 3125; x_wconf 90' lang='lat' dir='ltr'>reddunt.</span> 
     </span>
    </p>
   </div>
   <div class='ocr_carea' id='block_1_93' title="bbox 2207 3176 3738 3250">
    <p class='ocr_par' dir='ltr' id='par_1_93' title="bbox 2207 3176 3738 3250">
     <span class='ocr_line' id='line_1_93' title="bbox 2207 3176 3738 3250; baseline 0.001 -19"><span class='ocrx_word' id='word_1_659' title='bbox 2207 3176 2374 3231; x_wconf 75' lang='lat' dir='ltr'>Vnus.</span> <span class='ocrx_word' id='word_1_660' title='bbox 2407 3179 2459 3230; x_wconf 82' lang='lat'>5.</span> <span class='ocrx_word' id='word_1_661' title='bbox 2483 3204 2552 3218; x_wconf 89' lang='lat'><strong>-</strong></span> <span class='ocrx_word' id='word_1_662' title='bbox 2577 3177 2851 3233; x_wconf 85' lang='lat' dir='ltr'>Habentes</span> <span class='ocrx_word' id='word_1_663' title='bbox 2868 3178 3132 3250; x_wconf 87' lang='lat' dir='ltr'>speciem.</span> <span class='ocrx_word' id='word_1_664' title='bbox 3157 3176 3292 3246; x_wconf 88' lang='lat' dir='ltr'>Quia</span> <span class='ocrx_word' id='word_1_665' title='bbox 3309 3176 3514 3233; x_wconf 88' lang='lat' dir='ltr'>habent</span> <span class='ocrx_word' id='word_1_666' title='bbox 3547 3178 3738 3235; x_wconf 87' lang='lat' dir='ltr'>eadem</span> 
     </span>
    </p>
   </div>
   <div class='ocr_carea' id='block_1_94' title="bbox 2135 3265 3732 3337">
    <p class='ocr_par' dir='ltr' id='par_1_94' title="bbox 2135 3265 3732 3337">
     <span class='ocr_line' id='line_1_94' title="bbox 2135 3265 3732 3337; baseline 0.002 -18"><span class='ocrx_word' id='word_1_667' title='bbox 2135 3273 2468 3321; x_wconf 90' lang='lat' dir='ltr'>sacramenta</span> <span class='ocrx_word' id='word_1_668' title='bbox 2515 3281 2637 3321; x_wconf 90' lang='lat' dir='ltr'>cum</span> <span class='ocrx_word' id='word_1_669' title='bbox 2676 3265 2800 3337; x_wconf 91' lang='lat' dir='ltr'>piis.</span> <span class='ocrx_word' id='word_1_670' title='bbox 2856 3267 3128 3322; x_wconf 82' lang='lat' dir='ltr'>Virtutem</span> <span class='ocrx_word' id='word_1_671' title='bbox 3160 3271 3371 3323; x_wconf 87' lang='lat' dir='ltr'>autem.</span> <span class='ocrx_word' id='word_1_672' title='bbox 3401 3268 3592 3323; x_wconf 84' lang='lat' dir='ltr'>Virtus</span> <span class='ocrx_word' id='word_1_673' title='bbox 3633 3277 3732 3337; x_wconf 89' lang='lat' dir='ltr'>est,</span> 
     </span>
    </p>
   </div>
   <div class='ocr_carea' id='block_1_95' title="bbox 2133 3353 3742 3426">
    <p class='ocr_par' dir='ltr' id='par_1_95' title="bbox 2133 3353 3742 3426">
     <span class='ocr_line' id='line_1_95' title="bbox 2133 3353 3742 3426; baseline 0.003 -19"><span class='ocrx_word' id='word_1_674' title='bbox 2133 3353 2366 3409; x_wconf 89' lang='lat' dir='ltr'>charitas</span> <span class='ocrx_word' id='word_1_675' title='bbox 2404 3354 2471 3409; x_wconf 87' lang='lat' dir='ltr'>de</span> <span class='ocrx_word' id='word_1_676' title='bbox 2527 3354 2693 3410; x_wconf 87' lang='lat' dir='ltr'>corde</span> <span class='ocrx_word' id='word_1_677' title='bbox 2747 3371 2902 3426; x_wconf 88' lang='lat' dir='ltr'>puro,</span> <span class='ocrx_word' id='word_1_678' title='bbox 2962 3353 3292 3411; x_wconf 89' lang='lat' dir='ltr'>conscientia</span> <span class='ocrx_word' id='word_1_679' title='bbox 3348 3356 3492 3412; x_wconf 90' lang='lat' dir='ltr'>bona</span> <span class='ocrx_word' id='word_1_680' title='bbox 3523 3364 3578 3411; x_wconf 89' lang='lat' dir='ltr'>et</span> <span class='ocrx_word' id='word_1_681' title='bbox 3641 3356 3742 3412; x_wconf 88' lang='lat' dir='ltr'>ﬁde</span> 
     </span>
    </p>
   </div>
   <div class='ocr_carea' id='block_1_96' title="bbox 2134 3441 2410 3497">
    <p class='ocr_par' dir='ltr' id='par_1_96' title="bbox 2134 3441 2410 3497">
     <span class='ocr_line' id='line_1_96' title="bbox 2134 3441 2410 3497; baseline 0.004 -1"><span class='ocrx_word' id='word_1_682' title='bbox 2134 3458 2242 3497; x_wconf 90' lang='lat' dir='ltr'>non</span> <span class='ocrx_word' id='word_1_683' title='bbox 2271 3441 2410 3497; x_wconf 88' lang='lat' dir='ltr'>ﬁcta.</span> 
     </span>
    </p>
   </div>
   <div class='ocr_carea' id='block_1_97' title="bbox 2205 3531 3730 3604">
    <p class='ocr_par' dir='ltr' id='par_1_97' title="bbox 2205 3531 3730 3604">
     <span class='ocr_line' id='line_1_97' title="bbox 2205 3531 3730 3604; baseline 0.001 -19"><span class='ocrx_word' id='word_1_684' title='bbox 2205 3531 2372 3585; x_wconf 74' lang='lat' dir='ltr'>Vens.</span> <span class='ocrx_word' id='word_1_685' title='bbox 2405 3534 2457 3585; x_wconf 89' lang='lat'>6.</span> <span class='ocrx_word' id='word_1_686' title='bbox 2491 3562 2560 3571; x_wconf 91' lang='grc'><strong>-</strong></span> <span class='ocrx_word' id='word_1_687' title='bbox 2592 3531 2696 3598; x_wconf 86' lang='lat' dir='ltr'>Qui</span> <span class='ocrx_word' id='word_1_688' title='bbox 2722 3535 3049 3604; x_wconf 84' lang='lat' dir='ltr'>penetrant.</span> <span class='ocrx_word' id='word_1_689' title='bbox 3101 3531 3557 3603; x_wconf 86' lang='lat' dir='ltr'>Ingrediebantur</span> <span class='ocrx_word' id='word_1_690' title='bbox 3589 3533 3730 3590; x_wconf 89' lang='lat' dir='ltr'>enim</span> 
     </span>
    </p>
   </div>
   <div class='ocr_carea' id='block_1_98' title="bbox 2133 3618 3252 3691">
    <p class='ocr_par' dir='ltr' id='par_1_98' title="bbox 2133 3618 3252 3691">
     <span class='ocr_line' id='line_1_98' title="bbox 2133 3618 3252 3691; baseline 0 -17"><span class='ocrx_word' id='word_1_691' title='bbox 2133 3619 2326 3674; x_wconf 92' lang='lat' dir='ltr'>domos</span> <span class='ocrx_word' id='word_1_692' title='bbox 2354 3618 2660 3687; x_wconf 88' lang='lat' dir='ltr'>mulierum,</span> <span class='ocrx_word' id='word_1_693' title='bbox 2684 3627 2736 3674; x_wconf 89' lang='lat' dir='ltr'>et</span> <span class='ocrx_word' id='word_1_694' title='bbox 2766 3618 3106 3691; x_wconf 88' lang='lat' dir='ltr'>decipiebant</span> <span class='ocrx_word' id='word_1_695' title='bbox 3134 3636 3252 3676; x_wconf 89' lang='lat' dir='ltr'>cas.</span> 
     </span>
    </p>
   </div>
   <div class='ocr_carea' id='block_1_99' title="bbox 2205 3725 3735 3800">
    <p class='ocr_par' dir='ltr' id='par_1_99' title="bbox 2205 3725 3735 3800">
     <span class='ocr_line' id='line_1_99' title="bbox 2205 3725 3735 3800; baseline 0.002 -18"><span class='ocrx_word' id='word_1_696' title='bbox 2205 3727 2373 3782; x_wconf 78' lang='lat' dir='ltr'>Vnus.</span> <span class='ocrx_word' id='word_1_697' title='bbox 2394 3728 2520 3780; x_wconf 85' lang='lat'>7.—</span> <span class='ocrx_word' id='word_1_698' title='bbox 2532 3728 2761 3798; x_wconf 86' lang='lat' dir='ltr'>Semper</span> <span class='ocrx_word' id='word_1_699' title='bbox 2775 3725 3055 3782; x_wconf 86' lang='lat' dir='ltr'>discentes</span> <span class='ocrx_word' id='word_1_700' title='bbox 3075 3730 3132 3782; x_wconf 88' lang='lat' dir='ltr'>et</span> <span class='ocrx_word' id='word_1_701' title='bbox 3152 3743 3450 3800; x_wconf 82' lang='lat' dir='ltr'>nunquam</span> <span class='ocrx_word' id='word_1_702' title='bbox 3462 3727 3735 3785; x_wconf 82' lang='lat' dir='ltr'>adscien-</span> 
     </span>
    </p>
   </div>
   <div class='ocr_carea' id='block_1_100' title="bbox 2135 3814 3735 3886">
    <p class='ocr_par' dir='ltr' id='par_1_100' title="bbox 2135 3814 3735 3886">
     <span class='ocr_line' id='line_1_100' title="bbox 2135 3814 3735 3886; baseline 0.001 -15"><span class='ocrx_word' id='word_1_703' title='bbox 2135 3817 2294 3882; x_wconf 87' lang='lat' dir='ltr'>tiam,</span> <span class='ocrx_word' id='word_1_704' title='bbox 2331 3823 2440 3871; x_wconf 90' lang='lat' dir='ltr'>etc.</span> <span class='ocrx_word' id='word_1_705' title='bbox 2464 3816 2578 3871; x_wconf 90' lang='lat' dir='ltr'>Nos</span> <span class='ocrx_word' id='word_1_706' title='bbox 2608 3815 2782 3871; x_wconf 87' lang='lat' dir='ltr'>autem</span> <span class='ocrx_word' id='word_1_707' title='bbox 2814 3830 3028 3886; x_wconf 89' lang='lat' dir='ltr'>semper</span> <span class='ocrx_word' id='word_1_708' title='bbox 3054 3814 3392 3870; x_wconf 89' lang='lat' dir='ltr'>ambulemus</span> <span class='ocrx_word' id='word_1_709' title='bbox 3429 3816 3482 3871; x_wconf 89' lang='lat' dir='ltr'>in</span> <span class='ocrx_word' id='word_1_710' title='bbox 3516 3818 3610 3872; x_wconf 88' lang='lat' dir='ltr'>via</span> <span class='ocrx_word' id='word_1_711' title='bbox 3637 3817 3735 3874; x_wconf 84' lang='lat' dir='ltr'>do-</span> 
     </span>
    </p>
   </div>
   <div class='ocr_carea' id='block_1_101' title="bbox 2133 3903 3741 3976">
    <p class='ocr_par' dir='ltr' id='par_1_101' title="bbox 2133 3903 3741 3976">
     <span class='ocr_line' id='line_1_101' title="bbox 2133 3903 3741 3976; baseline 0.003 -19"><span class='ocrx_word' id='word_1_712' title='bbox 2133 3920 2233 3958; x_wconf 90' lang='lat' dir='ltr'>nec</span> <span class='ocrx_word' id='word_1_713' title='bbox 2263 3919 2329 3959; x_wconf 90' lang='lat' dir='ltr'>eo</span> <span class='ocrx_word' id='word_1_714' title='bbox 2359 3903 2637 3959; x_wconf 89' lang='lat' dir='ltr'>veniamus</span> <span class='ocrx_word' id='word_1_715' title='bbox 2680 3919 2788 3974; x_wconf 92' lang='lat' dir='ltr'>quo</span> <span class='ocrx_word' id='word_1_716' title='bbox 2819 3904 2970 3958; x_wconf 88' lang='lat' dir='ltr'>ducit</span> <span class='ocrx_word' id='word_1_717' title='bbox 2997 3903 3106 3970; x_wconf 86' lang='lat' dir='ltr'>via,</span> <span class='ocrx_word' id='word_1_718' title='bbox 3136 3919 3404 3976; x_wconf 88' lang='lat' dir='ltr'>nusquam</span> <span class='ocrx_word' id='word_1_719' title='bbox 3435 3906 3490 3960; x_wconf 90' lang='lat' dir='ltr'>in</span> <span class='ocrx_word' id='word_1_720' title='bbox 3538 3906 3631 3961; x_wconf 87' lang='lat' dir='ltr'>illa</span> <span class='ocrx_word' id='word_1_721' title='bbox 3659 3923 3741 3962; x_wconf 90' lang='lat' dir='ltr'>re-</span> 
     </span>
    </p>
   </div>
   <div class='ocr_carea' id='block_1_102' title="bbox 2131 3992 3732 4069">
    <p class='ocr_par' dir='ltr' id='par_1_102' title="bbox 2131 3992 3732 4069">
     <span class='ocr_line' id='line_1_102' title="bbox 2131 3992 3732 4069; baseline 0.002 -23"><span class='ocrx_word' id='word_1_722' title='bbox 2131 4007 2468 4057; x_wconf 88' lang='lat' dir='ltr'>maneamus,</span> <span class='ocrx_word' id='word_1_723' title='bbox 2501 3993 2674 4048; x_wconf 90' lang='lat' dir='ltr'>donec</span> <span class='ocrx_word' id='word_1_724' title='bbox 2703 3992 2965 4063; x_wconf 87' lang='lat' dir='ltr'>perducat</span> <span class='ocrx_word' id='word_1_725' title='bbox 3009 3992 3102 4047; x_wconf 91' lang='lat' dir='ltr'>ubi</span> <span class='ocrx_word' id='word_1_726' title='bbox 3157 4009 3493 4049; x_wconf 86' lang='lat' dir='ltr'>maneamus.</span> <span class='ocrx_word' id='word_1_727' title='bbox 3561 3999 3732 4069; x_wconf 81' lang='lat' dir='ltr'>Atque</span> 
     </span>
    </p>
   </div>
   <div class='ocr_carea' id='block_1_103' title="bbox 2132 4075 3732 4152">
    <p class='ocr_par' dir='ltr' id='par_1_103' title="bbox 2132 4075 3732 4152">
     <span class='ocr_line' id='line_1_103' title="bbox 2132 4075 3732 4152; baseline 0.001 -22"><span class='ocrx_word' id='word_1_728' title='bbox 2132 4075 2201 4130; x_wconf 87' lang='lat' dir='ltr'>ita</span> <span class='ocrx_word' id='word_1_729' title='bbox 2229 4083 2281 4130; x_wconf 90' lang='lat' dir='ltr'>et</span> <span class='ocrx_word' id='word_1_730' title='bbox 2301 4075 2594 4147; x_wconf 66' lang='lat' dir='ltr'>quaerendo</span> <span class='ocrx_word' id='word_1_731' title='bbox 2627 4075 2918 4143; x_wconf 90' lang='lat' dir='ltr'>tendimus,</span> <span class='ocrx_word' id='word_1_732' title='bbox 2952 4084 3004 4132; x_wconf 89' lang='lat' dir='ltr'>et</span> <span class='ocrx_word' id='word_1_733' title='bbox 3031 4075 3380 4145; x_wconf 88' lang='lat' dir='ltr'>inveniendo,</span> <span class='ocrx_word' id='word_1_734' title='bbox 3432 4079 3503 4133; x_wconf 91' lang='lat' dir='ltr'>ad</span> <span class='ocrx_word' id='word_1_735' title='bbox 3532 4079 3732 4152; x_wconf 84' lang='lat' dir='ltr'>aliquid</span> 
     </span>
    </p>
   </div>
   <div class='ocr_carea' id='block_1_104' title="bbox 2130 4164 2496 4236">
    <p class='ocr_par' dir='ltr' id='par_1_104' title="bbox 2130 4164 2496 4236">
     <span class='ocr_line' id='line_1_104' title="bbox 2130 4164 2496 4236; baseline -0.005 -16"><span class='ocrx_word' id='word_1_736' title='bbox 2130 4164 2496 4236; x_wconf 89' lang='lat' dir='ltr'>pervenimus.</span> 
     </span>
    </p>
   </div>
   <div class='ocr_carea' id='block_1_105' title="bbox 2203 4271 3729 4340">
    <p class='ocr_par' dir='ltr' id='par_1_105' title="bbox 2203 4271 3729 4340">
     <span class='ocr_line' id='line_1_105' title="bbox 2203 4271 3729 4340; baseline 0.001 -14"><span class='ocrx_word' id='word_1_737' title='bbox 2203 4271 2370 4326; x_wconf 75' lang='lat' dir='ltr'>Vsus.</span> <span class='ocrx_word' id='word_1_738' title='bbox 2417 4274 2468 4324; x_wconf 89' lang='lat'>8.</span> <span class='ocrx_word' id='word_1_739' title='bbox 2503 4300 2571 4312; x_wconf 84' lang='lat'><strong><em>——</em></strong></span> <span class='ocrx_word' id='word_1_740' title='bbox 2614 4271 3088 4340; x_wconf 82' lang='lat' dir='ltr'>Quemadmodum</span> <span class='ocrx_word' id='word_1_741' title='bbox 3107 4275 3302 4328; x_wconf 87' lang='lat' dir='ltr'>autem</span> <span class='ocrx_word' id='word_1_742' title='bbox 3342 4273 3582 4339; x_wconf 82' lang='lat' dir='ltr'>Jannes,</span> <span class='ocrx_word' id='word_1_743' title='bbox 3627 4282 3729 4329; x_wconf 87' lang='lat' dir='ltr'>etc.</span> 
     </span>
    </p>
   </div>
   <div class='ocr_carea' id='block_1_106' title="bbox 2133 4357 3738 4427">
    <p class='ocr_par' dir='ltr' id='par_1_106' title="bbox 2133 4357 3738 4427">
     <span class='ocr_line' id='line_1_106' title="bbox 2133 4357 3738 4427; baseline 0.002 -13"><span class='ocrx_word' id='word_1_744' title='bbox 2133 4357 2299 4427; x_wconf 90' lang='lat' dir='ltr'>Quasi</span> <span class='ocrx_word' id='word_1_745' title='bbox 2328 4358 2468 4414; x_wconf 89' lang='lat' dir='ltr'>dicat</span> <span class='ocrx_word' id='word_1_746' title='bbox 2502 4375 2514 4414; x_wconf 89' lang='lat'><strong>:</strong></span> <span class='ocrx_word' id='word_1_747' title='bbox 2545 4359 2700 4414; x_wconf 89' lang='lat' dir='ltr'>Tales</span> <span class='ocrx_word' id='word_1_748' title='bbox 2741 4359 3007 4415; x_wconf 88' lang='lat' dir='ltr'>seducunt</span> <span class='ocrx_word' id='word_1_749' title='bbox 3039 4378 3052 4414; x_wconf 90' lang='lat'>:</span> <span class='ocrx_word' id='word_1_750' title='bbox 3087 4360 3295 4415; x_wconf 88' lang='lat' dir='ltr'>veritati</span> <span class='ocrx_word' id='word_1_751' title='bbox 3351 4369 3536 4417; x_wconf 89' lang='lat' dir='ltr'>autem</span> <span class='ocrx_word' id='word_1_752' title='bbox 3596 4379 3738 4418; x_wconf 86' lang='lat' dir='ltr'>sem-</span> 
     </span>
    </p>
   </div>
   <div class='ocr_carea' id='block_1_107' title="bbox 2044 4447 3734 4519">
    <p class='ocr_par' dir='ltr' id='par_1_107' title="bbox 2044 4447 3734 4519">
     <span class='ocr_line' id='line_1_107' title="bbox 2044 4447 3734 4519; baseline 0 -12"><span class='ocrx_word' id='word_1_753' title='bbox 2044 4447 2097 4507; x_wconf 96' lang='lat' dir='ltr'>D</span> <span class='ocrx_word' id='word_1_754' title='bbox 2127 4464 2225 4518; x_wconf 90' lang='lat' dir='ltr'>per</span> <span class='ocrx_word' id='word_1_755' title='bbox 2254 4447 2526 4503; x_wconf 89' lang='lat' dir='ltr'>resistunt.</span> <span class='ocrx_word' id='word_1_756' title='bbox 2558 4448 2624 4502; x_wconf 88' lang='lat' dir='ltr'>Et</span> <span class='ocrx_word' id='word_1_757' title='bbox 2652 4448 2756 4503; x_wconf 90' lang='lat' dir='ltr'>hoc</span> <span class='ocrx_word' id='word_1_758' title='bbox 2786 4457 2869 4502; x_wconf 90' lang='lat' dir='ltr'>est</span> <span class='ocrx_word' id='word_1_759' title='bbox 2899 4448 3044 4519; x_wconf 91' lang='lat' dir='ltr'>quod</span> <span class='ocrx_word' id='word_1_760' title='bbox 3078 4447 3148 4502; x_wconf 89' lang='lat' dir='ltr'>ait</span> <span class='ocrx_word' id='word_1_761' title='bbox 3174 4465 3186 4500; x_wconf 96' lang='lat'><strong>:</strong></span> <span class='ocrx_word' id='word_1_762' title='bbox 3249 4449 3734 4516; x_wconf 82' lang='lat' dir='ltr'>Quemadmodum</span> 
     </span>
    </p>
   </div>
   <div class='ocr_carea' id='block_1_108' title="bbox 2127 4536 3726 4604">
    <p class='ocr_par' dir='ltr' id='par_1_108' title="bbox 2127 4536 3726 4604">
     <span class='ocr_line' id='line_1_108' title="bbox 2127 4536 3726 4604; baseline 0.002 -12"><span class='ocrx_word' id='word_1_763' title='bbox 2127 4540 2320 4592; x_wconf 87' lang='lat' dir='ltr'>autem</span> <span class='ocrx_word' id='word_1_764' title='bbox 2348 4538 2577 4602; x_wconf 84' lang='lat' dir='ltr'>Jannes,</span> <span class='ocrx_word' id='word_1_765' title='bbox 2605 4544 2706 4592; x_wconf 89' lang='lat' dir='ltr'>etc.</span> <span class='ocrx_word' id='word_1_766' title='bbox 2738 4538 2942 4591; x_wconf 82' lang='lat' dir='ltr'>Jannes</span> <span class='ocrx_word' id='word_1_767' title='bbox 2969 4545 3021 4592; x_wconf 90' lang='lat' dir='ltr'>et</span> <span class='ocrx_word' id='word_1_768' title='bbox 3050 4536 3341 4604; x_wconf 88' lang='lat' dir='ltr'>Mambres,</span> <span class='ocrx_word' id='word_1_769' title='bbox 3373 4537 3484 4594; x_wconf 92' lang='lat' dir='ltr'>duo</span> <span class='ocrx_word' id='word_1_770' title='bbox 3511 4539 3726 4604; x_wconf 80' lang='lat' dir='ltr'>fratres,</span> 
     </span>
    </p>
   </div>
   <div class='ocr_carea' id='block_1_109' title="bbox 2126 4623 3734 4695">
    <p class='ocr_par' dir='ltr' id='par_1_109' title="bbox 2126 4623 3734 4695">
     <span class='ocr_line' id='line_1_109' title="bbox 2126 4623 3734 4695; baseline 0.002 -16"><span class='ocrx_word' id='word_1_771' title='bbox 2126 4623 2340 4681; x_wconf 81' lang='lat' dir='ltr'>fuerunt</span> <span class='ocrx_word' id='word_1_772' title='bbox 2369 4624 2511 4695; x_wconf 88' lang='lat' dir='ltr'>magi</span> <span class='ocrx_word' id='word_1_773' title='bbox 2533 4624 2845 4679; x_wconf 89' lang='lat' dir='ltr'>Pharaonis.</span> <span class='ocrx_word' id='word_1_774' title='bbox 2881 4625 3084 4680; x_wconf 82' lang='lat' dir='ltr'>Horum</span> <span class='ocrx_word' id='word_1_775' title='bbox 3115 4625 3334 4680; x_wconf 88' lang='lat' dir='ltr'>nomina</span> <span class='ocrx_word' id='word_1_776' title='bbox 3369 4641 3482 4682; x_wconf 92' lang='lat' dir='ltr'>non</span> <span class='ocrx_word' id='word_1_777' title='bbox 3525 4627 3734 4682; x_wconf 85' lang='lat' dir='ltr'>invenit</span> 
     </span>
    </p>
   </div>
   <div class='ocr_carea' id='block_1_110' title="bbox 2125 4712 3734 4788">
    <p class='ocr_par' dir='ltr' id='par_1_110' title="bbox 2125 4712 3734 4788">
     <span class='ocr_line' id='line_1_110' title="bbox 2125 4712 3734 4788; baseline 0.001 -20"><span class='ocrx_word' id='word_1_778' title='bbox 2125 4713 2414 4784; x_wconf 82' lang='lat' dir='ltr'>Apostolus</span> <span class='ocrx_word' id='word_1_779' title='bbox 2441 4713 2494 4768; x_wconf 92' lang='lat' dir='ltr'>in</span> <span class='ocrx_word' id='word_1_780' title='bbox 2513 4712 2711 4768; x_wconf 89' lang='lat' dir='ltr'>divinis</span> <span class='ocrx_word' id='word_1_781' title='bbox 2743 4712 2910 4778; x_wconf 89' lang='lat' dir='ltr'>libris,</span> <span class='ocrx_word' id='word_1_782' title='bbox 2935 4713 3033 4768; x_wconf 91' lang='lat' dir='ltr'>sed</span> <span class='ocrx_word' id='word_1_783' title='bbox 3060 4713 3114 4767; x_wconf 91' lang='lat' dir='ltr'>in</span> <span class='ocrx_word' id='word_1_784' title='bbox 3143 4715 3491 4786; x_wconf 77' lang='lat' dir='ltr'>apocryphis,</span> <span class='ocrx_word' id='word_1_785' title='bbox 3525 4716 3594 4770; x_wconf 91' lang='lat' dir='ltr'>de</span> <span class='ocrx_word' id='word_1_786' title='bbox 3610 4715 3734 4788; x_wconf 83' lang='lat' dir='ltr'>qui-</span> 
     </span>
    </p>
   </div>
   <div class='ocr_carea' id='block_1_111' title="bbox 2123 4801 3730 4876">
    <p class='ocr_par' dir='ltr' id='par_1_111' title="bbox 2123 4801 3730 4876">
     <span class='ocr_line' id='line_1_111' title="bbox 2123 4801 3730 4876; baseline 0.002 -21"><span class='ocrx_word' id='word_1_787' title='bbox 2123 4803 2223 4856; x_wconf 90' lang='lat' dir='ltr'>bus</span> <span class='ocrx_word' id='word_1_788' title='bbox 2245 4803 2345 4858; x_wconf 90' lang='lat' dir='ltr'>hoc</span> <span class='ocrx_word' id='word_1_789' title='bbox 2376 4801 2621 4857; x_wconf 91' lang='lat' dir='ltr'>sumitur.</span> <span class='ocrx_word' id='word_1_790' title='bbox 2653 4801 2722 4856; x_wconf 89' lang='lat' dir='ltr'>Hi</span> <span class='ocrx_word' id='word_1_791' title='bbox 2751 4809 2932 4857; x_wconf 91' lang='lat' dir='ltr'>autem</span> <span class='ocrx_word' id='word_1_792' title='bbox 2961 4801 3277 4857; x_wconf 88' lang='lat' dir='ltr'>restiterunt</span> <span class='ocrx_word' id='word_1_793' title='bbox 3334 4804 3510 4874; x_wconf 78' lang='lat' dir='ltr'>Moysi</span> <span class='ocrx_word' id='word_1_794' title='bbox 3552 4821 3730 4876; x_wconf 88' lang='lat' dir='ltr'>usque</span> 
     </span>
    </p>
   </div>
   <div class='ocr_carea' id='block_1_112' title="bbox 2123 4889 3729 4960">
    <p class='ocr_par' dir='ltr' id='par_1_112' title="bbox 2123 4889 3729 4960">
     <span class='ocr_line' id='line_1_112' title="bbox 2123 4889 3729 4960; baseline 0.002 -16"><span class='ocrx_word' id='word_1_795' title='bbox 2123 4891 2191 4944; x_wconf 88' lang='lat' dir='ltr'>ad</span> <span class='ocrx_word' id='word_1_796' title='bbox 2214 4890 2422 4944; x_wconf 91' lang='lat' dir='ltr'>tertium</span> <span class='ocrx_word' id='word_1_797' title='bbox 2443 4890 2675 4960; x_wconf 87' lang='lat' dir='ltr'>signum,</span> <span class='ocrx_word' id='word_1_798' title='bbox 2724 4889 2777 4943; x_wconf 91' lang='lat' dir='ltr'>in</span> <span class='ocrx_word' id='word_1_799' title='bbox 2809 4906 2915 4960; x_wconf 91' lang='lat' dir='ltr'>quo</span> <span class='ocrx_word' id='word_1_800' title='bbox 2946 4889 3258 4946; x_wconf 84' lang='lat' dir='ltr'>defecerunt</span> <span class='ocrx_word' id='word_1_801' title='bbox 3288 4891 3535 4946; x_wconf 88' lang='lat' dir='ltr'>dicentes</span> <span class='ocrx_word' id='word_1_802' title='bbox 3569 4911 3581 4945; x_wconf 91' lang='lat'><strong>:</strong></span> <span class='ocrx_word' id='word_1_803' title='bbox 3629 4894 3729 4948; x_wconf 85' lang='lat' dir='ltr'>Di-</span> 
     </span>
    </p>
   </div>
   <div class='ocr_carea' id='block_1_113' title="bbox 2119 4978 3731 5050">
    <p class='ocr_par' dir='ltr' id='par_1_113' title="bbox 2119 4978 3731 5050">
     <span class='ocr_line' id='line_1_113' title="bbox 2119 4978 3731 5050; baseline 0 -16"><span class='ocrx_word' id='word_1_804' title='bbox 2119 4981 2270 5050; x_wconf 89' lang='lat' dir='ltr'>gitus</span> <span class='ocrx_word' id='word_1_805' title='bbox 2303 4980 2406 5034; x_wconf 89' lang='lat' dir='ltr'>Dei</span> <span class='ocrx_word' id='word_1_806' title='bbox 2435 4981 2517 5033; x_wconf 88' lang='lat' dir='ltr'>est</span> <span class='ocrx_word' id='word_1_807' title='bbox 2539 4978 2648 5034; x_wconf 86' lang='lat' dir='ltr'>hic.</span> <span class='ocrx_word' id='word_1_808' title='bbox 2682 4980 2748 5032; x_wconf 89' lang='lat' dir='ltr'>Et</span> <span class='ocrx_word' id='word_1_809' title='bbox 2779 4978 2914 5033; x_wconf 92' lang='lat' dir='ltr'>sicut</span> <span class='ocrx_word' id='word_1_810' title='bbox 2943 4978 3020 5032; x_wconf 90' lang='lat' dir='ltr'>illi</span> <span class='ocrx_word' id='word_1_811' title='bbox 3059 4980 3369 5034; x_wconf 88' lang='lat' dir='ltr'>restiterunt</span> <span class='ocrx_word' id='word_1_812' title='bbox 3395 4981 3590 5050; x_wconf 81' lang='lat' dir='ltr'>Moysi,</span> <span class='ocrx_word' id='word_1_813' title='bbox 3656 4981 3731 5035; x_wconf 90' lang='lat' dir='ltr'>ita</span> 
     </span>
    </p>
   </div>
   <div class='ocr_carea' id='block_1_114' title="bbox 2119 5066 3147 5124">
    <p class='ocr_par' dir='ltr' id='par_1_114' title="bbox 2119 5066 3147 5124">
     <span class='ocr_line' id='line_1_114' title="bbox 2119 5066 3147 5124; baseline -0.001 -2"><span class='ocrx_word' id='word_1_814' title='bbox 2119 5067 2176 5123; x_wconf 89' lang='lat' dir='ltr'>hi</span> <span class='ocrx_word' id='word_1_815' title='bbox 2206 5068 2413 5124; x_wconf 87' lang='lat' dir='ltr'>scilicet</span> <span class='ocrx_word' id='word_1_816' title='bbox 2440 5067 2678 5122; x_wconf 74' lang='lat' dir='ltr'>haeretici</span> <span class='ocrx_word' id='word_1_817' title='bbox 2705 5066 2838 5120; x_wconf 88' lang='lat' dir='ltr'>mihi</span> <span class='ocrx_word' id='word_1_818' title='bbox 2870 5067 3147 5122; x_wconf 89' lang='lat' dir='ltr'>resistunt.</span> 
     </span>
    </p>
   </div>
   <div class='ocr_carea' id='block_1_115' title="bbox 2191 5184 3730 5249">
    <p class='ocr_par' dir='ltr' id='par_1_115' title="bbox 2191 5184 3730 5249">
     <span class='ocr_line' id='line_1_115' title="bbox 2191 5184 3730 5249; baseline -0.001 -9"><span class='ocrx_word' id='word_1_819' title='bbox 2191 5185 2359 5240; x_wconf 74' lang='lat' dir='ltr'>Vnus.</span> <span class='ocrx_word' id='word_1_820' title='bbox 2396 5186 2481 5238; x_wconf 80' lang='lat' dir='ltr'>l3.</span> <span class='ocrx_word' id='word_1_821' title='bbox 2512 5214 2581 5222; x_wconf 94' lang='lat'><strong>—</strong></span> <span class='ocrx_word' id='word_1_822' title='bbox 2606 5184 2733 5239; x_wconf 86' lang='lat' dir='ltr'>Mali</span> <span class='ocrx_word' id='word_1_823' title='bbox 2764 5186 2958 5239; x_wconf 86' lang='lat' dir='ltr'>autem</span> <span class='ocrx_word' id='word_1_824' title='bbox 2981 5185 3253 5249; x_wconf 85' lang='lat' dir='ltr'>homines,</span> <span class='ocrx_word' id='word_1_825' title='bbox 3275 5191 3380 5239; x_wconf 87' lang='lat' dir='ltr'>etc.</span> <span class='ocrx_word' id='word_1_826' title='bbox 3413 5184 3576 5239; x_wconf 87' lang='lat' dir='ltr'>Tales</span> <span class='ocrx_word' id='word_1_827' title='bbox 3595 5196 3730 5240; x_wconf 87' lang='lat' dir='ltr'>sunt</span> 
     </span>
    </p>
   </div>
   <div class='ocr_carea' id='block_1_116' title="bbox 2118 5270 3732 5346">
    <p class='ocr_par' dir='ltr' id='par_1_116' title="bbox 2118 5270 3732 5346">
     <span class='ocr_line' id='line_1_116' title="bbox 2118 5270 3732 5346; baseline 0.001 -20"><span class='ocrx_word' id='word_1_828' title='bbox 2118 5272 2207 5344; x_wconf 92' lang='lat' dir='ltr'>qui</span> <span class='ocrx_word' id='word_1_829' title='bbox 2229 5272 2415 5327; x_wconf 89' lang='lat' dir='ltr'>timent</span> <span class='ocrx_word' id='word_1_830' title='bbox 2446 5273 2548 5327; x_wconf 89' lang='lat' dir='ltr'>hos</span> <span class='ocrx_word' id='word_1_831' title='bbox 2592 5270 2790 5327; x_wconf 65' lang='lat' dir='ltr'>laedere</span> <span class='ocrx_word' id='word_1_832' title='bbox 2835 5286 3018 5326; x_wconf 89' lang='lat' dir='ltr'>coram</span> <span class='ocrx_word' id='word_1_833' title='bbox 3074 5273 3268 5344; x_wconf 88' lang='lat' dir='ltr'>quibus</span> <span class='ocrx_word' id='word_1_834' title='bbox 3295 5272 3590 5344; x_wconf 89' lang='lat' dir='ltr'>loquuntur</span> <span class='ocrx_word' id='word_1_835' title='bbox 3633 5276 3732 5346; x_wconf 90' lang='lat' dir='ltr'>qui</span> 
     </span>
    </p>
   </div>
   <div class='ocr_carea' id='block_1_117' title="bbox 2117 5360 3726 5432">
    <p class='ocr_par' dir='ltr' id='par_1_117' title="bbox 2117 5360 3726 5432">
     <span class='ocr_line' id='line_1_117' title="bbox 2117 5360 3726 5432; baseline 0.002 -18"><span class='ocrx_word' id='word_1_836' title='bbox 2117 5376 2224 5416; x_wconf 91' lang='lat' dir='ltr'>non</span> <span class='ocrx_word' id='word_1_837' title='bbox 2246 5369 2544 5431; x_wconf 64' lang='lat' dir='ltr'>praeparant</span> <span class='ocrx_word' id='word_1_838' title='bbox 2567 5360 2636 5415; x_wconf 90' lang='lat' dir='ltr'>ad</span> <span class='ocrx_word' id='word_1_839' title='bbox 2666 5360 3010 5430; x_wconf 87' lang='lat' dir='ltr'>tentationes,</span> <span class='ocrx_word' id='word_1_840' title='bbox 3044 5360 3141 5415; x_wconf 90' lang='lat' dir='ltr'>sed</span> <span class='ocrx_word' id='word_1_841' title='bbox 3179 5361 3503 5432; x_wconf 85' lang='lat' dir='ltr'>promittunt</span> <span class='ocrx_word' id='word_1_842' title='bbox 3551 5362 3726 5419; x_wconf 84' lang='lat' dir='ltr'>felici-</span> 
     </span>
    </p>
   </div>
   <div class='ocr_carea' id='block_1_118' title="bbox 2117 5449 3723 5521">
    <p class='ocr_par' dir='ltr' id='par_1_118' title="bbox 2117 5449 3723 5521">
     <span class='ocr_line' id='line_1_118' title="bbox 2117 5449 3723 5521; baseline 0.002 -18"><span class='ocrx_word' id='word_1_843' title='bbox 2117 5458 2278 5505; x_wconf 89' lang='lat' dir='ltr'>tatem</span> <span class='ocrx_word' id='word_1_844' title='bbox 2337 5451 2492 5518; x_wconf 88' lang='lat' dir='ltr'>hujus</span> <span class='ocrx_word' id='word_1_845' title='bbox 2548 5449 2750 5517; x_wconf 71' lang='lat' dir='ltr'>szeculi,</span> <span class='ocrx_word' id='word_1_846' title='bbox 2812 5465 2969 5521; x_wconf 89' lang='lat' dir='ltr'>quam</span> <span class='ocrx_word' id='word_1_847' title='bbox 3014 5450 3161 5505; x_wconf 91' lang='lat' dir='ltr'>Deus</span> <span class='ocrx_word' id='word_1_848' title='bbox 3207 5450 3326 5521; x_wconf 90' lang='lat' dir='ltr'>ipse</span> <span class='ocrx_word' id='word_1_849' title='bbox 3357 5452 3561 5508; x_wconf 69' lang='lat' dir='ltr'>saeculo</span> <span class='ocrx_word' id='word_1_850' title='bbox 3606 5468 3723 5508; x_wconf 89' lang='lat' dir='ltr'>non</span> 
     </span>
    </p>
   </div>
   <div class='ocr_carea' id='block_1_119' title="bbox 2115 5537 3725 5610">
    <p class='ocr_par' dir='ltr' id='par_1_119' title="bbox 2115 5537 3725 5610">
     <span class='ocr_line' id='line_1_119' title="bbox 2115 5537 3725 5610; baseline 0.002 -18"><span class='ocrx_word' id='word_1_851' title='bbox 2115 5538 2379 5608; x_wconf 89' lang='lat' dir='ltr'>promisit.</span> <span class='ocrx_word' id='word_1_852' title='bbox 2406 5539 2500 5593; x_wconf 90' lang='lat' dir='ltr'>Ille</span> <span class='ocrx_word' id='word_1_853' title='bbox 2531 5537 2775 5608; x_wconf 78' lang='lat' dir='ltr'>praedicit</span> <span class='ocrx_word' id='word_1_854' title='bbox 2822 5538 3036 5594; x_wconf 87' lang='lat' dir='ltr'>labores</span> <span class='ocrx_word' id='word_1_855' title='bbox 3065 5555 3235 5610; x_wconf 90' lang='lat' dir='ltr'>usque</span> <span class='ocrx_word' id='word_1_856' title='bbox 3267 5538 3320 5592; x_wconf 92' lang='lat' dir='ltr'>in</span> <span class='ocrx_word' id='word_1_857' title='bbox 3366 5538 3532 5594; x_wconf 86' lang='lat' dir='ltr'>ﬁnem</span> <span class='ocrx_word' id='word_1_858' title='bbox 3580 5557 3725 5596; x_wconf 81' lang='lat' dir='ltr'>ven-</span> 
     </span>
    </p>
   </div>
   <div class='ocr_carea' id='block_1_120' title="bbox 2116 5627 3728 5699">
    <p class='ocr_par' dir='ltr' id='par_1_120' title="bbox 2116 5627 3728 5699">
     <span class='ocr_line' id='line_1_120' title="bbox 2116 5627 3728 5699; baseline 0.001 -17"><span class='ocrx_word' id='word_1_859' title='bbox 2116 5637 2262 5683; x_wconf 89' lang='lat' dir='ltr'>turos</span> <span class='ocrx_word' id='word_1_860' title='bbox 2294 5628 2490 5684; x_wconf 66' lang='lat' dir='ltr'>saeculo</span> <span class='ocrx_word' id='word_1_861' title='bbox 2523 5646 2534 5681; x_wconf 88' lang='lat'><strong>:</strong></span> <span class='ocrx_word' id='word_1_862' title='bbox 2561 5636 2624 5682; x_wconf 83' lang='lat' dir='ltr'>tu</span> <span class='ocrx_word' id='word_1_863' title='bbox 2656 5642 2935 5699; x_wconf 83' lang='lat' dir='ltr'>prospera.</span> <span class='ocrx_word' id='word_1_864' title='bbox 2960 5627 3054 5683; x_wconf 89' lang='lat' dir='ltr'>Ille</span> <span class='ocrx_word' id='word_1_865' title='bbox 3084 5627 3152 5682; x_wconf 87' lang='lat' dir='ltr'>ad</span> <span class='ocrx_word' id='word_1_866' title='bbox 3182 5627 3590 5685; x_wconf 82' lang='lat' dir='ltr'>confortandum</span> <span class='ocrx_word' id='word_1_867' title='bbox 3625 5647 3728 5686; x_wconf 79' lang='lat' dir='ltr'>cor</span> 
     </span>
    </p>
   </div>
  </div>
