3964 6178
130 351 243 403 637

1129 338 1400 396 GLOSSA
1437 335 1847 394 ORDINABIA.
1887 362 1957 376 -
1993 335 2211 393 EPIST.
2253 337 2349 391 AD
2386 335 2517 392 TIT.

3361 342 3463 393 638

130 480 318 537 tuum,
372 469 525 526 venit
551 467 680 539 pati,
731 466 892 533 mori,
940 464 1114 538 sputis
1141 463 1345 531 illiniri,
1398 462 1570 534 spinis
1597 461 1822 522 coro—A
1854 466 1920 518 ut
1949 461 2135 531 ﬁdelis
2165 477 2364 516 essem.
2387 457 2704 530 Apostolum
2727 458 2874 515 enim
2905 458 3214 515 invenimus
3243 459 3362 516 sine
3388 461 3470 516 ul-

133 559 280 626 nari,
311 557 604 630 opprobria
632 555 794 624 ferre,
829 555 902 612 fel
964 563 1016 610 et
1073 561 1288 610 acetum
1356 551 1560 616 bibere,
1610 550 1762 622 ligno

135 646 375 718 conﬁgi.
430 645 628 702 Omnia
660 645 778 700 haec
806 643 898 700 ille
928 643 1046 698 tulit
1073 657 1172 714 pro
1198 649 1271 697 te.
1326 639 1423 695 Ille
1451 638 1765 696 confortans

137 734 454 802 inﬁrmum,
507 743 567 789 ut
615 749 736 789 cum
785 731 1097 797 crediderit,
1152 745 1260 784 non
1291 736 1471 800 speret
1497 743 1764 799 prospera

130 824 308 893 hujus
327 823 523 880 saeculi
544 841 559 891 ;
581 821 727 878 unde
747 838 761 876 :
782 823 911 891 Fili,
926 819 1196 877 accedens
1208 817 1284 874 ad
1297 818 1628 873 servitutem
1641 818 1762 883 Dei,

131 918 230 969 sta
249 915 318 968 in
326 911 576 984 justitia
587 916 644 967 et
673 912 892 978 timore,
907 913 967 966 et
971 925 1234 982 praepara
1244 909 1502 962 animam
1519 911 1677 962 tuam
1693 905 1766 961 ad

137 1002 526 1057 tentationes.

211 1090 398 1144 Vnus.
450 1091 537 1142 15.
583 1115 652 1128 —
705 1088 906 1144 Saeras
941 1086 1167 1142 litteras
1196 1084 1353 1140 nosti
1380 1099 1502 1156 qua:
1532 1087 1607 1148 te,
1658 1090 1762 1139 etc.

134 1177 382 1232 Multum
429 1176 612 1250 signat
647 1174 910 1246 prodesse
950 1172 1164 1229 Veteris
1204 1171 1538 1227 Testamenti
1565 1171 1766 1227 habere

135 1266 417 1330 notitiam,
449 1264 544 1320 ubi
577 1263 773 1319 Christi
795 1277 1038 1334 persona
1068 1271 1120 1317 et
1143 1260 1437 1318 incarnatio
1469 1260 1767 1315 insinuatur

137 1371 267 1427 qua:
298 1355 372 1409 ad
402 1353 636 1409 salutem
667 1352 946 1408 hominum
973 1350 1136 1406 valet.

794 1532 1022 1590 CAPUT
1061 1531 1151 1587 IV.

222 1677 404 1731 Vsus.
435 1677 490 1732 2.
543 1703 612 1715 —
657 1674 1004 1746 Importune.
1037 1671 1116 1726 Tu
1147 1679 1453 1743 Opportune
1479 1669 1619 1743 agis,
1669 1669 1766 1725 sed

136 1765 490 1835 importunus
540 1779 665 1818 esse
708 1761 910 1816 videris
956 1760 1006 1816 ei
1055 1759 1147 1832 qui
1190 1775 1297 1816 non
1330 1760 1560 1814 libenter
1590 1758 1758 1825 audit,

143 1853 296 1926 quod
343 1861 529 1906 tamen
561 1851 611 1906 ei
639 1849 932 1922 aliquando
975 1849 1216 1920 prodest.
1264 1849 1344 1902 Tu
1371 1857 1552 1903 tamen
1581 1847 1761 1902 sciens

143 1942 253 1997 hoc
283 1941 365 1995 illi
398 1957 523 1996 esse
557 1947 938 2010 opportunum,
994 1939 1137 2009 quod
1165 1937 1215 1993 ei
1246 1937 1459 1993 videtur
1500 1937 1763 2008 importu—

140 2047 300 2095 num,
358 2028 705 2084 dilectionem
751 2042 1047 2098 curamque
1101 2025 1341 2080 sanitatis
1396 2027 1531 2094 ejus,
1583 2025 1764 2081 animo

145 2129 343 2174 teneas
371 2125 660 2173 mansueto
707 2124 758 2172 et
796 2116 1066 2171 modesto.
1111 2117 1345 2186 Increpa
1380 2117 1442 2170 in
1485 2115 1760 2169 omnibus.

144 2207 444 2263 Timotheo
501 2205 771 2260 acriorem
826 2203 1017 2258 suadet
1058 2201 1394 2274 patientiam.
1441 2202 1560 2257 Tito
1603 2201 1764 2257 nimis

147 2295 404 2368 patienti,
439 2292 726 2364 imperium
753 2293 1066 2364 persuadet.

218 2385 403 2439 Vsus.
421 2386 474 2438 3.
491 2413 561 2423 —
579 2381 996 2439 Coacervabunt
1016 2381 1122 2436 sibi
1140 2379 1462 2450 magistros.
1484 2379 1543 2434 Id
1557 2385 1659 2446 est,
1675 2378 1766 2452 qui

151 2489 218 2530 ea
249 2471 494 2528 doceant
517 2486 638 2543 quae
666 2469 872 2526 volunt.
905 2468 1193 2540 Prophetia
1215 2476 1296 2522 est
1318 2467 1488 2523 sancti
1512 2467 1763 2538 apostoli,

148 2562 241 2634 qui
272 2561 550 2633 praescius
596 2559 917 2623 futurorum,
972 2557 1025 2612 in
1073 2556 1315 2613 doctrina
1357 2556 1603 2628 praecipit
1640 2572 1765 2612 esse

146 2650 489 2715 instandum,
541 2657 600 2702 ut
640 2656 832 2704 contra
861 2649 965 2702 hoc
997 2646 1142 2718 quod
1173 2644 1405 2699 futurum
1436 2654 1568 2712 erat,
1617 2661 1764 2716 prae-

147 2746 372 2810 paretur
423 2736 693 2794 Ecclesia.
747 2734 908 2791 Tales
943 2734 1087 2790 enim
1114 2733 1245 2788 dicit
1270 2732 1499 2802 futuros,
1546 2733 1636 2805 qui
1667 2749 1764 2805 pro

152 2825 453 2882 desideriis
502 2825 614 2880 suis
659 2823 844 2880 doceri
884 2821 1073 2878 volunt
1113 2829 1230 2876 uta
1255 2821 1532 2892 magistris
1559 2821 1767 2878 scilicet

148 2913 530 2971 constantibus
569 2921 623 2968 et
661 2911 950 2969 veracibus
989 2911 1057 2966 ad
1097 2925 1194 2966 eos
1239 2917 1629 2966 convertantur
1673 2910 1764 2981 qui

154 3005 269 3060 haec
300 3003 418 3058 illis
447 3001 678 3058 doceant
705 3016 826 3074 quas
855 2999 1087 3056 libenter
1113 2998 1351 3065 audiant,
1404 2998 1531 3071 quia
1560 2998 1765 3054 veritas

145 3093 248 3147 illis
281 3107 482 3163 aspera
509 3091 801 3156 videbitur,
833 3098 892 3146 ut
922 3089 1108 3145 relicta
1134 3103 1262 3145 vera
1288 3088 1535 3145 doctrina
1568 3086 1764 3142 fabulis

150 3190 371 3238 vacent.

220 3281 404 3334 Vnus.
436 3283 489 3333 5.
513 3308 580 3319 -
603 3278 749 3350 Opus
770 3281 864 3350 fac
884 3279 1263 3349 evangelista.
1287 3276 1563 3333 Testando
1590 3291 1759 3347 opere

1869 546 1936 602 lis
1966 548 2126 604 bonis
2151 549 2377 614 meritis,
2429 549 2538 603 imo
2566 565 2690 604 cum
2720 548 2902 603 multis
2933 549 3077 604 vitiis
3111 550 3211 605 Dei
3239 549 3468 621 gratiam

1867 645 2239 703 consecutum,
2287 637 2642 693 reddentibus
2691 637 2830 693 bona
2859 653 2958 709 pro
2997 637 3174 693 malis.
3227 637 3330 708 Qui
3375 654 3470 694 sua

1860 725 1971 794 jam
2001 726 2400 798 propinquante
2427 726 2685 797 passione
2706 726 2848 780 bona
2877 726 3072 782 merita
3103 741 3204 782 sua
3232 743 3467 782 comme-

1865 823 2059 881 morat,
2117 823 2241 886 post
2296 831 2416 887 quae
2461 824 2826 886 consequetur
2881 831 3161 886 coronam,
3223 815 3314 888 qui
3342 826 3468 888 post

1865 903 2008 958 mala
2037 904 2230 958 merita
2259 911 2584 959 consecutus
2613 911 2694 959 est
2726 903 2956 975 gratiam
2991 921 3003 958 :
3036 921 3158 976 quae
3185 903 3289 959 nisi
3317 905 3467 977 prius

1867 992 2097 1064 gratuita
2117 992 2424 1057 donaretur,
2451 1006 2657 1047 corona
2684 1007 2793 1046 non
2813 993 3152 1047 redderetur.
3177 993 3299 1048 Non
3330 1008 3466 1066 ergo

1865 1081 2055 1135 merita
2086 1080 2257 1151 ipsius
2300 1087 2551 1151 tanquam
2581 1078 2750 1151 ipsius
2776 1087 2918 1146 sunt,
2967 1081 3021 1136 id
3053 1088 3135 1135 est
3165 1098 3231 1137 ex
3263 1081 3382 1154 ipso
3415 1081 3464 1136 ei

1867 1177 2195 1240 comparata,
2227 1168 2325 1223 sed
2350 1169 2492 1223 dona
2522 1169 2620 1222 Dei
2650 1177 2792 1222 sunt.

1940 1276 2109 1330 Vsus.
2161 1278 2212 1329 8.
2265 1305 2333 1316 —-
2385 1274 2606 1330 Reddet.
2643 1274 2699 1329 Si
2729 1273 2870 1328 enim
2902 1272 3038 1329 ﬁdes
3065 1274 3244 1347 gratia
3269 1283 3372 1343 est,
3417 1285 3470 1331 et

1867 1363 1980 1418 vita
2009 1371 2209 1418 aeterna
2237 1362 2392 1436 quasi
2419 1379 2632 1418 merces
2659 1370 2741 1417 est
2771 1361 2896 1417 ﬁdei
2922 1381 2936 1430 ;
2986 1361 3198 1419 videtur
3245 1364 3464 1435 quidem

1868 1452 2018 1507 Deus
2063 1452 2225 1506 vitam
2256 1459 2514 1507 aeternam
2558 1460 2808 1523 tanquam
2847 1452 3083 1506 debitum
3123 1452 3354 1507 reddere
3381 1453 3469 1509 cui

1866 1539 2028 1595 debet
2049 1538 2215 1610 ﬁdeli,
2251 1540 2375 1612 quia
2394 1540 2690 1611 promeruit
2711 1539 2855 1594 illam
2877 1556 2972 1611 per
2994 1539 3158 1596 ﬁdem
3183 1558 3197 1608 ;
3221 1541 3318 1596 sed
3342 1541 3467 1614 quia

1869 1626 2006 1683 fides
2036 1629 2204 1699 gratia
2232 1635 2332 1698 est,
2357 1634 2409 1682 et
2437 1629 2542 1683 vita
2563 1637 2761 1684 acterna
2790 1635 2873 1683 est
2901 1627 3095 1700 gratia,
3113 1646 3213 1703 per
3233 1629 3467 1701 gratiam

1869 1732 2001 1788 ergo
2030 1717 2236 1772 reddet.
2264 1718 2460 1772 Justus
2480 1717 2684 1788 judcx.
2711 1717 2908 1788 Utique
2922 1717 3099 1786 justus
3121 1717 3468 1774 retribuendo

1782 1821 1836 1882 Β
1871 1805 2012 1860 bona
2043 1821 2144 1876 pro
2175 1804 2352 1874 bonis,
2385 1805 2508 1876 quia
2541 1814 2720 1860 tamen
2747 1806 2894 1876 prius
2923 1805 3232 1861 misericors
3265 1817 3346 1861 est
3376 1825 3465 1861 re-

1866 1894 2154 1950 tribuendo
2203 1894 2342 1948 bona
2374 1908 2471 1962 pro
2511 1893 2706 1959 malis;
2755 1894 2876 1964 ipsa
2913 1894 3116 1962 justitia
3155 1911 3264 1967 qua
3307 1895 3468 1950 retri-

1867 1985 2100 2038 buuntur
2128 1982 2268 2037 bona
2288 1997 2386 2054 pro
2414 1981 2572 2036 bonis
2602 1998 2712 2037 non
2738 1991 2821 2037 est
2851 1983 2966 2037 sine
2997 1983 3389 2040 misericordia.

1937 2073 2108 2125 Vens.
2145 2073 2229 2125 13.
2280 2099 2349 2111 -
2392 2072 2690 2126 Penula-m.
2721 2071 2973 2141 (Catus)
3004 2071 3230 2126 Pallium
3262 2072 3351 2128 hic
3379 2089 3471 2144 pe-

1865 2159 2049 2214 nulam
2071 2157 2217 2226 dicit,
2244 2167 2373 2226 etc.,
2394 2175 2566 2232 usque
2595 2159 2668 2214 ad
2700 2175 2769 2215 ne
2799 2159 2868 2214 ab
2898 2158 3021 2214 aliis
3051 2160 3189 2216 hanc
3216 2160 3465 2233 accipere

1867 2264 2003 2320 opus
2021 2248 2109 2302 sit.

1937 2365 2106 2419 Vnus.
2189 2363 2275 2418 14.
2350 2391 2417 2403 -
2493 2363 2836 2420 Alexander.
2910 2364 3018 2420 Iste
3089 2379 3250 2436 quem
3307 2381 3467 2437 supra

1865 2453 1996 2508 dixit
2036 2467 2314 2509 reversum
2355 2451 2422 2507 ad
2459 2450 2807 2522 apostasiam,
2859 2453 2950 2524 qui
2988 2451 3287 2510 fabricabat
3320 2455 3470 2510 aedes

1867 2543 2050 2598 Dianae
2092 2541 2235 2611 apud
2284 2541 2544 2609 Athenas,
2593 2549 2647 2595 et
2683 2556 2873 2596 omnes
2917 2549 3110 2597 contra
3147 2542 3466 2614 Apostolum

1866 2630 2176 2686 commovit.
2208 2629 2386 2685 Multa
2405 2630 2548 2685 mihi
2563 2631 2720 2684 mala
2736 2630 3001 2686 ostendit.
3027 2630 3286 2702 (Cnnvs.)
3310 2631 3416 2700 Qui
3437 2648 3468 2686 a

1864 2735 2064 2791 magno
2096 2718 2278 2790 aliquo
2306 2717 2586 2788 premitur,
2610 2726 2738 2781 etc.,
2769 2733 2945 2790 usque
2975 2719 3048 2774 ad
3066 2726 3125 2772 ut
3143 2718 3469 2776 inﬁrmiores

1868 2823 2083 2878 quoque
2113 2807 2280 2862 etiam
2308 2822 2374 2862 ex
2402 2807 2503 2861 hac
2530 2814 2684 2878 parte
2715 2805 2962 2862 solatium
2995 2807 3225 2878 capiant.

1936 2921 2108 2976 Vnus.
2159 2923 2246 2976 16.
2293 2950 2361 2962 -
2401 2922 2759 2991 Defensione.
2793 2921 3110 2977 Pressuram
3153 2930 3208 2978 et
3237 2921 3466 2978 tribula-

1864 3008 2080 3092 tionem
2101 3008 2204 3064 sibi
2231 3009 2430 3064 illatam
2477 3008 2852 3066 defensionem
2882 3009 3120 3082 appellat
3148 3028 3162 3065 :
3196 3010 3467 3068 tribulatio

1869 3097 2116 3154 defensio
2165 3105 2248 3154 est
2291 3096 2632 3167 Christianis,
2685 3098 2811 3170 quia
2859 3097 3103 3155 defendit
3149 3115 3244 3156 eos
3285 3099 3340 3155 in
3377 3100 3467 3155 die

1771 3179 1822 3242 C
1848 3185 2056 3258 iudicii.

1930 3277 2051 3332 Non
2105 3275 2226 3330 illis
2273 3278 2608 3349 imputetur.
2660 3277 2780 3331 Non
2829 3283 2942 3331 orat
2992 3292 3090 3348 pro
3135 3276 3461 3346 Alexandro,

150 3368 303 3440 quod
333 3383 432 3423 ore
460 3366 785 3437 praedicans,
832 3376 890 3422 ut
940 3375 1313 3439 retorqueatur
1340 3383 1402 3422 os
1433 3366 1658 3421 turturis
1691 3367 1760 3421 ad
1859 3362 1952 3435 qui
1981 3362 2273 3418 invidentia
2303 3363 2692 3422 fraternitatem
2722 3366 3091 3439 oppugnando
3120 3375 3457 3438 peccaverat,

149 3456 415 3521 ascellas,
469 3463 522 3512 et
552 3455 659 3509 sint
688 3453 830 3510 mala
867 3454 1058 3526 punica
1104 3463 1158 3511 et
1198 3455 1554 3511 tintinnabula
1581 3456 1635 3511 in
1667 3471 1760 3510 ex-

151 3545 344 3601 tremis
373 3543 490 3600 oris
517 3542 880 3615 hyacinthina:
913 3543 1126 3598 tunicae.

219 3651 406 3706 Vnus.
440 3652 494 3705 6.
543 3679 613 3690 -—
661 3650 900 3707 Delibor.
933 3649 1125 3704 Libare
1156 3647 1405 3717 dicimus,
1449 3650 1756 3723 degustare,

151 3739 387 3796 fundere
419 3745 473 3793 et
503 3737 804 3793 immolare.
837 3737 970 3792 Inde
999 3737 1256 3806 delibare,
1290 3738 1435 3810 quod
1464 3747 1644 3794 tamen
1672 3739 1762 3796 hic

151 3844 251 3900 pro
286 3827 412 3899 ipsa
440 3824 806 3882 immolatione
836 3825 1068 3898 ponitur,
1098 3826 1411 3898 passionem
1437 3825 1578 3882 enim
1604 3843 1760 3883 suam

151 3916 545 3971 delibationem
574 3913 826 3986 appellat.
890 3915 1007 3970 Deo
1037 3914 1180 3970 enim
1208 3915 1516 3972 immolatur
1541 3916 1632 3988 qui
1662 3932 1761 3987 pro

147 4005 364 4074 justitia
396 4004 610 4076 patitur.

221 4104 404 4157 Vnus.
436 4103 490 4156 ’7.
514 4132 585 4144 —
605 4101 816 4167 Fidem,
841 4117 962 4174 qua?
993 4109 1075 4157 est
1095 4110 1256 4173 caput
1289 4102 1610 4158 Christiana
1640 4102 1763 4157 reli—

154 4192 360 4264 gionis,
395 4191 632 4259 servavi,
669 4205 788 4263 quae
819 4205 929 4246 non
953 4199 1134 4263 potest
1163 4189 1351 4246 haberi
1382 4191 1486 4245 nisi
1517 4192 1634 4247 Deo
1663 4191 1764 4246 mi-

155 4289 401 4348 serante,
438 4279 566 4352 quia
591 4279 791 4335 donum
822 4278 922 4335 Dei
955 4288 1038 4334 est
1071 4297 1086 4346 ;
1117 4280 1261 4335 unde
1293 4279 1422 4335 alibi
1449 4279 1522 4336 ait
1551 4298 1566 4336 :
1597 4281 1762 4337 Mise-

155 4369 471 4428 ricordiam
491 4371 826 4426 consecutus
847 4384 994 4435 sum,
1021 4383 1130 4424 non
1143 4367 1270 4441 quia
1289 4365 1468 4424 ﬁdelis
1485 4384 1651 4436 eram,
1667 4369 1765 4427 sed

1861 3451 1957 3507 sed
2000 3467 2101 3522 pro
2146 3452 2231 3507 his
2277 3453 2368 3525 qui
2419 3454 2750 3526 abruperant
2803 3469 3068 3524 amorem,
3119 3456 3218 3510 sed
3266 3455 3465 3512 timore

1862 3541 2260 3597 succubuerunt
2285 3560 2298 3608 ;
2341 3550 2458 3597 orat
2487 3550 2542 3597 ut
2570 3542 2649 3597 eis
2678 3543 3010 3614 ignoscatur.
3061 3543 3284 3599 Multum
3315 3544 3462 3600 enim

1863 3629 2088 3685 interest
2113 3629 2256 3684 inter
2287 3645 2382 3685 eos
2414 3631 2504 3702 qui
2528 3632 2633 3689 hoc
2662 3631 2826 3687 modo
2858 3639 2912 3686 et
2942 3647 3040 3687 eos
3069 3631 3158 3704 qui
3179 3631 3272 3689 illo
3299 3633 3461 3690 modo

1861 3725 2104 3790 peccant.

1932 3833 2104 3887 Vnus.
2141 3834 2227 3888 17.
2251 3861 2320 3874 -
2340 3834 2419 3889 De
2448 3849 2542 3890 ore
2565 3835 2762 3891 leonis.
2796 3832 3048 3902 Neronis,
3071 3831 3140 3888 de
3169 3835 3325 3904 cujus
3353 3851 3462 3891 ma-

1861 3921 2021 3976 nibus
2047 3921 2306 3976 liberatus
2337 3930 2418 3977 est
2445 3938 2475 3975 a
2509 3923 2761 3991 Domino,
2814 3922 3031 3994 quando
3058 3923 3207 3979 venit
3231 3924 3459 3980 Romam

1863 4010 2130 4065 adductus
2157 4010 2224 4064 ab
2252 4009 2337 4064 his
2367 4010 2460 4082 qui
2499 4019 2770 4082 praeerant
2795 4011 3016 4080 ludam,
3063 4013 3134 4068 ob
3166 4013 3270 4069 hoc
3317 4013 3461 4085 quod

1865 4099 2133 4155 Caesarem
2182 4099 2526 4170 appellasset.
2577 4101 2716 4155 Nam
2776 4115 2900 4157 cum
2947 4101 3192 4158 venisset"
3230 4103 3463 4159 Romam

1864 4187 2078 4244 duobus
2127 4187 2285 4243 annis
2329 4189 2526 4245 mansit
2553 4189 2609 4244 in
2637 4189 2810 4246 libera
2834 4190 3098 4260 custodia,
3151 4199 3276 4264 post
3301 4191 3462 4248 etiam

1864 4277 2114 4332 transivit
2159 4278 2228 4334 ad
2289 4278 2422 4335 alias
2490 4279 2738 4336 nationes
2771 4295 2892 4352 quae
2913 4288 3063 4338 erant
3121 4281 3176 4337 in
3234 4280 3460 4338 circuitu

1865 4367 2072 4423 Romze.

1268 4653 1724 4728 EPISTOLA
1783 4654 1913 4726 AD
1986 4655 2302 4729 TITUM.

708 4884 1218 4943 ARGUMENTUM.

226 4993 408 5048 Titum
450 4991 865 5048 commonefacit
912 5001 963 5047 et
1008 4991 1223 5046 instruit
1263 4990 1332 5046 de
1384 4989 1764 5048 constitutione

156 5080 480 5152 presbyterii
516 5088 569 5137 et
605 5080 674 5138 de
718 5079 981 5152 spirituali
1009 5079 1457 5148 conversatione,
1500 5087 1552 5135 et
1582 5081 1762 5136 hare-

159 5171 276 5226 ticis
317 5169 571 5235 vitandis,
624 5169 714 5242 qui
746 5170 800 5223 in
842 5169 1218 5226 traditionibus
1248 5169 1484 5224 Judaicis
1513 5170 1760 5240 credunt,

159 5259 403 5316 scribens
436 5258 485 5314 ei
511 5274 540 5312 a
569 5258 836 5330 NicOpoli.

683 5381 908 5438 CAPUT
951 5381 1240 5438 PRIMUM.

234 5498 400 5553 Vsus.
440 5501 489 5551 1.
543 5517 612 5537 -ι-
653 5497 866 5552 Paulus
901 5513 1111 5561 ser-vus,
1157 5504 1258 5552 etc.
1300 5496 1619 5554 Conditione
1649 5514 1760 5553 non

161 5594 342 5641 tamen
385 5585 596 5657 peccati
645 5585 840 5640 misera
885 5590 1141 5642 servitute
1167 5629 1179 5650 ,
1225 5585 1322 5640 sed
1360 5588 1476 5642 Dei.
1528 5585 1758 5656 Quidam

164 5675 459 5740 nobilitate,
499 5673 729 5746 qualiter
765 5675 981 5746 Moyses
1025 5682 1078 5729 et
1116 5673 1291 5730 David
1331 5675 1475 5732 servi
1513 5682 1633 5730 sunt
1659 5691 1753 5747 ap-

169 5763 366 5833 pellati,
401 5771 450 5819 et
482 5762 652 5819 Maria
677 5762 892 5820 ancilla.
931 5765 1249 5822 Secundum
1281 5764 1449 5834 ﬁdem
1478 5766 1660 5823 electi.
1695 5764 1752 5820 Id

1775 4889 1829 4950 D
1859 4891 1940 4940 est
1969 4898 2134 4956 quam
2163 4890 2346 4938 tenent
2374 4881 2460 4938 vel
2493 4899 2596 4956 qua
2625 4884 2900 4942 salvantur
2929 4884 3083 4942 electi
3111 4887 3231 4959 Dei,
3255 4896 3310 4945 et
3332 4888 3459 4946 ideo

1862 4989 1964 5044 per
1989 4988 2056 5028 ea
2083 4971 2258 5044 magis
2284 4971 2655 5028 laborandum.

1935 5105 2103 5160 Vsus.
2137 5109 2191 5163 2.
2242 5133 2313 5147 σ-
2362 5109 2424 5162 In
2453 5123 2610 5179 spem
2638 5108 2767 5164 vitae
2798 5112 3044 5165 (sternte.
3079 5107 3206 5166 Haec
3234 5125 3341 5178 res,
3372 5112 3462 5169 hic

1863 5192 2072 5250 fructus
2100 5195 2382 5264 apostolici
2434 5194 2614 5251 oﬂicii.
2664 5197 2769 5254 Per
2798 5197 2902 5255 hoc
2953 5199 3296 5256 commendat
3343 5201 3460 5258 ofﬁ-

1863 5282 2003 5338 cium
2035 5284 2391 5354 apostolicum
2423 5300 2530 5340 non
2561 5286 2795 5357 tepidius
2823 5287 3114 5359 agendum.
3152 5289 3298 5346 Ante
3323 5293 3462 5347 tem-

1858 5387 2017 5442 pora,
2051 5380 2153 5427 etc.
2185 5374 2306 5428 Non
2339 5389 2528 5428 recens
2556 5375 2864 5446 promissio,
2913 5377 3012 5432 sed
3058 5383 3182 5434 ante
3213 5386 3458 5450 tempora

1863 5460 2103 5514 omnium
2137 5462 2481 5519 saeculorum.

2549 5555 2578 5568 α

1936 5593 2104 5647 Vens.
2133 5597 2185 5648 3.
2237 5626 2303 5636 -
2354 5597 2756 5668 Manifestavit.
2809 5598 3080 5672 Congruis
3118 5601 3219 5654 hoc
3250 5598 3452 5652 factum

1869 5688 1951 5735 est
1976 5682 2326 5753 temporibus,
2372 5685 2577 5742 scilicet
2610 5687 2864 5750 Verbum,
2899 5687 2950 5740 id
2983 5696 3064 5741 est
3093 5687 3256 5741 Filius
3287 5704 3298 5737 :
3335 5687 3456 5741 ch

1871 5775 1953 5828 est
1987 5773 2102 5827 vita
2131 5777 2368 5829 (eterna.
