3968 6176
460 327 563 381 639

989 320 1395 379 WALAFRIDI
1431 319 1675 377 STRABI
1712 318 1912 377 FULD.
1952 317 2127 377 MON.
2168 317 2324 376 OPP.
2363 318 2542 376 PARS
2579 318 2621 374 Ι.
2662 347 2732 361 --
2768 317 3241 376 THEOLOGICA.

3659 322 3772 376 640

536 450 708 508 Vnus.
745 449 795 505 4.
828 479 898 490 -
917 449 1058 505 Filio
1077 447 1388 503 secundum
1408 460 1765 503 communem
1784 446 1972 515 ﬁdem.
1997 446 2129 507 ldA
2158 444 2536 511 Antichristos,
2568 444 2658 517 qui
2688 460 2785 501 ore
2815 444 3141 501 conﬁtentur
3169 443 3463 514 Christum,
3502 452 3557 500 et
3592 446 3775 501 mori-

467 546 552 596 est
610 538 929 595 catholicam
985 553 1093 593 non
1141 536 1408 608 privatam
1452 536 1699 605 alicujus.
1752 534 2066 591 Catholicon

470 627 682 695 Graece,
716 642 1003 683 commune
1032 626 1118 682 vel
1147 625 1459 681 universale
1487 624 1684 680 dicitur
1712 624 1920 679 Latine.

541 719 718 790 Hujus
745 718 833 773 rei
859 718 1067 790 gratia.
1091 714 1434 770 Primodicit
1463 713 1593 786 quid
1614 729 1780 788 agere
1799 714 1994 768 debeat
2013 720 2068 767 et

470 806 659 879 quales
703 804 949 860 ordinare
996 804 1367 875 presbyteros,
1415 803 1705 874 incipiens,
1753 802 1847 868 ita,
1899 802 2066 874 hujus

468 895 555 951 rei
572 895 779 967 gratia.
804 894 947 949 Dum
968 892 1086 949 haec
1107 892 1314 960 recolit,
1342 891 1481 948 sicut
1509 892 1558 947 ei
1589 891 1932 964 disposuerat
1950 904 2067 946 mo-

466 990 560 1039 net
587 982 831 1054 exsequi.

535 1089 708 1145 Vens.
743 1091 795 1144 5.
830 1118 900 1131 -
930 1090 1303 1160 Presbyteros.
1336 1086 1621 1143 Pluraliter
1640 1086 1771 1142 dicit
1788 1085 2069 1157 presbyte-

464 1193 578 1245 ros,
630 1193 741 1233 non
789 1186 966 1232 autem
1015 1176 1376 1248 singulariter,
1418 1184 1475 1230 ut
1522 1175 1729 1231 scilicet
1782 1173 2069 1246 pastoralis

462 1282 607 1322 curae
636 1281 774 1321 onus
803 1265 1018 1321 facilius
1052 1265 1399 1330 sustineatur,
1431 1281 1531 1335 per
1554 1264 1753 1319 multos
1783 1263 2038 1317 divisum.

534 1364 705 1419 Vens.
740 1367 791 1418 6.
821 1395 889 1405 -
930 1365 1063 1421 Sine
1092 1364 1353 1419 crimine.
1389 1362 1443 1417 Si
1474 1361 1719 1430 dixisset,
1774 1360 1893 1415 sine
1928 1376 2065 1431 pec-

464 1461 606 1518 cato,
657 1453 838 1507 nullus
867 1452 922 1507 in
951 1452 1196 1508 Ecclesia
1226 1459 1370 1507 recte
1395 1458 1583 1522 posset
1625 1450 1865 1506 ordinari
1906 1448 2069 1503 mini-

465 1549 597 1597 ster.
631 1541 780 1596 Multi
810 1541 954 1596 enim
995 1540 1247 1612 baptizati
1277 1539 1468 1595 ﬁdeles
1501 1548 1622 1594 sunt
1666 1539 1784 1593 sine
1814 1537 2065 1604 crimine,

466 1630 584 1686 sine
630 1637 854 1701 peccato
898 1645 1031 1686 vero
1078 1630 1133 1684 in
1183 1631 1287 1684 hac
1333 1629 1439 1684 vita
1486 1627 1760 1683 neminem
1798 1626 2066 1691 dixerim;

460 1734 568 1774 non
598 1719 725 1791 quia
743 1719 949 1790 peccati
970 1718 1172 1791 aliquid
1195 1725 1470 1773 remaneat
1491 1717 1635 1788 quod
1654 1716 1708 1770 in
1741 1715 2071 1786 baptismate

2165 534 2266 589 bus
2295 533 2623 589 dissentiunt
2653 533 2719 588 ab
2759 548 2844 590 eo.
2896 533 3155 606 Quisquis
3185 532 3340 589 factis
3387 542 3559 605 negat
3602 534 3774 589 Chri-

2169 630 2310 678 stum
2341 622 2706 679 Antichristus
2735 630 2837 678 est.
2886 623 3046 678 Tales
3095 630 3221 677 sunt
3266 638 3458 677 omnes
3500 623 3635 677 mali
3677 639 3776 678 ea-

2166 712 2369 778 tholici,
2404 711 2493 783 qui
2524 727 2631 767 non
2657 711 2860 781 verbis,
2891 712 2989 767 sed
3010 710 3162 768 factis
3182 719 3403 784 negant.
3422 710 3603 767 Nolite
3632 728 3771 786 ergo

2168 816 2292 856 esse
2319 808 2575 872 tanquam
2604 798 2673 855 de
2704 798 2832 870 ﬁde,
2864 801 3063 871 securi,
3110 800 3393 872 adjungite
3438 797 3569 854 ﬁdei
3606 809 3771 856 recte:

2167 888 2334 945 vitam
2388 896 2609 956 rectam,
2669 896 2727 943 ut
2782 888 3054 945 Christum
3081 887 3469 954 conﬁteamini,
3502 896 3556 942 et
3591 888 3776 945 verbis

2168 994 2294 1035 vera
2323 978 2592 1044 docendo,
2626 985 2678 1032 et
2707 977 2862 1034 factis
2885 977 3027 1034 bene
3050 978 3304 1035 vivendo.
3336 978 3473 1038 Nam
3509 978 3558 1033 si
3587 978 3772 1036 conﬁ-

2169 1066 2355 1122 temini
2400 1066 2581 1122 verbis
2628 1074 2681 1122 et
2728 1081 2836 1123 non
2869 1066 3046 1135 factis,
3097 1067 3234 1124 ﬁdes
3263 1078 3470 1128 tantum
3516 1087 3771 1129 meorum

2167 1155 2384 1228 proprie
2413 1154 2549 1211 ﬁdes
2579 1163 2661 1211 est
2690 1156 3105 1212 daemoniorum.

2801 1322 3026 1380 CAPUT
3063 1324 3130 1379 II.

2243 1454 2413 1510 Vnus.
2450 1457 2499 1510 1.
2533 1485 2603 1495 -
2640 1456 2718 1512 Tu
2744 1460 2937 1512 autem
2959 1457 3180 1528 loquere
3200 1473 3321 1530 qua:
3341 1458 3541 1515 decent
3560 1475 3773 1516 sanam

2173 1543 2513 1600 doctrinam.
2548 1544 2676 1599 Haec
2697 1552 2823 1599 sunt
2839 1561 2961 1617 quae
2982 1545 3051 1599 ad
3072 1546 3245 1601 bonos
3264 1562 3447 1602 mores
3465 1548 3766 1619 pertinent.

2243 1633 2415 1687 Vnus.
2438 1637 2490 1689 2.
2506 1634 2754 1689 —Senes
2774 1638 2841 1689 ut
2860 1634 3028 1690 sobrii
3046 1635 3185 1690 sint.
3209 1634 3464 1707 (Gaure)
3485 1636 3659 1691 Habet
3681 1654 3774 1691 se-

2172 1728 2363 1777 nectus
2392 1720 2522 1777 vitia
2556 1722 2805 1794 quaedam
2834 1722 3071 1793 propria,
3122 1730 3175 1778 et
3203 1725 3422 1779 morbos
3450 1724 3648 1796 quibus
3673 1727 3773 1793 ju-

462 1823 572 1864 non
603 1808 922 1873 dimittatur,
972 1808 1070 1862 sed
1101 1807 1230 1878 quia
1258 1806 1314 1860 in
1344 1806 1502 1861 nobis
1542 1805 1596 1859 in
1635 1805 1794 1876 hujus
1823 1804 1950 1859 vitae
1975 1803 2065 1857 in-
2092 1804 2146 1865 B
2176 1818 2369 1866 ventus
2399 1819 2567 1866 caret,
2598 1812 2667 1866 Ει
2693 1811 2810 1882 ipsa
2848 1826 3069 1883 quoque
3109 1820 3360 1868 senectus
3397 1813 3616 1868 morbus
3658 1822 3769 1882 est,

464 1895 711 1951 ﬁrmitate
756 1895 1101 1950 manentibus
1148 1894 1387 1967 quotidie
1431 1894 1549 1948 ﬁeri
1596 1909 1704 1948 non
1760 1894 2062 1964 quiescunt,

468 2000 589 2056 quae
616 1984 848 2039 ﬁdeliter
877 1983 1157 2038 orantibus
1187 1983 1428 2054 quotidie
1455 1982 1817 2037 remittantur.
1864 1981 2065 2050 Quam-

473 2072 607 2127 libet
633 2072 792 2128 valde
833 2073 1038 2140 justum
1069 2071 1328 2127 discutias
1357 2070 1413 2126 in
1444 2072 1547 2126 hac
1575 2070 1704 2136 vita,
1734 2084 1843 2124 non
1877 2077 1958 2124 est
1985 2076 2066 2123 ta-

471 2177 598 2217 men
627 2160 744 2217 sine
773 2168 1020 2233 peccato.

545 2251 719 2309 Unius
741 2251 941 2306 uxoris
955 2250 1159 2306 virum.
1175 2249 1438 2318 (HIERON.
1456 2249 1637 2321 Epist.
1652 2248 1724 2303 ad
1738 2245 2065 2317 Oceanum.)

467 2339 596 2394 Post
623 2336 970 2410 baptismum,
1005 2346 1132 2404 etc.,
1164 2353 1339 2411 usque
1365 2337 1441 2398 ad
1458 2336 1581 2408 quia
1609 2344 1692 2391 est
1720 2336 1791 2390 ab
1819 2351 1929 2390 uno
1949 2336 2065 2391 Deo

465 2434 791 2499 apostatare,
823 2435 877 2483 et
905 2428 961 2481 in
988 2426 1209 2481 alterius
1240 2425 1680 2497 superstitionem
1711 2423 1811 2480 ire.

537 2516 707 2573 Filios
736 2516 945 2572 habens
962 2515 1173 2586 ﬁdeles.
1204 2514 1265 2570 Id
1292 2522 1394 2581 est,
1418 2529 1522 2571 nec
1552 2512 1742 2569 saltem
1762 2513 1831 2568 de
1854 2512 2064 2567 luxuria

465 2612 769 2671 accusatos,
813 2604 903 2660 vel
933 2604 1036 2661 sibi
1064 2619 1173 2660 non
1205 2603 1468 2660 subditos.
1518 2603 1772 2673 Alioquin
1802 2616 1905 2658 nec
1937 2616 2064 2671 spes

463 2691 521 2750 in
540 2693 632 2749 illo
654 2701 737 2749 est
755 2692 1067 2764 corrigendi
1086 2693 1241 2759 alios,
1276 2707 1379 2749 nec
1397 2690 1629 2747 frontem
1648 2690 1815 2747 habet
1834 2690 1905 2746 ad
1925 2690 2064 2745 alios

465 2782 650 2837 talium
679 2780 1038 2839 cobabitator.

538 2897 713 2953 Vnus.
745 2897 799 2953 7.
832 2927 900 2937 —
934 2897 1163 2969 Oportet
1191 2896 1365 2952 enim.
1400 2893 1547 2950 Talis
1575 2894 1741 2950 debet
1767 2892 2021 2950 constitui
2047 2910 2060 2947 :

465 3001 693 3043 necesse
740 2993 825 3041 est
870 2985 1015 3042 enim
1058 2984 1127 3039 ad
1172 2983 1545 3039 tractationem
1591 2981 1752 3038 ofﬁcii
1792 2998 1916 3038 eum
1946 2998 2065 3039 esse

465 3077 590 3131 sine
620 3076 880 3139 crimine,
931 3074 989 3128 id
1035 3080 1119 3128 est
1142 3071 1679 3143 irreprehensibilem
1725 3070 2060 3141 episcopum.

2165 1898 2308 1953 inest
2337 1899 2412 1953 illi
2444 1908 2621 1955 tamen
2648 1908 2911 1970 praeterea
2937 1900 3200 1971 segnities
3227 1901 3476 1972 quaedam
3503 1916 3569 1957 ac
3598 1902 3771 1956 tardi-

2167 1993 2272 2056 tas,
2306 1986 2506 2043 oblivio
2536 1988 2820 2058 profunda,
2854 1988 3065 2044 obtusio
3095 2005 3355 2044 sensuum
3375 1997 3428 2046 et
3457 1990 3764 2046 iracundia.

2168 2075 2303 2132 Sunt
2331 2076 2477 2131 enim
2502 2076 2735 2148 plurima
2764 2094 2888 2149 quae
2915 2078 2973 2133 in
2999 2077 3310 2147 bujusmodi
3338 2086 3493 2136 aetate
3521 2079 3610 2136 vix
3643 2077 3774 2135 ﬁeri

2175 2164 2465 2235 patiantur.

2245 2254 2408 2310 Vnus.
2434 2257 2486 2309 3.
2509 2284 2578 2295 —
2595 2255 2659 2310 In
2681 2255 2879 2312 habitu
2891 2259 3108 2312 sancto.
3135 2256 3202 2311 Ut
3239 2255 3449 2313 scilicet
3467 2271 3655 2313 earum
3686 2257 3778 2313 in-

2167 2356 2375 2411 cessus,
2407 2351 2604 2408 motus,
2637 2343 2834 2409 vultus,
2867 2358 3048 2400 sermo
3075 2343 3363 2417 praeferant
3404 2346 3777 2402 sanctitatem.
3864 2371 3869 2377 ⁴

2169 2433 2287 2488 Non
2308 2433 2437 2489 vino
2461 2434 2658 2489 multo.
2684 2433 2868 2488 Solent
2888 2433 3037 2488 enim
3056 2449 3179 2489 esse
3201 2434 3469 2505 quaedam,
3494 2452 3615 2507 qua
3634 2451 3770 2491 cor-

2165 2521 2315 2592 poris
2332 2520 2658 2594 frigescente
2671 2522 3031 2589 luxuria,vino
3047 2538 3108 2579 se
3125 2539 3224 2594 pro
3241 2522 3465 2579 libidine
3484 2523 3780 2581 dederunt.

2237 2609 2411 2664 Vnus.
2450 2612 2504 2666 ἕ..
2553 2638 2623 2652 -
2668 2614 2734 2669 Ut
2758 2613 2904 2668 viros
2934 2628 3079 2668 suos.
3133 2610 3284 2681 Quos
3312 2613 3542 2669 naturali
3567 2611 3776 2670 aﬂ'ectu

2164 2698 2482 2754 naturaliter
2512 2698 2764 2772 diligunt,
2816 2708 2995 2755 ament
3035 2699 3200 2755 etiam
3228 2701 3421 2771 pudica
3450 2701 3770 2771 dilectione,

2165 2793 2225 2842 ut
2253 2787 2460 2843 scilicet
2489 2803 2613 2842 cum
2639 2789 2847 2860 pudore
2877 2787 3007 2844 viris
3034 2786 3275 2846 debitum
3303 2789 3484 2862 potius
3510 2790 3770 2859 reddant,

2165 2890 2328 2947 quam
2355 2875 2593 2948 exigant.

2237 2964 2407 3020 Vnus.
2432 2968 2483 3019 5.
2505 2995 2574 3006 -
2593 2967 2662 3022 Ut
2688 2982 2805 3022 non
2831 2966 3269 3039 blasphematur.
3289 2966 3406 3025 Hoc
3425 2967 3497 3022 ad
3526 2983 3690 3024 senes
3713 2977 3774 3026 et

2165 3051 2233 3107 ad
2261 3052 2445 3109 omnia
2475 3053 2758 3124 superiora
2785 3061 2964 3125 potest
2984 3053 3201 3120 referri,
3223 3054 3377 3127 quasi
3406 3055 3554 3112 dicat
3582 3074 3597 3111 :
3628 3056 3776 3112 Hor-

465 3162 565 3219 Hic
593 3169 781 3232 aperte
808 3160 1045 3217 ostendit
1071 3160 1517 3232 presbyterorum
1536 3158 1757 3215 nomine
1777 3159 2063 3230 episcopos
2085 3163 2134 3226 C.
2163 3149 2277 3232 iam
2308 3158 2491 3232 SeneSg
2524 3149 2577 3232 βε
2603 3158 2762 3232 anus;
2798 3151 2851 3232 βε
2890 3142 3337 3232 δάριεεοθηίυιειε,
3381 3150 3441 3199 ιιι
3470 3143 3547 3199 ita
3575 3160 3639 3201 5°
3664 3146 3774 3200 h3-

467 3263 641 3323 supra
669 3249 839 3305 fuisse
870 3249 1206 3320 designatos.

535 3366 707 3422 Vnus.
724 3368 776 3421 9.
793 3367 976 3422 —Eos
997 3367 1092 3438 qui
1112 3363 1537 3431 contradicunt,
1552 3379 1808 3436 arguere.
1825 3362 2061 3419 Contra-

466 3454 707 3512 dicentes
737 3469 849 3510 non
875 3468 984 3510 uno
1011 3454 1176 3510 modo
1203 3452 1543 3527 intelligendi
1574 3460 1716 3519 sunt,
1748 3450 2064 3524 paucissimi

467 3543 668 3617 quippe
695 3543 854 3598 nobis
883 3542 1263 3599 contradicunt
1286 3541 1578 3614 loquendo,
1615 3541 1712 3597 sed
1741 3540 1893 3596 multi
1919 3540 2064 3596 male

466 3631 721 3689 vivendo.
753 3630 888 3701 Quis
918 3631 1062 3687 enim
1092 3631 1255 3686 audet
1274 3630 1614 3702 apertissime
1633 3629 1909 3702 loquendo
1939 3644 2066 3685 con-

465 3720 728 3777 tradicere
757 3720 993 3778 veritati.
1015 3720 1138 3776 Non
1155 3721 1532 3777 contradicunt
1552 3718 1706 3775 multi
1733 3719 1938 3793 lingua,
1965 3719 2064 3776 sed

465 3810 573 3866 vita
604 3828 617 3865 :
653 3825 791 3882 quos
818 3810 1153 3882 redarguere
1183 3809 1387 3865 bonum
1406 3824 1544 3881 opus
1564 3815 1667 3875 est,
1701 3807 1930 3880 grandis
1956 3824 2068 3864 sar-

466 3899 609 3966 cina,
642 3898 815 3956 clivus
847 3898 1081 3954 arduus.

536 4013 708 4069 Vnus.
742 4017 829 4071 12.
862 4044 933 4055 ——
960 4015 1128 4070 Dixit
1155 4014 1385 4087 quidam
1415 4027 1489 4069 ex
1517 4012 1660 4068 illis.
1692 4012 1883 4083 (Ave,
1905 4011 2001 4067 lib.
2027 4026 2067 4068 ιι

463 4106 665 4159 contra
685 4102 1077 4159 adversarium
1098 4103 1204 4174 leg.
1228 4106 1287 4157 et
1299 4100 1586 4175 praphet.)
1607 4100 1713 4155 Iste
1734 4099 1833 4155 fuit
1856 4099 2069 4171 Epime-

466 4190 625 4246 nides
655 4188 948 4254 Cretensis,
980 4190 1037 4245 in
1064 4189 1217 4259 cujus
1245 4189 1397 4244 libris
1440 4190 1543 4245 hoc
1590 4188 1881 4255 invenitur,
1933 4196 2063 4257 etc.,

467 4294 641 4352 usque
662 4279 735 4334 ad
752 4277 821 4333 ad
841 4277 1195 4333 ministerium
1226 4276 1419 4332 domus
1438 4276 1540 4332 Dei
1556 4276 1941 4332 assumendum
1962 4284 2065 4333 est.

540 4368 713 4423 Vsus.
746 4367 833 4422 14.
867 4396 936 4406 -
988 4365 1283 4422 Mandatis.
1330 4364 1467 4434 Quia
1494 4365 1747 4420 mandata
1776 4365 1917 4438 legis
1946 4372 2069 4436 post

466 4454 811 4512 manifestam
839 4455 1142 4521 veritatem,
1171 4454 1282 4524 jam
1309 4453 1609 4523 hominum,
1640 4469 1751 4509 non
1779 4453 1883 4509 Dei
1908 4468 2065 4509 man-

468 4546 591 4601 data
620 4551 762 4599 sunt.

540 4651 709 4706 Vnus.
735 4653 823 4705 15.
848 4680 918 4692 -—
942 4651 1143 4708 Omnia
1169 4649 1384 4707 munda
1413 4649 1664 4706 mundis.
1700 4650 1816 4704 Hoc
1845 4648 1950 4720 ipsi
1970 4665 2066 4704 ne-

471 4747 605 4814 gant
631 4738 776 4805 ideo,
811 4739 935 4812 quia
964 4739 1021 4795 in
1047 4739 1175 4813 lege
1206 4738 1454 4811 quaedam
1502 4739 1720 4810 Moyses
1765 4737 2063 4809 prohibuit,

473 4836 526 4885 et
557 4828 627 4884 ab
652 4828 946 4885 immundis
965 4829 1167 4885 munda
1186 4827 1464 4884 discrevit.
1487 4828 1605 4883 Hoc
1623 4833 1803 4883 autem
1833 4842 1943 4882 non
1973 4842 2066 4882 se-

470 4915 709 4975 cundum
750 4925 971 4973 naturas
1003 4934 1141 4990 quas
1164 4918 1316 4973 Deus
1347 4915 1572 4985 creavit,
1621 4914 1851 4987 intelligi
1878 4915 2063 4982 voluit,

473 5008 572 5064 sed
622 5007 921 5063 secundum
966 5004 1396 5080 signiﬁcationes
1426 5023 1441 5060 :
1474 5003 1671 5060 Omnia
1699 5019 1834 5077 ergo
1862 5004 2069 5060 munda

411 5120 433 5141 ο
474 5104 598 5152 sunt
625 5094 844 5151 mundis
883 5094 1183 5151 secundum
1223 5102 1512 5161 naturam;
1556 5094 1700 5149 unde
1729 5092 1785 5147 in
1816 5092 2018 5149 Genesi
2050 5109 2063 5146 :

484 5184 632 5240 Vidit
660 5185 806 5239 Deus
830 5186 1038 5240 cuncta
1057 5198 1178 5255 qua:
1196 5185 1430 5253 fecerat,
1463 5186 1521 5237 et
1540 5185 1707 5239 erant
1721 5181 1881 5238 valde
1902 5183 2063 5238 bona.

476 5271 789 5328 Secundum
845 5269 1271 5343 signiﬁcationes
1330 5271 1577 5342 quaedam
1624 5270 1899 5325 immunda
1946 5277 2070 5325 sunt

472 5359 674 5415 Iudaeis
709 5377 723 5413 :
755 5375 857 5415 nec
884 5358 1042 5414 nobis
1072 5359 1251 5414 omnia
1280 5366 1406 5431 apta
1433 5366 1573 5427 sunt,
1606 5358 1693 5414 vel
1722 5367 1944 5432 propter
1972 5374 2068 5413 sa-

473 5450 640 5505 lutem
672 5463 978 5520 corporum,
1003 5447 1088 5505 vel
1108 5456 1333 5520 propter
1351 5448 1796 5505 consuetudinem
1816 5448 2070 5503 humanae

476 5536 771 5595 societatis.

546 5626 716 5683 Vnus.
742 5629 828 5681 16.
852 5656 921 5666 -
944 5627 1129 5683 Factis
1149 5630 1362 5683 autem.
1388 5626 1445 5683 Si
1472 5624 1693 5698 negatio
1719 5641 1830 5681 non
1861 5632 2070 5681 tantum

478 5716 664 5790 lingua
704 5714 780 5787 ﬁt,
834 5715 930 5774 sed
958 5715 1117 5774 etiam
1147 5715 1320 5785 factis,
1372 5722 1519 5772 certe
1544 5714 1743 5772 multos
1766 5714 2071 5771 invenimus

2091 4525 2145 4585 D

2164 3230 2325 3287 beant
2346 3238 2406 3285 ut
2428 3230 2560 3297 dixi,
2623 3231 2770 3303 quod
2798 3230 2922 3288 ideo
2952 3231 3131 3290 facere
3159 3232 3361 3289 debent
3386 3241 3447 3289 ut
3472 3248 3585 3289 non
3611 3232 3769 3289 blas-

2163 3319 2464 3390 phemetur,
2498 3327 2603 3376 etc.

2235 3409 2406 3463 Vnus.
2456 3410 2511 3462 '1.
2563 3438 2633 3450 —-
2673 3409 2739 3464 In
2781 3410 3056 3476 omnibus,
3099 3416 3208 3467 etc.
3255 3408 3448 3467 Omnis
3476 3409 3628 3466 enim
3675 3412 3771 3484 qui

2164 3496 2305 3552 male
2333 3496 2465 3554 vivit
2515 3498 2572 3552 in
2616 3505 2913 3569 conspectu
2961 3513 3150 3554 eorum
3198 3498 3395 3570 quibus
3438 3497 3768 3572 praepositus

2166 3593 2267 3655 est,
2304 3593 2563 3657 quantum
2592 3584 2648 3641 in
2679 3584 2798 3658 ipso
2827 3593 2909 3642 est
2937 3585 3137 3642 occidit
3162 3601 3288 3654 eos;
3332 3586 3544 3643 etiamsi
3570 3586 3651 3643 illi
3679 3587 3766 3643 vi-

2167 3681 2316 3739 vunt,
2349 3673 2419 3729 de
2449 3673 2823 3731 misericordia
2852 3673 2953 3729 Dei
2983 3674 3183 3731 vivunt.

2236 3762 2408 3818 Vnus.
2446 3765 2533 3818 10.
2586 3793 2648 3805 -—
2713 3764 2778 3821 Ut
2806 3763 3125 3820 doctrinam
3152 3763 3482 3821 Saluatoris.
3532 3764 3655 3821 Hoc
3682 3780 3774 3821 re-

2166 3849 2337 3907 fertur
2361 3851 2431 3906 ad
2458 3850 2642 3906 omnia
2667 3851 2943 3923 praedicta,
2971 3851 3179 3909 scilicet
3214 3852 3284 3908 ad
3311 3868 3493 3922 senes,
3528 3861 3582 3908 et
3607 3868 3768 3919 anus,

2167 3946 2221 3995 et
2250 3954 2458 4009 servos,
2491 3940 2649 4012 quasi
2679 3940 2825 3997 dicat
2853 3958 2865 3995 :
2890 3942 3126 3997 ‘Hortare
3157 3956 3349 3997 omnes
3376 3939 3696 4014 praedictos,
3717 3950 3778 3997 ut

2167 4026 2240 4083 ita
2270 4044 2330 4084 se
2361 4027 2595 4085 habeant
2638 4027 2777 4086 sicut
2823 4028 3202 4101 praescriptum
3231 4037 3332 4095 est,
3383 4037 3441 4084 ut
3468 4029 3542 4084 ita
3570 4039 3773 4087 ornent

2167 4117 2223 4171 in
2272 4116 2482 4172 actibus
2530 4116 2643 4172 suis
2673 4116 2977 4174 doctrinam
3007 4117 3317 4187 Salvatoris,
3369 4125 3473 4175 etc.
3529 4117 3767 4175 Orneut.

2167 4203 2557 4261 Ornamentum
2590 4207 2828 4264 doctoris
2857 4214 2941 4261 est
2967 4207 3190 4263 honesta
3220 4205 3328 4262 vita
3352 4206 3629 4279 discipuli.

2240 4293 2416 4350 Vnus.
2456 4297 2543 4349 11.
2567 4325 2637 4336 -—
2655 4295 2932 4369 Apparuit
2951 4296 3127 4352 enim.
3150 4294 3318 4365 Quasi
3334 4294 3479 4351 dicat
3513 4312 3527 4348 :
3561 4294 3771 4353 Omnes

2166 4381 2424 4438 monendi
2481 4391 2622 4450 sunt,
2678 4383 2802 4455 quia
2858 4384 3113 4439 omnibus
3159 4393 3317 4438 natus
3363 4391 3448 4438 est
3492 4383 3765 4451 Christus,

2165 4471 2373 4527 nullum
2400 4470 2646 4529 exclusit.
2680 4471 2799 4539 Vel,
2835 4472 3051 4539 Gratia,
3081 4471 3138 4527 id
3164 4480 3252 4528 est
3279 4471 3534 4529 Christus
3561 4472 3656 4544 qui
3687 4480 3775 4528 est

2165 4560 2345 4632 gratia
2371 4560 2493 4616 Dei.
2524 4560 2623 4616 Vel
2650 4562 2841 4633 gratia
2868 4562 2971 4616 Dei
3002 4565 3061 4617 et
3086 4562 3413 4626 Salvatoris,
3446 4568 3574 4626 etc.,
3610 4560 3668 4615 id
3687 4570 3773 4617 est

2165 4649 2315 4705 Deus
2359 4656 2414 4704 et
2459 4649 2704 4705 Salvator
2733 4657 2935 4715 noster,
2969 4649 3178 4706 scilicet
3205 4650 3306 4705 Dei
3335 4650 3522 4717 Filius,
3548 4651 3652 4706 etsi
3680 4651 3772 4706 in-

2166 4736 2395 4793 visibilis
2415 4737 2485 4793 sit
2502 4737 2559 4792 in
2583 4736 2757 4794 forma
2783 4738 2903 4807 Dei,
2934 4744 3116 4794 tamen
3149 4753 3250 4811 per
3268 4738 3501 4810 gratiam
3519 4738 3772 4811 apparuit

2165 4824 2221 4880 in
2250 4825 2425 4882 forma
2456 4826 2622 4883 servi.

2238 4915 2410 4971 Vnus.
2447 4919 2533 4971 13.
2567 4944 2641 4959 —
2669 4916 2742 4971 Et
2769 4916 3073 4973 adventum
3089 4917 3284 4989 gloriae
3301 4917 3494 4987 magni
3513 4916 3637 4987 Dei,
3662 4924 3767 4972 etc.

2168 5001 2273 5072 Qui
2303 5019 2411 5061 non
2439 5004 2493 5060 in
2522 5005 2828 5062 inﬁrmitate
2847 5012 2905 5060 ut
2922 5003 3091 5078 prius,
3118 5004 3218 5061 sed
3244 5004 3299 5059 in
3319 5004 3494 5076 gloria
3522 5013 3575 5060 et
3602 5013 3767 5077 pote-

2168 5099 2309 5149 state
2336 5094 2516 5151 veniet
2560 5094 2780 5167 praemia
2819 5094 3044 5151 daturus
3084 5093 3385 5150 secundum
3417 5093 3628 5161 merita,
3681 5095 3772 5167 qui

2167 5179 2222 5234 in
2250 5181 2429 5251 primo
2457 5184 2691 5239 adventu
2719 5183 2857 5238 adeo
2888 5182 3106 5238 humilis
3132 5181 3248 5252 fuit,
3272 5181 3419 5254 quod
3448 5197 3560 5237 non
3591 5183 3773 5238 solum

2169 5270 2420 5336 erudivit,
2437 5273 2536 5328 sed
2555 5272 2714 5327 etiam
2732 5271 2881 5326 dedit
2897 5271 3306 5342 semeptipsum.
3328 5271 3677 5328 Seetatorem
3692 5273 3773 5329 bo-

2169 5374 2372 5414 norum
2384 5376 2638 5433 operum,
2653 5368 2755 5416 etc.
2773 5359 2913 5429 Quia
2934 5360 3003 5414 ad
3016 5360 3122 5416 hoc
3136 5358 3363 5413 redemit
3381 5374 3484 5414 nos
3496 5359 3767 5429 Christus,

2170 5454 2227 5501 ut
2254 5464 2443 5518 puram
2474 5448 2640 5505 vitam
2672 5456 2947 5504 sectantes
2976 5456 3029 5503 et
3073 5448 3268 5520 repleti
3295 5448 3559 5519 operibus
3587 5447 3766 5514 bonis,

2169 5535 2271 5592 Dei
2298 5537 2548 5594 haeredes
2576 5553 2698 5594 esse
2725 5537 3019 5609 possimus.

2243 5627 2413 5682 Vnus.
2439 5630 2525 5682 15.
2548 5627 2814 5700 —Argue
2834 5644 2965 5683 cum
2996 5628 3170 5691 omni,
3204 5633 3307 5681 etc.
3342 5624 3412 5681 Ut
3442 5640 3555 5680 non
3577 5640 3770 5696 aspere

2171 5714 2485 5788 accipiatur,
2517 5732 2641 5773 cum
2661 5730 2759 5788 pro
2790 5716 2959 5772 salute
2986 5714 3106 5772 ﬁeri
3135 5714 3321 5771 scitur.
