3964 6178
99 168 191 221 6H

720 285 966 341 CAPUT.
999 285 1090 341 III.

166 405 339 458 Vnus.
384 407 436 458 1.
468 433 538 445 —
558 403 638 458 Ad
665 419 832 459 omne
850 420 1008 475 opus,
1041 411 1143 459 etc.
1167 403 1334 472 Quasi
1365 404 1544 460 dicat:
1575 405 1692 460 Ad-

104 508 270 557 mone,
304 501 366 546 ut
387 493 458 547 ad
473 492 678 546 malum
705 492 848 546 tardi
879 493 1005 562 sint,
1031 493 1128 548 sed
1161 493 1230 548 ad
1269 493 1473 548 bonum
1493 493 1688 565 parati,

101 582 325 637 scientes
357 581 507 653 quod
556 581 789 653 singulis
814 581 1055 652 persolvi
1113 591 1382 654 oporteat,
1418 583 1542 654 quia
1572 582 1689 638 sin-

98 671 229 743 gulis
257 678 506 742 paratur.

158 785 327 839 Vnus.
365 788 418 839 3.
442 786 763 839 —Eramus
793 785 948 840 enim
978 788 1034 840 et
1065 800 1166 841 nos
1213 785 1537 858 aliquando.
1575 783 1691 840 Etsi

92 873 402 945 philosophi
423 881 607 928 essent
637 874 861 945 quidam
888 881 1156 944 nostrum,
1197 889 1332 929 vera
1378 882 1561 930 tamen
1605 889 1690 929 sa.

93 962 289 1033 pientis.
321 963 611 1018 carebant.

157 1077 326 1132 Vens.
366 1080 512 1133 4.-
541 1079 888 1150 Benignitas,
924 1085 1028 1134 etc.
1064 1077 1170 1133 Per
1217 1092 1382 1150 quam
1414 1078 1556 1134 dona
1587 1095 1685 1135 no-

91 1167 166 1222 bis
194 1166 499 1238 spiritualia
527 1166 743 1221 abunde
775 1166 982 1222 tribuit.

154 1283 327 1337 Vnus.
356 1286 444 1336 10.
464 1312 534 1324 —
553 1283 891 1338 Hcereticum
949 1281 1256 1338 hominem.
1281 1283 1577 1339 Haereticus
1607 1291 1691 1339 est

93 1371 175 1442 qui
227 1387 336 1442 per
377 1371 545 1427 verba
587 1370 729 1443 legis
786 1371 968 1443 legem
1016 1371 1302 1444 impugnat
1343 1390 1358 1426 :
1405 1372 1690 1443 proprium

95 1460 231 1514 enim
261 1475 496 1514 sensum
523 1459 717 1514 astruit
747 1475 813 1514 ex
860 1459 1046 1516 verbis
1092 1461 1253 1532 legis,
1278 1469 1334 1515 ut
1373 1461 1690 1531 pravitatem

96 1549 292 1604 mentis
325 1564 442 1604 suae
471 1548 614 1619 legis
642 1548 962 1604 auctoritate
1000 1547 1303 1615 conﬁrmet,
1341 1550 1434 1620 qui
1487 1549 1690 1614 vitandi

1066 161 1338 220 GLOSSA
1375 161 1786 220 ORDINARIA.
1827 191 1896 204 —
1931 162 2148 219 EPIST.
2177 163 2272 220 AD
2299 163 2578 220 PHILEM.

3287 169 3390 224 642

1715 292 1957 352 Asunt:
2005 288 2128 359 quia
2166 288 2501 360 frequentius
2547 287 2783 345 correcti
2831 287 3236 345 exercitatiores
3295 306 3384 346 es.

1795 386 1916 432 sent
1945 375 2014 431 ad
2046 376 2270 432 malum.

1864 467 2032 521 Vnas.
2058 469 2144 522 11.
2177 497 2247 507 —
2276 468 2507 538 Propria
2523 467 2754 534 iudicio.
2795 466 2866 522 Se
2897 467 3122 523 damnat
3180 467 3272 539 qui
3304 483 3392 523 er-

1794 571 1979 609 rorem
1998 555 2204 620 laudat,
2229 562 2281 610 et
2301 554 2585 610 veritatem
2614 555 2904 626 vituperat.

1863 662 2031 716 Vens.
2057 664 2142 715 13.
2173 691 2244 702 -ο
2273 663 2484 717 Zenam
2509 663 2912 734 legisperitum.
2946 662 3063 718 Hoc
3092 662 3240 732 dicit,
3281 678 3395 718 non

1791 749 1920 820 quia
1947 749 2171 820 peritior
2199 749 2273 804 ait
2302 751 2515 821 Apollo,
2550 751 2647 805 sed
2679 751 2805 821 quia
2836 751 2998 820 hujus
3034 751 3393 821 professionis

1791 847 1908 892 erat
1937 838 1993 892 in
2023 839 2339 911 Synagoga.
2373 840 2584 910 Apollo.
2618 839 2924 910 Episcopus
2956 839 3054 893 fuit
3079 839 3391 895 Corinthio-

1789 942 1931 993 rum,
1966 927 2058 998 qui
2086 936 2311 997 propter
2354 927 2677 982 seditionem
2721 927 3048 983 concitatam
3090 929 3390 984 adversum

1792 1032 1851 1070 se
1881 1031 1915 1069 a
1942 1015 2416 1086 pseudoapostolis
2433 1016 2902 1072 discesseratcum
2933 1019 3078 1071 Zena
3107 1017 3258 1072 socio
3284 1033 3383 1072 suo

1790 1103 1862 1158 ad
1889 1103 2068 1157 Titum
2097 1104 2416 1159 Cretensem
2446 1103 2782 1175 episcopum.
2821 1105 2930 1160 Sed
2963 1105 3258 1160 Corinthiis
3274 1105 3389 1174 jam

1793 1192 1996 1247 sedatis
2025 1209 2125 1263 per
2153 1192 2413 1263 epistolas
2435 1193 2586 1247 Pauli
2603 1194 2826 1248 mandat
2842 1194 2980 1263 Tito,
3003 1194 3396 1266 utpriusquam

1789 1281 1975 1336 veniat
2003 1281 2330 1352 Nicopolim,
2365 1282 2657 1352 praemittat
2687 1298 2783 1337 eos
2830 1283 2907 1336 ita
2959 1282 3135 1352 solite,
3169 1291 3228 1338 ut
3257 1282 3392 1338 nihil

1792 1369 1848 1424 in
1877 1371 2075 1426 viatico
2105 1370 2210 1424 illis
2228 1371 2389 1425 desit.
2414 1373 2479 1428 Ut
2500 1371 2667 1437 nihil,
2703 1378 2807 1427 etc.
2835 1371 2963 1426 Ideo
2974 1371 3130 1440 jubet
3148 1380 3396 1442 sumptus

1793 1459 1898 1514 illis
1929 1460 2274 1515 necessarios
2304 1461 2443 1529 dari,
2478 1460 2606 1531 quia
2626 1460 2853 1532 dignum
2885 1468 3021 1527 erat,
3058 1468 3114 1514 ut
3145 1460 3236 1532 qui
3286 1459 3400 1531 spi-

1793 1549 2006 1604 ritualia
2035 1549 2344 1618 tradebant,
2380 1565 2490 1603 non
2519 1549 2624 1603 illis
2655 1549 2912 1605 deessent
2928 1549 3194 1605 carnalia.

1127 1782 1585 1855 EPISTOLA
1633 1784 1764 1855 AD
1816 1784 2465 1858 PHILEMONEM.

611 1955 1123 2014 ARGUMENTUM.

153 2070 468 2127 Philemoni
499 2071 794 2128 familiares
835 2071 1050 2141 litteras
1107 2071 1237 2128 facit
1266 2088 1368 2144 pro
1428 2073 1690 2130 Onesimo

95 2177 248 2216 servo
282 2163 428 2231 ejus,
483 2161 729 2216 scribens
758 2161 808 2216 ei
853 2161 922 2215 ab
953 2161 1088 2218 urbe
1148 2162 1323 2218 Roma
1368 2162 1438 2219 de
1468 2178 1692 2220 carcere

93 2267 184 2321 per
203 2250 651 2322 suprascriptum
681 2249 1020 2306 Onesimum.

598 2393 824 2450 CAPUT
857 2394 1143 2450 UNICUM.

160 2512 336 2566 Vnus.
376 2512 742 2566 1.-—-Paulu—s
771 2512 1015 2566 vinctus.
1038 2510 1161 2564 Non
1181 2509 1328 2577 dicit,
1355 2512 1648 2582 Apostolus
1675 2531 1692 2566 :

97 2601 230 2672 quod
263 2609 358 2655 est
377 2616 580 2655 nomen
599 2599 900 2670 dignitatis,
933 2600 1031 2654 sed
1052 2599 1282 2666 vinctus,
1310 2599 1456 2670 quod
1485 2608 1568 2654 est
1590 2615 1694 2654 no-

95 2706 210 2744 men
235 2689 569 2744 humilitatis
599 2706 613 2742 :
649 2689 775 2760 quia
829 2705 940 2743 non
985 2688 1238 2759 imperat,
1274 2689 1370 2744 sed
1419 2696 1562 2743 orat.
1599 2690 1698 2744 Est

95 2778 226 2832 enim
255 2779 358 2834 hic
394 2777 718 2833 intercessio
739 2793 840 2848 pro
862 2776 1124 2832 Onesimo
1158 2795 1170 2830 :
1198 2776 1323 2832 ideo
1353 2794 1476 2848 quae
1505 2778 1693 2833 humi-

94 2865 247 2920 litatis
269 2874 408 2921 sunt
425 2874 813 2921 commemorat
842 2865 1108 2938 incipiens
1127 2866 1196 2919 ab
1235 2866 1430 2934 injuria
1499 2882 1613 2936 sua,
1639 2874 1697 2920 ut

98 2955 415 3025 dignitatern
444 2954 705 3026 EpiSlOIZB
728 2970 839 3008 suae
879 2953 1097 3010 faceret.
1135 2955 1285 3010 Sicut
1314 2955 1458 3009 enim
1487 2955 1698 3026 peccati

98 3058 241 3098 causa
274 3043 481 3099 vinciri
503 3043 856 3114 opprobrium
907 3051 1008 3110 est,
1045 3041 1120 3097 sic
1152 3050 1374 3098 econtra
1401 3058 1504 3114 pro
1550 3044 1700 3100 Chri'

97 3141 171 3187 sto
203 3132 483 3188 custodia:
511 3130 729 3187 vincula
773 3132 1063 3200 sustinere,
1117 3131 1348 3186 maxima
1379 3131 1553 3203 gloria
1595 3141 1694 3188 est.

93 3221 164 3274 Eo
196 3236 340 3294 ergo
373 3228 624 3291 tempore
657 3221 714 3275 in
759 3220 1012 3277 custodia
1056 3228 1188 3274 erat.
1223 3220 1352 3276 Ideo
1383 3220 1457 3274 ait
1499 3237 1560 3276 se
1591 3222 1700 3280 vin-

94 3320 250 3365 ctum.

161 3400 334 3453 Vsus.
373 3401 425 3452 5.
461 3428 527 3438 -
565 3399 741 3466 Quam
772 3398 956 3454 habes.
989 3396 1132 3466 Quia
1163 3396 1308 3453 enim
1336 3397 1391 3451 in
1421 3397 1695 3454 Christum

93 3488 355 3542 credebat
384 3493 438 3541 et
470 3502 596 3542 eum
625 3487 889 3558 diligebat
920 3505 934 3551 ;
978 3486 1179 3542 sanctis
1212 3486 1471 3542 credebat
1517 3496 1572 3542 et
1601 3504 1695 3544 eos

89 3575 375 3648 diligebat,
412 3583 466 3631 et
489 3575 566 3630 ita
594 3592 694 3646 per
723 3591 894 3646 opera
923 3574 1050 3631 fidei
1082 3583 1136 3631 et
1178 3575 1452 3630 charitatis
1483 3575 1695 3633 Christo

91 3665 378 3720 serviebat
409 3669 464 3719 et
485 3664 707 3720 sanctis.

157 3754 336 3808 Vnus.
364 3756 416 3808 6.
451 3783 520 3794 ——
565 3755 630 3810 Ut
671 3753 1131 3811 communicatio.
1175 3754 1343 3825 Quasi
1385 3755 1528 3812 dicat
1561 3774 1574 3810 :
1608 3755 1695 3810 Fi-

88 3840 207 3896 dem
235 3842 420 3896 habes
451 3848 504 3896 et
533 3841 852 3896 charitatem
881 3842 936 3897 in
960 3843 1173 3899 Christo
1203 3852 1257 3899 et
1285 3844 1341 3899 in
1370 3845 1590 3911 sanctis,
1624 3845 1698 3899 ita

89 3939 141 3983 ut
167 3931 620 3988 communicatio
647 3931 781 3999 ﬁdei
831 3936 943 3987 tua:
989 3933 1212 3989 evidens
1254 3934 1378 4003 ﬁat,
1421 3934 1475 3988 id
1507 3941 1608 4000 est,
1639 3941 1699 3988 ut

87 4017 216 4074 ﬁdes
247 4028 349 4074 tua
378 4018 788 4075 communicans
819 4019 946 4075 ﬁdei
975 4029 1180 4077 nostra:
1215 4039 1230 4090 ;
1262 4023 1368 4091 vel,
1389 4021 1536 4095 quod
1571 4021 1695 4077 aliis

89 4123 149 4160 ex
177 4107 289 4164 ﬁde
327 4116 422 4162 tua
478 4109 886 4164 communicans
928 4109 1152 4165 evidens
1210 4110 1298 4166 sit.
1331 4112 1399 4165 Et
1455 4112 1579 4175 hoc,
1633 4112 1698 4166 In

89 4199 386 4266 agnitione
414 4199 622 4252 omnis.
650 4198 710 4250 Id
731 4205 834 4264 est,
869 4196 940 4252 ita
974 4199 1204 4253 evidens
1223 4199 1312 4266 sit,
1372 4200 1476 4254 hoc
1504 4199 1697 4254 merito

89 4293 464 4356 cognoscatur
481 4303 643 4341 omne
674 4286 878 4341 bonum
906 4303 1030 4341 esse
1059 4287 1118 4341 in
1153 4295 1206 4341 te
1249 4304 1349 4358 per
1399 4288 1693 4356 Christum,

90 4374 137 4428 id
165 4383 250 4429 est
284 4375 540 4430 omnium
570 4376 837 4432 bonorum
870 4374 1207 4430 sufficientia.
1258 4377 1325 4432 Ut
1354 4376 1462 4431 ita:
1489 4378 1698 4432 Memor

90 4479 201 4516 sum
231 4465 343 4531 tui,
377 4471 431 4518 et
463 4464 667 4534 gratias
697 4479 804 4536 ago
822 4465 878 4518 in
907 4465 1247 4520 orationibus
1267 4465 1466 4520 habitis
1485 4467 1555 4521 de
1568 4468 1694 4533 hoc,

87 4559 137 4605 ut
154 4554 611 4609 communicat-io
638 4553 774 4621 ﬁdei
798 4557 927 4620 tuae,
951 4553 1011 4607 id
1042 4562 1126 4608 est
1159 4556 1405 4624 Operatio
1436 4553 1562 4609 fidei
1594 4572 1697 4627 qua

1707 1965 1762 2024 Β
1790 1979 1922 2049 mili,
1957 1979 2054 2034 sed
2071 1978 2138 2034 de
2171 1977 2406 2047 sublimi,
2442 1977 2486 2032 si
2519 1994 2577 2034 se
2607 1978 2830 2034 inclinat
2877 1986 2930 2034 et
2973 1978 3246 2034 obsecrat.
3293 1980 3388 2036 Se-

1791 2085 1928 2125 nex.
1955 2067 2084 2124 Seni
2111 2067 2290 2140 magis
2319 2067 2493 2123 aetatis
2537 2067 2888 2122 similitudine
2928 2068 3093 2123 debet
3143 2067 3392 2139 obsequi.

1867 2176 2036 2230 Vnus.
2074 2179 2159 2228 11.
2195 2204 2263 2214 —
2300 2176 2404 2243 Qui
2453 2175 2556 2232 tibi
2595 2175 2919 2247 aliquando,
2971 2182 3073 2231 etc.
3127 2174 3386 2246 (CHRYS.)

1792 2263 1928 2319 Vide
1958 2279 2123 2335 quam
2151 2263 2450 2334 prudenter
2496 2263 2687 2334 ipsius,
2748 2263 2956 2319 scilicet
2987 2263 3252 2332 Onesimi,
3295 2263 3392 2318 de-

1792 2352 1981 2408 lictum
2011 2351 2319 2422 confitetur,
2353 2360 2410 2406 ut
2441 2368 2506 2407 eo
2535 2351 2654 2423 ipso
2698 2353 3012 2425 exstinguat
3054 2352 3397 2408 iracundiam

1795 2441 2033 2507 Domini,
2069 2458 2176 2496 non
2206 2441 2280 2495 ait
2314 2459 2327 2495 :
2359 2441 2518 2496 Nunc
2558 2440 2654 2495 tibi
2712 2441 2855 2496 utilis
2904 2441 3024 2511 erit,
3071 2457 3140 2496 ne
3162 2441 3254 2496 ille
3285 2457 3395 2496 non

1798 2530 2068 2597 crederet,
2106 2531 2202 2585 sed
2231 2547 2526 2600 personam
2558 2545 2775 2602 quoque
2807 2530 3105 2585 introduxit
3136 2545 3311 2599 suam,
3337 2537 3396 2586 ut

1798 2635 1864 2673 ex
1895 2621 1998 2674 hoc
2038 2619 2126 2672 ille
2187 2618 2404 2691 dignius
2445 2635 2672 2690 sperare
2734 2619 2963 2686 meliora
3022 2619 3306 2690 potuisset.
3342 2618 3398 2674 Si

1799 2707 1942 2763 enim
1974 2707 2142 2762 Paulo
2165 2707 2379 2762 futurus
2411 2716 2494 2762 est
2525 2708 2691 2777 utilis,
2726 2708 2818 2780 qui
2863 2717 3070 2764 tantum
3111 2708 3324 2765 virtutis
3346 2715 3400 2764 et

1797 2796 2150 2867 perfectionis
2170 2797 2508 2870 diligentiam
2540 2797 2724 2870 exigit,
2759 2805 2961 2870 quanto
3011 2798 3245 2870 amplius
3275 2797 3393 2854 Do-

1798 2901 1970 2940 mlIIO.

1871 2984 2040 3039 Vens.
2068 2988 2150 3041 12.
2188 3014 2256 3024 -
2291 2986 2356 3041 Ut
2377 2999 2504 3039 mea
2524 2984 2758 3050 viscera,
2779 2991 2885 3040 etc.
2920 2983 3240 3040 Onesimum
3269 3001 3399 3056 pro-

1801 3072 1992 3144 fugum
2026 3081 2404 3128 recurrentem
2435 3073 2506 3127 ad
2536 3073 2781 3128 divinum
2802 3073 3056 3129 auxilium
3085 3089 3210 3130 cum
3257 3081 3404 3130 esset

1799 3161 1855 3214 in
1885 3162 2132 3216 custodia
2162 3162 2456 3232 Apostolus
2487 3161 2808 3234 baptizavit,
2837 3163 3029 3216 videns
3066 3163 3120 3217 in
3150 3163 3242 3218 illo
3261 3161 3403 3218 utili-

1809 3248 1932 3303 tatis
1965 3266 2147 3320 spem:
2175 3267 2337 3320 quem
2369 3251 2447 3306 sic
2465 3251 2828 3320 commendat,
2864 3259 2921 3305 ut
2969 3267 3128 3307 suum
3159 3251 3401 3306 animum

1797 3338 1860 3392 in
1877 3337 1971 3393 illo
2002 3337 2274 3411 signiﬁcet
2304 3339 2494 3409 recipi.

1868 3445 2038 3500 Vnus.
2065 3447 2150 3499 15.
2187 3476 2257 3485 —
2287 3447 2546 3501 Forsitan
2572 3447 2747 3501 enim.
2787 3446 2918 3502 Ideo
2967 3446 3098 3502 dicit
3126 3448 3397 3518 forsitan,

1803 3533 1930 3604 quia
1956 3534 2195 3587 humana
2216 3540 2341 3587 sunt
2369 3533 2554 3601 dubia,
2589 3542 2644 3590 et
2669 3534 2844 3604 potuit
2886 3534 2994 3590 alia
3023 3550 3146 3590 esse
3199 3549 3390 3604 causa,

1801 3637 1972 3694 quare
2011 3621 2089 3676 sic
2119 3622 2267 3677 Deus
2288 3622 2638 3691 disposuerit.

1869 3719 2041 3774 Vens.
2076 3721 2162 3773 16.
2198 3748 2267 3757 —
2295 3719 2539 3775 Maxime
2582 3719 2745 3773 mihi.
2795 3717 2926 3774 Mihi
2954 3691 3344 3791 magistro’tuo
3383 3734 3396 3773 :

1801 3807 1972 3862 frater
1991 3807 2306 3874 Onesimus,
2339 3806 2548 3863 offenso
2577 3807 2803 3879 proprio
2860 3807 3102 3875 domino,
3153 3805 3401 3878 confugit

1799 3896 1870 3950 ad
1899 3897 2219 3966 Apostolum
2250 3896 2320 3950 ad
2349 3897 2453 3952 hoc
2481 3905 2558 3966 ut,
2590 3896 2918 3952 oblitteratis
2950 3895 3210 3967 peccatis,
3245 3894 3393 3950 utilis

1799 3992 2189 4052 reverteretur,
2223 3985 2278 4038 in
2309 3993 2538 4056 tantum,
2569 3993 2627 4039 ut
2685 4000 2795 4041 non
2836 3985 3015 4040 solum
3060 3985 3282 4041 domino
3302 3999 3402 4042 suo

1800 4073 2030 4145 aequalis
2062 4074 2218 4128 fieret
2247 4073 2476 4143 meritis,
2515 4074 2611 4130 sed
2642 4073 2748 4145 ipsi
2777 4073 3046 4146 magistro
3086 4073 3272 4129 frater.
3332 4073 3404 4128 Et

1799 4179 1867 4217 ne
1891 4162 2170 4217 Philemon
2201 4162 2354 4234 (quia
2381 4163 2658 4234 dominus)
2680 4171 2875 4219 contra
2906 4180 3130 4220 servum
3159 4162 3390 4219 inﬂare-

1802 4257 1905 4316 tur,
1938 4251 2186 4305 humiliat
2216 4267 2341 4306 eum
2386 4251 2613 4308 dicens:
2646 4253 2907 4308 Fratrem
2942 4255 3003 4307 in
3049 4268 3242 4321 carne,
3277 4250 3402 4322 quia

1799 4355 1865 4394 ex
1896 4354 2004 4393 uno
2033 4339 2208 4394 Adam
2236 4356 2448 4411 omnes,
2473 4349 2529 4395 et
2556 4342 2620 4396 in
2653 4343 2890 4397 Domino
2921 4358 3022 4412 per
3050 4340 3234 4396 fidem.

1871 4456 2040 4510 Vens.
2075 4460 2162 4510 18.
2196 4489 2264 4497 —
2292 4459 2400 4513 Hoc
2416 4457 2558 4512 mihi
2592 4459 2836 4530 imputo.
2897 4459 3054 4513 Nunc
3083 4455 3399 4513 excusatio-

1800 4559 1925 4598 nem
1955 4560 2174 4600 omnem
2220 4547 2494 4612 convellit,
2529 4563 2654 4601 cum
2698 4546 2802 4600 sibi
2857 4545 3235 4618 imputandum
3277 4561 3401 4602 esse

87 4641 264 4697 servis
285 4641 512 4696 Christo
544 4649 597 4695 et
628 4641 850 4710 sanctis,
885 4643 1110 4698 evidens
1154 4644 1262 4712 ﬁat
1314 4643 1379 4698 in
1409 4645 1699 4716 agnitione

1813 4632 1950 4702 licit,
1985 4633 2031 4688 si
2060 4633 2146 4690 vel
2176 4634 2332 4701 lzesit,
2364 4635 2452 4690 vel
2480 4635 2642 4690 debet
2669 4635 2895 4707 aliquid.

86 4748 203 4800 qua?
235 4733 350 4786 est.
375 4731 444 4785 In
479 4730 696 4786 Christo
746 4733 900 4787 Iesu.
968 4732 1030 4786 Id
1076 4739 1180 4799 est,
1234 4747 1360 4788 cum
1387 4732 1701 4804 cognitione

1876 4723 1962 4778 Ita
1979 4725 2167 4793 frater
2189 4740 2282 4796 ego
2305 4728 2360 4778 te
2379 4726 2547 4794 fruar
2573 4724 2636 4778 in
2656 4723 2908 4780 Domino.
2944 4723 3003 4778 Id
3034 4730 3118 4779 est
3146 4721 3400 4797 gaudebo

88 4817 211 4873 boni
233 4818 457 4883 aeterni,
482 4826 541 4872 ut
587 4818 722 4873 illud
752 4827 1097 4889 exspectetur
1142 4820 1197 4874 in
1248 4821 1552 4891 pragmium.
1587 4823 1702 4877 Hoc
1803 4811 1871 4864 d0
1892 4818 1945 4865 te
1975 4811 2028 4865 in
2059 4826 2234 4884 regno
2263 4813 2384 4880 Dci,
2421 4811 2465 4866 Si
2496 4811 2691 4868 faceris
2708 4813 2855 4885 quod
2884 4827 3043 4886 rogo.
3077 4813 3146 4868 Ει
3167 4812 3299 4885 Quin
3331 4811 3402 4866 Sit

86 4907 228 4961 enim
260 4915 386 4962 orat
418 4907 734 4977 Apostolus,
768 4915 826 4962 ut
870 4909 1115 4979 operatio
1165 4909 1282 4978 ejus
1331 4925 1455 4966 cum
1499 4911 1699 4981 cogni-

83 4995 230 5049 tione
262 4993 360 5049 ﬁat
394 4995 668 5064 bonitatis,
731 4997 786 5050 id
845 5004 944 5060 est,
979 5006 1036 5051 ut
1066 4998 1157 5051 tali
1206 5006 1388 5053 mente
1417 5008 1695 5069 operetur,
1767 5056 1773 5062 ,

85 5092 137 5136 ut
162 5085 232 5138 in
265 5083 513 5138 futurum
543 5085 669 5139 inde
691 5093 969 5156 exspectet
998 5086 1285 5156 praemium
1314 5088 1499 5142 Jesum
1538 5089 1698 5143 Chri-

86 5181 252 5239 stum,
292 5189 402 5228 non
434 5183 617 5228 autem
667 5173 1083 5229 retributionem
1113 5176 1516 5246 temporalium.

152 5263 334 5316 Vsus.
369 5264 423 5317 7.
449 5293 529 5302 ---
571 5264 784 5319 Viscera
807 5268 1156 5320 sanctor-um.
1176 5265 1234 5319 Id
1255 5273 1338 5320 est
1368 5265 1463 5320 filii
1483 5275 1697 5322 sancto-

85 5367 206 5404 rum
237 5350 569 5416 charissimi,
619 5352 726 5421 vel,
775 5368 906 5423 erga
956 5361 1008 5406 te
1037 5369 1348 5424 propensus
1387 5363 1696 5411 sanctorum

84 5438 322 5494 affectus
352 5439 559 5511 quievit
587 5440 642 5494 in
690 5449 760 5504 te,
815 5441 1023 5497 scilicet
1054 5443 1389 5511 consolante,
1447 5453 1499 5499 et
1530 5444 1694 5499 refri-

84 5537 319 5598 geratus
349 5536 449 5596 est,
476 5529 604 5599 quia
635 5529 838 5584 bonum
877 5538 929 5586 te
956 5547 1058 5602 per
1085 5532 1265 5586 omnia
1293 5533 1632 5589 invenerunt.

151 5616 338 5673 Vnus.
372 5620 458 5674 10.
489 5647 562 5660 —
586 5619 813 5678 Obsecro
845 5623 920 5676 te.
959 5621 1218 5693 Magnum
1248 5629 1333 5678 est
1358 5637 1469 5680 non
1487 5622 1558 5680 de
1584 5623 1690 5679 hu-

1816 4899 1948 4953 illud
1978 4900 2159 4954 subdit
2191 4916 2203 4955 :
2238 4902 2415 4970 Reﬁce
2429 4902 2663 4966 viscera,
2689 4910 2792 4958 etc.

1876 4989 2166 5057 Conﬁdens
2189 4991 2254 5045 in
2273 4990 2605 5047 obedientia.
2641 4990 2909 5047 Provocat
2955 5005 3080 5045 eum
3110 4989 3190 5045 sic
3235 4987 3397 5044 blan—

1801 5077 2020 5146 diendo,
2054 5085 2112 5131 ut
2139 5093 2249 5131 non
2277 5078 2509 5148 amplius
2558 5078 2740 5149 faciat,
2802 5095 2966 5151 quam
2995 5078 3302 5150 postulatur
3329 5078 3398 5134 ab

1800 5182 1884 5220 eo.
1923 5166 2070 5222 Solet
2103 5166 2248 5220 enim
2278 5165 2417 5234 fieri,
2452 5175 2508 5221 ut
2529 5167 2621 5238 qui
2651 5169 2720 5224 de
2750 5185 2809 5223 se
2840 5168 2988 5224 videt
3010 5169 3149 5224 bene
3182 5167 3391 5237 sentiri,

1797 5255 2086 5310 meliorem
2122 5271 2180 5310 se
2201 5255 2462 5325 prmbeat.
2485 5309 2494 5322 ,

1866 5353 2035 5407 Vens.
2067 5355 2162 5409 22.
2204 5382 2272 5392 -—
2309 5353 2490 5408 Simul
2521 5357 2732 5408 autem.
2766 5354 2832 5409 Ut
2864 5353 3237 5410 sollicitiorem
3269 5369 3393 5408 eum

1795 5439 1979 5507 faciat,
2014 5451 2067 5496 et
2096 5442 2162 5496 ab
2220 5441 2584 5496 obediendum
2642 5443 3058 5513 promptiorem,
3106 5451 3394 5499 venturum

1796 5546 1855 5584 se
1875 5530 1942 5584 ad
1972 5530 2125 5584 illum
2147 5528 2417 5602 significat
2450 5548 2463 5585 :
2502 5530 2626 5602 quia
2656 5531 2744 5586 vel
2773 5532 2879 5588 hoc
2924 5540 3104 5603 potest
3133 5547 3256 5584 eum
3286 5544 3396 5582 mo-

1793 5634 1924 5676 vere
1952 5619 2023 5676 ad
2049 5620 2282 5677 veniam.
2317 5618 2507 5679 Solent
2536 5620 2682 5678 enim
2711 5621 2966 5678 absentes
2986 5618 3277 5678 contemni.
