3968 6176
525 262 628 317 διε

1079 841 1597 902 ARGUMENTUM.

509 997 520 1007 -
612 971 672 1025 In
700 964 892 1040 primis
911 961 1209 1020 videndum
1265 967 1350 1017 est
1405 973 1501 1015 cur
1530 954 1808 1028 apostolus
1840 951 2038 1008 Paulus
2085 951 2142 1006 in

542 1061 645 1115 hac
664 1049 894 1128 epistola
923 1050 1208 1108 scribenda
1247 1064 1359 1103 non
1385 1045 1686 1103 servaverit
1714 1058 1924 1099 morem
1962 1056 2138 1110 suum,

539 1156 599 1204 ut
623 1146 712 1204 vel
741 1141 1066 1202 vocabulum
1094 1137 1328 1195 nominis
1360 1136 1464 1203 sui,
1501 1135 1588 1191 vel
1637 1131 1842 1189 ordinis
1873 1129 2146 1186 describe-

543 1244 628 1292 ret
648 1233 991 1308 dignitatem.
1052 1228 1181 1284 Haec
1234 1240 1400 1282 causa
1421 1232 1503 1281 est
1535 1240 1546 1278 :
1582 1222 1728 1295 quod
1758 1220 1829 1276 ad
1877 1235 1972 1275 eos
2004 1217 2143 1274 scri-

546 1326 682 1380 bens
712 1322 803 1395 qui
825 1338 891 1376 ex
913 1316 1331 1375 circumcisione
1369 1313 1738 1376 crediderant,
1797 1308 1954 1380 quasi
2004 1321 2145 1378 gen-

547 1414 678 1469 tium
699 1409 976 1482 apostolus
1023 1415 1076 1462 et
1129 1421 1237 1461 non
1267 1403 1635 1466 Hebrmorum,
1699 1397 1879 1454 sciens
1932 1410 2148 1467 quoque

551 1517 742 1558 eorum
784 1495 1113 1570 superbiam,
1159 1508 1422 1564 suamque
1485 1487 1838 1544 humilitatem
1887 1484 2003 1554 ipse
2061 1482 2150 1537 de-

549 1597 880 1653 monstrans,
916 1584 1167 1640 meritum
1207 1580 1370 1637 oﬁicii
1400 1579 1484 1635 sui
1515 1577 1683 1633 noluit
1731 1572 2022 1630 anteferre.
2060 1570 2150 1626 Si-

550 1678 665 1734 mili
697 1676 860 1733 etiam
888 1674 1052 1729 modo
1082 1673 1318 1727 Joannes
1347 1667 1626 1740 apostolus
1646 1672 1872 1737 propter
1928 1659 2150 1716 humili—

551 1775 734 1832 tatem,
769 1766 825 1819 in
866 1761 1091 1835 epistola
1135 1776 1232 1815 sua
1261 1774 1460 1814 nomen
1509 1771 1665 1810 suum
1721 1753 1912 1808 eadem
1941 1749 2152 1804 ratione

555 1873 666 1912 non
685 1853 942 1927 praetulit.
996 1853 1146 1906 Hanc
1193 1857 1372 1904 autem
1427 1844 1712 1916 epistolam
1771 1841 1843 1895 ad
1889 1839 2152 1894 Hebraeos

556 1925 944 2014 conscriptam,
978 1939 1246 1995 Hebraica
1276 1937 1460 2007 lingua
1508 1934 1679 1988 fertur
1716 1927 2009 2000 Apostolus
2055 1925 2156 1979 mi-

558 2033 746 2089 sisse:
809 2031 962 2100 cujus
1009 2043 1232 2084 sensum
1283 2033 1336 2082 et
1393 2022 1639 2079 ordinem
1697 2018 1936 2075 retinens
1985 2015 2157 2070 Lucas

560 2119 918 2193 evangelista,
1002 2124 1126 2190 post
1181 2129 1469 2172 excessum
1525 2109 1671 2168 beati
1726 2105 1959 2180 apostoli
2004 2101 2159 2159 Pauli

562 2212 758 2267 Graeco
787 2223 1043 2265 sermone
1084 2203 1408 2276 composuit.

1075 2347 1302 2404 CAPUT
1331 2343 1623 2401 PRIMUM.

637 2469 810 2534 Vsus,
844 2471 895 2521 1.
928 2496 998 2508 -
1022 2466 1187 2522 Olim.
1210 2463 1334 2518 Non
1373 2468 1454 2516 est
1482 2460 1716 2513 Novum.
1745 2457 1913 2518 Deus,
1962 2447 2054 2522 qui
2085 2453 2169 2502 est

537 2555 900 2618 .invariabilis
929 2563 1057 2611 tunc
1087 2562 1140 2609 et
1170 2567 1337 2607 nunc.
1373 2551 1644 2621 Loquens.
1699 2543 1877 2600 Dicit:
1915 2541 2164 2611 loquens,

566 2645 913 2719 inpraesenti,
949 2643 1077 2715 quia
1106 2641 1251 2713 quod
1282 2649 1410 2694 tunc
1457 2636 1616 2692 etiam
1669 2648 1830 2687 nunc.
1882 2626 2164 2685 Patribus.

565 2717 730 2792 Idﬁest
750 2735 820 2789 iis
850 2733 940 2805 qui
959 2740 1127 2789 carne
1155 2738 1208 2785 et
1257 2728 1404 2784 cultu
1463 2724 1562 2779 Dei
1590 2729 1772 2794 patres
1817 2717 1975 2774 nobis
2021 2720 2166 2768 sunt.

568 2826 633 2882 In
648 2803 958 2897 prophetis.
983 2822 1106 2876 Non
1127 2817 1272 2873 enim
1298 2815 1432 2885 ipsi,
1468 2812 1565 2867 sed
1587 2812 1734 2865 Deus
1764 2809 1819 2863 in
1849 2805 1947 2863 eis.
1975 2803 2170 2859 Multi-

569 2891 766 2985 farie:
801 2910 860 2964 Id
893 2918 975 2964 est
1002 2906 1318 2962 multotiens
1368 2902 1623 2966 Abrahae,
1685 2899 1856 2964 Isaac,
1918 2891 2082 2952 Jacob
2121 2902 2175 2952 et

571 3000 802 3068 caeteris,
839 3014 904 3054 ac
952 2997 1160 3052 eisdem
1208 3008 1374 3062 saepe.
1437 2991 1731 3060 Multisque
1779 2986 1978 3041 modis.
2032 2985 2173 3054 Quia

572 3089 736 3144 modo
767 3103 867 3158 per
887 3084 1114 3152 somnia,
1152 3090 1211 3136 ut
1230 3078 1439 3135 Danieli
1465 3094 1477 3132 :
1525 3076 1688 3131 modo
1718 3081 1899 3144 aperta
1928 3088 2085 3142 voce,
2118 3083 2174 3131 ut

575 3176 748 3247 Moysi
783 3193 798 3229 :
830 3173 995 3231 modo
1015 3169 1258 3226 interiori
1285 3165 1653 3239 inspiratione,
1688 3171 1747 3218 ut
1775 3161 1966 3216 David.

646 3265 818 3320 VEns.
847 3267 902 3319 2.
934 3291 1005 3301 —
1062 3261 1124 3315 In
1156 3260 1320 3322 Filio,
1383 3255 1475 3327 qui
1522 3251 1799 3324 prophetis
1844 3258 1926 3307 est
1981 3251 2170 3320 major.

576 3354 676 3408 Est
705 3351 849 3408 enim
876 3349 1138 3406 Dominus
1167 3346 1561 3420 prophetarum
1604 3341 1858 3412 impletor
1901 3348 1954 3394 et
1983 3340 2178 3395 sancti-

576 3442 787 3499 ﬁcator.
822 3441 912 3496 Sic
941 3454 1076 3509 ergo
1107 3437 1372 3508 propheta
1429 3440 1530 3501 est,
1594 3431 1739 3503 quod
1788 3436 1869 3485 est
1907 3429 2173 3486 Dominus

1055 245 1459 307 WALAFRIDI
1496 240 1740 300 STRABI
1776 236 1978 295 FULD.
2018 232 2192 292 MON.
2234 229 2387 291 OPP.
2429 226 2606 283 PARS
2644 224 2688 281 ἰ.
2721 253 2789 265 -
2826 213 3298 276 THEOLOGICA.

3721 207 3832 260 6U.

2152 835 2209 896 A
2311 832 2658 898 Portansque
2678 820 2887 884 omnia,
2940 822 3047 873 etc.
3079 812 3258 883 Supra
3306 807 3511 864 dictum
3557 809 3662 870 est,
3692 799 3840 872 quia,

2243 935 2343 992 per
2358 917 2541 988 ipsum
2562 897 2696 969 iecit
2725 907 2928 966 omnia.
2950 903 3052 960 Hic
3080 901 3132 958 ei
3159 913 3304 956 nunc
3351 908 3626 952 summam
3655 897 3848 945 aucto-

2244 982 2418 1063 ritatis
2448 1001 2705 1066 attribuit,
2738 1015 2805 1054 ex
2833 1011 2900 1052 eo
2935 991 3084 1066 quod
3129 1005 3256 1048 cum
3294 982 3620 1042 auctoritate
3649 984 3847 1034 cuncta

2246 1096 2516 1168 gubernat
2544 1097 2598 1146 et
2625 1087 2884 1146 continet.
2932 1081 3080 1138 Sicut
3117 1077 3284 1134 enim-
3302 1074 3372 1130 ab
3417 1087 3484 1128 eo
3505 1074 3696 1125 creata
3725 1071 3852 1120 sunt

2246 1181 2446 1248 omnia,
2517 1179 2593 1234 ita
2639 1192 2737 1248 per
2805 1187 2930 1229 eum
2985 1163 3374 1223 immutabilem
3430 1161 3850 1216 conservantur.

2249 1267 2522 1328 Creatoris
2553 1265 2697 1322 enim
2728 1257 3121 1332 omnipotentia
3164 1267 3324 1311 causa
3379 1257 3465 1305 est
3516 1239 3855 1302 subsistendi

2249 1358 2399 1416 omni
2428 1363 2716 1419 creatura,
2751 1329 2896 1421 qua;
2913 1347 3086 1403 virtus
3126 1342 3172 1398 si
3201 1341 3268 1397 ab
3323 1337 3406 1395 eis
3443 1352 3569 1409 quae
3608 1329 3856 1388 condidit

2251 1445 2507 1519 regendis
2529 1439 2822 1514 aliquando
2871 1440 3129 1501 cessaret,
3190 1427 3348 1485 simul
3393 1423 3640 1482 omnium
3671 1433 3854 1475 rerum

2253 1535 2465 1607 species
2497 1540 2551 1590 et
2573 1539 2766 1585 natura
2795 1524 3128 1583 concideret.

2332 1638 2751 1710 Purgatione-m.
2791 1635 3082 1702 Postquam
3141 1621 3376 1681 ostendit
3432 1619 3549 1688 ejus
3583 1611 3855 1671 excellen-

2253 1731 2382 1786 tiam
2413 1699 2520 1799 qiio
2549 1732 2740 1782 cuncta
2767 1699 2974 1777 creavit
3003 1725 3056 1772 et
3085 1714 3372 1787 gubernat,
3402 1707 3494 1763 hic
3536 1699 3860 1760 humilitatis

2255 1820 2371 1889 ejus
2400 1814 2789 1889 benignitatem
2837 1804 3201 1864 commendat.
3248 1801 3569 1855 Commonet
3589 1792 3738 1848 enim
3761 1804 3861 1844 nos

2256 1906 2440 1964 crucis
2471 1913 2524 1960 et
2552 1896 2970 1958 resurrectionis
3015 1902 3069 1948 et
3112 1886 3470 1955 ascensionis,
3502 1883 3599 1937 ubi
3619 1882 3732 1934 ait:
3762 1879 3862 1933 Se-

2257 1997 2372 2062 det,
2397 2003 2501 2051 etc.
2527 1994 2592 2048 In
2605 1988 2866 2047 excelsis.
2901 1985 3102 2040 Dicens
3119 1981 3244 2047 hoc,
3277 1992 3388 2032 non
3432 1973 3554 2028 loco
3586 1966 3864 2026 concludit

2258 2055 2480 2140 Deum:
2532 2081 2630 2136 sed
2679 2075 2914 2134 ostendit
2951 2074 3226 2127 hommem
3275 2064 3553 2122 Christum
3604 2055 3863 2113 omnibus

2179 2200 2234 2260 B
2263 2173 2532 2238 altiorem,
2557 2177 2609 2225 et
2629 2166 2882 2224 omnibus
2913 2159 3347 2218 eminentiorem.
3400 2152 3488 2206 Sic
3518 2156 3572 2204 et
3601 2162 3704 2218 per
3735 2144 3860 2199 dex-

2632 2258 2652 2260 -
2835 2253 2849 2260 -
2896 2251 2916 2260 ι
3105 2247 3134 2260 ·-
3263 2245 3278 2260 τ
3346 2236 3728 2260 ’νγ-ιδμηιτύη...
3763 2234 3829 2260 1,..Α

2265 2271 2457 2331 teram,
2490 2275 2600 2314 non
2628 2258 2803 2313 Deum
2818 2247 3162 2316 deformavit,
3186 2245 3284 2300 sed
3314 2236 3732 2296 similitudinem
3763 2234 3862 2287 ho-

2265 2351 2416 2407 noris
2461 2343 2877 2403 demonstravit.
2915 2337 3210 2396 Confessus
3250 2332 3395 2388 enim
3449 2325 3586 2382 nihil
3641 2323 3862 2378 demon-

2268 2448 2399 2496 strat
2429 2437 2576 2494 aliud
2605 2433 2709 2489 nisi
2729 2429 2954 2488 honoris
2985 2424 3368 2499 aequalitatem.

2335 2565 2504 2620 Vsus.
2533 2562 2584 2616 4.
2609 2590 2678 2601 -
2715 2559 2888 2612 Tanto
2908 2553 3130 2608 melior.
3191 2549 3255 2602 In
3306 2543 3518 2616 psalmo
3547 2550 3738 2596 tamen
3769 2538 3867 2592 ait:

2271 2653 2447 2709 Paulo
2473 2650 2665 2705 minus
2695 2646 3016 2702 minoratus
3031 2643 3118 2696 est
3135 2638 3202 2693 ab
3221 2635 3442 2706 angelis
3459 2630 3698 2700 (Psalm.
3725 2627 3868 2695 vm‘}.

2271 2741 2371 2796 Hic
2401 2739 2609 2795 eisdem
2638 2735 2832 2790 melior
2858 2731 3072 2787 dicitur.
3106 2727 3176 2782 Et
3203 2724 3340 2780 sicut
3385 2719 3520 2774 illud
3563 2715 3868 2774 secundum

2271 2831 2561 2884 humanam
2607 2831 2870 2886 naturam,
2918 2819 2990 2872 ita
3037 2816 3088 2872 ei
3131 2816 3235 2870 hoc
3281 2809 3574 2867 secundum
3633 2804 3875 2859 divinam

2272 2918 2477 2974 dictum
2505 2931 2628 2970 esse
2655 2920 2841 2986 posset
2871 2905 3118 2977 intelligi,
3149 2901 3256 2957 nisi
3284 2899 3572 2954 adderetur
3600 2896 3870 2966 effect-us,

2272 3023 2371 3077 per
2399 3005 2546 3078 quod
2567 2981 2824 3074 aperitur,
2851 2997 2997 3070 quod
3018 2995 3106 3050 hic
3125 2991 3362 3063 loquitur
3380 2987 3450 3042 de
3470 3001 3537 3040 eo
3566 2981 3873 3038 secundum

2274 3069 2512 3152 carnem.
2547 3069 2684 3148 Nam
2715 3069 3015 3144 secundum
3045 3084 3148 3138 hoc
3178 3078 3324 3151 quod
3357 3075 3536 3130 Patris
3556 3069 3875 3128 substantia

2275 3179 2751 3242 consubstantialis
2781 3174 3114 3250 agnoscitur,
3149 3183 3262 3224 non
3286 3174 3367 3222 est
3386 3165 3582 3226 factus,
3619 3161 3721 3215 sed
3767 3173 3868 3212 na-

2277 3281 2366 3328 tus
2389 3290 2402 3326 :
2429 3271 2497 3326 de
2530 3284 2596 3325 eo
2625 3283 2761 3338 ergo
2792 3278 2974 3319 sermo
3003 3265 3253 3317 versatur
3265 3253 3564 3310 secundum
3580 3250 3874 3302 humanam

2279 3369 2550 3423 naturam,
2582 3355 2879 3412 secundum
2905 3366 3063 3423 quam
3094 3356 3146 3402 et
3174 3345 3351 3400 minor
3374 3341 3472 3396 fuit
3504 3336 3729 3409 angelis
3759 3349 3878 3406 pas-

2279 3450 2452 3518 sione,
2488 3457 2541 3502 et
2570 3445 2744 3514 major
2768 3450 2822 3498 et
2851 3440 3042 3495 melior
3070 3437 3234 3492 etiam
3276 3431 3471 3505 gratiae
3517 3424 3871 3500 plenitudine,

577 3531 988 3625 prpphemrum‘
1026 3527 1116 3582 Sic
1146 3533 1205 3625 ei
1219 3520 1862 3625 anﬁéluithismsff"
1889 3525 1947 3573 nt
1977 3525 2029 3625 cf
2059 3518 2175 3572 Do"
2207 3561 2258 3625 α
2288 3538 2358 3594 de
2387 3517 2575 3609 quaet
2603 3533 2708 3606 ipsi
2737 3529 2923 3603 angeli
2941 3528 3010 3583 ad
3038 3537 3352 3581 mensuram
3373 3517 3667 3588 accipiunt.

579 3621 758 3674 minus
787 3617 1128 3690 angelorum.
1168 3613 1477 3670 Constituit
1505 3607 1911 3664 immutabiliter
1943 3622 1956 3662 :
1992 3607 2173 3661 Haere-

580 3709 708 3765 dem
726 3709 1140 3772 universorum,
1173 3701 1230 3757 id
1278 3709 1361 3756 est
1388 3709 1770 3770 possessorem
1799 3694 1978 3751 omnis
2014 3709 2175 3750 crea-

581 3805 737 3852 turis.
768 3796 893 3850 Non
947 3793 1092 3848 enim
1117 3791 1231 3860 jam
1273 3789 1452 3861 portio
1507 3785 1725 3842 Domini
1769 3792 1852 3839 est
1905 3783 2092 3851 Jacob,
2125 3789 2179 3838 et

579 3901 712 3957 pars
734 3885 851 3954 ejus
865 3882 1032 3938 Israel
1053 3900 1072 3936 :
1105 3880 1204 3936 sed
1233 3894 1424 3934 omnes
1444 3892 1672 3947 prorsus
1700 3873 1946 3928 nationes
1966 3871 2174 3926 mundi.

653 3975 826 4030 VERS.
860 3976 912 4028 3.
944 4001 1015 4010 —
1047 3970 1302 4037 Quicum
1323 3968 1397 4022 sit
1417 3965 1680 4038 splendor
1698 3964 1908 4034 gloriae,
1944 3968 2048 4016 etc.
2081 3959 2181 4014 Hic

586 4061 884 4118 secundum
924 4059 1160 4114 divinam
1197 4064 1441 4110 naturam
1501 4051 1842 4108 commendat
1881 4049 2177 4118 Christum,

586 4149 882 4207 ostendens
911 4163 1036 4203 eum
1057 4153 1383 4202 cozeternum
1396 4151 1449 4198 et
1477 4140 1812 4212 coasqualem
1841 4137 2004 4204 Patri,
2029 4138 2183 4206 ejus-

588 4238 824 4310 demque
853 4253 978 4293 cum
1008 4251 1075 4290 eo
1104 4232 1441 4301 substantiae,
1466 4230 1562 4285 sed
1574 4229 1804 4283 alterum
1833 4227 1888 4280 in
1906 4241 2168 4297 persona.

661 4330 868 4400 Figura
896 4325 1245 4382 substantiae.
1308 4321 1452 4376 Ecce
1493 4318 1652 4374 aliter
1697 4315 2077 4387 personaliter,
2129 4320 2189 4367 ut

592 4417 768 4491 ﬁgura
788 4416 858 4471 ab
888 4431 954 4471 eo
983 4414 1136 4483 cujus
1155 4419 1240 4467 est
1264 4408 1459 4482 ﬁgura.
1488 4408 1598 4464 Sed
1625 4405 1874 4477 aequalis,
1920 4403 2050 4477 quia
2077 4417 2190 4458 non

591 4504 892 4572 dissimilis,
926 4504 1063 4559 sicut
1108 4501 1227 4572 ipse
1255 4499 1364 4555 ait:
1414 4500 1587 4554 Pater
1613 4497 1678 4551 in
1705 4511 1796 4550 me
1813 4497 1897 4550 est
1918 4513 1936 4561 ;
1959 4499 2045 4548 et:
2089 4492 2194 4560 Qui

591 4596 744 4654 videt
759 4610 869 4661 me,
895 4592 1048 4650 videt
1071 4593 1368 4648 etPatrem
1383 4601 1573 4642 meum
1594 4582 1776 4656 (Joan.
1792 4581 1936 4655 xxv).
1959 4580 2194 4636 Attende

599 4685 747 4758 quod
769 4685 886 4740 hac
914 4680 1153 4749 nomina,
1188 4677 1396 4734 scilicet
1411 4675 1616 4742 lumen,
1649 4672 1842 4747 gloria,
1869 4670 2196 4742 quandoque

599 4773 671 4828 ad
718 4780 967 4827 naturam
1026 4768 1268 4826 divinam
1335 4763 1670 4829 referuntur,

596 4949 760 5006 modo
788 4949 858 5003 ad
889 4949 1128 5014 Patrem,
1155 4945 1318 5000 modo
1346 4943 1414 4997 ad
1446 4941 1637 4996 Filium
1677 4937 2008 4994 referuntur.
2042 4933 2195 4990 Dici-

599 5055 722 5094 mus
769 5036 915 5093 enim
948 5051 961 5091 :
994 5037 1153 5090 Pater
1201 5041 1286 5089 est
1313 5032 1515 5096 lumen,
1566 5037 1618 5084 et
1663 5027 1831 5082 Filius
1889 5032 1973 5081 est
1991 5025 2197 5079 lumen.

600 5125 857 5182 Similiter
884 5126 1046 5180 Pater
1092 5129 1174 5177 est
1203 5121 1397 5193 gloria.
1433 5118 1601 5174 Filius
1643 5115 1839 5189 gloria,
1893 5121 1947 5169 et
1994 5112 2050 5166 hi
2087 5112 2198 5166 duo

599 5229 708 5268 una
736 5213 915 5285 gloria
935 5219 988 5267 et
1018 5227 1184 5266 unum
1213 5210 1419 5278 lumen,
1459 5223 1570 5262 non
1599 5205 1728 5260 duo.
1758 5205 1828 5258 Et
1882 5201 2078 5257 dicitur
2119 5199 2200 5254 Fi-

601 5300 706 5355 lius
726 5300 898 5373 gloria
927 5301 996 5355 de
1054 5299 1248 5371 gloria,
1308 5297 1446 5352 sicut
1503 5295 1685 5349 lumen
1743 5293 1812 5347 de
1869 5289 2094 5358 lumine,
2147 5296 2201 5342 et

602 5388 930 5461 principium
950 5388 1019 5442 de
1039 5386 1331 5458 principio,
1365 5392 1418 5439 et
1447 5385 1594 5439 Deus
1624 5383 1692 5436 de
1722 5383 1858 5449 Deo,
1890 5395 2000 5434 non
2019 5384 2203 5432 tamen

605 5478 713 5532 duo
745 5477 841 5542 dii,
876 5477 974 5531 sed
1003 5493 1164 5546 unus,
1199 5491 1309 5531 non
1367 5474 1475 5529 duo
1517 5469 1807 5544 principia,
1859 5467 1957 5522 sed
2007 5481 2196 5519 unum.

607 5566 880 5640 Splendor
906 5573 1089 5622 autem
1120 5573 1172 5620 et
1194 5563 1388 5637 ﬁgura,
1441 5563 1581 5617 sicut
1611 5567 1664 5615 et
1691 5559 1871 5631 imago
1892 5554 2115 5628 proprie
2133 5554 2204 5612 ad

608 5672 906 5730 personam
933 5653 1054 5712 Filii
1083 5652 1399 5711 referuntur
1426 5657 1482 5708 et
1512 5647 1739 5708 relative
1767 5646 2038 5704 dicuntur.

1756 4759 2081 4832 quandoque
2127 4755 2200 4812 ad

595 4876 907 4933 personam.
982 4858 1053 4914 Et
1099 4855 1315 4930 quando
1371 4853 1441 4908 ad
1498 4865 1792 4923 personam
1852 4847 2201 4914 referuntur;

2331 3643 2713 3715 Differentius
2742 3651 2971 3693 nomen.
3004 3635 3147 3688 Dum
3175 3629 3274 3684 fuit
3302 3623 3568 3690 mortalis,
3604 3618 3870 3675 differens

2275 3710 2476 3789 nomen
2505 3728 2710 3793 habuit,
2736 3725 2862 3798 quia
2882 3721 3064 3793 angeli
3103 3715 3485 3773 ministrabant
3508 3710 3873 3780 ei.Postquam

2278 3819 2618 3885 immortalis,
2642 3815 2821 3886 magis
2850 3811 3127 3867 differens.
3150 3808 3219 3861 Et
3241 3805 3368 3877 quia
3396 3802 3500 3857 hoc
3542 3798 3748 3853 habere
3766 3809 3876 3865 pos-

2282 3917 2384 3977 set,
2416 3917 2470 3964 et
2497 3879 2614 3963 non
2637 3879 2886 3977 provillis,
2916 3898 3064 3954 addit
3096 3913 3214 3969 ρνιε
3234 3890 3442 3957 illis,id
3465 3896 3569 3951 est,
3604 3884 3764 3940 valde
3783 3879 3876 3935 dif-

2283 3998 2467 4054 ferens
2496 4012 2527 4050 a
2555 3993 2774 4049 nomine
2803 3989 3154 4062 angelorum,
3187 3983 3294 4038 hoc
3324 3987 3406 4036 est
3424 3990 3625 4033 nomen
3647 3971 3786 4044 quod
3803 3975 3876 4022 est

2286 4102 2448 4157 super
2473 4099 2635 4140 omne
2664 4096 2883 4147 nomen,
2908 4076 3115 4132 scilicet
3144 4073 3312 4137 Deus,
3378 4067 3493 4122 sive
3528 4062 3716 4128 Filius,
3744 4055 3873 4131 quod

2286 4143 2483 4230 revera
2510 4171 2730 4244 dignius
2759 4176 2841 4224 est
2871 4143 2975 4222 illo
3021 4178 3129 4235 quo
3175 4159 3254 4214 illi
3297 4158 3545 4213 dicuntur
3592 4148 3789 4220 angeli,
3824 4143 3871 4198 id

2287 4271 2370 4320 est
2398 4261 2589 4317 nuntii.
2623 4258 2742 4314 Filii
2781 4257 2924 4312 enim
2955 4233 3156 4308 nomen
3183 4247 3569 4320 proprietatem
3626 4233 3868 4298 ostendit,

2291 4367 2399 4407 non
2427 4350 2795 4420 adoptionem,
2831 4343 2961 4421 quia
2987 4341 3092 4396 nisi
3121 4345 3268 4395 esset
3288 4333 3545 4407 proprius
3567 4328 3753 4388 Filius,
3775 4336 3874 4376 non

2293 4447 2482 4513 posset
2509 4416 2577 4493 ex
2603 4438 2710 4492 hoc
2727 4417 3017 4506 Apos‘lolus
3043 4425 3461 4500 amplitudinem
3477 4416 3702 4475 honoris

2296 4498 2442 4584 rere.
2503 4498 2962 4596 Proprias-autem
2993 4498 3164 4573 Filius
3195 4521 3279 4570 est
3309 4512 3378 4567 de
3397 4511 3518 4582 ipso
3545 4509 3705 4561 Patre
3730 4498 3883 4573 geni-

2298 4627 2407 4673 tus.
2440 4615 2497 4672 Si
2515 4622 2696 4670 autem
2725 4608 3034 4681 adoptionis
3063 4603 3242 4677 gratia
3289 4607 3435 4657 esset
3451 4596 3640 4661 Filius,
3680 4606 3792 4647 non
3811 4601 3888 4642 so-

2300 4707 2414 4763 lum
2440 4705 2620 4770 Patre,
2654 4701 2753 4758 sed
2780 4700 2944 4756 etiam
2972 4694 3184 4769 angelis
3205 4690 3384 4747 minor
3412 4693 3581 4744 esset.

2353 4829 2524 4884 Vsus.
2561 4831 2612 4883 ὅ.
2635 4823 2909 4880 ——Hodic.
2940 4820 3023 4876 Ne
3052 4813 3325 4889 praeterita
3357 4806 3642 4884 generatio
3668 4801 3884 4860 videre—

2223 4921 2279 4981 B
2301 4926 2407 4986 tur,
2438 4915 2572 4971 dixit
2601 4912 2783 4970 hodie.
2818 4886 3146 4979 Quanquam
3194 4902 3340 4959 enim
3385 4896 3562 4971 possit
3607 4893 3767 4950 etiam
3805 4886 3889 4943 ille

2300 5017 2419 5072 dies
2435 5011 2687 5086 intelligi,
2711 5025 2820 5082 quo
2855 5007 3099 5063 Christus
3121 4999 3420 5058 secundum
3439 4994 3718 5050 hominem
3736 4993 3889 5042 natus

2302 5113 2403 5174 est,
2435 5082 2774 5172 tamen'quia
2803 5097 2962 5155 hodie
3008 5089 3350 5164 praesentiam
3391 5082 3685 5158 signiﬁcat,
3731 5086 3888 5147 atque

2301 5195 2358 5249 in
2388 5158 2697 5247 'aaternitatc
2735 5202 2839 5243 nec
2894 5158 3225 5256 praeteritum
3267 5184 3352 5234 est
3397 5173 3690 5247 quidquam
3743 5158 3892 5238 quasi

2303 5298 2426 5338 esse
2468 5278 2711 5345 desierit,
2753 5291 2856 5331 nec
2905 5274 3142 5328 futurum
3191 5265 3342 5339 quasi
3373 5262 3620 5318 nondum
3670 5255 3757 5324 sit,
3807 5248 3891 5306 sed

2303 5385 2548 5442 praesens
2576 5375 2784 5422 tantum
2818 5382 2832 5420 :
2865 5361 2992 5435 quia
3023 5356 3284 5432 quidquid
3308 5360 3579 5408 mternum
3617 5353 3721 5414 est,
3756 5355 3890 5397 sem-

2303 5475 2405 5530 per
2433 5464 2515 5512 est
2557 5474 2571 5510 :
2615 5453 2850 5509 divinius
2892 5449 3156 5520 accipitur
3186 5446 3256 5500 de
3305 5440 3644 5510 sempiterna
3681 5443 3893 5505 genera-

2305 5549 2456 5604 tione
2487 5544 2772 5617 sapientiae
2801 5542 2922 5608 Dei,
2955 5554 3120 5612 quam
3146 5533 3284 5590 ﬁdes
3323 5527 3701 5588 sincerissima
3742 5529 3792 5577 et
3816 5530 3891 5571 ca-

2315 5635 2521 5694 tholica
2558 5631 2841 5708 praedicat.
