3964 6178
253 242 362 296 645

1178 241 1450 300 GLOSSA
1488 241 1897 300 ORDINARIA.
1920 269 1990 287 -—
2026 243 2244 300 EPIST.
2285 244 2380 298 AD
2420 244 2624 300 HEBR.

3449 249 3552 303 646

327 366 437 435 Ego
459 379 552 420 ero
582 364 695 420 illi.
727 363 786 419 Id
816 371 916 433 est,
951 364 1212 421 honorem
1242 365 1406 436 illius,
1431 367 1516 422 vel
1546 368 1624 421 illi
1654 367 1858 422 homini
1872 369 1928 430 Α
1957 368 2026 422 de
2046 368 2217 439 gloria
2243 368 2604 423 humanitatis.
2650 367 2804 425 Sede.
2850 367 3052 423 Victori
3089 367 3226 424 Filio
3271 370 3552 426 confessus

248 453 322 508 de
352 452 567 525 virgine
595 453 890 509 nescituro.
922 454 1105 509 Potest
1133 462 1311 511 tamen
1333 456 1699 512 etsecundum
1733 472 1852 512 car—

246 557 377 596 nem
432 542 536 596 hoc
592 542 763 612 accipi
807 543 1030 610 dictum,
1078 544 1276 599 etenim
1323 560 1448 601 caro
1495 545 1852 602 communicat

243 629 552 697 altioribus,
585 629 723 686 sicut
751 639 804 686 et
825 630 1077 686 divinitas
1109 631 1421 688 humilibus.

318 718 495 773 Vens.
530 721 668 774 6.—
698 721 910 776 Iter-um
931 721 1266 788 introducit,
1290 719 1561 776 visibilem
1582 737 1742 777 carne
1771 737 1851 777 as-

239 815 465 878 sumpta
497 807 590 879 qui
621 816 747 863 ante
777 808 1064 863 invisibilis
1103 807 1158 863 in
1197 810 1400 864 mundo
1442 817 1574 876 erat,
1609 827 1730 880 quae
1755 825 1850 865 as-

238 894 486 966 sumptio
508 895 706 951 dicitur
725 897 899 951 exitus
928 913 959 950 a
978 897 1136 954 Patre
1169 915 1183 952 :
1214 897 1539 954 introductio
1572 899 1642 953 ad
1671 899 1849 954 haere-

238 983 489 1050 ditatem,
522 984 614 1038 ubi
638 984 858 1053 jubetur
885 985 1119 1040 adorari.

317 1073 392 1128 Et
412 1071 670 1130 adorent.
693 1074 760 1128 Et
791 1073 985 1129 iterum
1016 1074 1145 1130 dicit
1173 1075 1336 1130 Pater
1365 1075 1434 1131 de
1453 1076 1648 1131 eodem
1675 1075 1808 1132 Filio
1833 1092 1846 1132 :

244 1161 392 1216 Cum
431 1161 766 1218 introducit.
815 1160 876 1217 Id
907 1170 1011 1229 est,
1043 1179 1167 1218 cum
1199 1163 1434 1219 ostendit
1469 1165 1643 1230 intro,
1675 1180 1850 1236 usque

236 1248 314 1304 ad
348 1249 517 1305 corda
543 1250 843 1316 hominum,
869 1249 1209 1318 ducendum,
1243 1269 1344 1323 per
1378 1250 1570 1319 fidem;
1602 1252 1731 1324 quid
1759 1252 1848 1306 di-

241 1338 365 1394 cit?
398 1340 468 1394 Et
507 1339 760 1395 adorent.
806 1339 1044 1394 Adorant
1090 1341 1289 1412 angeli,
1324 1341 1446 1413 quia
1469 1341 1701 1410 jussioni
1732 1341 1848 1411 ejus

236 1426 629 1498 obtemperant
658 1436 710 1482 et
739 1436 1072 1483 reverentur.

319 1515 496 1570 Vens.
529 1517 581 1570 7.
615 1517 960 1588 —Angelos.
985 1517 1233 1588 Spiritus,
1270 1526 1474 1574 naturae
1501 1533 1700 1574 nomen
1733 1525 1844 1586 est;

235 1603 492 1674 angelus,
528 1603 704 1660 officii.
742 1603 892 1672 Quos
937 1605 1081 1660 enim
1128 1607 1277 1661 Deus
1319 1607 1540 1677 spiritus
1585 1607 1842 1673 condidit,

237 1693 512 1747 mittendo
539 1692 777 1758 nuntios,
823 1694 1048 1766 angelos
1089 1693 1236 1750 facit.
1280 1696 1350 1750 Et
1389 1696 1642 1750 omnibus
1679 1695 1848 1750 utitur
1880 1728 1933 1787 B

236 1779 312 1835 ad
343 1779 783 1837 incommutabile
812 1781 1090 1857 arbitrium
1123 1783 1406 1838 sententiae
1439 1800 1569 1851 suae,
1602 1783 1716 1839 sive
1746 1783 1849 1838 bo-

237 1869 332 1923 nis
362 1885 461 1940 per
490 1868 713 1941 gratiam
747 1870 883 1938 ejus,
924 1869 1039 1926 sive
1096 1870 1253 1925 malis
1302 1885 1402 1942 per
1442 1871 1717 1942 propriam
1746 1886 1848 1927 vo-

232 1957 522 2013 luntatem.
579 1961 657 2014 Ac
703 1975 803 2029 per
856 1959 959 2014 hoc
1001 1959 1252 2014 voluntas
1304 1960 1404 2015 Dei
1453 1968 1535 2015 est
1579 1960 1755 2031 prima
1799 1968 1851 2016 et

236 2063 462 2101 summa
489 2047 921 2118 causa‘omnium
960 2048 1320 2119 corporalium
1352 2049 1656 2118 specierum
1687 2057 1848 2120 atque

235 2135 567 2190 motionum.
613 2134 760 2190 Nihil
806 2136 953 2191 enim
990 2136 1276 2192 visibiliter
1319 2135 1396 2203 ﬁt,
1452 2137 1597 2209 quod
1641 2153 1750 2192 non
1780 2137 1848 2194 de

239 2222 491 2278 interiori
549 2222 808 2279 invisibili
859 2233 1020 2296 atque
1081 2224 1406 2298 intelligibili
1463 2226 1583 2280 aula
1653 2226 1846 2281 summi

234 2311 604 2382 immratoris,
651 2320 742 2367 aut
779 2313 1049 2383 jubeatur,
1095 2321 1187 2368 aut
1234 2314 1595 2386 permittatur,
1645 2331 1847 2370 secun-

235 2400 373 2455 dum
404 2400 732 2456 ineffabilem
771 2402 1051 2471 justitiam.
1101 2403 1199 2458 Vel
1248 2403 1324 2457 illi
1355 2404 1576 2474 spiritus
1600 2403 1849 2460 dicuntur

232 2489 426 2562 angeli
456 2489 671 2560 quando
701 2489 839 2545 levia
869 2491 1114 2545 nuntiare
1143 2491 1427 2547 mittuntur
1459 2510 1472 2547 :
1501 2493 1713 2564 quando
1743 2509 1846 2548 au-

228 2585 352 2633 tem
383 2577 453 2632 ad
483 2578 800 2649 vindictam,
833 2588 889 2634 ut
919 2579 973 2633 in
1004 2579 1260 2646 Sodoma,
1296 2581 1544 2636 dicuntur
1576 2581 1719 2653 ignis
1751 2597 1846 2638 ar-

231 2667 399 2722 dens.
435 2666 525 2721 Sic
555 2673 607 2721 et
636 2667 866 2722 ministri
898 2668 1180 2736 Ecclesiae,
1223 2668 1368 2740 ignis
1400 2678 1525 2724 sunt
1555 2670 1684 2724 dum
1715 2669 1846 2725 vitia

233 2763 428 2812 nostra
460 2764 709 2824 uruntur,
743 2755 927 2830 angeli
955 2765 1155 2824 autem,
1181 2759 1309 2813 dum
1330 2759 1557 2814 verbum
1588 2760 1690 2815 Dei
1718 2775 1848 2814 nun-

232 2843 395 2899 tiant.

312 2961 484 3015 Vens.
521 2964 574 3015 8.
606 2989 676 3000 —
704 2961 788 3016 Ad
815 2962 1046 3018 Filium.
1086 2962 1183 3018 Hic
1213 2979 1311 3033 per
1342 2961 1657 3034 dignitatem
1686 2962 1845 3018 simul

232 3056 294 3104 et
339 3056 669 3120 potestatem
716 3051 1062 3105 commendat
1110 3050 1399 3105 Christum.
1445 3053 1511 3107 In
1548 3054 1841 3108 saeculum.

227 3137 378 3205 Quia
407 3153 624 3207 semper
655 3138 919 3208 regnabit,
957 3147 1009 3193 et
1039 3135 1396 3194 novissimum
1409 3139 1674 3208 judicium
1705 3157 1849 3196 sem-

231 3243 339 3298 per
372 3226 568 3293 stabit;
599 3227 744 3280 unde
779 3244 792 3280 :
827 3229 991 3282 Ibunt
1030 3228 1089 3282 hi
1133 3229 1198 3282 in
1237 3230 1428 3300 ignem
1455 3233 1755 3296 azternum,
1789 3234 1845 3286 et

233 3315 334 3369 illi
353 3316 415 3370 in
433 3317 612 3370 vitam
634 3319 915 3371 aeternam
932 3315 1152 3387 (Matth.
1177 3317 1340 3387 xxv).

307 3431 489 3485 Vens.
527 3433 580 3484 9.
603 3460 674 3470 —
708 3431 882 3488 Unxit
915 3435 986 3487 te.
1030 3431 1341 3487 Secundum
1385 3431 1681 3498 hominem,
1717 3433 1846 3504 quia

226 3519 420 3574 Deitas
459 3518 608 3573 nullo
649 3518 902 3591 indiguit.
957 3519 1162 3576 Unctus
1210 3518 1481 3591 signiﬁcat
1523 3537 1713 3591 regem
1759 3521 1845 3576 vel

227 3607 596 3662 sacerdotem.
623 3609 766 3662 Deus
800 3607 1067 3678 repetitur
1094 3624 1160 3663 ex
1191 3625 1393 3679 magna
1415 3609 1722 3664 dilectione.
1745 3610 1845 3666 Vel

228 3695 534 3751 secundum
565 3695 928 3766 Augustinum
960 3713 972 3750 :
1007 3695 1163 3751 Alter
1211 3712 1374 3752 casus
1419 3706 1500 3752 est
1543 3697 1840 3767 vocativus,

227 3784 370 3838 alter
411 3783 796 3851 nominativus,
841 3793 898 3838 ut
945 3784 1024 3840 sic
1057 3802 1070 3839 :
1109 3784 1155 3841 Ο
1187 3792 1241 3840 tu
1284 3787 1431 3841 Deus
1461 3785 1580 3852 Fili,
1616 3786 1767 3841 unxit
1790 3795 1842 3842 te

227 3874 381 3929 Deus
413 3881 555 3941 tuus,
619 3873 844 3941 scilicet,
893 3875 1073 3928 Pater.
1116 3874 1175 3928 In
1218 3873 1409 3930 Latino
1453 3883 1666 3946 putatur
1697 3875 1841 3931 idem

229 3975 416 4027 casus,
469 3961 569 4016 sed
614 3961 667 4015 in
710 3961 906 4017 Graeco
954 3961 1362 4017 evidentissima
1393 3963 1667 4019 distinctio
1707 3972 1836 4019 est:

228 4065 338 4122 qua
363 4048 523 4104 aliter
551 4051 934 4114 nominativus,
989 4050 1144 4106 aliter
1184 4052 1464 4107 vocativus
1497 4052 1834 4124 intelligitur.

300 4139 472 4193 Vens.
498 4141 584 4192 10.
605 4169 674 4179 --
694 4141 764 4194 Et
786 4143 868 4195 tu.
900 4140 1028 4194 Post
1050 4140 1402 4195 humanitatis
1434 4141 1835 4209 excellentiam,

227 4226 430 4282 iterum
448 4227 592 4281 redit
620 4227 690 4281 ad
721 4227 1084 4283 aeternitatem
1107 4228 1244 4283 Filii.
1281 4231 1343 4284 In
1361 4232 1666 4302 principio.
1697 4230 1839 4299 Quia

229 4314 463 4370 Creator
493 4323 621 4370 ante
649 4323 836 4371 creata
854 4316 1066 4371 exsistit
1087 4317 1204 4372 sine
1225 4317 1338 4373 ullo
1355 4318 1524 4374 initio.
1548 4319 1833 4375 Manu-um.

232 4403 412 4459 Virtus
436 4403 722 4472 jussionis,
764 4405 816 4458 id
857 4413 958 4471 est,
1002 4406 1238 4475 potentia
1285 4407 1578 4463 voluntatis
1608 4416 1837 4464 vocatur

223 4507 446 4557 manus,
472 4492 602 4564 quia
623 4500 682 4547 ut
710 4491 880 4548 voluit
910 4492 1056 4549 facta
1095 4501 1220 4550 sunt
1240 4495 1438 4550 omnia.

295 4606 476 4663 Vnns.
509 4611 596 4662 11.
628 4638 697 4650 -
727 4609 1016 4665 Peribunt.
1038 4611 1120 4664 Ab
1148 4625 1213 4666 eo
1236 4612 1386 4683 quod
1408 4618 1553 4679 sunt,
1579 4611 1708 4667 dum
1736 4610 1838 4667 im-

225 4695 586 4751 mutabuntur
612 4695 669 4750 in
695 4697 890 4752 melius
910 4705 1196 4754 creaturae.
1226 4700 1304 4756 Tu
1321 4704 1518 4756 autem
1545 4717 1837 4772 permane-

229 4785 332 4840 bis.
365 4785 438 4840 Ut
464 4785 606 4840 sicut
632 4792 872 4841 aeternus
900 4794 1025 4842 ante
1055 4787 1257 4853 omnia,
1285 4788 1362 4844 sic
1381 4788 1509 4860 quia
1528 4796 1831 4860 permanet,

229 4874 380 4928 idem
411 4873 515 4928 erit
544 4881 666 4944 post
703 4882 910 4930 mutata
947 4876 1150 4931 omnia.
1192 4879 1567 4934 Veterascent.
1600 4879 1835 4934 Vetera-

232 4978 392 5018 scere
412 4962 614 5018 dicitur
643 4965 787 5035 quod
805 4980 959 5020 more
980 4965 1148 5020 vestis
1169 4966 1522 5034 consumitur,
1548 4966 1686 5022 sicut
1703 4982 1834 5023 caro

226 5051 482 5117 humana,
517 5067 639 5123 quae
668 5061 849 5108 tamen
878 5053 933 5107 in
962 5053 1156 5110 melius
1194 5054 1510 5111 mutabitur.

302 5166 476 5222 Vens.
510 5170 597 5222 12.
624 5197 694 5208 —
714 5169 784 5222 Et
812 5169 966 5224 velut
1003 5170 1300 5224 amictum.
1351 5169 1633 5240 Signiﬁcat
1659 5178 1832 5226 muta-

227 5255 431 5311 tionem
462 5255 607 5309 cmli.
641 5256 796 5311 Unde
831 5273 844 5309 :
885 5257 1002 5312 Vidi
1033 5259 1236 5313 caelum
1262 5274 1471 5314 novum
1521 5263 1580 5314 et
1618 5265 1832 5316 terram

228 5360 431 5399 novam
461 5343 653 5415 (Apoc.
679 5345 823 5412 xxx).
859 5345 1093 5401 Mutabis
1125 5363 1233 5412 eos,
1255 5355 1358 5402 etc.
1389 5346 1531 5414 Quia
1559 5347 1703 5405 facta
1732 5349 1830 5403 Dei

233 5433 330 5486 sub
368 5432 670 5487 aeternitate
713 5433 952 5500 stabunt,
1007 5451 1075 5489 ne
1112 5435 1180 5488 ad
1211 5435 1612 5506 corruptionem
1641 5454 1829 5493 rever-

233 5527 433 5576 tantur.
473 5523 553 5577 Tu
586 5525 799 5587 autem,
826 5537 890 5578 ex
920 5529 1031 5577 toto
1071 5523 1437 5579 immutabilis.

303 5635 474 5692 Vens.
510 5639 596 5691 13.
621 5666 692 5679 -
725 5636 808 5692 Ad
829 5653 993 5710 quem
1011 5639 1359 5710 angelorum.
1394 5641 1578 5713 Agere
1606 5638 1832 5695 instituit

1949 455 2174 512 offertur
2201 472 2234 512 a
2261 458 2438 513 Patre.
2465 457 2698 513 Pedum.
2720 457 2823 511 Per
2839 457 3010 527 pedes
3041 456 3312 512 stabilitas
3344 465 3549 514 aeterna

1949 545 2210 616 signatur,
2243 546 2300 600 id
2328 554 2428 613 est,
2462 546 2517 600 in
2548 545 2919 615 aeternitatem,
2969 545 3060 600 ubi
3103 546 3351 618 vestigiis
3391 548 3545 619 quasi

1949 633 2140 705 positis
2168 633 2361 691 virtute
2386 634 2789 706 omnipotentiae
2811 635 3080 690 consistit.

2020 723 2192 778 Vens.
2216 724 2302 778 14.
2323 754 2390 765 -
2411 724 2606 780 Nonne
2633 728 2771 779 sunt
2799 740 3012 792 omnes,
3048 733 3152 781 etc.
3171 722 3340 792 Quasi
3366 722 3513 780 dicat
3537 742 3550 780 :

1948 811 2164 884 Utique.
2195 811 2445 883 Intellige
2473 812 2637 885 igitur
2666 821 2901 884 quantus
2931 813 3104 869 honor
3133 812 3292 868 nobis
3320 813 3549 881 exsistit,

1949 908 2007 956 ut
2036 900 2107 956 ad
2143 917 2245 956 nos
2283 900 2422 956 sicut
2471 901 2541 955 ad
2585 902 2791 957 amicos
2826 900 3104 957 ministros
3145 901 3373 974 angelos
3421 917 3553 958 suos

1949 988 2184 1044 destinet
2211 990 2380 1045 Deus.
2415 988 2677 1057 Quamvis
2714 989 2860 1046 enim
2900 990 3133 1046 multum
3179 990 3387 1046 intersit
3415 988 3556 1046 inter

1948 1077 2177 1149 angelos
2207 1086 2258 1134 et
2286 1078 2554 1145 homines,
2573 1078 2909 1150 propinquos
2931 1086 3116 1134 tamen
3143 1094 3239 1134 eos
3266 1078 3553 1134 nobiscum

1948 1165 2096 1233 fecit,
2121 1165 2246 1237 quia
2276 1172 2476 1222 nostrae
2500 1166 2663 1222 saluti
2691 1167 2931 1234 student,
2963 1175 3184 1239 prapter
3207 1183 3311 1223 nos
3333 1167 3549 1223 discur-

1948 1262 2093 1323 runt,
2125 1269 2226 1325 pro
2254 1255 2413 1310 nobis
2443 1271 2544 1311 suo
2577 1255 2875 1328 funguntur
2903 1255 3100 1323 ofﬁcio,
3152 1257 3254 1313 hoc
3301 1265 3387 1314 est
3413 1271 3550 1328 opus

1949 1342 2277 1414 angelicum,
2321 1343 2586 1416 angelicae
2622 1342 2916 1400 {unctionis
2964 1344 3218 1414 ofﬁcium,
3270 1353 3329 1400 ut
3367 1344 3552 1401 omnia

1947 1429 2078 1485 ﬁant
2111 1447 2210 1501 pro
2241 1431 2411 1486 salute
2448 1432 2838 1502 proximorum.
2891 1433 3064 1505 Magis
3109 1441 3286 1488 autem
3330 1434 3435 1489 hoc
3463 1441 3546 1489 est

1948 1534 2085 1590 Opus
2114 1519 2332 1586 Christi,
2359 1520 2483 1592 quia
2515 1520 2728 1593 angelis
2759 1521 2918 1576 nobis
2937 1521 3312 1592 superioribus
3342 1538 3549 1594 praece-

1945 1608 2024 1679 pit
2054 1609 2125 1664 ad
2156 1617 2394 1664 nostram
2423 1609 2654 1666 salutem
2685 1627 2844 1666 suum
2873 1611 3134 1668 exhibere
3162 1612 3545 1671 ministerium.

2583 1787 2808 1844 CAPUT
2845 1788 2912 1844 Il.

2023 1938 2224 1994 Vens.l
2240 1968 2328 1992 .—
2353 1939 2674 2010 Propterea.
2698 1939 2989 2010 Postquam
3017 1937 3230 1994 locutus
3258 1946 3341 1994 est
3372 1938 3441 1995 de
3460 1938 3549 1994 Fi-

1950 2026 2023 2081 lio
2052 2027 2152 2081 Dei
2179 2026 2349 2081 multa
2380 2043 2500 2098 quae
2534 2026 2601 2081 ad
2631 2027 2751 2096 ejus
2781 2027 3310 2082 commendationem
3344 2027 3546 2096 valent,

1947 2116 2194 2170 hortatur
2224 2131 2318 2170 eos
2348 2115 2543 2187 quibus
2574 2115 2776 2185 scribit,
2803 2125 2860 2169 ut
2876 2115 3175 2188 diligenter
3205 2117 3551 2172 animadver-

1949 2210 2066 2258 tant
2097 2213 2150 2258 et
2177 2204 2480 2260 custodiant
2509 2219 2572 2258 ea
2593 2221 2714 2276 quae
2743 2219 2845 2274 per
2892 2203 3046 2258 illum
3084 2205 3396 2259 annuntiata
3427 2212 3553 2260 sunt

1949 2292 2050 2348 eis.
2082 2292 2150 2347 Et
2175 2292 2245 2346 ad
2275 2292 2378 2347 hoc
2407 2291 2633 2346 tendunt
2663 2291 2846 2346 omnia
2875 2292 3159 2362 praemissa
3191 2293 3389 2365 quibus
3419 2310 3551 2364 pro-

1950 2381 2097 2436 bavit
2126 2381 2270 2452 quod
2301 2389 2446 2436 esset
2462 2381 2709 2435 Christus
2730 2381 2907 2449 major
2935 2382 3214 2452 prOphetis
3237 2391 3289 2437 et
3318 2381 3551 2453 angelis.

1948 2470 2364 2535 Abundantius,
2400 2485 2562 2541 quam
2594 2485 2715 2540 qua:
2746 2469 2814 2523 de
2845 2469 2989 2541 lege,
3015 2469 3102 2525 vel
3131 2471 3432 2541 prophetis,
3463 2470 3552 2527 vel

1948 2558 2156 2630 angelis
2186 2557 2331 2614 dicta
2369 2566 2512 2612 sunt.
2561 2559 2774 2613 Nomen
2815 2557 2955 2628 legis
2986 2557 3210 2614 obticuit
3236 2557 3548 2628 Apostolus,

1949 2647 2076 2718 quia
2103 2647 2160 2700 in
2187 2646 2517 2702 astructione
2549 2662 2648 2701 sua
2687 2661 2849 2717 quam
2896 2645 2950 2700 in
2996 2646 3394 2718 posterioribus
3424 2645 3551 2702 facit

1948 2735 2108 2790 etiam
2140 2735 2242 2790 hoc
2274 2733 2618 2789 manifestum
2649 2733 2802 2808 facit.

2020 2823 2445 2896 Pereﬂluamus.
2464 2823 2501 2877 F
2506 2823 2702 2878 luimus
2720 2838 2818 2894 per
2835 2838 3026 2892 poenas
3045 2822 3290 2877 mortalis
3313 2829 3546 2893 naturae,

1949 2911 2234 2978 eﬂluimus,
2267 2921 2489 2982 peccata
2539 2912 2810 2977 addendo,
2855 2910 3223 2982 pereﬁluimus
3256 2911 3310 2966 in
3341 2919 3548 2968 aeterna

1947 3001 2315 3056 damnatione.
2350 3000 2486 3055 Hinc
2519 3001 2708 3054 suadet
2736 2999 3007 3055 audienda
3034 3017 3156 3055 esse
3186 3001 3354 3056 verba
3384 3001 3544 3056 Chri-

1867 3084 1916 3147 C
1949 3091 2014 3144 sti
2042 3106 2142 3160 per
2169 3105 2387 3161 poenam
2416 3106 2536 3163 qua:
2559 3088 2663 3144 erit
2691 3087 3115 3160 negligentibus.

2020 3192 2190 3246 Vens.
2225 3195 2280 3248 2.
2311 3223 2379 3233 —
2410 3193 2480 3246 Et
2509 3194 2693 3248 omnis
2720 3192 3136 3263 prwvaricatio.
3168 3189 3309 3246 Dicit
3340 3192 3546 3262 omnis,

1947 3288 2004 3334 ut
2033 3295 2130 3351 pro
2161 3279 2388 3350 singulis
2414 3279 2654 3349 peccatis
2701 3279 2769 3333 sit
2815 3295 3006 3349 pmna;
3056 3294 3166 3334 non
3197 3280 3341 3334 enim
3371 3280 3548 3336 solum

1947 3368 2127 3423 omnis
2155 3368 2538 3438 praevaricator
2569 3368 2660 3438 qui
2693 3368 2985 3423 multorum
3031 3383 3157 3423 rcus
3189 3377 3289 3435 est,
3325 3384 3546 3439 pmnam

1946 3456 2076 3512 luet.
2105 3459 2329 3513 Iustam
2358 3456 2690 3513 mercedem.
2715 3457 2795 3510 Ita
2824 3457 3059 3528 loquitur
3109 3474 3179 3511 ne
3200 3465 3420 3528 putetur
3446 3474 3548 3529 pe-

1947 3545 2056 3599 rire
2081 3545 2285 3613 justitia
2313 3560 2414 3616 per
2459 3544 2907 3600 misericordiam.
2961 3545 3118 3618 Quod
3154 3561 3282 3602 vero
3321 3545 3414 3611 ait,
3467 3561 3550 3603 re-

1947 3635 2315 3690 tributionem
2339 3677 2351 3699 ,
2390 3634 2494 3688 hoc
2540 3633 2610 3688 ad
2657 3649 2838 3704 poena:
2879 3634 3236 3706 quantitatem
3285 3633 3545 3700 refertur,

1944 3738 2065 3792 quae
2097 3720 2323 3793 aequalis
2353 3729 2580 3792 peccato
2608 3721 2708 3775 erit
2740 3740 2752 3775 :
2788 3721 2913 3794 quia
2932 3720 3232 3778 secundum
3264 3721 3409 3792 quod
3440 3736 3549 3777 ma-

1935 3810 2024 3880 jus
2057 3809 2143 3866 vel
2171 3809 2350 3864 minus
2395 3817 2478 3864 est
2519 3817 2824 3880 peccatum,
2875 3810 3048 3879 major
3095 3809 3184 3865 vel
3233 3810 3413 3865 minor
3445 3809 3548 3865 erit

1940 3915 2119 3971 poena.
2155 3898 2312 3967 Quod
2340 3913 2472 3954 vero
2502 3899 2574 3953 ait
2599 3917 2612 3952 :
2647 3898 2944 3965 mercedis,
2987 3900 3092 3954 hoc
3123 3899 3190 3954 ad
3221 3898 3538 3972 qualitatem

1940 4003 2118 4060 poenae
2146 3987 2402 4053 refertur,
2444 3997 2502 4042 ut
2553 3987 2644 4058 qui
2689 3987 2929 4043 libidinis
2975 3988 3102 4060 igne
3141 3987 3381 4060 perierit,
3413 3987 3544 4060 igne

1939 4076 2129 4133 aeterni
2157 4075 2395 4132 incendii
2425 4077 2718 4132 crucietur.

2009 4192 2182 4247 Vens.
2213 4194 2267 4246 4.
2300 4223 2366 4236 --
2386 4193 2456 4246 Et
2489 4191 2735 4263 Spiritus
2763 4191 3272 4249 distributionibus.
3307 4191 3410 4248 Per
3434 4189 3540 4248 hoc

1937 4279 2263 4336 afﬂuentiam
2288 4280 2542 4351 designat
2572 4280 2888 4352 gratiarum,
2935 4297 3054 4353 qua:
3092 4296 3200 4336 non
3249 4288 3367 4336 erat
3397 4280 3540 4351 apud

1938 4369 2212 4441 antiquos,
2243 4385 2422 4441 neque
2451 4375 2594 4423 tanta
2624 4369 2797 4440 signa,
2832 4385 3010 4440 neque
3039 4376 3151 4424 tam
3180 4369 3395 4423 diversa
3417 4382 3541 4439 pro-

1855 4445 1914 4508 D
1945 4456 2092 4530 digia
2120 4475 2221 4529 per
2247 4457 2392 4530 quod
2419 4457 2678 4523 ostendit,
2710 4457 2832 4529 quia
2863 4473 2971 4512 non
3002 4456 3318 4528 simpliciter
3347 4464 3433 4511 est
3461 4456 3540 4512 eis

1938 4545 2223 4619 creditum,
2267 4547 2364 4602 sed
2411 4563 2509 4618 per
2553 4546 2700 4618 ligna
2746 4553 2800 4600 et
2843 4546 3110 4617 prodigia.
3144 4545 3384 4616 Ideoque
3414 4559 3538 4602 cum

1937 4637 2228 4704 credimus,
2261 4651 2369 4691 non
2398 4635 2524 4702 illis,
2553 4635 2650 4690 sed
2675 4635 2791 4690 Deo
2821 4650 2922 4689 nos
2953 4633 3182 4690 credere
3209 4634 3525 4690 declaratur.

2007 4752 2178 4808 Vens.
2207 4754 2259 4807 6.
2290 4782 2356 4796 —
2391 4750 2532 4819 Quid
2561 4755 2648 4807 est
2674 4749 2854 4808 homo.
2889 4751 3072 4805 Potest
3099 4750 3204 4806 hoc
3230 4749 3340 4822 legi
3369 4748 3536 4806 admi-

1936 4840 2122 4904 rative,
2152 4848 2212 4896 ut
2237 4856 2337 4912 per
2367 4837 2643 4894 hominem
2671 4847 2725 4894 et
2754 4839 2950 4894 Filium
2980 4838 3215 4893 hominis
3255 4838 3534 4910 intelliga-

1935 4937 2019 4984 tur
2048 4928 2288 4984 Christus
2317 4929 2500 4984 homo.
2531 4928 2695 4997 Cujus
2739 4927 2840 4982 fuit
2887 4943 3097 4983 memor
3136 4927 3286 4982 Deus
3313 4927 3371 4981 in
3399 4943 3536 4983 con-

1933 5017 2204 5089 ceptione,
2237 5017 2416 5073 dando
2447 5017 2842 5073 immunitatem
2868 5033 2900 5071 a
2930 5025 3176 5088 peccato.
3208 5015 3277 5070 Et
3300 5015 3534 5074 visitavit

1932 5107 1988 5161 in
2043 5105 2468 5172 resurrectione,
2549 5105 2728 5161 dando
2793 5105 3021 5176 gloriam
3094 5104 3532 5161 immortalitatis.

1933 5196 2116 5250 Potest
2145 5195 2309 5249 etiam
2338 5195 2444 5250 hoc
2473 5193 2602 5265 legi,
2651 5210 2775 5248 cum
2817 5194 3097 5264 despectu,
3131 5209 3233 5263 pro
3264 5201 3483 5249 terreno
3513 5211 3528 5248 :

1932 5283 2104 5339 Adam
2137 5283 2282 5340 enim
2312 5283 2475 5338 homo
2505 5283 2623 5349 fuit,
2657 5283 2755 5337 sed
2787 5299 2895 5337 non
2934 5280 3078 5336 filius
3110 5281 3363 5351 hominis,
3398 5282 3535 5337 sicut

1931 5373 2182 5429 homines
2210 5373 2465 5429 dicuntur
2507 5371 2598 5444 qui
2637 5379 2858 5443 portant
2903 5371 3020 5439 ejus
3068 5370 3382 5441 imaginem.
3432 5369 3535 5437 Qui

1931 5471 2115 5517 autem
2143 5460 2380 5533 portavit
2423 5461 2715 5532 imaginem
2761 5459 2963 5516 Christi
3008 5460 3262 5515 dicuntur
3301 5457 3392 5512 filii
3425 5457 3528 5511 ho-

1931 5551 2137 5606 minum
2179 5551 2379 5622 potius.
2423 5551 2494 5604 Et
2536 5549 2656 5616 ille,
2707 5558 2862 5606 vetus
2904 5551 3068 5605 homo
3110 5548 3338 5612 dicitur;
3389 5545 3527 5613 iste,

1928 5656 2120 5697 novus.
2152 5640 2326 5698 Homo
2365 5638 2532 5711 igitur
2581 5639 2687 5696 hoc
2735 5639 2857 5696 loco
2899 5646 3154 5697 terrenus
3205 5641 3322 5702 est;
3370 5630 3538 5688 Filius
