3968 6176
432 277 535 330 647

931 272 1337 330 WALAFRIDI
1377 271 1620 330 STRABI
1659 269 1858 326 FULD.
1898 267 2074 325 MON.
2116 266 2270 324 OPP.
2310 267 2488 326 PARS
2610 298 2679 310 —
2716 267 3188 327 THEOLOGICA.

3630 273 3734 326 648

433 406 618 455 autem
645 397 901 464 hominis,
955 397 1220 453 caelestis.
1244 397 1313 451 Et
1349 395 1440 451 ille
1469 395 1630 466 longe
1659 402 1934 464 sejunctus
1961 399 2043 448 est
2069 393 2126 456 A
2149 393 2246 448 sed
2275 392 2679 449 misericordiae.
2722 393 2882 463 Quod
2925 394 3119 466 prohat
3163 409 3264 466 per
3306 393 3650 467 prophetam,
3676 410 3748 450 ne

433 489 570 557 Deo,
602 487 691 543 hic
722 495 903 543 autem
932 501 1174 557 praesens
1205 493 1305 540 est.
1341 485 1414 538 Et
1442 483 1566 539 ideo
1615 483 1761 539 illius
1798 493 1881 539 est
1909 499 2032 540 me-

432 592 552 632 mor
580 583 834 647 tanquam
867 576 921 636 in
949 574 1249 647 longinquo
1269 573 1450 645 positi.
1482 573 1638 628 Hunc
1667 573 1844 628 visitat
1873 589 2035 644 quem

439 665 590 722 vultu
641 680 758 732 suo,
811 663 867 719 id
911 671 1012 730 est,
1061 663 1247 733 gratiae
1297 678 1410 717 suae
1451 662 1744 732 praesentia
1784 662 2030 717 illustrat.

446 755 646 810 Visitas
686 770 815 809 eum
847 771 865 808 :
895 751 1171 806 hominem
1219 766 1318 821 per
1359 750 1550 804 Filium
1592 750 1846 819 hominis,
1877 750 2033 823 quasi

433 859 532 914 per
560 841 831 898 medicum
860 840 1150 908 infirmum,
1186 839 1420 895 visitavit
1450 840 1630 895 Pater.

506 959 677 1014 VEus.
701 960 754 1012 ’7.
797 987 864 1000 -
908 957 1114 1012 Gloria.
1177 954 1426 1010 Claritate
1471 953 1891 1010 immortalitatis
1932 954 2032 1012 ho-

433 1062 590 1112 nore,
623 1061 689 1102 eo
719 1045 863 1117 quod
892 1044 972 1100 sic
1003 1043 1236 1100 ﬂectitur
1272 1058 1433 1098 omne
1464 1059 1628 1114 genu.
1662 1044 1837 1116 Super
1865 1059 2034 1115 opera

431 1152 733 1200 manuum,
793 1132 1064 1206 digniora,
1118 1131 1343 1198 scilicet,
1392 1129 1618 1202 angelos
1667 1140 1719 1186 et
1761 1132 2028 1198 homines,

434 1240 555 1297 qua:
581 1239 680 1294 per
708 1221 1084 1278 excellentiam
1119 1220 1370 1276 dicuntur
1400 1235 1563 1291 Opera
1587 1236 1863 1276 manuum.

508 1313 677 1368 Vnus.
707 1314 759 1366 8.
789 1341 859 1357 --
882 1312 946 1365 In
967 1327 1028 1366 eo
1059 1314 1272 1365 autem.
1313 1309 1547 1379 Exponit
1587 1325 1807 1364 sensum
1836 1309 2028 1366 David.

435 1401 524 1456 Ait
552 1400 724 1455 David
746 1399 922 1468 (Psal.
948 1399 1100 1468 VIII):
1121 1399 1320 1454 Omnia
1341 1399 1657 1468 subjecisti:
1672 1400 1737 1453 In
1758 1414 1818 1454 eo
1840 1403 2033 1454 autem

436 1490 578 1563 quod
621 1488 904 1560 Scriptura
949 1488 1206 1558 subjecit,
1247 1485 1304 1544 id
1353 1493 1462 1552 est,
1516 1486 1757 1555 subjecta
1799 1487 2032 1542 ostendit

437 1579 649 1644 omnia,
668 1577 819 1632 nihil
836 1577 1072 1641 dimisit,
1087 1575 1141 1629 id
1163 1581 1266 1644 est,
1280 1573 1410 1628 nihil
1433 1575 1644 1645 excepit
1665 1575 1733 1630 de
1760 1575 2030 1632 omnibus.

508 1685 678 1739 Vnus.
712 1688 765 1740 9.
797 1713 864 1724 —
887 1685 1031 1738 Eum
1065 1685 1280 1748 autem,
1322 1689 1427 1736 etc.
1452 1681 1681 1749 Majores
1708 1681 1890 1753 angeli
1926 1683 2031 1736 ho-

438 1773 584 1829 mine
611 1771 717 1827 dici
741 1781 987 1842 possunt,
1043 1771 1170 1842 quia
1207 1771 1441 1840 majores
1487 1779 1612 1824 sunt
1642 1771 1874 1825 hominis
1904 1787 2030 1828 cor-

437 1877 593 1933 pore.
625 1860 858 1930 Majores
890 1866 1014 1914 sunt
1045 1867 1098 1915 et
1123 1859 1323 1925 animo,
1356 1858 1455 1914 sed
1482 1858 1537 1913 in
1569 1874 1633 1914 eo
1655 1866 1859 1914 tantum
1889 1861 2034 1932 quod

439 1949 650 2022 peccati
696 1948 981 2019 originalis
1029 1948 1223 2004 merito
1283 1962 1481 2018 corpus
1552 1957 1811 2018 aggravet
1854 1948 2034 2020 ipsum

437 2039 696 2108 animum,
732 2037 830 2092 sed
867 2038 970 2092 hoc
999 2052 1108 2091 non
1152 2035 1209 2090 in
1258 2035 1494 2091 Christo.
1547 2034 1707 2104 Quod
1733 2045 1910 2092 autem
1937 2038 2034 2092 tibi

438 2127 655 2184 videtur
683 2125 815 2180 nihil
843 2141 1100 2196 magnum
1145 2124 1213 2180 de
1252 2125 1368 2180 Deo
1407 2125 1567 2179 Patre
1610 2124 1736 2192 dici,
1778 2125 1826 2180 si
1861 2124 2032 2181 forma

438 2215 584 2271 servi
628 2215 800 2284 major
848 2219 948 2281 est,
995 2229 1104 2286 qua
1149 2214 1380 2282 majores
1420 2213 1669 2268 videntur
1715 2221 1768 2268 et
1811 2215 2029 2287 angeli;

439 2319 548 2361 non
577 2311 726 2360 recte
757 2303 986 2374 cogitas,
1029 2319 1129 2358 nec
1178 2301 1410 2356 attendis
1439 2318 1603 2374 quem
1632 2302 1825 2357 habeat
1851 2303 2031 2360 locum

438 2394 492 2448 in
522 2393 685 2448 rebus
710 2393 943 2446 humana
980 2399 1190 2456 natura,
1224 2408 1346 2462 qua:
1382 2391 1601 2446 condita
1635 2399 1717 2446 est
1744 2393 1812 2446 ad
1839 2393 2032 2465 imagi-

437 2498 563 2538 nem
602 2482 746 2537 Dei:
779 2481 868 2537 cui
915 2489 1093 2535 tamen
1148 2479 1343 2548 injuria
1396 2479 1536 2534 facta
1581 2496 1690 2535 non
1745 2489 1844 2548 est,
1906 2499 2028 2538 cum

438 2571 684 2627 Christus
723 2570 933 2625 dicebat
966 2585 979 2624 :
1013 2572 1182 2625 Pater
1212 2571 1396 2638 major
1425 2585 1515 2624 me
1545 2573 1631 2624 est
1661 2569 1842 2640 (Joan.
1876 2571 2027 2642 xxv);

436 2661 527 2732 qui
569 2675 679 2715 non
730 2659 881 2714 carni
924 2675 1036 2713 suae
1074 2656 1269 2722 solum,
1318 2657 1414 2712 sed
1462 2657 1619 2712 etiam
1660 2658 1825 2712 menti
1867 2675 2028 2730 quam

435 2749 660 2820 gerebat
689 2749 936 2803 humanae
955 2748 1130 2804 Deum
1159 2755 1371 2818 patrem
1401 2745 1739 2816 praeferebat,
1760 2764 1882 2818 quae
1910 2748 2028 2804 sine

435 2838 599 2892 dubio
646 2837 817 2892 forma
862 2835 1177 2908 agnoscitur
1219 2833 1382 2900 servi,
1434 2833 1686 2906 quoniam
1725 2835 1892 2892 servit
1920 2845 2027 2894 tota

437 2934 685 2982 creatura
715 2925 978 2981 Creatori.
1569 2983 1572 2986 1

503 3016 739 3087 Propter
765 3015 1105 3086 passionem.
1125 3010 1223 3066 Hic
1245 3011 1359 3079 jam
1388 3008 1575 3080 incipit
1602 3012 1889 3067 ostendere
1915 3029 2024 3069 non

439 3119 539 3173 pro
569 3102 812 3173 potentia
853 3109 1078 3164 tantum,
1126 3099 1213 3154 vel
1263 3097 1465 3152 ultione
1515 3099 1680 3154 verba
1709 3100 1905 3156 Christi
1933 3117 2036 3158 au-
2068 3108 2118 3171 α

433 3190 635 3246 dienda
665 3205 808 3254 esse,
860 3189 959 3243 sed
1001 3203 1099 3259 pro
1147 3186 1436 3242 dilectione
1467 3203 1574 3258 qua
1603 3187 1790 3244 dilexit
1817 3205 1936 3259 nos,
1969 3200 2028 3247 ut

431 3294 534 3350 pro
563 3276 721 3334 nobis
748 3283 1071 3332 moreretur.

502 3414 674 3470 Vsus.
708 3413 794 3466 10.
819 3440 886 3452 —
909 3412 1227 3466 Auctorem.
1247 3408 1538 3464 Christum.
1566 3410 1781 3466 Salutis
1810 3428 2021 3480 eorum,

429 3501 484 3557 id
524 3509 608 3556 est
651 3499 905 3554 ﬁliorum.
953 3500 1074 3570 Ipse
1115 3498 1261 3554 enim
1309 3506 1391 3553 est
1430 3497 1571 3552 ﬁlius
1616 3516 1718 3570 per
1760 3508 2022 3568 naturam,

427 3590 580 3660 cujus
610 3589 857 3644 haeredes
888 3588 1092 3643 erimus
1114 3588 1205 3658 qui
1236 3604 1422 3642 sumus
1461 3587 1749 3658 adOptione
1769 3589 2026 3646 filii.Vide

427 3686 661 3750 quantus
690 3684 773 3734 est
808 3677 864 3733 in
895 3677 1075 3732 medio
1105 3684 1349 3731 nostrum
1383 3694 1396 3730 :
1428 3676 1498 3730 Et
1526 3675 1616 3731 ille
1646 3675 1809 3744 ﬁlius,
1843 3687 1897 3732 et
1924 3694 2027 3734 nos

425 3765 522 3822 filii
543 3784 746 3822 sumus.
779 3766 890 3822 Sed
935 3766 1114 3832 distat,
1159 3765 1305 3836 quod
1350 3763 1444 3820 ille
1491 3766 1678 3832 salvat,
1713 3781 1813 3822 nos
1845 3765 2025 3823 salva-

423 3872 562 3911 mur.
594 3856 693 3913 Ille
722 3853 1038 3924 sanctiﬁcat,
1087 3868 1188 3909 nos
1236 3852 1653 3910 sanctiﬁcamur.
1696 3855 1856 3910 Modo
1886 3870 2024 3911 con-

416 3945 600 4015 jungit
645 3959 747 3999 nos
797 3943 1086 4013 Scriptura,
1131 3941 1296 3996 modo
1345 3942 1623 4015 disjungit.
1673 3944 1892 4011 Multos,
1932 3943 2024 3998 in-

421 4033 557 4104 quit,
589 4032 757 4100 ﬁlios,
789 4030 880 4086 hic
910 4030 1185 4098 conjunxit
1214 4047 1229 4084 :
1257 4035 1546 4086 auctorem
1575 4033 1782 4087 salutis
1804 4049 2019 4101 eorum,

422 4120 512 4175 hic
537 4118 813 4175 discrevit.
845 4121 954 4175 Per
977 4119 1318 4191 passionem.
1336 4118 1474 4186 Quia
1504 4119 1609 4172 nisi
1640 4119 1886 4174 Christus
1906 4137 2023 4176 mo-

420 4215 646 4274 reretur,
696 4208 860 4263 homo
912 4222 1023 4262 non
1068 4207 1447 4276 redimeretur,
1480 4214 1528 4260 et
1559 4223 1670 4262 non
1709 4209 2021 4280 redemptus

417 4296 638 4370 periret.
671 4295 828 4365 Quod
867 4294 913 4349 si
957 4303 1122 4362 esset,
1170 4294 1365 4349 frustra
1411 4295 1594 4350 onmia
1631 4295 1772 4351 facta
1813 4305 2015 4352 essent.

419 4387 624 4442 Caetera
675 4386 821 4440 enim
865 4383 1072 4439 homini
1120 4384 1381 4450 serviunt,
1423 4384 1586 4440 homo
1633 4385 1770 4440 Deo.
1819 4388 1934 4442 Nec
1963 4387 2019 4441 in

2137 488 2356 552 putetur
2376 497 2598 537 novum.

2212 570 2382 625 Vsus.
2418 572 2504 626 14.
2546 601 2618 612 --
2646 571 2788 638 Quia
2835 587 2980 644 ergo.
3029 570 3198 640 Quasi
3233 588 3247 625 :
3285 571 3421 626 Cum
3457 579 3642 627 essent
3671 587 3740 627 ex

2141 674 2250 714 uno
2282 675 2494 728 omnes,
2546 668 2618 726 et,
2676 659 2799 731 quia
2839 659 2996 730 pueri
3044 660 3137 731 qui
3186 658 3560 716 sanctiﬁcandi
3590 669 3742 716 erant

2139 749 2687 804 communicaverunt
2737 748 2910 814 carni,
2959 748 3014 803 id
3063 755 3146 804 est
3187 756 3344 803 erant
3389 749 3642 804 homines
3673 766 3740 804 ex

2135 837 2314 890 anima
2360 845 2412 891 et
2459 853 2726 908 corpore,
2763 853 2885 908 quae
2932 853 3033 907 per
3076 837 3401 908 sanguinem
3451 837 3737 908 accipitur,

2135 925 2544 994 corruptibiles;
2597 925 2722 981 ideo
2769 929 2826 980 et
2872 927 3010 998 ipse,
3054 925 3320 981 Christus.
3361 927 3741 999 Participavit

2134 1013 2341 1070 eisdem
2372 1015 2572 1085 pueris,
2605 1015 2693 1070 vel
2722 1014 2950 1079 eisdem,
2973 1014 3030 1068 id
3060 1022 3142 1070 est
3163 1030 3328 1070 carne
3359 1023 3414 1070 et
3441 1015 3736 1087 sanguine,

2133 1109 2188 1157 et
2218 1102 2321 1158 hoc
2353 1102 2617 1170 similiter,
2649 1103 2705 1158 id
2727 1110 2828 1169 est,
2851 1102 3127 1174 passibilis
3158 1111 3210 1158 et
3228 1103 3493 1174 mortalis,
3523 1110 3584 1158 ut
3609 1119 3741 1175 pos-

2135 1198 2217 1245 set
2245 1190 2399 1258 mori,
2425 1199 2478 1246 et
2508 1192 2593 1247 sic
2621 1191 2925 1247 destrueret
2940 1191 3238 1261 diabolum,
3271 1200 3324 1247 et
3350 1209 3453 1264 per
3480 1200 3736 1260 mortem,

2131 1278 2314 1350 legem
2343 1288 2648 1348 evacuaret,
2681 1288 2736 1336 et
2761 1280 2977 1336 Iudaeos
3015 1280 3219 1337 liberos
3261 1280 3459 1338 faceret
3491 1297 3592 1352 per
3619 1297 3746 1353 gra-

2132 1366 2262 1422 tiam
2307 1369 2398 1439 qui
2443 1369 2639 1425 timore
2692 1385 2982 1440 poenarum
3027 1369 3173 1424 servi
3225 1377 3380 1424 erant
3423 1369 3588 1440 legis.
3630 1371 3742 1426 Per

2131 1461 2391 1514 mortem.
2423 1458 2619 1513 Mirum
2643 1457 2808 1530 quid?
2835 1459 2984 1513 Mors
3009 1466 3122 1514 erat
3150 1474 3300 1512 arma
3329 1474 3426 1530 per
3457 1474 3579 1534 qua:
3612 1459 3739 1514 vin-

2133 1545 2291 1601 cebat
2316 1546 2583 1618 diabolus,
2616 1555 2670 1602 et
2693 1563 2792 1618 per
2819 1563 2940 1602 eam
2989 1547 3162 1602 victus
3191 1554 3275 1603 est
3304 1563 3337 1602 a
3364 1547 3583 1604 Christo
3615 1546 3738 1602 dia-

2132 1633 2308 1690 holus.

2058 1751 2113 1811 Β
2209 1724 2376 1779 Vsus.
2421 1726 2506 1778 16.
2556 1753 2626 1811 έ
2673 1725 2978 1796 Nusquam.
3032 1723 3376 1795 Participavit
3423 1724 3635 1780 eisdem
3682 1733 3740 1779 ut

2137 1811 2384 1870 homines
2414 1810 2791 1868 sanctiﬁcaret.
2815 1813 2883 1867 Et
2909 1819 3058 1868 recte
3088 1814 3203 1868 haec
3232 1827 3403 1868 causa
3423 1813 3736 1884 apponitur,

2137 1900 2261 1971 quia
2294 1901 2340 1954 si
2371 1916 2479 1955 non
2504 1908 2649 1956 esset
2677 1916 2772 1956 eos
2816 1900 3158 1967 liberaturus,
3192 1916 3302 1956 non
3335 1901 3414 1956 eis
3443 1902 3740 1973 participa-

2134 1996 2235 2042 ret.
2270 1987 2427 2056 Quod
2457 1989 2514 2043 in
2541 1989 2751 2060 angelis
2790 1997 3034 2060 apparet,
3069 1989 3197 2060 quia
3224 2005 3519 2060 nusquam,
3553 1989 3613 2044 id
3633 1997 3739 2057 est,

2134 2076 2284 2131 nulla
2315 2077 2581 2148 scriptura
2628 2077 2831 2150 legitur
2878 2078 3306 2150 apprehendisse
3335 2078 3588 2149 angelos.
3623 2080 3738 2150 Ap-

2128 2166 2451 2237 prehendit.
2486 2167 2780 2237 Apostolus
2802 2166 2931 2222 dicit
2955 2185 2969 2220 :
3001 2166 3389 2240 apprehendit,
3413 2182 3525 2222 non
3553 2175 3739 2222 autem

2133 2257 2459 2328 assumpsit,
2493 2255 2647 2326 quasi
2681 2273 2694 2309 :
2729 2255 2913 2326 Longe
2959 2254 3260 2328 fugientem
3309 2265 3601 2312 assecutus
3634 2264 3736 2311 est.

2131 2344 2192 2398 In
2222 2359 2330 2415 quo
2359 2345 2612 2398 humanae
2639 2351 2848 2399 natum
2888 2343 3126 2415 dignitas
3174 2343 3405 2418 intelligi
3446 2352 3655 2416 potest,
3688 2352 3740 2400 et

2130 2432 2498 2488 misericordia
2527 2441 2578 2487 et
2607 2433 2787 2505 gratia
2830 2447 2939 2504 qua
2981 2434 3086 2488 hoc
3131 2432 3275 2499 fecit,
3322 2442 3373 2488 et
3404 2449 3542 2489 cura
3571 2450 3737 2505 quam

2131 2521 2198 2576 de
2229 2521 2385 2576 nobis
2415 2521 2622 2577 habuit.
2671 2521 2993 2593 Fugientem
3039 2522 3239 2594 quippe
3284 2530 3407 2578 ante
3437 2523 3736 2578 humanam

2128 2618 2396 2679 naturam,
2431 2619 2482 2664 et
2505 2610 2671 2681 longe
2718 2610 3014 2681 fugientem
3058 2611 3246 2682 (longe
3276 2611 3420 2666 enim
3453 2614 3732 2681 eramus);

2128 2697 2403 2754 insecutus
2433 2699 2812 2770 apprehendit,
2862 2714 2970 2754 non
3017 2699 3299 2771 angelicae,
3348 2699 3445 2754 sed
3476 2701 3733 2756 humana:

2127 2794 2329 2842 natura:
2369 2788 2491 2842 data
2523 2795 2605 2842 est
2652 2789 2768 2843 haec
2811 2787 3066 2860 dignitas,
3115 2798 3173 2843 ut
3209 2790 3356 2844 Deus
3385 2789 3438 2844 ei
3462 2787 3522 2843 in
3564 2804 3731 2844 unam

2125 2891 2417 2944 personam
2438 2876 2784 2948 jungeretur.

2205 2965 2374 3019 Vsus.
2412 2967 2496 3019 1’7.
2528 2995 2598 3006 —-
2624 2968 2735 3021 Per
2778 2967 2990 3021 omnia.
3040 2963 3179 3034 Quia
3220 2973 3400 3033 natus,
3444 2964 3729 3034 educatus,

2135 3053 2340 3122 crevit;
2373 3069 2586 3123 passus,
2619 3061 2885 3110 mortuus.
2911 3052 3018 3123 Qui
3047 3070 3208 3126 supra
3239 3054 3416 3109 dictus
3447 3063 3531 3110 est
3561 3054 3734 3128 ﬁgura

2132 3151 2369 3213 paternae
2400 3142 2732 3196 substantiae.
3175 3213 3178 3218 Ι

2201 3232 2377 3286 Vnus.
2418 3233 2504 3285 18.
2535 3261 2605 3272 —
2625 3233 2690 3285 In
2717 3247 2779 3287 eo
2809 3231 2982 3287 enim.
3031 3231 3094 3285 Id
3139 3221 3239 3298 est,
3287 3231 3341 3285 in
3369 3246 3536 3287 carne
3567 3246 3730 3304 quam

2130 3321 2370 3390 suscepit
2413 3319 2582 3374 multa
2629 3335 2772 3376 saeva
2809 3335 3006 3391 passus
3053 3328 3154 3376 est.
3185 3319 3454 3392 Novitque
3482 3321 3616 3392 quid
3647 3329 3731 3376 est

2128 3409 2232 3464 ista
2279 3407 2547 3464 tribulatio
2588 3408 2907 3479 patientium
2953 3425 3050 3480 per
3109 3409 3568 3480 experimentum.
3626 3411 3729 3478 Qui

2131 3501 2452 3553 tentantur.
2489 3497 2678 3553 Tentat
2707 3498 2854 3552 Deus
2883 3504 2941 3552 ut
2973 3497 3188 3568 probet,
3219 3497 3470 3554 diabolus
3493 3506 3556 3554 ut
3583 3497 3730 3555 deci-

2126 3587 2256 3658 piat,
2290 3587 2453 3643 homo
2474 3592 2533 3642 ut
2559 3586 2692 3643 sciat
2725 3587 2874 3658 quod
2900 3586 3095 3643 nescit.

2744 3764 2969 3821 CAPUT
3007 3764 3099 3820 III.

2197 3916 2368 3972 Vsus.
2403 3919 2452 3972 1.
2485 3943 2555 3957 -
2588 3915 2740 3974 Unde
2770 3918 3002 3986 fratres.
3043 3914 3127 3970 Ex
3151 3914 3404 3971 omnibus
3426 3915 3724 3987 superiori-

2124 4003 2226 4058 bus
2257 4003 2446 4072 infert;
2475 4003 2631 4075 quasi
2665 4021 2678 4057 :
2710 4003 2851 4072 Quia
2879 4011 3095 4076 potens,
3125 4004 3246 4076 quia
3273 4019 3474 4075 passus
3503 4020 3608 4075 pro
3637 4018 3725 4061 no-

2123 4093 2226 4161 bis,
2260 4101 2312 4148 et
2346 4100 2526 4163 potest
2555 4092 2823 4148 auxiliari.

2194 4181 2346 4237 Vnus
2375 4185 2430 4239 2.
2466 4211 2536 4221 -
2564 4182 2668 4249 Qui
2697 4183 2901 4250 ﬁdelis.
2952 4181 3143 4252 Incipit
3189 4181 3461 4237 Christum
3492 4195 3721 4254 compa-

2122 4286 2243 4324 rare
2272 4269 2463 4341 Moysi,
2501 4269 2637 4325 sicut
2681 4285 2846 4341 supra
2881 4270 3164 4341 prophetis
3210 4278 3263 4326 et
3297 4270 3528 4342 angelis,
3561 4271 3636 4325 ita
3668 4279 3724 4324 ut

2121 4360 2191 4413 sit
2218 4376 2333 4430 prae
2377 4359 2561 4430 Moyse
2607 4357 2804 4426 ﬁdelis,
2851 4359 2975 4430 quia
3024 4373 3134 4414 non
3174 4375 3348 4425 suam,
3401 4359 3501 4414 sed
3549 4359 3723 4415 Patris

417 4473 687 4547 aliquibus
723 4475 872 4529 Deus
910 4472 1309 4545 gloriﬁcaretur
1368 4447 1499 4528 cum
1559 4472 1629 4528 ad
1659 4474 1791 4530 'hoc
1837 4475 2017 4530 omnia
2040 4471 2093 4531 D
2121 4448 2348 4547 §}°{'i?m
2377 4447 2644 4547 ξίιξδξῗίνίίτ
2668 4464 2777 4547 fet?
2799 4448 2940 4547 finus
2984 4447 3590 4547 mandataabscondit.‘
3620 4447 3724 4516 Qui

327 4629 335 4634 _
417 4562 555 4619 facta
585 4563 711 4620 sint.
745 4563 904 4618 Falsa
943 4577 1157 4634 quoque
1197 4571 1343 4617 esset
1387 4561 1792 4632 praedestinatio
1820 4564 1890 4619 de
1919 4564 2016 4619 ad-

414 4651 680 4708 ducendis
709 4651 854 4706 ﬁliis.
894 4653 1316 4708 Consummare.
1371 4651 1486 4707 Hoc
1530 4651 1586 4706 in
1618 4652 2016 4708 resurrectione

414 4739 668 4811 inccepit,
728 4741 947 4812 quando
1003 4739 1422 4795 immortalitatis
1463 4740 1644 4812 gloria
1691 4741 2015 4796 sublimatus

416 4837 518 4885 est.
564 4831 632 4884 Et
677 4837 894 4884 auctum
939 4828 995 4885 in
1033 4829 1372 4895 ascensione,
1419 4829 1637 4900 quando
1676 4830 1920 4885 ascendit
1946 4829 2016 4885 ad

415 4917 699 4974 dexteram
738 4918 926 4973 Patris.
978 4918 1046 4971 Et
1088 4916 1394 4988 perﬁcietur
1438 4917 1494 4971 in
1526 4917 1752 4987 judicio,
1794 4919 2014 4992 quando

418 5009 472 5063 ei
501 5008 696 5063 omnia
744 5008 1140 5080 subjicientur,
1187 5011 1244 5062 et
1287 5008 1400 5063 erit
1443 5007 1637 5064 omnia
1666 5008 1729 5063 in
1757 5008 2015 5064 omnibus

419 5095 473 5166 (Ι
497 5097 618 5153 Cor.
653 5098 775 5167 xv).

493 5199 596 5265 Qui
622 5199 794 5264 enim,
824 5205 925 5253 etc.
963 5197 1154 5269 (AUG.)
1184 5199 1395 5264 Probat,
1433 5198 1577 5268 quod
1603 5213 1704 5271 pro
1736 5207 1921 5254 nostra
1951 5198 2016 5254 li-

415 5285 695 5341 beratione
743 5286 1012 5341 Christum
1055 5285 1166 5356 pati
1214 5287 1474 5354 decuerit,
1529 5295 1654 5353 etc.,
1705 5304 1879 5359 usque
1945 5288 2016 5343 ad

414 5390 537 5429 cum
565 5382 617 5428 et
646 5381 922 5445 utramque
946 5383 1189 5429 naturam
1215 5391 1315 5445 per
1344 5391 1403 5431 se
1431 5382 1641 5429 constat
1673 5375 1920 5431 scivisse.

485 5482 574 5537 Ex
598 5497 712 5537 uno
741 5496 954 5548 omnes,
987 5480 1092 5535 Sed
1136 5481 1227 5536 ille
1275 5490 1333 5536 ut
1381 5483 1632 5553 pr0prius
1681 5482 1867 5552 Filius,
1914 5498 2015 5538 nos

420 5569 679 5641 ad0ptivi.
714 5570 848 5626 Cum
877 5568 1008 5625 dicit
1041 5587 1054 5623 :
1087 5587 1202 5626 non
1231 5573 1509 5627 erubescit
1554 5575 1769 5642 fratres
1797 5588 2014 5640 vocare,

415 5658 651 5717 ostendit
679 5658 825 5732 quod
863 5674 973 5717 non
1015 5658 1066 5716 ei
1104 5667 1307 5716 naturae
1355 5668 1438 5716 est
1466 5658 1775 5717 fraternitas
1805 5667 2013 5731 nostra,

2115 4537 2359 4594 Christus
2373 4534 2548 4591 ﬁdelis
2569 4543 2652 4591 est
2668 4535 2813 4590 Patri
2833 4535 3008 4606 (Sicut
3028 4536 3267 4608 Moyses)
3293 4537 3351 4591 in
3376 4536 3524 4591 omni
3555 4536 3720 4592 domo

2113 4637 2140 4690 ,1
2147 4626 2427 4682 ιιάεεοωω
2457 4632 2510 4680 et
2540 4625 2806 4696 gentium.

2185 4741 2355 4797 Vsus.
2379 4743 2432 4794 3.
2451 4768 2520 4779 —-
2548 4740 2872 4812 Amplioris.
2907 4738 3073 4808 Quasi
3097 4756 3113 4794 :
3140 4738 3298 4807 Quod
3326 4737 3504 4794 fidelis
3533 4738 3718 4809 fuerit,

2114 4827 2233 4899 ipse
2281 4827 2506 4884 effectus
2556 4828 2760 4884 indicat
2814 4845 2826 4884 :
2881 4829 3008 4899 quia
3057 4827 3260 4902 dignus
3307 4836 3391 4884 est
3433 4828 3632 4900 gloria,
3665 4836 3721 4884 ut

2116 4918 2332 4988 Moyses
2358 4935 2371 4972 :
2396 4925 2449 4972 et
2470 4917 2692 4988 quidem
2711 4917 2975 4988 ampliore
2993 4933 3105 4988 pra:
3125 4918 3330 4989 Moyse,
3351 4917 3407 4972 id
3428 4925 3531 4989 est,
3556 4934 3718 4991 quam

2113 5007 2350 5078 Moyses,
2385 5005 2472 5062 vel
2491 5023 2606 5078 pra:
2635 5008 2821 5078 Moyse
2851 5007 3120 5063 exsistens
3148 5007 3204 5061 in
3232 5008 3514 5086 merendo.

2186 5121 2356 5177 Vnus.
2391 5122 2443 5175 4.
2478 5151 2549 5162 —-
2584 5123 2776 5178 Omnis
2799 5138 3042 5195 namque
3070 5121 3289 5189 domus,
3320 5130 3423 5178 etc.
3454 5119 3613 5176 Fabri
3627 5135 3717 5177 ca-

2114 5209 2188 5265 vit
2216 5209 2357 5277 dico,
2390 5227 2492 5281 per
2522 5227 2581 5266 se
2611 5211 2753 5265 enim
2784 5227 2892 5265 non
2921 5219 3098 5281 potest
3123 5209 3259 5277 ﬁeri,
3279 5211 3377 5265 sed
3407 5211 3475 5265 ah
3505 5209 3714 5282 aliquo.

2116 5301 2200 5352 An
2247 5298 2370 5354 ideo
2417 5314 2450 5353 a
2495 5299 2741 5353 Christo?
2785 5300 2945 5364 Vere,
2999 5299 3124 5370 quia
3167 5299 3303 5354 deus
3351 5306 3437 5354 est
3469 5299 3564 5370 qui
3595 5297 3720 5355 facit

2116 5387 2357 5454 domum,
2409 5395 2463 5442 et
2501 5387 2703 5442 omnia.
2747 5387 2851 5454 Qui
2895 5390 3091 5443 autem
3133 5389 3327 5443 omnia
3370 5387 3611 5453 creavit,
3665 5394 3717 5440 et

2116 5475 2357 5530 domum.
2391 5478 2538 5531 Deus
2566 5480 2669 5531 est.
2703 5475 2992 5546 Utriusque
3040 5475 3184 5530 enim
3229 5476 3425 5531 domus
3455 5483 3568 5530 tam
3601 5475 3717 5543 ejus

2119 5581 2278 5635 quam
2308 5565 2442 5620 rexit
2472 5565 2704 5636 Moyses,
2740 5581 2900 5636 quam
2925 5565 3040 5634 ejus
3063 5580 3227 5637 quam
3247 5565 3418 5622 erexit
3445 5563 3714 5632 Christus,

2116 5651 2289 5712 factor
2319 5661 2401 5711 est
2429 5654 2596 5712 Deus.
