3968 6176
226 232 326 287 649

1200 228 1471 287 GLOSSA
1509 228 1918 286 ORDINARIA.
1959 258 2028 268 —
2063 228 2282 284 EPIST.
2324 230 2418 283 AD
2449 229 2670 285 HEBR.

3401 234 3506 287 650

282 354 451 408 Vens.
484 355 518 407 5
546 383 617 392 —
645 354 717 408 Et
744 354 964 424 Moyses.
998 352 1250 409 Ostendit
1278 354 1551 409 Christum
1581 354 1808 425 dignum
1840 355 1894 415 A
1916 369 2038 408 esse
2073 353 2140 407 de
2170 353 2373 425 requie,
2405 352 2533 408 dicit
2562 353 2781 424 quando
2813 369 2826 406 :
2859 351 3130 418 videlicet,
3151 360 3272 407 ante
3301 353 3503 431 legem,

217 441 461 513 ampliori
492 440 671 514 gloria
697 459 861 513 quam
892 443 1133 513 Moysen,
1189 443 1316 514 quia
1364 443 1608 497 Christus
1640 442 1809 496 fabri-

218 538 363 588 cator
391 537 475 585 est
502 530 698 585 domus
719 574 732 597 ,
784 548 894 587 non
923 540 1103 587 autem
1132 532 1370 602 Moyses.
1402 532 1501 586 Hic
1530 531 1693 585 aliam
1725 546 1809 584 ra-

217 620 417 675 tionem
449 619 611 675 etiam
644 621 898 687 ostendit,
952 621 1081 692 quia
1132 620 1339 675 scilicet
1368 620 1615 675 Christus
1645 619 1805 685 ﬁlius,

218 710 432 780 Moyses
462 707 696 762 famulus
727 716 837 776 est,
871 710 961 782 qui
992 718 1044 764 et
1075 709 1317 765 carnalia
1363 708 1675 765 carnalibus
1705 716 1812 762 tra-

217 797 394 863 debat,
431 796 676 852 Christus
706 814 836 853 vero
887 798 1205 870 spiritualia.

278 886 449 942 Vens.
481 887 984 959 7.—Quapropter.
1017 888 1149 941 Cum
1184 902 1347 957 supra
1365 902 1482 957 prae
1509 886 1720 959 angelis
1762 893 1816 941 et

214 974 494 1047 prOphetis
524 974 799 1030 Christum
827 976 1264 1032 commendasset
1292 975 1347 1029 in
1376 975 1580 1042 multis,
1632 976 1816 1029 subin-

215 1064 328 1119 tulit
361 1078 467 1118 nos
490 1071 744 1136 oportere
775 1065 1069 1121 observare
1099 1082 1219 1136 quae
1249 1065 1320 1119 ab
1341 1064 1432 1119 illo
1464 1064 1773 1119 audivimus
1798 1083 1811 1131 ;

215 1153 288 1208 ita
318 1161 372 1209 et
401 1170 549 1210 nunc
578 1155 960 1210 commendato
988 1155 1107 1225 ipso
1136 1170 1252 1225 prae
1284 1156 1488 1223 Moyse,
1512 1153 1699 1224 incipit
1720 1169 1815 1208 eos

212 1250 442 1307 terrere,
476 1260 545 1298 ne
606 1242 714 1297 sint
742 1242 1013 1298 increduli
1044 1243 1272 1310 Christo,
1296 1259 1397 1313 per
1423 1248 1641 1312 patrum
1671 1242 1820 1296 simi-

210 1330 499 1386 litudinem
531 1339 625 1397 ;et
674 1348 743 1386 ne
790 1332 1035 1386 amittant
1082 1331 1341 1403 requiem,
1395 1331 1687 1396 blanditur,
1720 1348 1820 1401 per

211 1428 669 1490 opportunitatem
692 1420 970 1491 temporis.
1002 1421 1190 1476 Hodie.
1222 1419 1404 1487 Modo,
1428 1436 1532 1489 per
1552 1436 1611 1473 se
1643 1420 1817 1491 loqui-

210 1516 325 1573 tur,
387 1508 481 1580 qui
536 1508 687 1580 prius
744 1525 843 1580 per
866 1524 1150 1580 praecones
1182 1526 1195 1562 :
1229 1508 1275 1561 si
1323 1516 1450 1563 tunc
1502 1508 1625 1562 duri
1655 1508 1818 1563 modo

219 1604 393 1652 estote
422 1598 640 1653 molles.

1906 450 2032 513 post
2071 441 2462 511 perfectionem
2511 458 2735 512 operum
2786 450 2994 511 septem
3041 442 3255 496 dierum
3287 459 3384 513 per
3414 460 3510 498 re-

1911 531 2094 601 quiem
2125 530 2375 596 sabbati;
2409 538 2462 584 et
2492 530 2590 583 sub
2621 531 2767 601 lege,
2790 530 3003 601 quando
3035 548 3134 601 per
3162 539 3367 585 terram
3387 548 3520 602 pro-

1910 619 2188 673 missionis
2228 619 2616 691 designabatur
2654 638 2667 685 ;
2700 627 2751 674 et
2782 627 3048 689 tempore,
3081 620 3273 692 gratia:
3307 620 3514 690 Spiritu

1914 715 2100 763 sancto
2131 708 2344 762 dicente
2385 707 2442 761 in
2470 708 2645 761 David
2670 726 2684 761 :
2708 708 2885 774 hodie,
2913 716 3040 773 etc.,
3076 710 3254 779 quasi,
3291 709 3514 763 nuntia-

1913 804 2025 850 tum
2052 805 2133 851 est
2161 796 2229 851 de
2262 796 2450 867 requie
2482 796 2572 849 illa
2603 804 2655 850 et
2676 796 2755 851 sic
2774 797 2996 869 quidem
3017 799 3235 869 quando
3274 798 3516 851 nondum

1916 885 2205 956 completio
2253 885 2405 939 istius
2449 902 2594 940 verae
2622 884 2856 956 requieri
2886 894 3000 939 erat
3028 885 3352 958 signiﬁcata,
3390 886 3519 956 quia

1915 975 2103 1045 requie
2148 974 2325 1028 nullus
2346 974 2521 1029 adhuc
2566 974 2769 1044 potitus
2799 974 2993 1030 fuerat.
3025 977 3320 1046 Perfectis.
3355 973 3517 1043 Quod

1917 1063 2015 1118 fuit
2040 1063 2184 1117 facto
2217 1063 2453 1130 homine,
2489 1080 2589 1132 pro
2621 1081 2728 1133 quo
2759 1063 2902 1117 facta
2932 1071 3055 1117 sunt
3084 1064 3283 1130 omnia,
3315 1072 3367 1118 et
3400 1062 3520 1134 ipse

1920 1153 1989 1206 ad
2020 1153 2195 1206 Deum
2218 1150 2632 1223 gloriﬁcandum
2664 1152 2836 1207 factus
2868 1160 2968 1206 est.

1994 1241 2160 1294 Vens.
2197 1241 2248 1294 4.
2281 1271 2349 1279 —
2373 1243 2442 1295 Et
2472 1242 2748 1312 requievit
2779 1241 2873 1294 dia
2902 1243 3164 1312 septima.
3192 1240 3298 1295 Sex
3329 1240 3523 1295 diebus

1920 1328 2046 1383 fecit
2077 1329 2280 1397 omnia,
2312 1337 2369 1383 ut
2396 1337 2520 1398 post
2550 1328 2683 1381 nihil
2710 1322 2863 1383 ﬁeret
2905 1329 3009 1383 nisi
3039 1330 3106 1383 de
3137 1330 3368 1384 materia
3397 1338 3527 1385 tunc

1922 1416 2083 1483 facta,
2133 1426 2185 1472 et
2237 1417 2306 1471 ad
2359 1416 2762 1471 similitudinem
2814 1417 3099 1473 factorum.
3153 1418 3392 1488 Septima
3440 1418 3531 1473 die

1923 1505 2145 1576 quievit,
2179 1524 2299 1577 quae
2341 1506 2465 1560 ideo
2515 1506 2781 1578 significat
2826 1506 3090 1577 requiem.
3143 1506 3233 1562 Sic
3278 1515 3331 1561 et
3377 1514 3531 1561 sexta.

1922 1612 2079 1659 :etate
2109 1606 2273 1658 homo
2319 1604 2567 1658 Christus
2612 1613 2771 1659 natus
2821 1613 2899 1658 est
2924 1605 3127 1659 mundo
3158 1605 3227 1658 ad
3258 1605 3526 1671 laborem,

285 1687 460 1743 Vens.
496 1692 547 1742 8.
570 1687 842 1742 —Nolite
871 1687 1141 1743 obdurare
1172 1687 1340 1742 corda
1366 1691 1584 1754 vestra;
1628 1685 1682 1739 id
1714 1694 1814 1752 est,
1835 1714 1889 1773 B
1925 1701 2075 1747 sexta
2104 1694 2191 1746 die
2223 1701 2274 1747 et
2306 1702 2463 1747 sexta
2492 1693 2597 1746 diei
2638 1694 2771 1747 hora
2802 1710 3013 1763 passus,
3041 1694 3271 1763 septima
3303 1693 3528 1764 quievit.

216 1774 383 1830 nolite
415 1776 533 1839 Deo
581 1774 819 1830 rebelles
849 1783 902 1831 et
945 1783 1295 1831 contumaces
1324 1791 1447 1830 esse
1471 1817 1484 1841 ,
1518 1774 1615 1829 sed
1650 1774 1818 1829 obse-

219 1871 470 1935 quentes.

281 1953 458 2007 Vnas.
486 1957 539 2007 9.
562 1983 632 1994 —
651 1953 1072 2021 Probaverunt;
1095 1952 1151 2007 id
1178 1960 1280 2019 est,
1305 1952 1633 2008 curiositatis
1653 1968 1822 2008 causa

218 2041 606 2114 exquisierunt.

284 2131 463 2186 Vnus.
498 2134 584 2184 10.
634 2161 705 2172 -
756 2131 1031 2201 Offensus.
1092 2130 1265 2187 Valde
1314 2139 1366 2185 et
1404 2130 1821 2201 implacabiliter

216 2220 401 2276 iratus.
454 2221 738 2291 Infensus.
785 2220 885 2276 Vel
924 2222 1224 2293 proximus
1263 2220 1571 2277 adhibendo
1603 2238 1821 2277 correc-

217 2309 377 2365 tionis
406 2309 643 2382 ﬂagella.

286 2399 466 2452 Vsus.
502 2401 589 2453 11.
622 2428 692 2438 -
720 2399 785 2453 In
814 2400 904 2454 ira
932 2416 1076 2455 mea.
1110 2400 1277 2456 Irasci
1309 2401 1504 2457 dicitur
1536 2401 1681 2455 Deus
1724 2415 1823 2470 per

217 2482 455 2559 ﬁguram
501 2487 981 2558 anthropOpathos.
1011 2489 1071 2544 Si
1111 2489 1434 2545 introibant
1478 2491 1540 2543 in
1571 2489 1822 2561 requiem

215 2591 426 2632 meam.
460 2576 815 2646 Aposiopesis
848 2584 948 2641 est,
983 2576 1036 2630 id
1080 2585 1163 2630 est
1208 2594 1316 2631 non
1363 2578 1677 2631 introibunt.

281 2663 463 2719 Vnus.
490 2666 577 2721 12.
598 2695 669 2704 -
696 2666 796 2722 Cor
815 2666 1033 2719 malum
1064 2667 1511 2721 incredulitatis.
1537 2667 1602 2721 Ut
1623 2664 1822 2735 putetis

216 2753 492 2808 Christum
538 2769 648 2808 non
695 2751 944 2808 sufficere
988 2753 1105 2808 sine
1136 2754 1278 2825 lege,
1311 2756 1453 2825 quod
1485 2762 1568 2809 est
1597 2755 1817 2820 malum,

214 2842 333 2913 quia
363 2842 449 2897 sic
479 2841 585 2896 ruit
614 2842 777 2896 homo
809 2841 862 2894 in
892 2842 1063 2896 multa
1090 2852 1336 2914 peccata.
1388 2845 1503 2898 Nec
1543 2845 1648 2898 hoc
1677 2844 1818 2909 leve,

218 2931 346 3002 quia
374 2931 484 2986 hoc
513 2938 595 2985 est
624 2945 717 2985 cor
744 2931 1063 2985 discedendi
1093 2946 1127 2985 a
1159 2933 1273 2985 Deo
1320 2931 1464 2987 vivo.

283 3020 465 3075 Vsus.
500 3021 586 3074 13.
621 3048 690 3058 -—
719 3021 902 3075 Donec
935 3020 1131 3086 hodie;
1160 3020 1216 3074 id
1245 3028 1345 3085 est,
1381 3028 1593 3090 tempus
1632 3019 1821 3090 gratiae

216 3115 267 3162 et
292 3109 367 3163 de
396 3123 509 3178 quo
539 3107 713 3161 aiebat
741 3108 1010 3178 propheta
1041 3108 1287 3178 superius
1317 3107 1373 3161 in
1401 3108 1657 3178 psalmis,
1693 3109 1821 3180 quia

211 3213 321 3252 non
365 3196 549 3250 minus
594 3196 758 3251 modo
806 3204 1098 3266 praastatur
1142 3197 1487 3252 credentibus
1531 3198 1710 3269 gratia
1756 3198 1827 3251 ad

217 3286 476 3349 salutem,
528 3300 693 3355 quam
731 3284 850 3355 ipso
897 3285 1107 3340 Christo
1140 3294 1407 3357 praesente
1444 3286 1821 3356 corporaliter.

220 3375 480 3429 Fallacia
501 3375 740 3445 peccati,
765 3373 817 3427 id
839 3381 922 3428 est
941 3374 1162 3441 diaboli,
1184 3375 1274 3445 qui
1304 3382 1385 3428 est
1407 3390 1573 3429 causa
1592 3375 1822 3444 peccati.

283 3463 463 3517 Vens.
500 3463 586 3517 14.
602 3465 991 3534 —Participes
1005 3464 1158 3517 enim
1181 3464 1407 3519 Christi.
1442 3464 1666 3517 Debetis
1689 3465 1824 3518 hor-

214 3551 341 3620 tari,
376 3561 431 3605 et
463 3566 574 3605 non
604 3568 727 3606 esse
756 3551 894 3614 duri,
930 3552 1058 3622 quia
1089 3553 1234 3623 quod
1265 3568 1375 3607 non
1403 3568 1622 3607 eramus
1641 3597 1656 3619 ,
1700 3552 1825 3607 facti

214 3657 405 3695 sumus
435 3656 539 3711 per
567 3641 815 3713 gratiam,
850 3641 1113 3695 habentes
1143 3649 1351 3711 partem
1384 3657 1508 3696 cum
1525 3641 1739 3695 Christo
1770 3642 1825 3695 in

214 3729 544 3785 haereditate
576 3747 589 3782 :
623 3731 725 3784 hac
754 3738 939 3784 tamen
968 3729 1298 3795 conditione,
1324 3730 1373 3785 si
1402 3731 1640 3785 initium
1670 3731 1815 3784 subs-

223 3817 446 3887 tantiae,
505 3818 562 3871 id
620 3827 702 3873 est
731 3817 893 3885 ﬁdei,
928 3835 1048 3889 quae
1079 3826 1159 3873 est
1190 3819 1401 3873 initium
1432 3819 1696 3873 bonorum
1724 3835 1825 3889 per

216 3924 379 3979 quam
412 3908 563 3961 Deus
594 3907 792 3970 existit,
823 3907 879 3961 in
899 3907 1076 3973 nobis,
1104 3916 1271 3978 etper
1294 3925 1458 3979 quam
1479 3908 1819 3978 deiﬁcamur,

215 4004 268 4050 et
296 3996 501 4051 divinae
532 3996 852 4051 substantia:
880 3996 1287 4067 participamus,
1312 4015 1484 4069 usque
1513 3998 1584 4054 ad
1625 3998 1819 4068 finem,

218 4083 459 4153 ﬁrmum
488 4085 861 4141 retineamus.

288 4174 467 4229 Vens.
502 4177 587 4227 16.
619 4204 688 4213 -
724 4174 960 4242 Quidam
1003 4176 1155 4229 enim
1186 4174 1500 4230 audientes.
1553 4175 1668 4229 Hoc
1697 4175 1821 4229 ideo

216 4260 366 4327 dicit,
401 4278 473 4316 ne
504 4262 625 4333 quis
656 4270 805 4332 putet
822 4262 954 4317 satis
986 4280 1108 4318 esse
1137 4263 1327 4317 audire
1353 4263 1421 4317 de
1456 4264 1670 4334 requie,
1697 4263 1821 4334 quia

220 4359 273 4407 et
308 4350 391 4405 illi
419 4367 614 4405 omnes
642 4351 948 4418 audierunt,
982 4352 1079 4406 sed
1108 4352 1233 4407 'non
1281 4368 1471 4407 omnes
1507 4351 1815 4421 audierunt,

216 4440 317 4495 sed
334 4456 451 4495 non
481 4455 671 4495 omnes
693 4446 1080 4511 pervenerunt.
1818 4434 1870 4493 D

828 4598 1070 4657 CAPUT.
1104 4601 1194 4656 IV.

286 4745 467 4800 Vens.
497 4748 554 4803 2.
586 4773 656 4784 —
680 4745 801 4800 Non
845 4745 1098 4816 profuit,
1150 4751 1254 4798 etc.
1309 4742 1539 4813 Egressi
1578 4741 1724 4798 enim
1755 4742 1823 4797 de

211 4835 474 4908 Egypto,
533 4849 658 4889 cum
730 4832 957 4888 multam
1026 4832 1170 4887 viam
1224 4831 1694 4902 perambulassent
1724 4873 1737 4900 ,
1772 4838 1824 4886 et

208 4931 385 4985 multa
414 4929 621 4985 indicia
649 4928 855 4983 virtutis
886 4927 985 4983 Dei
1036 4928 1379 4999 accepissent
1407 4928 1461 4982 in
1482 4930 1733 5000 ngyptO,
1767 4928 1821 4982 in

212 5020 353 5074 mari
397 5018 586 5074 Rubro
608 5060 622 5084 ,
654 5018 711 5071 in
741 5033 928 5072 eremo
948 5060 960 5082 ,
997 5018 1293 5073 consilium
1312 5017 1565 5073 fecerunt
1615 5019 1826 5072 mittere

217 5108 602 5180 speculatores
631 5107 724 5178 qui
754 5106 1015 5162 deberent
1058 5107 1328 5178 inspicere
1358 5115 1607 5162 naturam
1637 5116 1816 5163 terrae.

221 5208 358 5275 Qua:
403 5206 735 5261 audierunt.
787 5204 1279 5276 Exploratoribus;
1311 5206 1402 5277 qui
1441 5206 1586 5260 mala
1618 5205 1821 5260 retule-

216 5311 366 5371 runt,
398 5319 513 5358 non
545 5302 929 5369 crediderunt;
959 5302 1047 5357 vel
1076 5302 1149 5357 ita
1188 5302 1481 5377 distingue,
1511 5304 1645 5372 ﬁdei
1674 5320 1821 5358 sum-

214 5400 329 5463 ptae
355 5409 431 5448 ex
462 5393 551 5449 his
582 5409 703 5465 quia
731 5392 1061 5447 audierunt.

292 5500 463 5554 Vens.
498 5503 635 5554 3.-
662 5500 732 5554 Et
761 5498 1007 5572 quidem.
1033 5499 1113 5554 De
1143 5498 1321 5571 prima
1352 5500 1540 5572 requie
1565 5500 1708 5570 quod
1740 5498 1820 5554 si-

214 5596 462 5670 gniﬁcet,
493 5597 583 5652 hic
612 5596 744 5670 agit.
780 5597 1069 5669 Operibus.
1116 5595 1256 5667 Quia
1283 5599 1491 5654 dixerat
1520 5597 1821 5653 nuntiatum

357 5742 602 5799 ΡΑτιιοι..
643 5739 831 5800 CXIV.

1924 1782 2014 1861 Sic
2044 1790 2095 1836 et
2143 1798 2244 1836 nos
2292 1782 2420 1835 dum
2466 1782 2565 1835 sub
2612 1782 2870 1851 operibus
2898 1799 2995 1836 sex
3033 1783 3243 1836 dierum
3273 1782 3526 1851 vivimus,

1919 1864 2252 1941 cperamur;
2314 1870 2441 1924 inde
2486 1878 2782 1935 exeuntes,
2818 1870 3148 1941 quiescimus
3200 1889 3213 1924 :
3261 1870 3308 1924 si
3352 1877 3532 1924 tamen

1919 1975 2091 2029 opera
2121 1966 2309 2013 nostra
2336 1959 2496 2015 valde
2526 1959 2672 2013 bona
2698 1958 3063 2014 inveniantur.

1992 2068 2162 2122 Vens.
2273 2096 2343 2105 —
2372 2069 2443 2121 Et
2478 2068 2542 2120 in
2574 2067 2702 2122 isto.
2743 2067 2822 2120 De
2865 2065 3107 2120 secunda
3156 2065 3367 2136 requie,
3398 2081 3523 2137 quin

1925 2154 2263 2228 signiﬁcatur
2290 2172 2392 2226 per
2423 2154 2660 2227 ﬁguram
2701 2154 2911 2224 requiei
2941 2163 3099 2209 terra:
3129 2155 3530 2226 promissionis.

1994 2264 2163 2317 Vens.
2196 2263 2249 2318 '7.
2282 2292 2352 2301 —
2384 2263 2542 2316 Diem
2572 2261 2868 2333 quemdam
2909 2261 3088 2317 hodie.
3123 2262 3202 2315 De
3249 2261 3405 2315 tertia
3451 2260 3536 2315 si-

1924 2349 2201 2423 gniﬁcata,
2239 2359 2292 2404 et
2332 2352 2550 2422 quando
2597 2351 2783 2415 datur,
2812 2350 3059 2420 quamvis
3104 2350 3360 2416 obscure,
3415 2365 3540 2421 quas

1925 2457 2023 2510 per
2044 2440 2319 2493 Christum
2350 2439 2695 2495 credentibus
2724 2439 2998 2508 promissa
3028 2447 3128 2492 est.
3152 2442 3285 2494 Post
3303 2443 3535 2494 tantum

1930 2531 2216 2601 temporis.
2253 2531 2311 2581 In
2342 2530 2448 2583 hoc
2477 2536 2658 2583 autem
2695 2536 2845 2598 patet
2883 2528 3030 2600 quod
3072 2529 3189 2582 haec
3209 2537 3291 2582 est
3311 2528 3417 2582 alia
3445 2544 3534 2583 re-

1927 2618 2082 2687 quies
2112 2618 2181 2672 de
2213 2634 2319 2689 qua
2352 2618 2527 2672 David
2559 2617 2687 2671 dicit
2735 2617 2912 2683 hodie,
2952 2632 3111 2687 quam
3138 2616 3228 2669 illa
3268 2616 3337 2671 ad
3366 2632 3530 2687 quam

1923 2707 2087 2761 Josue
2118 2706 2286 2761 duxit.
2336 2708 2473 2759 Nam
2524 2706 2569 2759 si
2600 2707 2687 2758 illa
2743 2714 2905 2772 esset,
2942 2722 3051 2760 non
3102 2706 3420 2777 loqueretur
3458 2706 3529 2762 de

1923 2796 2029 2849 alia
2076 2795 2288 2861 David;
2323 2812 2457 2868 ergo
2505 2804 2713 2850 certum
2742 2804 2824 2848 est
2871 2811 2992 2849 esse
3041 2794 3201 2849 aliam
3248 2795 3319 2849 ad
3367 2810 3529 2867 quam

1926 2884 2175 2939 Christus
2205 2884 2373 2951 ducit,
2406 2901 2527 2955 quas
2556 2900 2655 2955 per
2686 2884 2833 2937 illam
2872 2884 3155 2938 Palaestina
3185 2884 3523 2957 signabatur.

1996 2988 2166 3042 Vens.
2203 2992 2252 3040 8.
2286 3018 2354 3026 —
2387 2988 2497 3052 Eis,
2524 2984 2647 3039 ﬁliis
2681 2985 2876 3051 Israel,
2911 2986 3106 3056 quibus
3134 2986 3281 3056 prius
3314 2986 3529 3041 nuntia-

1840 3076 1889 3139 C
1919 3083 2030 3129 tum
2060 3084 2143 3130 est
2171 3075 2239 3130 de
2269 3075 2456 3146 requie
2484 3091 2584 3145 per
2614 3074 2849 3145 signum,
2882 3073 2936 3128 id
2954 3082 3037 3128 est
3066 3083 3268 3129 terram
3299 3075 3528 3146 promis-

1930 3165 2132 3231 sionis;
2166 3167 2416 3236 requiem
2456 3164 2819 3236 prwstitisset
2848 3180 3161 3235 nunquam,
3184 3164 3240 3218 id
3267 3172 3349 3219 est
3380 3165 3527 3220 nullo

1926 3261 2208 3323 tempore;
2241 3254 2471 3325 posthac
2502 3252 2557 3306 id
2577 3261 2661 3307 est
2688 3252 2742 3305 in
2772 3252 3019 3323 sequenti
3041 3260 3306 3323 tempore;
3343 3255 3529 3326 loque-

1926 3346 2088 3397 retur
2115 3343 2180 3397 de
2200 3344 2318 3397 alia
2350 3343 2458 3407 die,
2484 3342 2539 3395 id
2569 3350 2649 3395 est
2708 3350 2955 3412 tempore
3013 3344 3219 3414 gratiae,
3265 3359 3373 3414 quo
3420 3344 3528 3398 de-

1928 3431 2082 3485 beret
2110 3431 2241 3485 dari.
2285 3431 2416 3499 Vel,
2452 3447 2727 3502 nunquam
2756 3439 2881 3500 post
2909 3431 3227 3504 loqueretur
3274 3433 3342 3486 de
3372 3431 3481 3488 alia
3504 3477 3517 3501 ,

1928 3520 2135 3576 scilicet
2181 3520 2399 3590 requie,
2431 3528 2625 3589 printer
2674 3528 2874 3574 terram
2904 3520 3299 3590 promissionis.
3333 3522 3529 3578 Dicen-

1926 3609 2015 3674 do,
2050 3610 2152 3663 hac
2181 3609 2269 3662 die
2312 3608 2457 3663 idem
2487 3608 2601 3662 vult
2621 3624 2763 3677 esse,
2785 3608 2930 3680 quod
2961 3608 3171 3664 dixerat
3201 3626 3387 3681 supra,
3432 3610 3522 3667 ho-

1925 3696 2032 3764 die,
2064 3705 2167 3751 etc.

1994 3803 2165 3857 Vaas.
2214 3806 2266 3856 9.
2315 3833 2384 3841 -—
2433 3803 2853 3870 Sabbatis‘mus;
2884 3802 2941 3856 id
2983 3810 3085 3868 est,
3131 3818 3258 3857 vera
3306 3803 3526 3875 requies

1926 3891 2229 3964 signiﬁcata
2267 3909 2368 3963 per
2413 3893 2695 3946 sabbatum
2746 3892 2823 3963 (id
2855 3901 2955 3959 est,
3007 3893 3184 3962 plenae
3222 3892 3416 3963 quietis
3448 3892 3530 3948 fe-

1925 3980 2064 4034 riata
2098 3980 2431 4049 jucunditas)
2465 3998 2571 4051 quo
2619 3982 2883 4036 Dominus
2923 3981 3192 4052 requievit
3234 3990 3285 4036 et
3316 3982 3370 4035 in
3398 3982 3526 4054 lege

1923 4069 2332 4124 observabatur.
2368 4070 2519 4125 Tunc
2550 4069 2692 4123 enim
2722 4068 2962 4140 perfecte
2990 4070 3323 4135 vacabimus,
3348 4070 3526 4142 gratia

1923 4157 2127 4225 majore
2158 4158 2367 4218 refecti.
2402 4166 2454 4212 et
2508 4159 2624 4212 Deo
2654 4160 2821 4229 pleni.
2871 4160 2941 4212 Et
2989 4159 3224 4214 sciemus
3261 4159 3524 4229 perfecte,

1923 4246 2051 4315 quia
2092 4245 2208 4315 ipse
2268 4253 2349 4300 est
2394 4247 2561 4301 Deus.
2610 4248 2689 4301 Ibi
2722 4247 3058 4315 vacabimus,
3094 4247 3415 4314 videbimus,
3466 4255 3523 4303 et

1922 4334 2244 4389 amabimus.
2301 4335 2618 4390 Amabimus
2666 4344 2720 4390 et
2771 4336 3159 4391 laudabimus:
3219 4352 3346 4391 ecce
3388 4336 3521 4407 quid

1922 4423 2025 4477 erit
2055 4423 2109 4476 in
2139 4422 2247 4477 ﬁne
2269 4423 2386 4477 sine
2415 4423 2540 4479 ﬁne.
2575 4426 2710 4477 Nam
2744 4425 2864 4494 quis
2893 4424 3033 4478 alius
3064 4433 3248 4479 noster
3275 4432 3357 4478 est
3373 4423 3516 4492 ﬁnis,

1922 4511 2028 4566 nisi
2060 4513 2343 4583 pervenire
2381 4513 2453 4567 ad
2504 4529 2757 4583 regnum,
2812 4513 2966 4581 cujus
3000 4529 3111 4569 non
3140 4519 3221 4567 est
3250 4513 3419 4570 ﬁnis?

1993 4602 2165 4657 Vens.
2203 4606 2287 4656 11.
2320 4632 2389 4640 -
2420 4603 2483 4656 In
2507 4603 2755 4674 idipsum
2788 4603 3133 4672 exemplum.
3175 4602 3289 4668 Vel,
3324 4603 3377 4656 in
3400 4619 3526 4673 poe-

1922 4706 2049 4745 nam
2070 4691 2283 4762 qualem
2306 4691 2382 4745 illi
2404 4706 2498 4761 per
2516 4690 2944 4746 incredulitatem
2962 4691 3262 4745 habuerunt
3283 4711 3295 4757 ;
3332 4709 3526 4749 exem-

1918 4780 2081 4852 plum
2120 4780 2250 4835 dicit
2279 4788 2337 4833 ut
2382 4786 2619 4834 mentem
2667 4788 2908 4835 nostram
2955 4780 3250 4835 habeamus
3288 4782 3416 4848 illic,
3450 4798 3523 4840 ne

1923 4864 2168 4918 similiter
2196 4864 2528 4920 excidamus.

1992 4971 2145 5025 Vnus
2177 4974 2260 5026 12.
2294 5001 2363 5010 -
2403 4972 2594 5025 Sermo
2625 4970 2741 5025 Dei.
2796 4970 2901 5039 Qui
2932 4987 2964 5026 a
3000 4972 3272 5042 regabilus
3304 4973 3525 5031 sedibus

1921 5059 2087 5113 venit.
2134 5060 2312 5115 Vivus.
2351 5058 2524 5127 Quem
2573 5057 2821 5113 inﬁdeles
2867 5069 3131 5114 mortuum
3160 5069 3369 5131 putant.
3394 5066 3529 5120 Per-

1922 5151 2168 5219 tingens.
2203 5149 2334 5203 Tota
2363 5147 2796 5202 consideratione
2844 5150 3171 5219 perveniens
3203 5152 3273 5206 ad
3306 5169 3528 5223 separa-

1920 5237 2122 5292 tionem
2152 5237 2362 5305 animm,
2400 5236 2453 5290 id
2486 5245 2566 5291 est
2598 5237 2983 5305 sensualitatis,
3023 5248 3074 5293 et
3102 5240 3345 5310 spiritus,
3370 5242 3424 5296 id
3447 5248 3530 5297 est

1918 5326 2162 5382 rationis.
2212 5328 2553 5382 Divisionem
2602 5329 2828 5383 animae.
2882 5328 3081 5384 Anima
3129 5331 3361 5385 vivimus
3400 5347 3525 5387 cum

1920 5415 2126 5479 bestiis,
2153 5415 2340 5485 spiritu
2362 5415 2712 5488 intelligimus
2735 5433 2859 5471 cum
2901 5419 3129 5487 angelis.
3156 5421 3393 5490 Ideoque
3420 5436 3522 5490 per

1918 5505 2150 5558 animam
2196 5504 2569 5576 intelliguntur
2634 5506 2876 5560 carnalia
2904 5515 3148 5577 peccata,
3176 5507 3229 5560 id
3273 5517 3355 5561 est
3399 5522 3521 5578 qua)

1919 5601 2039 5649 actu
2060 5592 2300 5665 corporis
2323 5590 2472 5668 ﬁunt,
2508 5602 2563 5652 ut
2589 5594 2816 5653 luxuria.
2842 5596 2945 5653 Per
2973 5595 3219 5668 spiritum
3248 5612 3379 5653 vero
3411 5595 3523 5667 spin

3098 5744 3163 5800 21
