3964 6178
450 237 546 292 651

432 714 717 790 cognoscit
759 714 1032 785 quomodo
1077 713 1352 771 dividatur
1397 715 1723 770 sensualitas
1751 730 1782 769 a
1807 714 2038 786 ratione,

432 812 485 859 et
503 804 621 876 ipsa
649 818 682 857 a
712 819 793 870 se,
825 802 956 857 dum
986 802 1108 875 plus
1146 802 1332 859 dedita
1361 802 1563 859 inﬁmis
1592 804 1775 871 rebus,
1810 801 2036 859 inferior

428 899 530 959 est,
575 891 663 948 vel
704 891 772 946 ab
820 891 907 946 his
951 898 1207 948 revocata
1250 892 1488 965 dignior.
1542 892 1633 949 Sic
1682 892 1848 947 etiam
1894 892 2039 947 videt

427 981 701 1052 quomodo
755 980 978 1052 spiritus
1025 996 1057 1035 a
1100 981 1281 1052 seipso
1331 981 1635 1048 dividatur,
1668 982 1756 1037 vel
1804 982 1935 1035 dum
1982 981 2039 1035 in

427 1070 602 1125 Deum
634 1070 805 1124 inhiat
826 1071 895 1125 de
921 1069 1104 1126 divina
1148 1070 1359 1126 visione
1391 1070 1661 1142 cogitans,
1686 1070 1777 1127 vel
1803 1070 1935 1125 dum
1953 1069 2037 1124 in-

422 1157 595 1214 ferius
639 1158 885 1215 caelestia
933 1158 1266 1227 considerat,
1301 1160 1390 1217 vel
1438 1159 1668 1215 inferius
1696 1159 1754 1213 in
1786 1167 1933 1214 terra
1962 1159 2032 1214 de

416 1247 704 1303 mundanis
731 1255 877 1304 recte
904 1248 1134 1321 agendis
1164 1256 1477 1320 pertractat,
1512 1249 1599 1305 vel
1622 1248 1898 1320 quomodo
1930 1246 2038 1318 spi-

420 1338 586 1403 ritus,
648 1336 703 1391 id
732 1344 815 1392 est
859 1337 1028 1407 ratio,
1060 1352 1092 1392 a
1139 1337 1489 1393 sensualitate
1539 1336 1861 1407 secernitur,
1902 1336 2035 1391 dum

423 1425 570 1498 quod
589 1425 646 1480 in
667 1425 971 1496 se_inferius
992 1434 1092 1494 est,
1114 1434 1339 1498 superat
1361 1426 1509 1498 quod
1532 1425 1590 1481 in
1620 1425 1714 1481 illa
1734 1426 1896 1482 altius
1926 1433 2029 1481 est.

492 1515 828 1587 Compagum
880 1531 1110 1588 quoque.
1168 1516 1474 1588 Compages
1540 1514 1737 1570 dicitur
1776 1515 2033 1584 junctura

427 1601 601 1674 ipsius
662 1602 1029 1658 sensualitatis
1076 1611 1130 1658 et
1172 1603 1429 1672 rationis,
1464 1619 1628 1675 quam
1673 1603 1822 1658 videt
1865 1602 2032 1657 Filius

1044 234 1450 292 WALAFRIDI
1489 234 1733 291 STRABI
1777 233 1974 291 FULD.
2008 232 2181 292 MON.
2220 232 2370 289 OPP.
2406 234 2583 292 PARS
2612 235 2656 291 Ι.
2687 265 2759 277 -
2786 234 3262 292 THEOLOGICA.

443 359 681 429 ritualia,
708 359 764 413 id
792 367 874 415 est
905 375 1027 431 quae
1057 367 1179 414 sunt
1205 358 1421 426 mentis,
1443 366 1499 412 ut
1517 358 1792 429 superbia.
1812 358 2039 414 Discer-
2059 359 2116 419 A

436 450 517 504 nit
543 455 721 505 autem
753 465 933 505 sermo
963 448 1063 504 Dei
1092 448 1231 503 inter
1259 447 1499 503 carnalia
1533 456 1761 519 peccata
1791 456 1844 504 et
1873 448 2042 519 spiri-

432 539 599 594 tualia
639 580 653 609 ,
703 537 843 609 quis,
896 537 1058 609 quid,
1108 553 1216 608 quo
1255 536 1438 592 animo
1488 544 1633 609 agat.
1682 538 1759 593 Ac
1804 538 2043 610 spiritus

435 628 702 700 Pertingit
750 641 933 682 sermo
989 625 1090 681 Dei
1133 625 1448 697 cognitione
1491 624 1843 697 inseparabili
1863 669 1880 693 ,
1915 625 2045 697 quia

3592 208 3604 221 ’
3639 240 3739 294 652

2854 376 3080 433 CAPUT
3110 377 3173 432 V.

2214 499 2384 555 Vnus.
2419 503 2469 555 1.
2503 530 2573 541 -
2603 500 2796 557 Omnis
2816 518 3058 574 namque
3095 501 3384 575 pontifex.
3409 499 3555 569 Quia
3583 500 3749 571 spiri-

2143 588 2304 643 tualia
2331 604 2437 645 noc
2475 589 2556 646 sic
2600 588 2949 647 introducunt
2969 589 3212 646 inﬁrmos
3247 607 3262 644 :
3309 598 3369 645 ut
3398 590 3745 661 corporalia;

2144 676 2318 732 dehis
2348 676 2554 750 incipit,
2588 678 2780 735 volens
2824 678 3115 735 ostendere
3163 680 3380 735 Novum
3419 679 3747 735 Testamen-

2144 772 2258 821 tum
2306 781 2431 822 esse
2484 766 2677 822 melius
2724 767 2930 823 Veteri.
2995 765 3260 836 Quaedam
3300 775 3485 823 autem
3532 767 3750 824 Christo

2144 855 2453 910 communia
2482 871 2603 911 cum
2632 855 3004 911 sacerdotibus
3060 856 3233 927 ponit,
3268 856 3523 928 quaedam
3554 855 3751 912 altiora

2141 943 2468 1013 pertinentia
2487 944 2557 999 ad
2585 942 2761 1000 solum
2791 944 3083 1001 Christum.
3143 943 3409 1014 Quaedam
3442 960 3613 1016 porro
3642 945 3748 1000 hu-

2143 1031 2376 1099 miliora,
2409 1032 2516 1087 illis
2544 1040 2751 1087 tantum
2784 1033 3167 1111 sacerdotibus
3198 1033 3606 1090 convenientia.

2166 1173 2172 1179 ι
2216 1138 2387 1194 Vnus.
2417 1143 2472 1197 2.
2503 1170 2573 1179 —
2607 1139 2881 1209 Quoniam
2911 1144 2967 1196 et
2992 1141 3131 1213 ipse.
3182 1139 3353 1197 Aufer
3380 1140 3474 1197 hic
3501 1138 3753 1197 occasio-

2142 1242 2271 1282 nem
2311 1228 2605 1283 extollendi
2653 1244 2714 1284 se
2758 1244 2927 1301 supra
2964 1229 3123 1285 alios.

2214 1334 2385 1390 Vens.
2421 1335 2471 1390 4.
2496 1365 2566 1375 -
2584 1336 2693 1391 Nec
2722 1336 3047 1409 quisquam,
3079 1342 3187 1403 etc,
3218 1334 3460 1392 Percutit
3497 1334 3750 1406 cupidos,

2144 1420 2237 1494 qui
2265 1438 2376 1479 non
2412 1430 2711 1494 vocantur,
2745 1425 2844 1479 sed
2874 1425 3132 1496 ingerunt
3162 1441 3242 1481 se.

2214 1529 2385 1584 Vnus.
2418 1532 2472 1585 5.
2504 1561 2573 1571 —
2594 1531 2713 1586 Non
2741 1533 2990 1603 seipsum
3019 1532 3375 1602 clariﬁcavit.
3408 1531 3754 1590 Clariﬁcatus

2140 1624 2228 1672 est
2256 1618 2420 1672 Filius
2464 1634 2495 1672 a
2540 1619 2721 1686 Patre,
2754 1634 2877 1675 cum
2897 1619 3033 1675 dixit
3063 1637 3077 1674 ε
3110 1622 3211 1677 Hic
3260 1625 3348 1677 est
3375 1622 3560 1678 Filius
3590 1639 3755 1679 meus

423 1691 562 1758 Dei;
617 1690 823 1748 scilicet
883 1691 1157 1764 quomodo
1196 1699 1249 1746 et
1312 1691 1450 1747 inter
1496 1708 1556 1746 se
1625 1691 1936 1747 cohaereant
1976 1690 2031 1745 in

2146 1706 2403 1774 dilectus,
2436 1708 2500 1762 in
2530 1725 2633 1780 quo
2678 1709 2818 1764 mihi
2864 1708 3001 1765 bene
3049 1710 3364 1782 complacui
3391 1710 3618 1782 (Matth.
3646 1712 3751 1783 In).

422 1780 628 1852 aliquo,
664 1781 752 1836 vel
802 1781 907 1836 hoc
937 1788 990 1835 et
1037 1780 1151 1850 illa,
1184 1780 1241 1835 id
1285 1788 1368 1835 est
1425 1780 1564 1835 ratio
1595 1788 1648 1835 et
1686 1780 2030 1852 sensualitas,

430 1870 707 1941 quomodo
736 1869 792 1923 in
819 1869 932 1923 suis
953 1867 1276 1924 differentiis
1294 1868 1435 1924 inter
1456 1886 1515 1924 se
1537 1868 1884 1935 conveniant,
1909 1869 2040 1923 dum

431 1958 681 2029 superior
711 1956 1020 2012 differentia
1048 1957 1370 2013 sensualitas
1409 1958 1804 2013 consentiendo
1832 1973 2038 2013 conve-

434 2046 513 2101 nit
541 2062 665 2103 cum
714 2045 1030 2102 differentiis
1077 2047 1326 2102 rationis.
1361 2047 1458 2102 Vel
1489 2046 1716 2101 inferior
1735 2045 2040 2101 differentia

424 2135 689 2205 rationis,
721 2151 913 2206 pressa
944 2143 997 2189 et
1038 2135 1274 2206 captiva,
1322 2135 1613 2207 aliquando
1660 2135 1929 2191 consentit
1947 2134 2037 2189 in-

422 2224 614 2281 feriori
632 2222 952 2279 differentiae
980 2224 1367 2280 sensualitatis.
1383 2224 1777 2280 Medullarum.
1802 2223 2037 2280 Medulla

423 2330 546 2386 quae
576 2312 797 2369 interior
823 2320 926 2380 est,
945 2313 1141 2369 dicitur
1161 2312 1248 2368 hic
1285 2312 1547 2386 quidquid
1568 2312 1794 2367 interius
1821 2321 1874 2367 et
1907 2313 2035 2368 sub-

418 2403 563 2459 tilius
582 2410 666 2458 est
691 2402 747 2457 in
796 2402 977 2457 anima
1027 2403 1114 2459 vel
1170 2402 1381 2474 spiritu,
1420 2402 1567 2473 quod
1594 2401 1758 2457 etiam
1778 2402 1925 2457 videt
1948 2402 2035 2457 Fi-

418 2491 524 2546 lius
553 2490 673 2546 Dei.
702 2491 978 2547 Discernit
1009 2491 1156 2546 enim
1188 2490 1568 2564 cogitationes,
1602 2490 1658 2545 id
1688 2498 1772 2545 est
1800 2508 1921 2562 quae
1951 2491 2032 2545 di-

419 2596 580 2637 versa
608 2580 811 2636 diversi
837 2580 1094 2652 cogitent.
1130 2580 1402 2635 Discernit
1423 2588 1475 2635 et
1495 2579 1821 2634 intentiones
1842 2596 2032 2634 earum

417 2668 851 2741 cogitationum,
884 2685 991 2740 quo
1040 2668 1273 2736 singulae
1320 2668 1549 2723 tendant
1578 2667 1649 2722 ad
1694 2668 1896 2722 bonum
1944 2668 2032 2724 vel

414 2757 639 2813 malum.
671 2758 759 2822 Et,
789 2764 849 2812 ut
875 2757 999 2828 plus
1029 2757 1227 2824 dicam,
1260 2756 1409 2811 nulla
1436 2763 1682 2811 creatura
1702 2762 1919 2811 terrena
1937 2757 2027 2813 vel

417 2846 655 2904 caelestis
687 2852 771 2904 est
799 2845 850 2901 ei
897 2845 1206 2913 invisibilis,
1259 2845 1358 2900 sed
1415 2845 1599 2900 omnia
1646 2851 1771 2900 sunt
1801 2845 1948 2899 nuda
1975 2853 2030 2901 et

417 2933 797 3006 discooperta,
831 2934 959 3006 quia
1004 2950 1071 2990 ex
1118 2933 1271 2988 omni
1310 2941 1464 3005 parte
1510 2933 1671 3005 plene
1716 2933 1852 2991 visa.
1892 2935 2029 2989 Item

410 3038 705 3095 compages
733 3023 862 3078 dicit
890 3022 1302 3091 conjunctiones
1331 3021 1722 3095 cOgitationum
1752 3040 1766 3077 :
1800 3022 2023 3078 medul-

418 3111 502 3167 las
530 3111 858 3168 intentiones
886 3126 1097 3167 earum.

487 3243 659 3299 Vnus.
695 3244 780 3298 14.
812 3272 883 3283 -
911 3242 1186 3298 Habentes
1215 3257 1360 3314 ergo.
1393 3242 1493 3299 Hic
1520 3241 1708 3314 incipit
1737 3242 1925 3298 dicere
1957 3243 2027 3298 de

414 3330 677 3404 pontiﬁce
728 3331 963 3398 Christo,
994 3330 1266 3403 quomodo
1306 3328 1617 3399 sufﬁciens,
1651 3338 1705 3387 et
1753 3331 2027 3403 quomodo

417 3420 638 3494 dignior
688 3420 860 3476 veteri
906 3419 1209 3477 sacerdote.
1255 3418 1431 3488 Quem
1475 3419 1639 3475 etiam
1667 3419 1937 3488 immutat,
1974 3427 2029 3475 et

406 3512 607 3582 legem,
639 3526 760 3583 quae
803 3509 907 3565 sub
937 3509 1030 3564 illo
1058 3517 1159 3579 est,
1187 3525 1285 3580 per
1314 3508 1595 3564 meliorem
1624 3509 1809 3581 legem
1843 3524 2021 3579 suam,

413 3607 467 3655 et
512 3599 785 3672 quomodo
832 3598 1179 3655 necessarius
1207 3596 1367 3654 nobis
1396 3597 1465 3652 ad
1489 3597 1755 3668 justitiam
1785 3606 1840 3654 et
1872 3598 2025 3653 salu-

421 3695 552 3744 tem.

480 3795 651 3851 Vens.
687 3797 775 3850 15.
805 3823 875 3835 -
903 3795 1024 3852 Non
1054 3793 1213 3850 enim
1243 3793 1530 3861 habemus,
1546 3800 1652 3848 etc.
1679 3791 1849 3862 Quasi
1882 3810 1896 3848 :
1930 3792 2027 3849 Te-

415 3899 640 3939 neamus
669 3891 722 3938 et
750 3892 938 3939 tenere
968 3882 1253 3949 debemus,
1287 3881 1430 3953 quia,
1456 3897 1580 3937 cum
1613 3881 1679 3936 sit
1701 3889 1915 3953 potens,
1942 3889 2028 3938 est

420 3972 582 4027 etiam
603 3971 939 4037 misericors,
991 3978 1234 4026 nostram
1262 3978 1449 4041 utpote
1496 3977 1752 4041 expertus
1793 3968 2024 4025 inﬁrmi-

424 4068 610 4116 tatem.
665 4059 773 4127 Qui
816 4076 933 4115 non
966 4061 1182 4132 possit,
1216 4066 1321 4114 etc.
1378 4058 1719 4129 Impossibile
1758 4067 1840 4114 est
1888 4058 2026 4115 scire

423 4147 742 4205 aﬁlictiones
800 4145 1121 4203 aﬁlictorum
1144 4191 1157 4213 ,
1192 4145 1396 4201 homini
1438 4146 1532 4218 qui
1598 4146 2026 4217 experimentum

423 4235 726 4294 aﬁlictionis
755 4250 865 4291 non
893 4236 1082 4291 habuit
1112 4243 1165 4290 et
1195 4234 1530 4289 sensibiliter
1558 4235 1738 4290 omnia
1763 4251 1872 4291 non
1898 4252 2025 4291 sus-

418 4326 595 4383 tinuit.
654 4324 900 4380 Christus
944 4339 1077 4379 vero
1122 4322 1223 4379 scit
1251 4340 1359 4379 non
1391 4322 1567 4377 solum
1613 4339 1714 4395 per
1738 4324 1842 4380 hoc
1871 4324 2017 4397 quod

424 4416 573 4472 Deus
597 4457 610 4482 ,
662 4413 965 4470 secundum
1007 4412 1152 4485 quod
1218 4411 1403 4468 omnia
1448 4412 1634 4480 novit,
1660 4412 1757 4468 sed
1791 4429 1889 4485 per
1920 4413 2094 4501 hocD

430 4504 575 4577 quod
602 4505 766 4560 homo
794 4510 847 4558 et
875 4501 1068 4557 similia
1098 4500 1371 4556 sustinuit.

500 4646 672 4703 Vana.
715 4649 800 4702 16.
823 4676 893 4686 -
913 4646 978 4702 In
1006 4645 1228 4702 auxilio
1259 4648 1592 4718 opportuno.
1624 4644 1783 4700 Nunc
1810 4650 2024 4715 tempus

429 4743 514 4793 est
559 4735 768 4801 auxilii,
799 4751 943 4791 nunc
990 4742 1074 4789 est
1121 4742 1336 4805 tempus
1399 4733 1683 4803 donorum,
1734 4749 1857 4788 cum
1902 4740 2028 4803 post

435 4824 763 4897 baptismum
793 4831 1085 4895 peccantes
1115 4840 1215 4893 per
1236 4822 1468 4895 gratiam
1500 4821 1743 4877 invenire
1769 4821 2032 4892 poeniten-

434 4915 566 4970 tiam
595 4920 842 4985 possunt.
879 4913 1013 4967 Cum
1054 4919 1235 4966 autem
1278 4911 1543 4967 thalamus
1582 4909 1741 4966 fuerit
1787 4910 2024 4975 clausus,

431 5019 554 5061 cum
570 5001 850 5057 intraverit
876 5017 974 5056 rex
1003 5000 1190 5056 videre
1216 5000 1641 5065 discumbentes,
1665 5007 1724 5054 ut
1748 4999 1818 5054 ad
1848 4999 2027 5053 sinum

431 5090 753 5163 patriarchae
782 5089 1030 5144 venerint
1075 5089 1165 5160 qui
1194 5106 1260 5144 eo
1290 5089 1482 5144 fuerint
1519 5087 1690 5160 digni,
1712 5097 1840 5143 tunc
1868 5087 2028 5143 malis

432 5179 533 5235 erit
569 5176 964 5248 desperationis
1012 5184 1241 5248 tempus.
1276 5178 1429 5232 Nunc
1474 5185 1652 5232 autem
1702 5192 1823 5233 cum
1854 5176 2030 5232 adhuc

433 5283 579 5342 agon
616 5274 898 5338 permanet
926 5275 977 5321 et
1006 5266 1189 5336 palma
1224 5266 1443 5336 pendet,
1480 5282 1590 5321 non
1622 5273 1704 5320 est
1733 5266 2031 5336 desperan-

435 5358 585 5426 dum,
620 5355 719 5411 sed
747 5370 868 5410 cum
906 5353 1123 5421 ﬁducia,
1156 5354 1211 5409 id
1245 5363 1328 5410 est
1359 5355 1475 5409 sine
1506 5354 1837 5409 dubitatione
1865 5369 2028 5409 acce-

435 5446 695 5512 dendum,
726 5451 783 5499 ut
804 5459 900 5516 per
928 5442 1154 5517 gratiam
1191 5444 1513 5511 accedatur,
1546 5442 1852 5499 inveniatur
1879 5442 2031 5498 auxi-

433 5535 565 5591 lium
583 5540 964 5609 opportunum.
1004 5534 1104 5590 Est
1144 5530 1290 5589 enim
1317 5540 1533 5605 tempus
1579 5531 1724 5604 quod
1752 5546 1862 5588 non
1891 5546 2029 5588 con-

440 5623 608 5697 gruit.

2141 1793 2274 1864 Qum
2303 1794 2617 1852 clariﬁcatio
2646 1796 2809 1871 longe
2839 1805 2962 1852 ante
3000 1814 3101 1869 per
3129 1798 3455 1869 Prophetam
3485 1799 3757 1871 praedicta

2141 1892 2224 1940 est
2257 1902 2271 1939 :
2302 1887 2482 1941 Filius
2500 1902 2659 1942 meus
2681 1902 2738 1942 es
2761 1890 2841 1954 tu,
2862 1903 2957 1960 ego
2978 1887 3138 1944 hodie
3164 1888 3336 1959 genui
3367 1892 3423 1943 te
3456 1888 3639 1959 (Psat.
3665 1887 3751 1961 ιι).

2211 2001 2379 2056 Vens.
2405 2004 2458 2056 6.
2489 2031 2559 2042 -—
2594 2004 2669 2058 Tu
2698 2018 2755 2058 es
2785 2002 3064 2060 sacerdos.
3090 2002 3361 2059 Sacerdos
3381 2012 3569 2060 autem
3584 2004 3751 2060 Chri-

2140 2097 2256 2144 stus
2286 2097 2388 2157 est,
2441 2106 2551 2146 non
2596 2091 2894 2147 secundum
2923 2091 2978 2146 id
3009 2092 3156 2164 quod
3185 2100 3344 2148 natus
3373 2101 3459 2149 est
3486 2093 3559 2148 de
3590 2094 3753 2150 Patre

2138 2179 2286 2233 Deus
2315 2179 2457 2249 apud
2498 2180 2675 2234 Deum
2719 2188 3018 2236 coaeternus
3067 2181 3314 2253 gignenti
3348 2199 3362 2237 :
3394 2181 3496 2237 sed
3524 2191 3753 2254 propter

2138 2281 2357 2322 carnem
2397 2268 2763 2339 absumptam,
2790 2277 3015 2339 propter
3042 2269 3333 2337 victimam,
3360 2287 3523 2342 quam
3556 2272 3757 2327 obtulit

2135 2371 2239 2426 pro
2254 2355 2434 2412 nobis.
2460 2357 2776 2413 Secundum
2810 2359 3066 2414 ordinem
3088 2358 3505 2427 Melchisedech,
3530 2360 3628 2433 qui
3648 2376 3759 2416 non

2142 2444 2463 2516 temporalis
2484 2444 2600 2511 fuit,
2638 2444 2919 2517 Scriptura
2948 2446 3251 2503 subticente
3262 2446 3473 2502 initium
3501 2457 3559 2503 et
3588 2449 3757 2505 ﬁnem

2136 2533 2252 2601 ejus
2273 2532 2414 2599 vitae,
2448 2533 2505 2588 in
2551 2533 2731 2605 ﬁgura
2774 2534 2972 2589 Christi
3009 2535 3103 2607 qui
3151 2544 3299 2592 caret
3344 2536 3498 2591 initio
3528 2545 3585 2592 et
3612 2536 3745 2594 ﬁne.

2132 2621 2201 2675 Et
2231 2621 2368 2677 sicut
2395 2621 2487 2677 ille
2517 2622 2728 2693 obtulit,
2769 2622 2827 2677 in
2861 2639 3001 2695 pane
3024 2632 3077 2679 et
3105 2625 3232 2680 vino
3252 2632 3305 2680 et
3335 2626 3528 2694 semel,
3565 2625 3651 2681 sie
3698 2634 3751 2681 et

2133 2709 2380 2765 Christus
2406 2716 2506 2765 sub
2529 2711 2710 2782 specie
2739 2711 2894 2782 panis
2915 2720 2967 2768 et
2986 2712 3099 2768 vini
3128 2728 3327 2785 corpus
3346 2722 3398 2770 et
3416 2714 3751 2786 sanguinem

2132 2815 2288 2853 suum
2310 2799 2591 2871 discipulis
2608 2799 2776 2856 dedit.

2200 2905 2375 2961 Vnus.
2398 2908 2450 2961 7.
2484 2936 2555 2947 —
2582 2909 2783 2964 Preces
2811 2908 3380 2981 supplicationesque.
3426 2908 3631 2965 Christi
3662 2910 3750 2966 di-

2129 2993 2202 3050 cit
2231 2994 2502 3050 actionem
2527 3003 2580 3051 et
2609 2995 2778 3052 vitam
2806 2996 2960 3065 cujus
2980 2996 3159 3052 omnis
3188 2997 3328 3053 actio
3370 2996 3617 3053 ﬁdelium
3660 3007 3749 3055 est

2043 3076 2093 3139 C
2119 3081 2400 3150 institutio,
2436 3091 2488 3139 et
2519 3085 2591 3139 ad
2623 3085 2800 3140 Deum
2819 3085 3011 3141 oratio.
3037 3084 3313 3158 Quidquid
3333 3086 3445 3159 egit
3462 3087 3745 3157 Christus,

2124 3188 2320 3242 preces
2351 3179 2403 3227 et
2431 3173 2858 3245 supplicationes
2888 3172 3104 3230 fuerant
3133 3191 3235 3245 pro
3266 3175 3541 3231 omnibus.
3595 3176 3751 3233 San-

2125 3260 2307 3333 guinis
2363 3259 2555 3317 eﬁusio
2611 3261 2707 3316 fuit
2749 3263 2961 3318 clamor
3016 3262 3247 3333 validus,
3281 3263 3337 3317 in
3358 3280 3468 3335 quo
3498 3265 3745 3333 auditus,

2125 3364 2224 3419 pro
2252 3349 2560 3404 reverentia
2589 3350 2834 3419 ejusdem
2864 3350 3155 3423 passionis.
3182 3352 3448 3408 Reventia
3463 3360 3569 3423 est,
3593 3355 3747 3426 quod

2126 3436 2244 3492 sine
2286 3446 2513 3508 peccato
2551 3455 2747 3509 passus
2780 3455 2883 3511 pro
2934 3440 3053 3496 sola
3082 3440 3363 3497 charitate.
3411 3443 3746 3499 Exauditus

2125 3530 2231 3581 est.
2260 3526 2366 3581 Per
2394 3527 2499 3582 hoc
2527 3534 2691 3598 patet,
2745 3528 2893 3599 quod
2916 3545 3017 3600 per
3066 3545 3191 3584 eum
3219 3545 3519 3601 possumus
3542 3546 3745 3587 conse-

2126 3614 2218 3685 qui
2248 3614 2685 3672 misericordiam
2715 3632 2841 3673 cum
2883 3617 2999 3687 jam
3026 3618 3096 3673 ad
3123 3618 3405 3674 dexteram
3436 3619 3507 3674 sit
3534 3620 3738 3676 Patris.

2200 3722 2365 3777 Vnus.
2402 3726 2453 3778 8.
2473 3723 2784 3790 -—Didicit,
2818 3731 2922 3780 etc.
2956 3724 3019 3779 Id
3050 3732 3132 3780 est
3159 3724 3465 3782 voluntarie
3480 3726 3732 3799 suscepit

2124 3810 2489 3867 obedientiam
2522 3828 2694 3884 usque
2714 3812 2787 3867 ad
2813 3819 3067 3869 mortem.

2198 3935 2368 3990 Vnus.
2401 3937 2453 3990 9.
2487 3965 2557 3975 —
2598 3936 2865 3993 Omnibus
2914 3939 3454 4010 Optemperantibus.
3501 3939 3740 3996 Tantum

2127 4022 2271 4078 valet
2314 4023 2500 4094 passio
2524 4067 2537 4089 ,
2571 4032 2629 4079 ut
2657 4024 2910 4079 omnibus
2957 4025 3182 4081 sufﬁciat
3226 4027 3296 4081 ad
3328 4027 3583 4096 salutem,
3615 4047 3741 4101 quae

2127 4112 2274 4167 salus
2301 4112 2441 4167 bene
2453 4119 2634 4183 potest
2662 4129 2783 4169 esse
2801 4129 2899 4185 per
2928 4114 3208 4187 eum,quia
3235 4113 3459 4186 ipse‘est
3479 4119 3740 4191 appella-

2131 4205 2239 4267 tus,
2258 4208 2361 4256 etc.
2379 4202 2584 4257 Factus
2600 4206 2685 4257 est
2700 4220 2873 4258 causa
2911 4204 3138 4270 salutis,
3173 4219 3284 4259 non
3304 4205 3615 4275 cujuslibet,
3638 4205 3739 4262 sed

2127 4296 2382 4356 aeternae;
2418 4306 2519 4345 nec
2546 4290 2752 4361 paucis,
2787 4292 2885 4346 sed
2912 4292 3205 4360 omnibus;
3246 4293 3350 4349 hac
3381 4302 3566 4349 tamen
3606 4310 3741 4351 con-

2128 4377 2350 4448 ditione,
2383 4386 2440 4432 ut
2477 4378 2853 4450 obtemperent
2884 4380 2954 4435 ei.
2987 4382 3111 4436 Non
3138 4381 3285 4436 enim
3311 4382 3468 4438 aliter
3503 4383 3739 4439 salutem

2125 4466 2387 4539 consequi
2415 4474 2685 4538 poterunt.
2719 4469 2787 4523 Et
2815 4469 2955 4524 bene
2975 4477 3154 4540 potest
3200 4470 3318 4542 ipse
3349 4487 3517 4528 causa
3551 4473 3741 4527 salutis

2125 4572 2249 4611 esse
2271 4556 2504 4623 caeteris,
2528 4556 2784 4628 quoniam
2815 4559 3137 4630 appellatus
3153 4563 3237 4615 est
3262 4577 3296 4615 a
3316 4562 3425 4617 Deo
3446 4563 3741 4635 pontifex,

2126 4644 2264 4701 sicut
2292 4653 2346 4701 et
2375 4644 2491 4716 ipse
2520 4644 2631 4699 suis
2661 4646 2919 4716 operibus
2940 4648 3161 4703 realiter
3188 4650 3427 4704 ostendit
3476 4666 3536 4705 se
3568 4650 3744 4706 talem

2127 4749 2271 4789 esse.
2322 4735 2462 4789 Nam
2518 4732 2646 4807 quia
2690 4733 2961 4804 pontiﬁcis
2989 4735 3225 4793 ofﬁcium
3238 4738 3516 4809 implevit,
3567 4748 3743 4812 atque

2128 4822 2273 4877 Patri
2329 4821 2426 4877 fuit
2463 4822 2518 4876 in
2575 4823 2825 4878 omnibus
2863 4824 3147 4892 obediens,
3206 4833 3259 4881 et
3299 4826 3356 4881 in
3403 4828 3590 4898 seipso
3608 4845 3746 4900 per-

2128 4910 2277 4966 venit
2305 4911 2374 4966 ad
2403 4918 2607 4966 tantum
2635 4912 2902 4968 bonorum
2929 4914 3170 4970 omnium
3186 4916 3742 4987 consummationem,

2128 5008 2188 5054 ut
2204 5000 2476 5056 sufficeret
2506 5000 2670 5055 etiam
2699 5001 3009 5058 adaliorum
3039 5003 3288 5070 salutem,
3304 5003 3511 5062 idcirco
3540 5009 3751 5079 appel-

2133 5088 2286 5144 latus
2314 5106 2347 5145 a
2378 5091 2485 5145 Deo
2502 5094 2588 5146 est
2609 5090 2890 5162 pontifex,
2916 5092 3102 5159 ethoc,
3116 5094 3298 5165 juxta
3317 5093 3579 5151 ordinem
3597 5097 3748 5152 Mel-

2133 5177 2444 5245 chisedech,
2495 5178 2720 5246 scilicet,
2761 5186 2817 5233 ut
2846 5180 3025 5236 omnis
3053 5181 3188 5237 ordo
3236 5181 3535 5237 divinitatis
3570 5184 3627 5238 in
3666 5200 3744 5242 eo

2133 5266 2531 5336 consideretur,
2564 5267 2657 5339 qui
2687 5268 3021 5324 considerari
3047 5269 3742 5345 potuitinMelchisedech.

2203 5356 2375 5410 Vnus.
2413 5359 2500 5410 11.
2539 5387 2609 5396 —-
2647 5357 3185 5430 Ininterpretabilis.
3231 5359 3422 5416 Sermo
3449 5360 3522 5418 de
3553 5361 3744 5419 incar-

2132 5451 2258 5499 nato
2287 5444 2423 5499 Filio
2454 5444 2688 5500 difﬁcilis
2716 5453 2799 5500 est
2826 5446 2898 5501 ad
2943 5446 3430 5519 interpretandum,
3466 5450 3598 5522 quia
3624 5451 3740 5507 de-

2132 5532 2273 5589 biles
2300 5548 2465 5590 sensu
2485 5533 2617 5589 estis
2637 5534 2708 5589 ad
2726 5533 3139 5607 intelligendum
3155 5537 3425 5610 profunda
3442 5539 3740 5611 mysteria.

2205 5623 2379 5679 Vens.
2408 5625 2494 5683 t2.
2523 5652 2594 5665 —
2622 5624 2851 5682 Etenim
2866 5640 2999 5683 cum
3017 5626 3311 5685 deberetis.
3341 5626 3739 5687 Interseritin-
