3968 6176
283 264 386 317 655

904 258 1309 315 WALAFRIDI
1335 216 1578 312 STRABl
1608 250 1809 310 FULD.
1843 251 2014 309 MON.
2047 246 2198 310 ore.
2221 251 2398 312 rans
2427 256 2470 310 ι.
2497 285 2567 298 -
2586 252 3058 311 THEOLOGICA.

3473 256 3573 309 656

362 386 533 440 Vnns.
567 387 619 439 4.
653 415 722 424 -
752 385 1069 439 Intuemini
1097 387 1308 448 autem,
1343 388 1448 436 etc.
1482 381 1801 434 Immoratur
1830 378 1886 432 in
1914 377 2249 449 Astruatur,
2283 380 2628 435 commendat
2658 387 2839 435 actum
2867 379 3039 450 ipsius
3078 377 3456 449 deprimendo,
3486 393 3580 449 per

290 468 727 527 commendanda
758 469 1042 541 dignitate,
1094 466 1493 523 Melchisedech
1524 473 1576 520 et
1606 462 1884 520 excellen-

291 559 367 614 tia
396 559 688 615 sacerdotii
718 559 835 627 ejus
860 577 873 624 ;
908 556 1209 627 praeferens
1240 572 1365 611 eum
1380 554 1486 627 ipsi
1514 554 1750 609 Abrahm
1777 569 1881 624 pa-

288 647 360 701 tri
391 647 635 703 omnium
663 654 717 702 et
759 646 1011 701 omnibus
1055 644 1275 699 Levitis.

364 745 533 801 VEns.
567 747 618 800 5.
643 775 712 784 —
741 744 811 798 Et
844 742 1069 815 quidem
1097 741 1163 797 de
1182 740 1321 811 ﬁliis
1348 741 1499 807 Levi,
1522 746 1626 796 etc.
1662 736 1832 808 Quasi
1866 753 1879 792 :

289 834 358 888 Et
387 849 453 888 ex
482 833 584 887 hoc
622 831 901 886 intuemini
931 838 1165 902 quantus
1195 829 1281 895 sit,
1318 829 1444 901 quia
1461 828 1629 899 aliqui
1661 827 1883 899 quidem

284 922 356 976 de
404 920 528 975 ﬁliis
574 920 704 975 Levi
732 936 832 990 per
881 920 985 975 hoc
1034 920 1180 991 quod
1229 918 1501 988 accipiunt
1530 914 1878 982 sacriﬁcium,

282 1009 459 1082 (aliter
488 1009 632 1064 enim
662 1024 769 1064 non
788 1009 1070 1080 auderent)
1100 1008 1301 1063 habent
1321 1006 1640 1061 mandatum
1659 1006 1715 1059 in
1734 1004 1878 1077 lege,

281 1098 398 1152 sine
426 1098 580 1166 cujus
609 1098 929 1154 auctoritate
951 1112 1230 1168 nunquam
1249 1102 1643 1167 praesumerent
1664 1108 1881 1148 sumere

285 1194 548 1251 decimas.

355 1280 524 1335 Vens.
574 1284 625 1334 8.
677 1309 747 1319 --
793 1281 1180 1336 Contestatur.
1233 1278 1302 1333 Ut
1344 1290 1468 1348 ego,
1502 1276 1609 1343 vel,
1649 1275 1795 1330 idem
1824 1274 1881 1328 in

284 1368 467 1423 multis
496 1368 651 1423 locis.
692 1370 851 1425 Vivit.
889 1368 1123 1422 Gerebat
1168 1366 1313 1421 enim
1360 1374 1550 1436 typum
1606 1361 1878 1435 pontiﬁcis

280 1457 474 1526 nostri,
506 1457 660 1526 cujus
692 1457 1013 1513 excellentia
1044 1455 1325 1527 potestatis
1368 1472 1470 1525 per
1498 1454 1643 1507 illius
1682 1451 1877 1507 simili-

280 1546 522 1601 tudinem
552 1546 872 1601 ostenditur.
908 1547 1011 1599 Per
1054 1544 1452 1599 Melchisedech
1483 1543 1647 1607 enim,
1683 1541 1737 1595 in
1769 1556 1876 1611 quo

283 1632 461 1707 ﬁgura
507 1633 805 1706 praecessit,
849 1633 1177 1689 discernitur
1215 1631 1581 1688 sacerdotium
1613 1628 1812 1684 Christi
1843 1642 1877 1682 a

1984 468 2338 536 contrarium,
2387 468 2760 539 operationem
2806 468 3007 524 veteris
3038 466 3352 522 sacerdotii.

2056 557 2226 611 Vens.
2248 560 2338 613 26.
2362 559 2715 624 —Sanctus,
2764 555 3012 612 interius.
3059 558 3355 624 Inuocem,
3404 554 3581 608 mani-

1984 644 2106 699 bus.
2149 647 2511 719 Impollutus,
2558 661 2812 717 corpore.
2857 646 3184 723 Segregatus
3213 661 3248 700 a
3272 644 3586 717 peccatori-

1984 735 2102 801 bus,
2136 734 2190 788 id
2221 742 2305 790 est
2340 736 2410 789 ab
2448 736 2596 791 omni
2652 743 2884 806 peccato
2913 734 3193 788 immunis.

2055 823 2226 878 Vens.
2258 825 2347 882 27.
2378 855 2448 864 -
2480 825 2585 892 Qui
2621 841 2738 881 non
2788 824 2973 891 habet,
3027 831 3133 878 etc.
3176 822 3310 877 Cum
3339 821 3410 875 sit
3438 820 3580 891 talis,

1983 926 2094 965 non
2139 912 2305 967 habet
2352 913 2740 968 necessitatem
2794 912 3034 983 quotidie
3081 909 3297 966 oﬂ‘erre.
3327 911 3452 965 Non
3482 910 3584 964 hoc

1984 999 2115 1053 dixit
2145 1000 2439 1072 Apostolus
2476 1002 2633 1074 quasi
2669 1000 2912 1056 Christus
2960 1016 3027 1056 eo
3074 989 3363 1071 aliquando
3398 1006 3579 1071 egeat,

1984 1089 2082 1143 sed
2109 1097 2168 1143 ut
2197 1090 2265 1143 ab
2295 1107 2362 1146 eo
2392 1098 2669 1146 removeat
2698 1091 2843 1162 quod
2863 1090 2983 1144 aliis
3006 1089 3279 1145 convenit.
3299 1090 3407 1143 Hoc
3427 1089 3583 1142 enim

1981 1181 2121 1251 fecit
2150 1181 2324 1235 semel
2369 1182 2619 1252 seipsum
2646 1178 2953 1251 oﬂerendo.
3004 1178 3158 1233 Adeo
3206 1192 3467 1248 magnum
3496 1182 3581 1230 est

1982 1266 2326 1334 sacriﬁcium,
2378 1269 2524 1341 quod
2568 1268 2696 1324 licet
2742 1284 2910 1323 unum
2941 1276 2994 1323 et
3024 1267 3196 1336 semel
3221 1266 3461 1322 oblatum
3488 1264 3577 1333 sit,

1981 1356 2174 1411 suﬁicit
2197 1364 2379 1412 tamen
2420 1358 2490 1412 ad
2525 1357 2901 1412 aeternitatem.

2047 1441 2220 1495 Vens.
2254 1446 2344 1497 28.
2375 1472 2444 1481 -
2474 1444 2590 1497 Lee:
2639 1444 2791 1497 enim
2837 1443 3090 1498 homines
3119 1439 3437 1506 constituit,
3471 1444 3576 1492 etc.

1978 1529 2059 1583 Illi
2079 1530 2281 1584 habent
2301 1530 2688 1586 necessitatem
2706 1530 2943 1595 quotidie
2964 1527 3183 1596 oﬁ'erre,
3203 1528 3327 1600 quia
3346 1525 3578 1593 inﬁrmi;

1976 1618 2064 1674 hic
2113 1619 2283 1673 semel
2333 1619 2576 1691 seipsum
2622 1618 2878 1688 oﬁ‘erens,
2916 1618 3170 1674 omnibus
3201 1615 3418 1686 suﬂicit,
3446 1614 3580 1687 quia

279 1706 587 1778 sacerdotio
612 1723 776 1789 Levi;
810 1722 1077 1778 inChristi
1107 1730 1288 1776 autem
1308 1720 1484 1793 ﬁgura
1505 1719 1702 1775 dicitur
1733 1716 1876 1790 quod
1895 1739 1949 1800 Β
1973 1706 2251 1779 perfectus
2293 1715 2395 1763 est.

278 1811 680 1867 Melchisedech
723 1811 872 1867 vivit.
920 1812 1076 1867 Unde
1111 1810 1306 1866 dicitur
1334 1809 1590 1865 sacerdos
1616 1808 1674 1861 in
1702 1815 1869 1862 aeter-

281 1914 433 1966 num,
469 1900 563 1971 qui
588 1899 830 1971 seipsum
860 1900 1071 1966 obtulit,
1104 1915 1214 1954 non
1243 1915 1308 1953 ex
1342 1898 1525 1969 aliqua
1553 1896 1884 1952 necessitate

276 1984 374 2039 sed
399 2000 466 2039 ex
496 1983 768 2041 voluntate
810 1984 1044 2056 pr0priae
1072 1983 1376 2054 potestatis.

347 2090 520 2146 VEns.
555 2094 641 2145 11.
673 2122 743 2132 -
797 2091 905 2147 Sub
937 2093 1073 2163 ipso.
1126 2089 1264 2158 Quia
1294 2089 1350 2143 in
1376 2105 1543 2144 manu
1574 2085 1875 2144 sacerdotis

269 2178 378 2249 lex,
412 2187 464 2234 et
510 2196 614 2251 per
643 2196 766 2236 cum
812 2180 1069 2250 impletur
1113 2179 1200 2234 lex
1230 2195 1353 2250 quae
1383 2178 1581 2233 dicitur
1610 2193 1873 2232 consum-

268 2282 443 2323 mare.
489 2269 619 2324 Haec
666 2268 949 2323 translatio
978 2266 1334 2339 praeﬁgurata
1379 2266 1478 2322 fuit
1509 2266 1563 2319 in
1596 2265 1868 2333 Samuele,

269 2356 360 2428 qui
390 2357 458 2411 de
488 2357 634 2411 tribu
662 2357 929 2427 Ephraim
952 2357 1156 2412 electus
1187 2365 1269 2411 est
1290 2355 1548 2411 sacerdos
1565 2370 1595 2408 a
1616 2355 1867 2422 Domino,

272 2444 580 2515 reprobatis
614 2443 738 2499 ﬁliis
766 2444 872 2512 Eli,
898 2445 1131 2500 Domino
1155 2444 1370 2500 dicente
1407 2459 1420 2498 :
1453 2441 1559 2510 Qui
1574 2443 1870 2497 honorave-

273 2533 346 2587 rit
372 2549 480 2603 me,
512 2533 800 2590 honorabo
829 2551 993 2601 eum;
1025 2542 1077 2589 et
1110 2533 1203 2605 qui
1240 2532 1663 2601 inhonoraverit,
1688 2539 1792 2587 etc.

335 2640 507 2695 Vens.
545 2643 630 2697 12.
665 2670 734 2680 —-
759 2641 1053 2697 Translata
1069 2642 1241 2705 enim,
1269 2646 1372 2694 etc.
1399 2638 1559 2707 Quod
1582 2636 1721 2691 alius
1743 2652 1863 2690 sur-

259 2735 373 2801 gat,
409 2729 805 2801 subsequenter
836 2729 1034 2801 probat
1054 2737 1106 2783 et
1126 2745 1223 2798 per
1242 2727 1442 2781 tribum
1470 2734 1523 2782 et
1553 2743 1649 2797 per
1676 2726 1856 2791 ritum_

258 2824 363 2878 Per
392 2825 593 2880 tribum
627 2826 703 2881 ibi
726 2844 739 2880 :
764 2827 829 2881 In
865 2843 969 2899 quo
988 2828 1141 2882 enim
1160 2827 1297 2891 haec,
1324 2834 1428 2880 etc.
1447 2825 1551 2879 Per
1568 2823 1728 2879 ritum
1748 2822 1855 2876 ibi:

255 2910 327 2964 Et
356 2912 623 2983 amplius,
654 2919 763 2967 etc.
812 2913 1107 2967 Translata
1151 2911 1307 2965 enim
1354 2910 1684 2965 sacerdotio.
1717 2906 1858 2974 Quia

255 3011 388 3070 ergo
420 2999 669 3053 similiter
698 3007 751 3054 et
781 2999 850 3053 ab
880 2999 1075 3053 eodem
1105 3006 1158 3052 et
1186 2998 1288 3050 sub
1338 2997 1530 3051 eadem
1560 2995 1853 3067 sponsione

260 3085 390 3140 data
424 3095 549 3140 sunt
578 3086 666 3140 lex
710 3094 764 3139 et
804 3086 1188 3153 sacerdotium,
1223 3085 1370 3157 quod
1400 3085 1469 3139 de
1493 3100 1602 3140 uno
1632 3083 1849 3150 dicitur,
1882 3099 1935 3160 D

251 3184 481 3226 necesse
511 3177 594 3223 est
621 3177 678 3223 ut
709 3176 761 3223 et
791 3169 859 3224 de
888 3168 1063 3223 altero
1106 3168 1463 3240 intelligatur.

321 3277 492 3333 Vens.
540 3276 628 3330 14.
669 3305 739 3315 --
772 3277 1135 3347 Manifestum
1166 3279 1252 3331 est
1272 3277 1446 3343 enim,
1471 3282 1575 3329 etc.
1608 3274 1688 3329 De
1710 3273 1857 3328 tribu

263 3364 334 3419 ad
362 3364 567 3418 tribum
598 3363 917 3418 translatum
947 3371 1029 3419 est
1077 3364 1464 3431 sacerdotium,
1498 3363 1566 3417 de
1597 3362 1856 3418 sacerdo-

250 3453 349 3507 tali
378 3453 448 3507 ad
478 3453 742 3523 regalem,
782 3459 841 3507 ut
865 3452 1057 3507 eadem
1086 3452 1153 3506 sit
1187 3450 1539 3507 sacerdotalis
1561 3458 1613 3506 et
1632 3450 1852 3523 regalis.

249 3541 320 3596 Et
348 3541 558 3597 intuere
602 3541 921 3613 mysterium
957 3559 969 3595 :
1004 3541 1243 3612 primum
1285 3540 1385 3594 fuit
1415 3540 1636 3612 regalis,
1667 3547 1856 3609 postea

245 3629 387 3686 facta
417 3639 499 3686 est
527 3630 916 3685 sacerdotalis.
942 3629 1031 3686 Sic
1064 3630 1311 3685 Christus
1334 3646 1427 3684 rex
1449 3636 1568 3683 erat
1600 3643 1852 3698 semper;

245 3719 505 3775 sacerdos
536 3726 717 3774 autem
747 3718 922 3776 factus
953 3727 1036 3773 est
1065 3719 1284 3791 quando
1314 3733 1544 3774 carnem
1587 3716 1851 3787 suscepit,

246 3808 460 3881 quando
491 3806 825 3865 sacriﬁcium
858 3807 1068 3864 obtulit.

314 3915 673 3970 Vens.16.—
710 3915 829 3971 Non
872 3914 1187 3970 secundum
1223 3914 1419 3985 legem.
1455 3911 1515 3967 Id
1537 3918 1619 3966 est
1651 3926 1852 3965 secun-

247 4002 380 4058 dum
397 4001 675 4058 carnalem
703 4002 1038 4057 intellectum
1056 4001 1219 4073 legis,
1242 4010 1299 4056 ut
1318 4001 1523 4057 faceret
1552 3998 1853 4055 secundum

245 4089 497 4147 carnales
541 4088 956 4154 observantias;
994 4089 1092 4143 sed
1142 4088 1444 4144 secundum
1478 4086 1734 4142 virtutem
1765 4086 1853 4157 ip-

247 4180 361 4234 sius
392 4177 552 4250 legis,
587 4177 641 4232 id
667 4186 748 4234 est
791 4177 1128 4249 spiritualem
1176 4177 1528 4242 intellectum,
1564 4191 1725 4247 quem
1753 4190 1852 4229 ex-

249 4276 560 4339 sequentes,
593 4265 759 4321 vitam
803 4266 1011 4321 habent
1055 4273 1336 4321 aeternam.
1388 4264 1563 4319 Distat
1586 4264 1728 4319 inter
1759 4278 1852 4317 sa-

246 4352 564 4419 cerdotium,
598 4360 651 4406 et
681 4350 1063 4407 sacerdotium.
1097 4350 1237 4404 Illud
1280 4349 1521 4417 carnale,
1550 4350 1655 4404 hoc
1686 4346 1852 4419 spiri-

246 4440 411 4497 tuale.
460 4441 599 4496 Illud
637 4439 959 4512 temporale,
995 4439 1097 4494 hoc
1139 4447 1420 4494 aeternum.
1444 4432 1456 4454 ¹

317 4550 489 4604 Vens.
520 4552 612 4605 22.
643 4578 713 4587 -
740 4549 806 4602 In
835 4551 1085 4603 tantum.
1118 4548 1199 4603 Ex
1240 4546 1401 4602 laude
1432 4542 1727 4601 sacerdotis
1752 4543 1841 4598 in-

244 4636 350 4703 fert
379 4636 907 4692 commendationem
946 4636 1107 4709 legis.
1139 4637 1399 4692 Melioris.
1432 4633 1571 4703 Quia
1590 4633 1839 4699 meliora,

244 4726 303 4780 id
332 4734 414 4780 est
442 4732 641 4780 aeterna
668 4724 962 4797 promittit;
1005 4726 1168 4781 Vetus
1201 4732 1382 4780 autem
1411 4724 1838 4790 Testamentum,

247 4814 583 4885 temporalia.

318 4921 491 4977 Vens.
540 4921 630 4979 24.
662 4951 733 4961 -
762 4922 859 4978 Hie
888 4926 1100 4992 autem,
1132 4929 1239 4977 etc.
1274 4921 1427 4977 Sicut
1446 4918 1689 4975 Christus
1718 4933 1845 4988 per-

248 5017 449 5077 manet,
483 5010 558 5063 ita
584 5017 638 5064 et
665 5009 752 5064 lex
774 5025 938 5080 quam
966 5010 1157 5075 attulit,
1190 5010 1245 5063 in
1289 5025 1393 5082 qua
1435 5023 1569 5065 vera
1598 5005 1846 5063 remissio

248 5105 632 5171 peccatorum,
667 5104 719 5153 et
753 5105 1014 5168 perpetua
1058 5097 1263 5170 gratia,
1328 5099 1471 5168 quod
1522 5097 1648 5169 quia
1692 5106 1846 5153 vetus

250 5186 339 5243 lex
366 5202 477 5242 non
505 5186 694 5257 potuit,
726 5186 942 5241 exclusa
972 5193 1074 5241 est.
1130 5184 1288 5252 Quod
1317 5194 1498 5242 autem
1528 5194 1849 5258 permaneat

248 5275 307 5331 in
336 5282 599 5331 aeternum
621 5273 855 5329 ostendit
883 5290 947 5328 ex
974 5272 1249 5345 pontiﬁce,
1281 5274 1373 5346 qui
1402 5292 1542 5332 unus
1576 5285 1676 5345 est,
1703 5277 1849 5348 quod

245 5381 357 5421 non
386 5372 549 5431 esset,
576 5363 680 5418 nisi
719 5370 862 5419 esset
905 5362 1245 5430 immortalis,
1280 5364 1419 5419 sicut
1468 5365 1526 5419 in
1570 5365 1695 5436 lege
1724 5364 1848 5420 fue-

249 5458 378 5505 runt
405 5447 578 5518 multi,
629 5447 756 5520 quia
783 5447 1061 5503 mortales.

314 5552 483 5607 Vens.
516 5553 606 5608 25.
629 5580 698 5591 --
736 5550 883 5608 Unde
912 5556 969 5606 et
996 5550 1237 5606 salvare.
1302 5550 1539 5607 Ostenso
1570 5552 1844 5625 quodper

253 5640 619 5699 sacerdotium
660 5639 860 5697 Christi
906 5648 1066 5699 vetus
1110 5639 1474 5697 sacerdotium
1519 5648 1572 5698 et
1613 5641 1704 5697 lex
1751 5641 1855 5699 de-

2583 1841 2811 1898 CAPUT
2859 1839 2999 1898 VIII.

2048 1984 2221 2038 Vens.
2255 1986 2306 2037 1.
2339 2013 2409 2022 -
2443 1983 2786 2055 Capitulum.
2829 1982 3088 2054 (Cnnvs.)
3118 1980 3446 2037 Commiscet
3466 1979 3575 2035 hu-

1974 2071 2123 2126 milia
2153 2088 2277 2128 cum
2315 2071 2551 2127 excelsis
2584 2071 2866 2142 apostolus
2898 2072 3118 2137 Paulus,
3149 2086 3368 2141 semper
3394 2069 3575 2140 Magi-

1976 2168 2146 2215 strum
2172 2177 2332 2214 suum
2353 2177 2609 2231 sequens,
2632 2168 2760 2227 etc.,
2789 2176 2963 2234 usque
2982 2160 3055 2216 ad
3075 2159 3163 2215 cui
3183 2166 3393 2230 oportet
3421 2156 3577 2231 fungi

1972 2266 2199 2305 munere
2252 2249 2571 2305 sacerdotis.

2046 2340 2233 2394 Talem
2267 2339 2554 2395 habemus.
2599 2338 2699 2394 Hic
2744 2338 2931 2409 incipit
2987 2337 3277 2408 capitulum
3317 2356 3332 2404 ;
3368 2344 3421 2392 et
3450 2334 3567 2390 ﬁnit

1968 2427 2045 2482 ibi
2080 2445 2094 2482 :
2129 2430 2275 2484 Deus
2307 2432 2363 2483 et
2390 2445 2506 2484 non
2537 2429 2717 2484 homo.
2760 2428 2825 2482 In
2867 2429 3039 2483 acetis.
3079 2426 3176 2481 Vel
3206 2442 3370 2496 super
3396 2433 3571 2481 mate-

1965 2516 2127 2570 riales
2157 2516 2345 2571 coelos.
2379 2516 2480 2571 Vel
2510 2532 2672 2586 super
2726 2517 2962 2570 thronos
2996 2523 3049 2570 et
3077 2514 3495 2570 dominationes.

2034 2606 2204 2659 Vens.
2237 2609 2293 2661 2.
2337 2636 2407 2644 -
2448 2605 2787 2662 Sanctorum
2834 2605 3120 2660 minister.
3176 2602 3312 2672 Quia
3358 2602 3563 2658 sanctis

1960 2701 2314 2767 augmentum
2364 2694 2644 2763 virtutum,
2679 2702 2731 2749 et
2776 2694 2943 2749 vitam
2971 2701 3230 2749 aeternam
3268 2691 3562 2746 ministrat.

1954 2782 2073 2851 Vel,
2105 2782 2159 2835 in
2191 2782 2347 2837 caelis
2376 2781 2651 2837 ministrat
2705 2782 2940 2855 gloriam
2986 2798 3088 2853 per
3119 2788 3308 2836 sancta
3338 2788 3562 2836 sancto-

1955 2885 2075 2924 rum
2103 2869 2521 2941 signiﬁcantam.
2556 2871 2816 2927 Minister
2838 2871 3195 2926 tabernaculi
3214 2871 3354 2925 veri.
3385 2866 3445 2923 Id
3469 2875 3552 2923 est

1954 2958 2223 3024 veritatis,
2261 2975 2427 3030 quam
2474 2959 2886 3014 tabernaculum
2937 2967 3092 3015 vetus
3136 2957 3565 3031 prmﬁgurabat;

1954 3047 2161 3103 scilicet
2192 3047 2459 3116 justitiam
2488 3048 2544 3101 in
2585 3048 2844 3118 praesenti
2891 3047 3193 3117 Ecclesia,
3227 3046 3464 3120 gloriam
3506 3045 3563 3099 in

1958 3135 2158 3191 futura.
2193 3136 2364 3203 Quod,
2423 3153 2613 3192 verum
2662 3136 3093 3203 tabernaculum,
3126 3137 3261 3205 ﬁxit
3304 3138 3470 3201 Deus,
3504 3141 3562 3189 ut

1957 3224 2012 3278 in
2042 3232 2307 3279 aeternum
2336 3233 2690 3295 permaneat;
2742 3224 3030 3280 umbratile
3060 3241 3195 3281 vero
3220 3232 3334 3280 erat
3361 3240 3471 3278 non
3488 3221 3560 3276 ﬁ-

1957 3330 2105 3383 xum,
2138 3314 2237 3368 sed
2273 3313 2559 3383 portatile;
2594 3318 2650 3369 et
2687 3330 2803 3370 non
2836 3314 2995 3371 homo
3029 3331 3043 3367 :
3078 3314 3181 3368 hoc
3232 3312 3384 3368 addit
3431 3311 3560 3383 quia

1956 3410 2011 3457 et
2039 3409 2196 3457 vetus
2224 3402 2403 3472 posuit
2446 3403 2614 3471 Deus,
2649 3402 2747 3457 sed
2785 3418 2885 3473 per
2914 3402 3226 3457 ministrum
3257 3400 3552 3456 hominem.

2027 3491 2199 3546 Vens.
2232 3493 2284 3544 3.
2307 3521 2378 3530 —-
2400 3490 2550 3558 Quod
2579 3490 2800 3561 offerat.
2833 3492 3050 3547 Etcum
3079 3506 3306 3546 necesse
3336 3489 3405 3544 sit
3433 3504 3557 3543 eum

1954 3579 2161 3633 habere
2203 3578 2408 3651 aliquid
2457 3579 2528 3633 ad
2565 3578 2939 3647 olferendum;
2973 3580 3059 3636 vel
3089 3579 3224 3633 illud
3267 3579 3369 3634 erit
3398 3592 3558 3648 super

1956 3675 2179 3735 terram,
2214 3668 2301 3724 vel
2351 3668 2574 3723 caeleste
2618 3685 2632 3723 :
2681 3669 2778 3723 sed
2808 3684 2917 3723 non
2961 3684 3124 3740 super
3170 3676 3393 3735 terram,
3429 3666 3557 3737 quia

1955 3756 2001 3811 si
2030 3756 2134 3812 hoc
2163 3764 2311 3812 esset
2350 3756 2466 3826 jam
2492 3774 2602 3813 non
2650 3765 2796 3813 esset
2825 3758 3082 3814 sacerdos
3109 3776 3123 3825 ;
3158 3773 3294 3831 ergo
3328 3754 3552 3813 caeleste

1955 3852 2038 3900 est
2067 3845 2212 3915 quod
2227 3844 2406 3901 oﬂ‘ert.

2024 3934 2195 3989 Vens.
2237 3936 2289 3988 4.
2332 3964 2402 3974 -
2442 3935 2580 3990 Cum
2624 3938 2789 4002 esset,
2838 3943 2942 3991 etc.
2985 3935 3045 3990 Si
3086 3951 3212 4007 ergo
3246 3939 3410 4001 esset,
3443 3941 3547 3990 etc.

1954 4020 2094 4090 Quia
2123 4022 2301 4076 omnis
2343 4022 2435 4094 qui
2480 4021 2657 4091 oﬂ‘ert,
2703 4024 2749 4077 si
2778 4032 2925 4079 esset
2954 4031 3206 4079 terrenus
3236 4023 3433 4095 aliquis
3462 4021 3556 4095 qui

1952 4118 2138 4181 posset
2167 4111 2434 4165 mundare
2465 4126 2641 4183 genus
2682 4113 2994 4182 humanum,
3038 4128 3148 4167 non
3181 4120 3328 4167 esset
3368 4128 3550 4167 sacer-

1954 4199 2056 4254 dos
2102 4199 2399 4254 secundum
2431 4200 2677 4255 ordinem
2705 4201 3124 4270 Melchisedech,
3150 4201 3277 4272 quia
3300 4200 3434 4255 satis
3463 4215 3548 4256 es—

1953 4295 2074 4342 sent
2099 4287 2191 4359 qui
2231 4286 2460 4342 oﬁerent
2489 4288 2717 4359 legalia;
2750 4289 2847 4343 sed
2876 4288 3003 4361 quia
3029 4289 3108 4343 illi
3153 4297 3311 4344 erant
3339 4296 3547 4344 morta-

1952 4375 2032 4431 les
2064 4384 2115 4431 et
2144 4384 2486 4449 peccatores,
2520 4385 2574 4432 et
2602 4377 2726 4433 ideo
2755 4378 3050 4433 humanum
3080 4394 3255 4449 genus
3284 4378 3546 4433 mundare

1883 4456 2064 4520 Dnon
2112 4465 2358 4521 valentes
2382 4507 2396 4536 ,
2441 4466 2588 4522 venit
2633 4467 2878 4522 Christus
2923 4467 3015 4539 qui
3062 4466 3352 4523 sufﬁceret.
3393 4468 3545 4521 Nunc

1953 4562 2149 4624 autem,
2183 4555 2238 4609 id
2259 4562 2341 4609 est
2369 4554 2425 4608 in
2454 4555 2751 4610 novissima
2780 4564 2957 4625 aetate,
2980 4556 3171 4611 melius
3185 4556 3542 4611 ministerium

1947 4643 2239 4699 sacerdotii
2268 4643 2490 4699 sortitus
2519 4651 2614 4720 est,
2642 4644 2888 4699 Christus
2934 4652 3083 4700 tanto
3126 4653 3330 4716 quanto
3358 4645 3544 4700 melior

1944 4740 2028 4787 est
2057 4732 2145 4786 lex
2174 4733 2312 4801 ejus.
2345 4733 2463 4786 Jam
2495 4749 2525 4786 a
2559 4733 2864 4789 sacerdotio
2893 4740 2947 4789 et
2975 4732 3245 4790 sacriﬁcio
3268 4734 3462 4789 transit
3475 4732 3544 4789 ad

1943 4819 2310 4876 diﬂ'erentiam
2340 4821 2833 4877 Testamentorum.

2016 4922 2192 4976 Vens.
2229 4923 2280 4977 5.
2315 4951 2385 4962 —-
2415 4925 2761 4996 Responsum
2790 4927 2894 4991 est,
2941 4931 3044 4980 etc.
3096 4925 3221 4980 Non
3254 4940 3382 4980 cum
3408 4921 3534 4979 inci-

1944 5018 2118 5081 peret,
2156 5010 2282 5081 quia
2305 5011 2419 5079 jam
2465 5012 2634 5066 multa
2665 5012 2857 5084 ﬁguris
2898 5021 3264 5084 expresserat,
3296 5013 3396 5069 sed
3423 5026 3544 5067 cum

1945 5115 2043 5170 per
2072 5115 2131 5153 se
2161 5114 2269 5154 non
2294 5107 2482 5170 posset
2528 5116 2903 5158 consummare
2924 5144 2937 5170 ,
2973 5102 3209 5158 consulit
3237 5102 3543 5167 Dominum,

1948 5187 2040 5259 qui
2063 5188 2133 5243 de
2179 5186 2385 5261 ﬁguris,
2440 5189 2580 5244 sicut
2611 5198 2664 5245 et
2691 5190 2759 5246 de
2790 5191 3014 5247 veritate
3046 5208 3172 5246 eum
3202 5191 3405 5246 docuit.

2016 5278 2188 5332 Vens.
2209 5280 2336 5330 6.—
2360 5279 2431 5332 Et
2456 5280 2708 5335 melioris
2733 5282 3094 5347 Testamenti,
3123 5289 3228 5336 etc.
3245 5281 3368 5334 Jam
3387 5296 3418 5333 a
3447 5293 3539 5333 sa-

1947 5364 2152 5421 criﬁcio
2181 5373 2236 5421 et
2279 5367 2585 5423 sacerdotio
2615 5368 2809 5423 transit
2852 5370 2922 5425 ad
2953 5368 3320 5425 diderentiam
3349 5368 3537 5425 Testa-

1946 5462 2272 5510 mentorum.
2308 5456 2490 5512 Veteri
2531 5456 2832 5527 praaferens
2879 5459 3128 5526 Novum;
3164 5474 3230 5513 eo
3263 5458 3410 5529 quod
3427 5458 3539 5513 No-

1946 5566 2073 5607 vum
2103 5551 2159 5605 in
2202 5550 2520 5607 melioribus
2563 5554 3080 5625 repromissionibus
3113 5555 3399 5611 sancitum.

2020 5640 2172 5697 Vnus
2201 5642 2255 5697 7.
2283 5670 2353 5682 —
2371 5642 2517 5699 Nam
2545 5644 2598 5699 si
2639 5643 2787 5702 illud
2809 5645 2996 5715 prius.
3028 5644 3229 5703 Probat
3257 5644 3405 5718 quod
3430 5643 3536 5701 Te-
