3964 6178
409 338 510 391 ὃὸἸ

1243 330 1514 389 GLOSSA
1551 328 1961 390 ORDINARIA.
2002 358 2073 370 —
2098 328 2315 386 EPIST.
2349 329 2445 384 AD
2474 328 2677 385 HEBR.

3624 333 3727 386 658

403 463 731 513 stamentum
758 453 959 510 Christi
988 453 1183 510 melius
1213 462 1295 510 est
1323 454 1505 509 Veteri
1537 472 1551 508 :
1582 470 1709 508 nam
1732 453 1862 507 illud
1893 468 2002 508 non
2026 459 2083 520 Α
2112 460 2417 507 mentorum
2446 452 2701 521 ostendit,
2754 460 2806 506 et
2834 453 2981 525 quod
3011 451 3213 509 Veteri
3238 452 3454 508 Novum
3498 469 3698 525 super-

410 553 565 601 vacat
594 544 773 615 culpa,
803 545 909 599 hoc
939 553 1113 599 vacat.
1151 544 1208 598 Si
1237 543 1381 597 enim
1420 551 1667 598 vacasset
1694 542 1872 612 culpa,
1900 558 2009 595 non

408 634 633 689 daretur
663 633 982 697 secundum,
1025 633 1122 687 sed
1172 632 1344 686 datur.
1391 632 1461 685 Et
1502 632 1573 685 ita
1615 639 1840 702 apparet
1879 629 2010 684 illud

408 722 575 777 fuisse
603 720 1002 793 imperfectum,
1033 721 1136 775 hoc
1164 719 1487 791 perfectum.
1532 721 1708 791 Culpa
1737 723 2006 786 vacasset,

407 835 526 875 non
556 820 771 892 utique.
804 819 880 872 Ita
910 818 1013 873 hoc
1050 817 1200 885 dicit,
1235 816 1388 889 quasi
1431 817 1611 887 ipsum
1656 816 1872 886 culpam
1914 816 2015 870 ha-

402 908 546 963 beat.
594 907 754 977 Quod
800 906 1034 973 videtur,
1090 906 1219 961 dum
1262 905 1507 976 praecipit
1552 905 1670 961 sine
1718 905 1909 976 gratia,
1961 912 2014 958 et

401 997 850 1069 praevaricatores
897 994 1049 1050 facit.
1108 996 1522 1067 Inquireretur,
1571 1010 1601 1048 a
1644 993 1877 1050 Domino
1921 993 2013 1066 qui

398 1094 556 1165 prius
585 1093 840 1164 paulatim
870 1092 1121 1149 instruxit
1150 1100 1204 1147 et
1234 1092 1500 1161 educavit,
1545 1099 1603 1148 ut
1632 1100 1755 1163 post
1799 1091 2013 1164 perfec-
2049 1090 2057 1101 '

407 1190 522 1238 tum
545 1183 720 1238 daret.

473 1299 646 1355 Vens.
680 1301 732 1353 9.
767 1327 837 1338 —
868 1298 1021 1365 Quod
1049 1299 1162 1369 feci
1204 1299 1465 1371 patribus
1508 1314 1725 1353 eorum.
1772 1297 1841 1351 Et
1885 1295 2010 1368 quia

404 1388 732 1461 quibusdam
758 1386 996 1458 speciale
1035 1385 1257 1452 fecerat,
1312 1386 1653 1441 determinat.
1704 1385 1854 1453 Quod
1899 1385 2013 1457 feci

398 1489 463 1543 in
494 1487 601 1553 die,
634 1484 689 1539 id
730 1492 813 1539 est
856 1492 1101 1554 tempore
1148 1484 1309 1556 legis,
1358 1501 1479 1557 quas
1524 1491 1648 1555 post
1693 1483 1895 1538 exitum
1942 1482 2013 1539 de

396 1576 633 1647 Egypto
674 1574 799 1628 data
841 1581 942 1628 est.
989 1572 1148 1641 Quod
1192 1589 1327 1643 ergo
1366 1580 1491 1627 ante
1537 1573 1722 1645 legem
1780 1572 2009 1626 Abrahae

397 1664 535 1719 dixit
559 1681 571 1719 :
592 1665 657 1719 In
674 1664 889 1718 semine
904 1666 1001 1718 tuo
1018 1662 1420 1717 benedicentur
1435 1678 1626 1717 omnes
1637 1665 1832 1734 gentes
1846 1662 2005 1731 (Gen.

396 1752 568 1823 xxu),
601 1751 949 1822 postmodum
972 1750 1265 1820 complevit
1296 1750 1352 1804 in
1385 1750 1708 1822 Evangelio.
1734 1750 1832 1803 Illa
1862 1748 2007 1803 enim

395 1841 690 1913 promissio
720 1839 818 1893 fuit
855 1838 1153 1910 spiritualis
1183 1846 1234 1892 et
1281 1838 1585 1909 specialiter
1628 1838 1908 1910 pertinens
1936 1838 2006 1892 ad

397 1929 653 2003 gratiam.
685 1930 804 1985 Non
832 1931 1275 2000 permanserunt
1318 1927 1382 1981 in
1438 1929 1807 1983 Testamento.
1862 1925 2002 1981 Vitio

396 2043 592 2083 eorum
622 2027 845 2097 deputat
874 2026 1016 2097 quod
1048 2042 1155 2080 non
1170 2034 1582 2097 permanserunt
1602 2025 1657 2079 in
1686 2026 2000 2080 Testamen-

394 2126 476 2183 to,
508 2133 577 2170 ne
604 2116 690 2170 lex
745 2131 904 2186 quam
936 2122 1061 2169 tunc
1090 2122 1413 2185 acceperunt
1442 2115 1709 2185 culpanda
1736 2113 2003 2169 videatur.

394 2215 525 2286 Ipsa
554 2215 697 2269 enim
728 2221 811 2269 est
842 2229 1005 2285 quam
1044 2229 1153 2267 non
1186 2212 1334 2267 venit
1363 2212 1611 2268 Christus
1642 2212 1872 2279 solvere,
1911 2213 2011 2267 sed

388 2304 643 2374 implere.
674 2303 798 2357 Non
826 2310 1008 2356 tamen
1034 2300 1295 2369 justiﬁcat
1325 2302 1444 2356 sine
1476 2302 1662 2374 gratia,
1700 2317 1797 2372 pro
1813 2301 2009 2355 veteris

388 2391 631 2447 hominis
675 2407 835 2457 noxa,
882 2407 1001 2463 quae
1043 2389 1170 2461 quia
1213 2407 1312 2462 per
1354 2389 1588 2445 litteram
1628 2390 1904 2458 jubentem
1955 2397 2010 2444 et

390 2481 695 2535 minantem
749 2495 859 2534 non
915 2487 1153 2546 sanatur,
1213 2478 1409 2536 dicitur
1451 2478 1602 2541 illud,
1654 2479 1853 2543 Vetus;
1902 2480 2007 2534 hoc

388 2571 611 2625 Novum
645 2587 658 2623 :
690 2576 911 2639 propter
938 2569 1233 2623 novitatem
1265 2566 1478 2638 spiritus
1509 2566 1599 2638 qui
1629 2574 1781 2621 sanat
1812 2582 1845 2621 a
1875 2566 2005 2622 vitio

390 2657 699 2724 vetustatis,
743 2658 887 2729 quod
932 2657 1213 2712 evidenter
1255 2655 1423 2727 aperit
1467 2656 1657 2712 dicens
1703 2673 1716 2710 :
1766 2657 1874 2712 Hoc
1916 2660 2004 2711 est

396 2750 842 2813 Testamentum,
888 2754 973 2801 etc
986 2788 998 2800 .

469 2863 639 2918 Vens.
674 2867 760 2917 1ο.
793 2893 863 2903 -
888 2862 1082 2919 Dando
1107 2862 1255 2933 leges
1278 2876 1433 2916 meas
1463 2861 1525 2916 in
1547 2863 1787 2915 mentes.
1806 2860 1930 2914 Non
1945 2858 2001 2912 in

389 2952 593 3007 tabulis
635 2950 894 3021 lapideis,
945 2966 1053 3006 non
1097 2957 1432 3015 atramento,
1481 2949 1579 3003 sed
1625 2948 1842 3020 Spiritu,
1894 2962 1999 3019 quo

388 3048 662 3113 praesente
694 3039 809 3113 (qui
841 3047 923 3095 est
952 3039 1155 3111 digitus
1187 3038 1308 3109 Dei)
1339 3036 1658 3092 diffunditur
1688 3036 1921 3093 charitas
1941 3038 1998 3090 in

389 3129 668 3194 cordibus,
716 3144 836 3201 quae
892 3134 975 3182 est
1020 3126 1296 3198 plenitudo
1340 3126 1500 3201 legis.
1547 3126 1827 3197 Siquidem
1863 3125 1996 3195 justi

388 3234 502 3273 non
558 3226 708 3272 extra
766 3224 1056 3281 terrentur,
1091 3216 1189 3269 sed
1234 3214 1378 3268 intus
1440 3214 1669 3285 diligunt
1706 3213 1989 3284 justitiam.

388 3306 586 3362 Danda
637 3308 780 3377 leges
827 3320 840 3360 :
883 3306 1030 3360 Ecce
1074 3305 1495 3358 Testamentum.
1548 3304 1988 3376 Superscribam.

388 3395 559 3464 Quasi
593 3413 607 3449 :
642 3393 780 3463 Quae
808 3393 1008 3448 debent
1038 3409 1326 3463 superesse
1358 3392 1544 3464 eisque
1590 3391 1872 3446 dominari.
1924 3393 1993 3446 Et

389 3500 487 3539 ero
518 3484 637 3539 illis
668 3483 730 3538 in
761 3484 958 3539 Deum.
996 3481 1055 3535 Id
1088 3489 1170 3535 est
1202 3481 1386 3536 vivent
1416 3496 1481 3534 ex
1508 3496 1594 3535 me
1611 3488 1663 3534 et
1693 3480 1842 3545 mihi,
1864 3488 1916 3534 et
1937 3480 1992 3533 in

387 3570 571 3627 futuro
603 3588 689 3627 me
718 3569 998 3638 videbunt,
1034 3570 1182 3640 quod
1214 3577 1296 3624 est
1327 3568 1610 3640 perfectio,
1657 3576 1713 3622 ut
1742 3568 1877 3622 alter
1907 3569 1991 3623 al-

388 3671 568 3717 terum
597 3676 707 3715 non
733 3660 943 3715 doceat.
970 3660 1097 3714 Haec
1116 3666 1195 3713 est
1228 3657 1478 3713 distantia
1506 3656 1721 3712 Veteris
1752 3665 1804 3711 et
1828 3657 1988 3723 Novi,

387 3750 533 3822 quod
563 3749 697 3804 illud
725 3748 781 3803 in
811 3747 1008 3822 lapide,
1035 3748 1140 3802 hoc
1166 3747 1221 3801 in
1240 3746 1407 3801 corde
1428 3764 1443 3814 ;
1463 3746 1537 3800 ibi
1554 3761 1788 3813 merces,
1810 3754 1988 3814 terra;

388 3839 480 3895 hic
510 3837 649 3893 visio
686 3837 804 3894 Dei.

458 3956 632 4011 Vens.
668 3957 757 4008 11.
789 3982 859 3993 -
886 3954 1008 4009 Νοη
1022 3952 1259 4008 docebit.
1298 3949 1458 4020 Quod
1483 3950 1686 4006 latebat
1715 3950 1770 4005 in
1790 3949 1985 4013 littera.

386 4052 440 4100 et
468 4042 713 4098 discebat
742 4040 976 4112 populus
996 4057 1096 4111 per
1115 4040 1435 4096 traditiones
1454 4039 1863 4112 magistrorum,
1886 4041 1991 4095 hoc

387 4132 619 4203 Spiritus
648 4131 947 4186 adveniens
976 4129 1159 4184 docuit
1193 4130 1491 4199 apostolos,
1526 4136 1578 4183 et
1608 4130 1712 4184 hoc
1740 4137 1821 4183 est
1843 4128 1990 4200 quod

388 4222 662 4291 Propheta
682 4220 809 4275 dicit
834 4234 847 4273 :
874 4220 994 4274 Non
1005 4219 1218 4274 docebit
1239 4219 1622 4291 unusquisque
1636 4219 1983 4290 proximum,

391 4311 523 4382 quia
542 4325 736 4365 omnes
752 4309 938 4363 scient
958 4307 1095 4376 (Jer.
1120 4305 1289 4377 xxxx)
1310 4324 1324 4372 ;
1354 4306 1493 4362 sicut
1514 4306 1569 4360 in
1588 4306 1893 4379 Evangelio
1914 4305 1993 4361 di-

387 4398 528 4453 citur
560 4414 575 4453 :
612 4399 762 4453 Tunc
792 4396 1021 4469 aperuit
1049 4395 1129 4450 eis
1159 4410 1389 4450 sensum
1438 4395 1595 4464 (Luc.
1643 4394 1828 4462 xxiv),
1881 4402 1983 4451 etc.

391 4486 673 4558 Majorem.
707 4484 944 4554 Majores
973 4482 1217 4555 intellige
1245 4482 1333 4537 vel
1364 4489 1609 4553 tempore
1641 4500 1654 4537 :
1688 4491 1745 4536 ut
1772 4482 1987 4554 priores

390 4574 482 4646 qui
512 4590 613 4628 nos
640 4573 973 4644 posteriores
1003 4578 1455 4642 exspectaverunt
1483 4571 1540 4624 in
1576 4571 1805 4626 denario
1834 4571 1988 4626 acci-

388 4663 590 4733 piendo
614 4680 629 4728 ;
653 4661 740 4717 vel
759 4660 1006 4726 scientia,
1025 4660 1111 4715 vel
1132 4658 1330 4715 virtute
1349 4659 1651 4732 digniores,
1674 4658 1766 4731 qui
1783 4659 1989 4715 scilicet

388 4751 714 4823 intelligere,
747 4749 1037 4805 valuerunt
1064 4749 1248 4803 lumen
1277 4746 1658 4819 incorporeum
1688 4757 1850 4821 atque
1897 4749 1986 4804 in-

388 4838 796 4908 commutabile,
848 4845 1107 4909 quantum
1154 4834 1210 4890 in
1253 4837 1358 4892 hac
1406 4835 1516 4891 vita
1557 4844 1737 4907 potest
1779 4854 1793 4891 :
1840 4837 1988 4909 quod

388 4928 629 4984 minores
658 4934 838 4981 tamen
867 4925 1093 4980 credere
1113 4932 1424 4996 potuerunt.
1458 4924 1592 4979 Cum
1622 4940 1758 4998 ergo
1777 4925 1988 4980 venerit

390 5015 536 5087 quod
566 5014 868 5086 perfectum
919 5021 1021 5078 est,
1072 5021 1125 5067 et
1171 5020 1491 5068 evacuatum
1535 5012 1699 5068 fuerit
1746 5012 1893 5084 quod
1920 5029 1987 5068 ex

386 5112 540 5174 parte
571 5110 673 5169 est,
705 5109 834 5157 tunc
865 5100 956 5173 qui
989 5109 1269 5171 assumpta
1299 5117 1466 5156 carne
1514 5101 1667 5157 carni
1713 5101 1983 5174 apparuit,

388 5192 643 5248 ostendet
700 5190 943 5261 seipsum
1001 5189 1357 5245 dilectoribus
1418 5190 1551 5245 suis.
1601 5192 1749 5245 Tunc
1794 5206 1986 5246 omnes

380 5280 554 5336 scient
584 5295 711 5335 eum
742 5294 775 5333 a
806 5278 1016 5333 minore
1046 5294 1218 5349 usque
1248 5278 1318 5333 ad
1348 5278 1632 5347 majorem,
1666 5279 1791 5351 quia
1822 5279 1987 5334 etiam

384 5369 638 5423 minimus
666 5375 793 5423 tunc
821 5366 1063 5438 perfecte
1091 5366 1242 5432 sciet,
1278 5381 1400 5421 cum
1430 5382 1529 5438 per
1556 5384 1634 5435 se,
1668 5383 1778 5422 non
1813 5382 1845 5422 a
1870 5383 1989 5423 ma-

376 5463 494 5530 jore
523 5457 822 5512 instructus
854 5455 976 5511 erit.

987 5597 1212 5654 CAPUT
1278 5598 1376 5653 IX.

456 5713 629 5769 Vens.
661 5716 713 5767 1.
747 5742 818 5753 -
844 5711 1071 5768 Habuit.
1107 5711 1401 5785 Hucusque
1422 5710 1783 5770 diﬂ‘erentiam
1812 5714 1993 5770 Testa-

2112 542 2340 608 eminet,
2374 549 2428 595 et
2474 542 2609 596 illud
2658 542 2921 595 immutat.
2974 543 3131 597 Nunc
3170 543 3317 599 idem
3358 543 3594 599 ostendit
3635 558 3703 598 ex

2110 630 2281 700 ipsius
2329 630 2663 685 tabernaculi
2695 632 2990 685 schemate.
3073 632 3366 698 Sanctum,
3402 647 3513 687 non
3548 631 3724 701 spiri-

2112 719 2239 786 tale,
2272 719 2369 773 sed
2403 736 2416 774 :
2447 720 2745 775 Sceculare.
2781 718 2921 788 Quia
2965 720 3255 790 putabatur
3301 720 3371 775 ab
3400 716 3711 776 hominibus

2113 814 2381 862 sanctum.
2414 808 2484 861 Et
2513 823 2640 863 vere
2668 807 2857 862 habuit
2886 816 3130 863 sanctum
3161 808 3447 879 saeculare,
3484 806 3609 881 quia
3636 815 3719 864 ta-

2110 896 2463 951 bernaculum
2505 896 2741 967 primum
2788 904 2842 950 et
2879 897 3199 953 secundum.

2182 1012 2352 1066 Vens.
2382 1015 2442 1068 2.
2472 1042 2543 1051 —
2564 1013 3009 1069 Tabernaculum
3045 1015 3201 1068 enim
3251 1017 3537 1069 sanctum.
3579 1013 3704 1069 Pri-

2114 1117 2263 1154 mum
2294 1101 2704 1156 tabernaculum
2722 1101 2865 1155 intus
2902 1101 3090 1156 habuit
3104 1102 3277 1159 altare
3303 1102 3545 1170 incensi;
3588 1110 3716 1159 ante

2111 1187 2259 1243 fores
2291 1190 2393 1243 sub
2424 1189 2533 1259 dio,
2565 1189 2737 1244 altare
2778 1190 3247 1257 holocaustorum;
3282 1192 3368 1246 vel
3398 1191 3542 1263 quod
3569 1190 3701 1246 foris

2113 1285 2196 1332 est
2228 1276 2497 1349 significat
2542 1278 2709 1332 Vetus
2754 1279 3177 1346 Testamentum,
3218 1287 3272 1334 et
3311 1287 3394 1335 est
3441 1279 3614 1353 figura
3643 1278 3713 1334 fi-

2112 1382 2301 1438 gurae;
2348 1366 2494 1421 intus
2526 1366 2797 1439 significat
2840 1368 3075 1423 Novum.

2185 1479 2357 1535 Vens.
2385 1483 2437 1534 5.
2466 1510 2536 1519 -
2555 1481 2869 1536 Cherubim.
2896 1482 3000 1535 Per
3044 1481 3336 1537 Cheruhim
3370 1481 3710 1553 signiﬁcatur

2115 1567 2397 1638 plenitudo
2428 1568 2696 1635 scientize;
2730 1585 2829 1640 per
2856 1569 3289 1640 propitiatorium
3324 1587 3485 1642 super
3505 1587 3709 1639 arcam,

2114 1656 2381 1721 Christus,
2418 1656 2545 1727 quia
2576 1657 2679 1727 ipsi
2730 1657 2945 1713 Christo
2977 1674 3009 1713 a
3043 1659 3158 1713 Deo
3204 1660 3358 1713 Patre
3406 1660 3715 1731 specialiter

2112 1745 2295 1799 datum
2325 1752 2424 1809 est,
2465 1753 2522 1798 ut
2561 1753 2705 1799 esset
2735 1747 3045 1817 propitiatio
3077 1764 3178 1818 pro
3208 1748 3450 1818 peccatis
3482 1748 3704 1804 nostris.

2192 1860 2362 1914 Vens.
2376 1863 2504 1915 ’7.-
2519 1862 2584 1916 In
2605 1878 2773 1917 anno.
2794 1860 2951 1929 Quod
2969 1862 3197 1935 singulis
3219 1863 3374 1917 annis
3399 1863 3711 1930 intrabatur,

2120 1947 2531 2020 significabatur
2558 1966 2667 2005 non
2714 1951 2931 2005 venisse
2963 1952 3140 2006 adhuc
3170 1951 3577 2022 perfectionem.
3609 1955 3718 2009 Pro

2117 2053 2221 2091 sua
2264 2041 2321 2092 et
2354 2040 2554 2110 pepuli
2586 2040 2931 2110 ignorantia.
2967 2038 3211 2094 Christus
3251 2055 3348 2111 pro
3376 2040 3578 2111 populo
3610 2057 3709 2095 suo

2116 2125 2327 2192 obtulit,
2359 2142 2460 2197 pro
2492 2143 2551 2181 se
2582 2142 2709 2182 vero
2740 2143 2868 2194 non,
2902 2127 3006 2182 nisi
3037 2127 3091 2182 in
3122 2128 3384 2183 membris
3400 2129 3531 2183 suis.
3557 2129 3712 2185 Unde

2113 2214 2231 2285 ipse
2262 2214 2379 2268 ait:
2428 2216 2595 2270 Verba
2647 2215 2983 2272 delictorum
3038 2233 3293 2273 meorum
3339 2218 3515 2287 (Psal.
3558 2219 3706 2290 xxi).

2112 2302 2318 2356 Delicta
2349 2302 2492 2356 enim
2522 2312 2710 2358 nostra
2736 2320 2835 2358 sua
2863 2304 3011 2371 dicit,
3053 2304 3180 2376 quia
3200 2319 3267 2361 ea
3307 2305 3565 2377 suscepit,
3598 2321 3711 2363 non

2110 2392 2179 2445 ad
2210 2392 2539 2458 habendum,
2589 2392 2685 2447 sed
2717 2393 2786 2447 ad
2812 2393 3132 2448 delendum.

2184 2510 2352 2565 Vens.
2389 2514 2440 2566 8.
2472 2540 2542 2550 —
2567 2512 2825 2566 Nondum
2870 2513 3252 2584 prapalatam.
3285 2511 3493 2568 Caelum
3524 2512 3704 2569 adhuc

2105 2598 2455 2653 inacessibile
2486 2607 2568 2653 est
2610 2600 2927 2654 mortalibus
2968 2601 3268 2656 secundum
3304 2601 3549 2672 corporis
3575 2617 3708 2657 con-

2103 2686 2384 2753 ditionem,
2426 2694 2550 2743 ante
2604 2704 2732 2743 vero
2776 2689 2937 2743 etiam
2976 2690 3274 2744 secundum
3316 2689 3546 2745 animas.
3595 2690 3703 2745 Sed

2100 2775 2371 2845 patienter
2426 2777 2797 2846 exspectanda
2850 2785 2933 2831 est
2980 2778 3332 2845 resurrectio,
3364 2778 3421 2831 in
3474 2794 3585 2849 qua
3638 2787 3693 2834 et

2097 2864 2414 2934 corporibus
2447 2881 2545 2936 per
2584 2865 2858 2919 Christum
2874 2866 3073 2935 patebit
3102 2865 3156 2919 in
3188 2867 3383 2921 coelum
3411 2881 3689 2923 accessus.

2100 2952 2443 3008 Sanctorum
2488 2955 2655 3009 viam.
2710 2954 2809 3008 Via
2854 2961 3166 3010 sanctorum
3196 2962 3279 3010 est
3309 2954 3576 3021 Christus,
3608 2955 3697 3012 vel

2098 3040 2389 3112 spiritualis
2419 3041 2775 3115 intelligentia
2802 3042 2941 3116 legis
2972 3059 3069 3115 per
3097 3059 3260 3116 quam
3292 3044 3605 3100 ascenditur
3647 3045 3705 3100 in

2094 3128 2353 3184 interiora
2382 3130 2528 3188 caeli.

2163 3232 2332 3289 Vens.
2362 3233 2626 3301 9.—Quaz
2650 3234 2938 3308 parabola.
2986 3232 3145 3303 Quod
3173 3241 3352 3290 autem
3372 3234 3488 3290 haec
3511 3235 3580 3290 de
3611 3252 3698 3291 sa-

2092 3318 2312 3375 criﬁciis
2343 3323 2784 3376 consummandis
2822 3321 2909 3377 vel
2933 3323 2989 3377 in
3022 3323 3198 3393 primo
3242 3323 3329 3378 vel
3357 3322 3415 3377 in
3455 3324 3694 3380 secundo

2092 3408 2445 3463 tabernaculo
2498 3411 2795 3464 secundum
2866 3410 3321 3484 signiﬁcationem
3375 3411 3520 3468 dicta
3573 3412 3681 3468 sint

2092 3497 2286 3568 aperit,
2322 3498 2563 3552 subdens
2598 3516 2610 3552 :
2645 3516 2767 3571 quw
2792 3501 3063 3572 parabola
3095 3505 3198 3567 est,
3233 3508 3339 3556 etc.

2164 3611 2333 3665 Vens.
2383 3614 2466 3665 10.
2512 3642 2583 3651 -
2617 3613 2791 3686 Usque
2829 3613 2901 3667 ad
2944 3616 3164 3685 tempus
3194 3615 3595 3682 correctionis;
3626 3615 3683 3670 id

2092 3706 2174 3753 est
2210 3716 2381 3770 usque
2408 3701 2476 3753 ad
2504 3708 2716 3772 tempus
2727 3701 2935 3771 gratiae,
2960 3700 3139 3775 quoin
3154 3701 3347 3757 melius
3376 3702 3688 3777 corrigendi

2092 3796 2248 3842 erant
2288 3788 2326 3842 ii
2374 3787 2466 3861 qui
2514 3790 2792 3863 hucusque
2834 3789 2937 3844 sub
2978 3790 3281 3863 paedagogo
3316 3797 3492 3855 erant,
3546 3807 3684 3863 quos

2092 3875 2179 3931 lex
2206 3892 2315 3932 non
2344 3885 2553 3948 poterat
2581 3876 2856 3949 perfectos
2887 3876 3086 3944 facere,
3106 3894 3215 3933 non
3250 3885 3433 3933 tamen
3462 3893 3527 3935 eo
3556 3886 3687 3935 tem-

2090 3980 2222 4037 pore
2250 3966 2486 4022 debebat
2513 3981 2752 4021 cessare.

2164 4082 2330 4135 Vens.
2368 4082 2453 4135 11.
2499 4112 2568 4122 -
2602 4084 2711 4137 Per
2738 4082 3005 4154 amplius.
3046 4079 3292 4137 Christus
3322 4080 3566 4138 introivit
3596 4088 3685 4136 ta-

2090 4164 2464 4231 bernaculum,
2502 4164 2557 4219 id
2602 4172 2716 4235 est,
2756 4166 2974 4221 calum.
3024 4164 3256 4221 Nomine
3286 4164 3430 4238 signi
3454 4206 3469 4232 ,
3503 4164 3561 4221 id
3604 4173 3687 4220 est

2092 4253 2430 4308 tabernaculi
2454 4297 2467 4319 ,
2518 4253 2771 4327 designat
2833 4253 3126 4326 Apostolus
3166 4254 3438 4327 signatum
3463 4293 3477 4321 ,
3506 4254 3563 4308 id
3602 4261 3687 4310 est

2092 4341 2310 4409 ctelum,
2334 4343 2482 4413 quod
2510 4342 2650 4397 bene
2681 4342 2899 4409 dicitur,
2929 4360 3035 4416 per
3053 4342 3318 4415 amplius,
3351 4341 3477 4414 quia
3495 4340 3685 4411 plures

2091 4430 2231 4501 capit
2258 4446 2422 4502 quam
2454 4438 2728 4487 terrenum
2770 4430 2924 4497 illud,
2956 4438 3009 4486 et
3053 4432 3380 4503 per/estius,
3415 4429 3542 4501 quia
3571 4428 3679 4498 ibi,

2016 4539 2070 4599 D
2091 4517 2328 4590 perfecta
2358 4519 2652 4575 beatitudo.

2159 4634 2327 4687 Vens.
2359 4636 2443 4690 12.
2475 4663 2546 4673 -
2573 4633 2639 4688 In
2682 4636 2901 4688 sancta.
2945 4631 3182 4705 Exponit
3224 4632 3371 4705 quod
3412 4631 3625 4688 dixerat
3658 4650 3673 4689 :

2093 4721 2534 4778 Tabernaculum
2545 4736 2661 4778 non
2675 4722 3095 4792 manu/actum,
3109 4724 3311 4780 sancta
3325 4725 3676 4789 sanctorum,

2086 4809 2142 4865 id
2162 4817 2245 4865 est
2282 4809 2543 4866 ccelestia.

2158 4919 2328 4975 Vens.
2351 4921 2437 4973 13.
2455 4948 2525 4959 -
2552 4918 2611 4974 Si
2627 4919 2781 4975 enim
2799 4918 3051 4991 sanguis.
3079 4917 3236 4987 Quod
3260 4934 3358 4992 per
3385 4918 3675 4989 Christum,

2087 5006 2320 5078 potuerit
2367 5023 2490 5062 esse
2539 5007 2860 5077 redemptio,
2885 5022 2920 5063 a
2945 5006 3138 5063 minori
3178 5008 3395 5079 probat,
3421 5008 3549 5081 quia
3581 5023 3678 5079 per

2087 5096 2181 5150 illa
2227 5094 2426 5168 legalia
2472 5093 2637 5150 ﬁebat
2689 5096 2968 5152 mundatio
2994 5096 3311 5169 corporalis.
3358 5098 3675 5154 Hircorum.

2087 5183 2281 5239 Hircus
2311 5183 2587 5239 Christum
2608 5184 2895 5258 signiﬁcat,
2926 5200 3026 5257 per
3054 5184 3463 5242 similitudinem
3499 5185 3677 5242 carnis

2087 5271 2313 5343 peccati.
2346 5272 2558 5327 Taurus
2589 5273 2782 5328 dicitur
2810 5272 3074 5342 Christus,
3100 5274 3223 5347 quia
3242 5273 3471 5331 duorum
3498 5275 3683 5329 Testa-

2086 5367 2386 5414 mentorum
2412 5361 2671 5415 cornibus
2690 5360 2913 5415 ventilat
2939 5361 3206 5418 inimicos.
3227 5362 3309 5423 Ad
3328 5361 3681 5419 emundatio-

2088 5465 2221 5504 nem
2262 5449 2480 5515 carnis,
2523 5448 2577 5501 id
2610 5456 2708 5513 est,
2743 5457 2801 5503 ut
2832 5465 2961 5504 caro
3006 5450 3300 5505 emundata
3346 5449 3414 5505 sit
3456 5454 3679 5519 propter

2090 5536 2229 5607 legis
2250 5544 2582 5607 praceptum
2603 5556 2617 5603 ;
2642 5539 2739 5592 sed
2766 5537 2820 5591 in
2852 5538 3066 5594 Christo
3087 5546 3169 5593 est
3192 5536 3472 5609 perfectio.

2161 5626 2330 5680 Vens.
2359 5628 2519 5680 14.-
2541 5627 2753 5682 Obtulit
2774 5629 3156 5700 semetipsum.
3180 5625 3440 5693 Christus,
3462 5621 3673 5692 medius

2092 5714 2236 5769 inter
2264 5714 2439 5769 Deum
2468 5722 2522 5770 et
2550 5714 2819 5783 homines,
2851 5716 3003 5771 dator
3030 5721 3113 5768 est
3131 5712 3273 5769 Novi
3298 5711 3629 5769 Testamenti
3660 5729 3674 5769 :
