3968 6176
284 345 386 397 659

795 342 1200 400 WALAFRIDI
1237 341 1483 399 STRABI
1518 341 1718 399 FULD.
1757 338 1933 396 MON.
1964 338 2127 396 OPP.
2168 339 2345 397 PARS
2382 341 2425 398 Ῑ.
2466 370 2536 382 -
2572 340 3043 399 THEOLOGICA.

3481 345 3584 399 660

287 464 441 537 quasi
467 464 709 537 pontifex
737 465 894 522 nobis
925 475 1006 521 est
1046 466 1205 522 dator
1228 465 1369 539 legis
1399 481 1579 522 novae.
1610 467 1882 522 Immacu-
1909 464 1966 525 A
1985 464 2094 519 imo
2124 465 2239 521 sola
2268 465 2565 521 voluntate.
2620 466 2823 521 Verum
2852 474 2911 521 ut
2950 468 3115 522 homo
3145 466 3319 522 semel
3346 474 3593 523 mortuus

288 554 491 610 latum.
522 553 671 609 Illius
702 554 923 627 sanguis
952 562 1035 610 est
1080 554 1480 610 immaculatus.

361 643 439 699 Ab
492 645 748 716 operibus
798 645 1081 712 mortuis;
1111 642 1165 699 id
1212 652 1294 699 est
1339 642 1617 715 peccatis;
1653 659 1771 715 quae
1801 642 1895 715 qui

289 729 467 805 tangit
496 730 845 803 iniquinatur,
881 731 1020 788 sicut
1048 732 1138 804 qui
1168 732 1427 805 tangebat
1448 738 1723 787 mortuum
1744 732 1894 788 coin-

293 820 657 893 quinabatur;
691 818 793 877 nec
838 820 1083 876 intratin
1131 822 1360 892 coelum,
1391 821 1531 878 sicut
1574 837 1676 877 nec
1717 820 1809 876 ille
1837 820 1894 876 in

296 909 589 981 templum.
636 909 873 966 Viventi.
908 909 1109 966 Christi
1157 918 1343 966 tamen
1379 926 1531 965 mors
1562 919 1674 965 erat
1702 927 1895 967 neces-

297 998 440 1055 saria
482 998 540 1053 in
587 999 962 1070 redemptione
1011 1016 1122 1055 non
1166 1001 1331 1055 modo
1375 1000 1680 1073 gentilium,
1715 1000 1811 1055 sed
1842 1007 1896 1055 et

292 1103 482 1144 earum
524 1088 1032 1158 praevaricationum
1083 1106 1218 1161 quas
1268 1090 1356 1145 lex
1406 1090 1749 1157 ostendebat,
1785 1090 1939 1144 non‘

294 1176 553 1232 solvebat.
587 1178 814 1232 Tantum
843 1177 940 1231 fuit
968 1186 1252 1249 peccatum
1283 1186 1553 1247 nostrum,
1588 1186 1645 1233 ut
1694 1169 1900 1233 salvari

296 1281 407 1321 non
428 1281 716 1337 possemus
746 1266 849 1321 nisi
879 1267 1202 1338 Unigenitus
1219 1267 1319 1321 Dei
1344 1283 1444 1338 pro
1464 1267 1622 1322 nobis
1650 1282 1896 1321 morere-

298 1362 423 1422 tur,
472 1355 811 1411 debitoribus
847 1356 1075 1423 mortis;
1110 1357 1208 1411 sed
1257 1356 1335 1411 sic
1380 1355 1507 1412 fecit
1550 1371 1651 1411 nos
1697 1355 1896 1426 dignos

296 1443 629 1500 Testamenti
678 1451 731 1499 et
772 1444 1059 1515 promissae
1105 1444 1454 1513 hmreditatis,
1506 1452 1558 1500 et
1598 1444 1670 1499 ita
1710 1445 1897 1499 Testa-

295 1539 539 1588 mentum
570 1531 772 1588 factum
821 1541 903 1587 est
946 1532 1181 1588 ﬁrmum.

368 1621 539 1677 Vsus.
566 1625 651 1676 15.
671 1652 740 1662 —
786 1624 1192 1679 Intercedente.
1225 1622 1372 1678 Inter
1400 1630 1553 1679 vetus
1581 1622 1900 1678 Testamen-

300 1716 415 1766 tum
447 1717 500 1765 et
529 1710 746 1767 Novum
781 1710 860 1781 (in
887 1711 1084 1783 quibus
1105 1727 1215 1766 non
1244 1712 1419 1767 solum
1450 1720 1796 1767 sacramenta
1824 1711 1900 1766 di-

298 1799 415 1856 visa
428 1807 571 1867 sunt,
604 1800 702 1855 sed
735 1808 788 1855 et
803 1800 1119 1871 promissa,)
1140 1800 1413 1857 distinctio
1438 1801 1716 1871 estpassio
1737 1800 1897 1855 Chri-
1919 1836 1972 1896 B

301 1887 388 1958 sti,
411 1888 467 1943 in
492 1889 647 1958 cujus
666 1896 840 1944 morte
871 1897 1080 1944 constat
1108 1896 1324 1944 terrena
1351 1906 1461 1944 non
1508 1889 1769 1961 promitti,
1803 1890 1899 1942 sed

300 1983 524 2032 aeterna.
558 1978 621 2033 In
648 1985 820 2033 morte
851 1978 995 2033 enim
1042 1978 1316 2049 Unigeniti
1345 1995 1572 2034 necesse
1593 1987 1675 2033 est
1706 1993 1904 2049 magna

300 2065 528 2137 sperari.

371 2163 541 2219 Vnus.
596 2167 682 2219 16.
724 2193 793 2205 ——
833 2165 928 2222 Ubi
958 2167 1133 2221 enim.
1168 2165 1415 2220 Christus
1455 2173 1537 2221 est
1578 2165 1732 2220 dator
1764 2164 1904 2221 Novi

299 2253 652 2325 Testamenti,
685 2260 858 2308 morte
908 2254 1313 2321 intercedente,
1350 2270 1494 2310 nunc
1524 2270 1654 2311 vero
1681 2253 1737 2311 in
1766 2269 1902 2309 con-

300 2340 661 2398 ﬁrmationem
704 2343 1067 2411 Testamenti,
1104 2351 1320 2415 poterat
1364 2343 1609 2399 Christus
1657 2342 1799 2399 mori
1845 2350 1904 2397 ut

299 2432 495 2502 probat
524 2431 915 2487 consuetudine
964 2433 1210 2487 humanae
1242 2433 1401 2504 legis.

373 2521 542 2576 Vsus.
578 2524 666 2576 19.
689 2550 758 2561 —
776 2523 954 2577 Lana.
989 2522 1238 2577 Charitas
1260 2521 1458 2577 Christi
1477 2527 1559 2577 est
1575 2520 1735 2577 nobis
1755 2520 1898 2590 lana,

300 2610 369 2666 de
400 2625 507 2683 qua
534 2618 745 2667 vestem
775 2609 1055 2667 faciamus.

371 2708 541 2764 Vsus.
571 2711 662 2766 22.
702 2738 773 2749 -—
802 2710 873 2764 Et
903 2711 1027 2764 sine
1074 2710 1373 2781 sanguinis
1425 2708 1739 2780 effusione,
1792 2715 1898 2762 etc.

299 2797 429 2853 Haec
465 2797 844 2854 determinatio
888 2797 1015 2853 ideo
1059 2798 1370 2869 apponitur,
1400 2797 1528 2869 quia
1574 2812 1675 2867 per
1705 2811 1903 2867 aquam

299 2885 630 2957 aspersionis
660 2902 781 2958 quae
814 2885 979 2942 ﬁebat
1011 2887 1079 2941 de
1119 2886 1303 2942 cinere
1333 2885 1518 2942 vitulae
1546 2884 1701 2951 rufae,
1736 2883 1904 2939 ﬁebat

288 2974 552 3031 remissio
594 2983 944 3048 peccatorum
987 2962 1295 3047 aliquando,
1329 2974 1545 3047 quando
1584 2990 1696 3029 non
1725 2972 1903 3028 etfun-

302 3064 534 3120 debatur
562 3065 806 3137 sanguis,
842 3064 939 3119 sed
968 3071 1150 3119 tamen
1199 3062 1404 3120 eﬁ‘usus
1435 3073 1553 3120 erat
1581 3063 1635 3117 in
1664 3066 1907 3122 immola-

298 3152 446 3208 tione
474 3152 675 3209 vitulus.
711 3154 773 3207 In
801 3152 907 3206 illis
927 3159 1105 3207 autem
1138 3152 1416 3209 sacriﬁciis
1447 3157 1695 3226 quamvis
1725 3156 1904 3231 magis

301 3258 369 3297 ea
405 3256 670 3313 perverso
719 3241 923 3313 populo
965 3240 1163 3297 fuerint
1202 3252 1572 3314 congruenter
1620 3246 1895 3318 imposita,

306 3346 470 3403 quam
498 3330 616 3386 Deo
656 3329 989 3385 desideranti
1020 3330 1223 3402 oblata,
1257 3331 1435 3404 ﬁgura
1482 3340 1669 3391 tamen
1708 3335 1903 3392 verita-

301 3420 373 3475 tis
400 3419 615 3477 fuerunt
644 3436 765 3491 quae
791 3419 1039 3475 Christus
1069 3429 1170 3490 est,
1214 3422 1368 3490 cujus
1398 3424 1664 3497 sanguine
1684 3425 1902 3481 redem-

299 3507 378 3581 pti
408 3514 463 3564 et
490 3508 734 3564 mundati
763 3525 971 3577 sumus,
1006 3509 1130 3582 quia
1159 3517 1348 3567 nostra
1377 3514 1687 3570 emundatio
1718 3522 1772 3571 et
1798 3514 1901 3571 Dei

304 3596 615 3670 prOpitiatio
649 3598 809 3654 nobis
846 3598 965 3655 sine
996 3599 1258 3670 sanguine
1287 3599 1433 3656 nulla
1465 3609 1568 3657 est.

377 3688 547 3743 Vsus.
578 3690 744 3746 23.—
772 3689 902 3761 Ipsa
931 3693 1124 3745 autem
1152 3691 1421 3747 caelestia.
1447 3690 1708 3762 Christus,
1726 3692 1817 3764 qui
1844 3692 1902 3748 in

304 3776 628 3849 quibusdam
676 3776 1009 3849 signiﬁcatus
1056 3784 1159 3845 est,
1206 3795 1317 3835 non
1361 3779 1592 3852 indiguit
1629 3781 1897 3852 mundari,

304 3867 403 3923 sed
432 3882 624 3923 omnes
653 3867 736 3923 sui
765 3867 1049 3940 indigent;
1081 3876 1318 3925 attamen
1358 3868 1519 3940 signa
1547 3870 1663 3939 ejus
1694 3888 1817 3942 quae
1846 3870 1902 3925 in

303 3955 655 4012 tabernaculo
700 3972 861 4011 usum
905 3956 1318 4013 ministrationis
1360 3958 1732 4029 praestabant,
1769 3976 1902 4015 sau-

307 4044 472 4117 guine
500 4045 759 4099 mundata
799 4052 940 4099 sunt.

377 4158 551 4215 Vens.
572 4161 663 4217 25.
687 4187 757 4199 -
790 4159 974 4231 Neque
1001 4163 1069 4215 ut
1111 4176 1274 4233 saepe,
1305 4166 1411 4216 etc.
1444 4160 1720 4230 Probavit,
1755 4162 1903 4233 quod

308 4248 556 4305 Caristus
584 4264 685 4320 per
700 4247 936 4303 hostiam
956 4263 1108 4303 suam
1126 4248 1369 4303 ccelestia
1388 4249 1673 4305 mundavit
1694 4270 1707 4317 ;
1741 4252 1905 4307 modo

308 4338 505 4411 probat
551 4336 698 4410 quod
746 4336 1067 4392 melioribus
1114 4337 1305 4392 hostiis
1329 4378 1344 4407 ,
1377 4336 1433 4392 id
1462 4344 1576 4406 est,
1612 4338 1757 4411 quod
1789 4340 1905 4410 ejus

312 4427 488 4483 hostia
518 4426 620 4482 fuit
656 4426 879 4500 dignior
907 4433 961 4482 et
981 4425 1254 4483 efﬁcacior
1298 4426 1552 4482 omnibus
1580 4427 1699 4483 aliis
1730 4444 1744 4483 :
1779 4428 1909 4501 quia

1996 553 2321 610 necessitate
2351 563 2403 610 et
2423 555 2549 624 jure
2579 561 2788 611 naturae
2818 555 3056 626 amplius
3086 570 3198 613 non
3228 555 3479 623 moritur,
3512 555 3593 613 sic

1994 652 2047 699 et
2076 642 2324 698 Christus
2354 644 2550 699 eodem
2571 644 2695 713 jure
2725 643 2895 699 semel
2913 644 3132 700 oblatus
3147 661 3258 701 non
3274 652 3457 717 potest
3476 660 3595 700 am-

1992 731 2134 803 plius
2161 732 2323 789 mori.
2358 735 2493 789 Post
2513 733 2612 790 hoc
2643 737 2857 789 autem.
2883 734 3011 789 Post
3041 733 3210 789 semel
3232 734 3394 801 mori,
3419 742 3593 790 restat

1986 820 2269 890 judicium,
2303 821 2361 876 in
2402 837 2509 893 quo
2546 837 2739 877 omnes
2770 821 3037 894 accipiant
3097 822 3402 879 secundum
3448 822 3595 894 quod

1991 926 2345 987 meruerunt;
2378 934 2489 975 non
2540 927 2703 976 restat
2732 928 2915 976 autem
2942 928 3000 977 ut
3027 918 3225 977 iterum
3254 927 3507 995 surgant,
3539 927 3592 977 et

1993 1008 2172 1065 denuo
2200 1008 2521 1065 moriantur.

2064 1115 2237 1170 Vsus.
2280 1118 2371 1172 28.
2412 1145 2483 1156 —
2518 1115 2628 1172 Sne
2672 1119 2904 1188 peccato
2954 1115 3273 1189 apparebit.
3340 1116 3422 1172 Ita
3449 1116 3597 1188 quod

1994 1211 2121 1259 tunc
2152 1220 2262 1258 non
2292 1204 2396 1259 erit
2423 1204 2596 1260 hostia
2624 1220 2727 1276 pro
2775 1212 3019 1276 peccato,
3054 1204 3152 1259 sed
3174 1204 3384 1274 justitia
3414 1205 3470 1259 iu
3501 1221 3597 1261 re-

1992 1293 2350 1361 munerando,
2382 1292 2470 1349 vel
2510 1293 2840 1349 damnando.
2889 1292 3047 1362 Quod
3076 1292 3123 1348 si
3161 1308 3264 1349 nec
3290 1293 3347 1347 in
3377 1293 3468 1349 die
3499 1293 3597 1351 ira:

1994 1381 2169 1437 hostia
2212 1382 2315 1437 erit
2341 1424 2354 1448 ,
2405 1382 2576 1437 multo
2614 1381 2795 1437 minus
2824 1382 2881 1436 in
2926 1381 3046 1436 aliis
3092 1380 3446 1453 temporibus.
3497 1381 3599 1436 Vel

1993 1471 2119 1529 sine
2144 1474 2375 1543 peccato
2394 1513 2412 1537 ,
2446 1470 2504 1525 id
2532 1478 2618 1527 est
2645 1470 2994 1527 similitudine
3021 1469 3199 1526 carnis
3225 1469 3459 1543 peccati,
3497 1469 3599 1526 sed

1994 1567 2174 1639 potius
2201 1568 2259 1623 in
2287 1583 2449 1624 carne
2488 1568 2743 1641 gloriosa.

2558 1760 2783 1817 CAPUT
2838 1762 2891 1816 X
2902 1802 2917 1817 .

2072 1929 2241 1985 Vitas.
2277 1932 2327 1983 1.
2358 1958 2430 1968 —
2463 1928 2723 1985 Umbram
2760 1930 2934 1985 enim.
2967 1927 3225 1984 Probavit
3255 1928 3401 2001 quod
3432 1927 3599 1983 Chri-

2004 2024 2119 2074 stus
2156 2016 2319 2073 fuerit
2362 2015 2534 2073 semel
2576 2024 2859 2084 mortuus;
2891 2018 2989 2074 sed
3021 2033 3189 2089 quare
3208 2017 3237 2072 ?
3264 2017 3353 2073 vel
3385 2017 3603 2073 semel?

2003 2104 2141 2175 Quia
2169 2105 2256 2160 lex
2286 2122 2395 2162 non
2439 2114 2652 2177 poterat
2696 2105 2972 2177 perfectos
3017 2105 3219 2173 facere,
3253 2106 3377 2162 ideo
3425 2122 3605 2179 agnus

2004 2195 2120 2251 sine
2150 2196 2363 2251 macula
2391 2202 2511 2250 erat
2539 2194 2872 2252 offerendus.
2906 2197 3026 2252 Non
3056 2197 3238 2268 ipsam
3267 2196 3599 2267 imaginem.

2003 2285 2064 2340 ld
2094 2292 2176 2340 est
2205 2284 2506 2351 veritatem,
2543 2292 2598 2340 ut
2628 2284 2682 2338 in
2710 2284 2922 2356 pictura
2968 2299 3254 2356 usquequo
3282 2292 3451 2355 ponat
3478 2282 3603 2355 quis

2004 2373 2240 2444 colores,
2276 2374 2528 2444 qumdam
2568 2380 2651 2428 est
2700 2373 3007 2430 substratio.
3048 2373 3150 2428 Vel
3196 2372 3491 2428 substratio
3519 2382 3605 2428 est

2002 2462 2198 2517 umbra
2220 2462 2492 2533 quaedam,
2525 2470 2580 2517 et
2624 2476 2736 2517 non
2761 2462 2944 2534 imago
2969 2481 2982 2529 ;
3017 2478 3139 2518 cum
3156 2476 3289 2517 vero
3314 2461 3481 2516 ﬂores
3509 2460 3599 2533 ip-

2004 2566 2095 2606 sos
2124 2551 2245 2623 quis
2271 2551 2515 2606 colorum
2544 2549 2836 2617 intinxerit,
2862 2558 2990 2606 tunc
3014 2550 3195 2624 imago
3230 2547 3475 2606 efﬁcitur.
3498 2549 3603 2605 Ac-

2002 2639 2283 2696 cedentes.
2307 2639 2455 2695 Licet
2483 2637 2770 2711 pontiﬁces
2799 2656 2899 2710 per
2921 2639 3166 2712 singulos
3187 2654 3358 2694 annos
3397 2638 3454 2693 in
3484 2653 3602 2693 san-

2003 2734 2086 2784 cta
2117 2736 2424 2784 sanctorum
2454 2743 2576 2784 cum
2606 2728 2814 2783 eisdem
2834 2728 3025 2783 hostiis
3053 2726 3427 2783 indesinenter
3446 2725 3603 2783 oﬁ'er-

1997 2824 2133 2882 rent,
2171 2833 2448 2888 nunquam
2480 2825 2660 2871 tamen
2690 2816 2803 2872 suis
2832 2815 3037 2871 hostiis
3068 2824 3357 2887 potuerunt
3379 2813 3589 2886 perﬁci.

2074 2906 2245 2961 Vsus.
2268 2909 2323 2963 2.
2346 2935 2416 2945 —
2442 2906 2695 2963 Cultores
2740 2906 2932 2971 semel,
2972 2912 3076 2961 etc.
3102 2906 3221 2961 Una
3251 2904 3425 2959 hostia
3447 2902 3605 2958 Chri-

2005 2993 2073 3048 sti
2091 2992 2365 3065 perfectos
2396 2993 2550 3060 facit;
2584 2976 2638 3048 et
2665 2993 2906 3055 simillia
2950 3000 3180 3065 peccant
3207 3008 3316 3048 non
3354 2992 3603 3066 indigent

2005 3082 2130 3149 alia,
2165 3082 2287 3154 quia
2318 3081 2511 3138 sufﬁcit
2539 3083 2609 3138 ad
2637 3082 2840 3150 omnia,
2883 3090 2937 3137 et
2964 3098 3182 3138 omnem
3212 3081 3604 3138 conscientiam

1924 3197 1973 3260 α
2004 3188 2036 3227 a
2065 3172 2307 3244 peccatis
2336 3171 2481 3227 lavat
2505 3191 2518 3238 ;
2553 3171 2699 3243 quod
2718 3186 2827 3226 non
2857 3178 3033 3238 vetus,
3068 3170 3115 3225 si
3145 3170 3289 3260 enim
3317 3170 3424 3227 hoc
3452 3169 3602 3260 facef

2003 3268 2105 3330 ret,
2138 3277 2249 3316 non
2276 3268 2423 3317 esset
2452 3276 2591 3332 opus
2636 3260 2847 3316 iterari.
2882 3260 3032 3316 Sicut
3051 3259 3508 3315 medicamentum
3557 3259 3625 3315 si-

2003 3349 2166 3405 {uerit
2185 3349 2347 3418 forte,
2381 3357 2435 3405 et
2465 3349 2652 3404 salutis
2680 3348 2891 3415 efﬁcax,
2926 3356 2980 3404 et
3024 3348 3216 3405 valens
3237 3355 3485 3405 cunctam
3513 3362 3604 3404 va-

2002 3438 2305 3495 letudinem
2332 3437 2617 3510 repellere,
2647 3438 2819 3493 semel
2848 3436 3181 3510 impositum,
3215 3444 3386 3492 totum
3406 3438 3604 3508 opera-

2002 3534 2119 3595 tur;
2162 3527 2207 3583 si
2255 3542 2387 3584 vero
2435 3543 2651 3598 semper
2678 3525 3008 3597 imponitur,
3059 3524 3411 3582 manifestum
3456 3524 3606 3580 indi-

2004 3616 2149 3672 cium
2180 3624 2263 3671 est
2291 3631 2401 3672 non
2445 3614 2738 3672 contulisse
2767 3615 3036 3683 salutem;
3077 3614 3309 3687 ideoque
3340 3613 3471 3686 quia
3496 3612 3608 3669 illis

1980 3704 2287 3783 sacriﬁciis
2317 3719 2478 3760 nemo
2517 3704 2825 3773 curabatur,
2877 3702 3190 3775 frequenter
3217 3701 3604 3759 offerebantur.

2075 3794 2245 3851 Vnus.
2269 3796 2322 3849 3.
2346 3822 2417 3835 -
2440 3794 2924 3860 Commemoratio,
2948 3808 3060 3847 non
3089 3791 3361 3847 absolutio
3386 3810 3401 3859 ;
3452 3789 3606 3848 inﬁr-

2003 3882 2210 3939 mitatis
2250 3897 2386 3954 ergo
2436 3882 2853 3950 ostendendam,
2887 3888 2941 3937 et
2966 3888 3022 3936 ut
3050 3879 3311 3937 memoria
3336 3887 3600 3951 peccato-

2014 3988 2136 4028 rum
2165 3971 2328 4037 ﬁerit,
2366 3971 2656 4042 imperavit
2683 3972 2832 4027 Deus
2863 3970 2955 4026 illa
3002 3985 3223 4041 semper
3252 3968 3463 4025 offerri.

2076 4062 2247 4117 Vsus.
2280 4063 2333 4116 5.
2365 4090 2436 4101 —
2462 4061 2726 4117 Noluisti.
2750 4062 2797 4116 Α
2826 4067 3068 4131 tempore
3096 4057 3386 4130 passionis,
3419 4059 3477 4114 in
3495 4073 3602 4130 quo

2006 4157 2090 4207 est
2117 4148 2513 4207 consummatio
2543 4149 2788 4204 omnium
2826 4147 3148 4217 hostiarum,
3198 4155 3483 4219 coeperunt
3512 4147 3602 4202 illa

2005 4238 2312 4310 displicere.
2366 4239 2677 4309 Namquam
2727 4252 2794 4295 ea
2852 4244 2982 4293 ante
3029 4235 3323 4303 destruxit,
3358 4237 3459 4292 sed
3496 4235 3601 4291 illis

2007 4328 2254 4384 subditus
2281 4325 2399 4393 fuit,
2432 4327 2562 4381 dum
2590 4326 2648 4381 in
2675 4326 2878 4397 templo
2925 4341 3047 4391 cum
3075 4324 3271 4381 hostiis
3297 4331 3599 4396 praesenta-

2006 4424 2094 4472 tus
2141 4416 2260 4472 fuit.
2302 4416 2510 4488 Corpus
2555 4420 2751 4472 autem
2791 4416 3009 4488 optasti
3050 4414 3197 4471 mihi
3241 4413 3440 4469 Ablata
3477 4420 3601 4469 sunt

307 4515 417 4572 illm
459 4531 605 4587 saepe
647 4516 851 4572 iteratae
897 4515 1015 4571 sine
1058 4515 1556 4584 consummatione,
1588 4517 1705 4574 hac
1734 4517 1904 4575 semel
1931 4560 1982 4587 η
2007 4505 2184 4579 Signa:
2219 4505 2346 4578 (Ιυίθι
2389 4504 2626 4560 “hibita
2665 4512 2751 4560 θεῖ
2777 4504 2997 4569 Verius:
3030 4510 3157 4559 ωηο
3178 4510 3393 4574 temptis
3420 4501 3520 4558 Ῑιιίῑ
3546 4510 3603 4558 ιιι

309 4604 491 4661 oblata
516 4602 585 4659 ad
612 4604 845 4675 patriam
890 4604 1121 4662 reducit.

385 4736 554 4792 Vsus.
586 4738 677 4795 26.
699 4737 1090 4811 —Alioquin,
1123 4744 1226 4795 etc.
1260 4736 1318 4793 Si
1350 4737 1521 4794 semel
1550 4737 1766 4794 oblatus
1795 4752 1906 4795 non

312 4824 584 4882 suﬁiceret
614 4825 855 4882 omnium
882 4826 937 4881 in
966 4842 1027 4882 se
1070 4826 1407 4883 credentium
1451 4834 1677 4899 peccata
1704 4828 1908 4883 exhau-

312 4915 442 4983 rire,
474 4914 803 4986 oportuisset
829 4931 953 4970 eum
982 4915 1097 4987 pati
1126 4916 1325 4987 saepius
1352 4915 1425 4972 ab
1444 4915 1657 4989 origine
1676 4916 1903 4983 mundi;

314 5004 479 5077 quod,
510 5019 580 5059 ne
608 5001 782 5071 ﬁeret,
818 5003 990 5059 semel
1009 5018 1207 5075 passus
1235 5012 1319 5061 est
1356 5004 1411 5059 in
1440 5005 1909 5061 consummatione

322 5090 672 5147 saeculorum.
706 5092 773 5147 In
817 5094 1327 5149 consummatione.
1388 5093 1447 5149 Id
1488 5100 1604 5162 est,
1636 5094 1692 5149 in
1721 5092 1910 5149 ultima

315 5186 472 5236 aetate
499 5178 555 5233 in
588 5194 696 5251 qua
714 5187 838 5234 sunt
867 5180 1048 5236 omnia
1081 5179 1372 5253 adimpleta
1401 5197 1524 5254 quas
1561 5191 1684 5238 ante
1712 5182 1910 5255 imper-

315 5266 475 5335 fecta,
508 5275 563 5322 et
580 5267 707 5323 ideo
739 5283 850 5324 non
878 5284 1018 5341 opus
1048 5267 1165 5340 fuit,
1196 5276 1253 5325 ut
1281 5269 1542 5343 inciperet
1570 5270 1679 5343 pati
1708 5271 1779 5327 ab
1808 5270 1911 5328 ori-

322 5356 453 5431 gine
481 5355 697 5412 mundi.

386 5481 559 5538 Vnus.
588 5481 680 5539 27.
702 5509 773 5522 —
791 5482 864 5538 Et
891 5480 1383 5555 quemadmodum.
1431 5482 1540 5539 Lex
1570 5481 1832 5539 naturalis
1856 5479 1913 5538 id

317 5569 571 5638 ostendit,
606 5567 753 5642 quod
795 5585 893 5641 per
935 5568 1325 5626 inconveniens
1370 5572 1653 5642 probatum
1685 5579 1786 5627 est.
1810 5572 1913 5628 Se-

317 5661 432 5717 mel
461 5661 626 5717 mori.
656 5659 781 5715 Non
803 5666 884 5715 est
904 5658 1319 5732 intelligendum
1340 5661 1486 5733 quod
1509 5660 1687 5732 aliqua
1707 5660 1915 5732 peccati

320 5746 438 5819 sui,
469 5747 793 5807 necessitate
841 5748 1084 5807 Christus
1130 5747 1345 5807 oblatus
1389 5748 1490 5819 sit,
1534 5748 1692 5807 etiam
1721 5748 1910 5819 semel,

1930 4560 1983 4621 D
2004 4560 2098 4650 illa
2127 4560 2489 4661 auferrentur,
2524 4601 2578 4650 et
2606 4592 2809 4649 veritas
2838 4591 3064 4648 veniret.
3114 4592 3232 4647 Nec
3263 4607 3505 4663 unquam
3549 4590 3604 4645 in

2005 4683 2268 4740 odoribus
2313 4683 2421 4739 illis
2458 4681 2758 4738 delectatus
2802 4688 2888 4737 est
2932 4678 3215 4745 Dominus,
3241 4678 3348 4735 nisi
3386 4680 3443 4735 in
3471 4678 3598 4746 ﬁde,

2007 4780 2061 4828 et
2108 4772 2385 4828 desiderio
2428 4770 2727 4828 offerentis.
2771 4769 3037 4841 Praecepit
3101 4775 3282 4824 tamen
3336 4769 3456 4824 haec
3499 4765 3603 4822 sibi

2013 4867 2223 4939 oﬂ‘erri,
2255 4869 2435 4940 potius
2466 4884 2631 4941 quam
2658 4866 2989 4923 offerrentur
3016 4865 3211 4934 idolis;
3243 4865 3605 4937 imposuitque

2017 4957 2074 5012 in
2104 4957 2452 5027 servitutem,
2489 4972 2600 5013 non
2641 4956 2697 5011 in
2736 4952 3177 5025 justiﬁcationem
3202 4996 3217 5023 ,
3247 4961 3303 5010 et
3326 4960 3387 5009 ut
3428 4951 3606 5025 ﬁgura

2009 5054 2193 5102 essent
2243 5044 2430 5102 futuri.
3556 5103 3563 5108 _

2079 5134 2249 5191 Vsus.
2284 5138 2336 5188 6.
2367 5164 2437 5177 —
2461 5135 2581 5192 Non
2614 5134 2978 5207 placuerunt.
3012 5132 3075 5186 In
3104 5129 3299 5204 ﬁguris
3327 5129 3437 5185 illis
3464 5128 3604 5186 veri-

2007 5230 2091 5279 tas
2147 5223 2633 5294 praenuntiabatur.
2675 5221 2962 5278 Celebrant
3007 5218 3237 5293 ﬁguras,
3272 5218 3463 5290 ﬁgura
3490 5233 3603 5273 rem

2008 5311 2165 5366 multi
2191 5311 2429 5367 scientes
2450 5352 2466 5382 ,
2500 5310 2598 5366 sed
2641 5310 2828 5383 plures
2865 5310 3181 5383 ignorantes
3222 5323 3351 5380 qua:
3386 5320 3604 5364 cessare

2011 5395 2211 5451 debent
2256 5410 2314 5450 re
2356 5393 2610 5450 exhibita.
2827 5409 2844 5423 ε

2082 5483 2253 5540 Vnus.
2286 5485 2338 5537 ’7.
2371 5512 2441 5524 —
2475 5484 2644 5539 Tunc.
2678 5479 2907 5550 Quando
2937 5478 3047 5536 vidi
3075 5476 3257 5534 omnia
3285 5475 3377 5548 illa
3419 5474 3606 5547 displi-

2013 5587 2159 5638 cere,
2190 5580 2244 5628 et
2272 5587 2474 5645 corpus
2502 5570 2761 5626 idoneum
2790 5570 2862 5625 ad
2889 5569 2996 5624 hoc
3025 5566 3157 5622 mihi
3186 5566 3391 5621 datum.
3431 5565 3601 5621 Dici:

2012 5663 2151 5717 Ecce
2177 5662 2355 5731 venio,
2390 5660 2463 5716 ad
2490 5676 2578 5715 me
2627 5656 2965 5714 oﬁ'erendum
2986 5697 3001 5728 ,
3036 5663 3094 5711 ut
3123 5654 3321 5712 faciam
3356 5661 3412 5709 et
3449 5667 3604 5711 com-

2011 5748 2193 5822 pleam
2220 5750 2551 5810 voluntatem
2579 5756 2745 5820 tuam,
2768 5746 2894 5821 quia
2920 5753 2978 5802 tu
3006 5760 3068 5803 es
3085 5758 3245 5803 meus
3276 5744 3445 5802 Deus.
3478 5741 3606 5800 Ideo
