3968 6176
3576 250 3682 304 664

390 254 492 306 663
878 250 1283 307 WALAFRIDI
1313 249 1555 304 STRABI
1585 249 1783 304 FULD.
1817 244 1989 301 MON.
2021 243 2172 301 OPP.
2201 244 2404 301 PARIS
2430 245 2471 299 Ι.
2505 274 2574 285 -—
2600 244 3075 302 THEOLOGICA.

452 377 623 433 Vnus.
650 378 737 432 31.
774 406 842 417 -
868 376 1361 433 Romomoramini.
1400 374 1596 428 Invitat
1628 389 1723 426 eos
1753 390 1851 443 per
1883 388 1979 427 an-
2000 370 2057 431 A
2084 378 2192 423 tem
2214 378 2491 425 senectute
2512 378 2873 437 marcuerunt,
2907 388 3007 426 nec
3024 379 3223 441 tamen,
3257 380 3385 439 etc.,
3418 372 3684 446 usquead

388 465 607 521 tefacta.

460 554 716 626 (CIIRYS.)
750 555 897 610 Sicut
931 553 1115 625 Optimi
1164 552 1499 606 medicorum
1545 568 1668 606 cum
1724 552 1859 608 alios
1892 570 1984 606 se-

387 644 584 711 curint,
611 653 738 707 etc.,
769 660 940 715 usque
957 643 1028 697 ad
1057 649 1114 695 ut
1141 649 1321 695 autem
1350 656 1451 695 nos
1483 640 1731 695 incidatis
1761 641 1815 694 in
1862 657 1983 697 ma-

391 748 496 789 nus
524 733 642 799 Dei,
679 732 1159 799 rememoramini,
1195 738 1303 786 etc.

456 822 756 889 Pristinos,
782 828 885 875 etc.
912 821 967 875 Si
998 821 1162 874 rudes
1185 820 1582 886 sustinuerunt,
1615 826 1770 889 turpe
1814 826 1895 873 est
1939 817 1986 873 si

385 910 549 966 modo
592 908 867 963 deﬁciunt.
904 911 1165 980 Magnum
1199 914 1508 977 certamen,
1532 918 1643 963 etc.
1697 908 1983 962 Passiones

383 1005 539 1053 erant
565 998 663 1065 eis,
697 1006 807 1051 tum
838 1014 901 1052 ex
933 998 1170 1069 propriis
1196 998 1495 1062 doloribus,
1531 1005 1640 1051 tum
1692 1013 1757 1051 ex
1787 997 1984 1051 dolori-

385 1087 488 1142 bus
517 1087 769 1154 aliorum,
802 1088 998 1158 quibus
1030 1088 1517 1157 compatiebantur.

453 1192 625 1248 VERS.
647 1197 733 1247 33.
758 1224 828 1232 —
848 1196 916 1248 Et
930 1196 992 1248 in
1022 1196 1202 1249 altero
1224 1195 1467 1265 quidem,
1490 1202 1595 1247 etc.
1623 1191 1792 1259 Quasi
1818 1194 1981 1246 :Cer-

379 1290 563 1337 tamen
582 1282 897 1353 passionum
931 1283 1227 1350 sustinetis,
1264 1290 1315 1336 et
1349 1283 1405 1335 in
1435 1282 1672 1352 propriis
1702 1281 1981 1352 passioni-

380 1370 501 1439 bus,
538 1378 590 1427 et
619 1372 674 1425 in
704 1373 1172 1442 compassionibus
1208 1372 1461 1440 aliorum,
1498 1379 1548 1424 et
1578 1373 1662 1425 har
1699 1380 1821 1423 sunt
1859 1372 1981 1425 duae

376 1469 565 1531 partes
594 1462 913 1515 certantium
943 1470 1129 1515 contra
1160 1478 1257 1515 nos
1300 1461 1634 1531 passionum.
1674 1462 1980 1531 Spectacu-

390 1551 529 1605 lum.
566 1550 745 1604 Grave
776 1559 861 1603 est
883 1551 1258 1620 opprobrium,
1311 1550 1531 1622 gravius
1561 1557 1642 1603 est
1671 1565 1794 1604 cum
1817 1565 1980 1618 spec-

382 1638 621 1693 taculum
649 1638 960 1693 hominibus
990 1638 1045 1692 ﬁt
1075 1649 1129 1693 et
1170 1656 1279 1693 non
1329 1646 1542 1693 secreto
1600 1639 1976 1707 eXprobratur.

2084 460 2399 529 priusquam
2431 467 2651 529 propter
2695 468 2979 529 peccatum
3027 460 3151 514 inde
3195 462 3341 516 exire
3370 460 3682 515 meruisset.

2156 549 2322 603 Vsus.
2356 551 2410 603 6.
2440 579 2510 587 —
2543 549 2681 615 Quia
2702 550 2957 604 est.Esse
2988 551 3210 621 proprie
3240 552 3356 606 Deo
3384 549 3681 606 convenit:

2083 635 2207 708 quia
2238 636 2645 691 immutabiliter
2674 644 2775 691 est.

2156 726 2323 780 Vens.
2347 727 2399 780 7.
2432 755 2503 767 —-
2521 726 2652 781 Fide
2676 727 2805 793 Noe,
2825 734 2930 782 etc.
2956 728 3026 782 Et
3044 728 3315 799 justitiaz,
3351 735 3457 783 etc.
3482 727 3544 782 Id
3572 734 3679 793 est,

2083 814 2179 869 fuit
2202 815 2379 883 justus
2407 831 2473 868 ex
2505 813 2630 879 ﬁde,
2667 815 2803 870 sicut
2833 824 3015 886 patres
3054 818 3157 885 sui,
3195 818 3300 872 nisi
3330 817 3475 873 enim
3500 817 3685 885 justus

2084 911 2250 972 esset,
2275 904 2378 959 hoc
2399 904 2447 959 ei
2464 905 2610 958 Deus
2640 920 2750 959 non
2778 905 3150 976 praecepisset.

2156 993 2324 1046 Vnus.
2347 998 2396 1047 8.
2421 1022 2491 1033 —-
2509 994 2641 1047 Fide
2662 996 2758 1066 qui
2774 996 2927 1049 vivit.
2952 995 3051 1049 Hic
3063 995 3132 1049 ad
3154 1002 3333 1065 patres
3361 995 3683 1051 Iudaeorum

2083 1081 2366 1135 descendit
2396 1090 2449 1135 et
2495 1083 2732 1136 ostendit
2760 1082 2814 1137 in
2846 1082 2945 1153 eis,
2978 1083 3117 1139 sicut
3146 1084 3200 1137 in
3227 1084 3524 1154 prioribus,
3555 1100 3686 1138 om-

2083 1186 2207 1224 nem
2254 1171 2517 1238 justitiam
2566 1188 2631 1225 ex
2679 1171 2785 1226 ﬁde
2822 1172 3081 1227 habuisse
3128 1173 3415 1245 originem.
3474 1173 3543 1226 Et
3574 1187 3686 1243 po-

2082 1258 2161 1311 nit
2190 1260 2496 1329 exemplum
2545 1260 2613 1313 de
2650 1260 2944 1315 Abraham.
2982 1262 3245 1326 Obedivit,
3295 1263 3413 1316 Deo
3470 1261 3685 1316 dicenti

2085 1347 2223 1400 sibi:
2249 1369 2270 1397 α
2306 1349 2406 1401 Exi
2423 1349 2491 1402 de
2511 1357 2654 1402 terra
2675 1357 2785 1414 tua,
2810 1357 2862 1403 et
2893 1350 2961 1403 de
2992 1350 3313 1422 cognatione
3352 1358 3460 1404 tua.
3500 1370 3522 1398 ι
3558 1351 3679 1404 Hoc

2075 1436 2191 1504 jam
2221 1436 2443 1491 fecerat.
2494 1438 2609 1491 Iloc
2659 1435 2800 1491 enim
2830 1438 3033 1493 dictum
3081 1440 3297 1507 estjam
3344 1453 3575 1511 egresso
3605 1439 3682 1493 de

2081 1532 2227 1579 terra
2259 1526 2652 1595 Chaldaxorum,
2704 1535 2753 1581 et
2803 1527 2913 1595 jam
2945 1528 3234 1581 constituto
3280 1528 3337 1581 in
3364 1528 3690 1597 MeSOpota-

2078 1613 2203 1667 mia.
2241 1616 2362 1667 Non
2396 1631 2527 1686 ergo
2551 1615 2815 1669 Dominus
2847 1631 3067 1686 corpus,
3091 1615 3187 1670 sed
3217 1616 3456 1669 animum
3475 1632 3505 1669 a
3538 1624 3690 1670 terra

452 1727 623 1782 Vnus.
658 1731 746 1782 38.
766 1758 835 1768 —
874 1729 1031 1783 Vivit.
1065 1728 1423 1797 (AUG.)Justi,
1449 1727 1600 1795 recti,
1636 1703 1901 1781 essultate
1924 1727 1978 1781 in
2011 1736 2063 1795 Β
2083 1719 2179 1797 δυὲ
2209 1703 2423 1797 avertit}
2460 1720 2539 1797 “°_
2560 1704 2942 1797 νθῙίξΓθνθῖξίί·
2974 1705 3098 1797 Νοξ¹
3125 1705 3291 1797 69??
3311 1704 3513 1759 θκίθτδί
3542 1705 3690 1797 μία-δε

382 1815 636 1880 Domino,
663 1816 793 1887 quia
821 1832 919 1871 vos
950 1818 1126 1883 decet,
1160 1824 1289 1885 etc.,
1342 1834 1512 1889 usque
1544 1817 1614 1871 ad
1642 1823 1697 1871 et
1728 1817 1982 1871 deficien-

381 1912 491 1961 tem
525 1905 788 1970 sublevat,
814 1912 867 1959 et
896 1906 1201 1961 vincentem
1233 1914 1479 1961 coronat.

452 2022 623 2077 Vnus.
649 2025 737 2076 39.
770 2052 838 2061 —
870 2023 975 2077 Nos
1015 2026 1225 2089 autem,
1263 2030 1366 2077 etc.
1403 2023 1461 2076 Id
1493 2030 1594 2083 est.
1627 2038 1737 2077 non
1796 2040 1984 2078 sumus

390 2109 487 2166 ﬁlii
505 2126 866 2182 paganorum,
901 2110 999 2167 sed
1037 2112 1426 2183 prophetarum
1457 2110 1716 2166 ﬁdelium.

1010 2274 1235 2330 CAPUT
1258 2274 1356 2328 XI.

448 2407 620 2467 VERS.
657 2412 707 2463 1.
742 2409 931 2463 -Εει
962 2413 1155 2464 autem
1184 2408 1339 2476 ﬁdes.
1375 2406 1474 2463 IIic
1503 2413 1583 2461 est
1612 2405 1730 2460 laus
1750 2412 1801 2461 et
1834 2420 1983 2461 com-

380 2498 657 2553 mendatio
707 2495 853 2561 ﬁdei,
897 2498 1053 2567 cujus
1109 2497 1533 2567 descriptionem
1579 2497 1750 2567 ponit.
1786 2497 1846 2549 In
1876 2512 1981 2567 qua

378 2586 481 2641 tria
512 2594 679 2653 notat,
714 2586 951 2642 scilicet:
977 2586 1105 2656 quid
1127 2585 1318 2641 efﬁciat
1348 2586 1401 2639 in
1420 2586 1597 2650 nobis,
1623 2586 1768 2657 quod
1790 2584 1983 2637 fonda-

380 2682 623 2730 mentum
654 2682 736 2729 est
766 2675 1009 2729 omnium
1060 2675 1347 2741 bonorum,
1374 2681 1425 2727 et
1458 2674 1601 2744 quod
1656 2682 1709 2727 et
1766 2673 1834 2727 de
1872 2688 1981 2727 non

380 2764 766 2835 apparentibus
799 2772 899 2818 est.
934 2765 1013 2818 De
1044 2778 1152 2834 qua
1209 2762 1264 2815 in
1321 2762 1564 2831 Epistola
1593 2762 1660 2815 ad
1709 2762 1985 2815 Romanos

380 2853 596 2924 plenius
624 2852 829 2907 dictum
869 2860 952 2907 est
984 2869 997 2905 :
1033 2853 1189 2906 Fides
1223 2855 1306 2906 est
1324 2852 1645 2905 substantia
1675 2850 1982 2921 speranda-

382 2959 512 2997 rum
536 2958 748 3007 rerum,
769 2940 824 2994 id
846 2948 946 3009 est,
981 2956 1145 2995 causa
1195 2956 1316 3010 qua:
1348 2956 1439 2992 res
1471 2939 1773 3009 sperandas
1821 2938 1982 2993 faciet

384 3030 705 3101 quandoque
728 3029 1026 3083 subsistere
1057 3029 1111 3082 in
1144 3028 1330 3094 nobis;
1356 3028 1501 3098 quod
1532 3035 1613 3081 est
1644 3028 1827 3081 dicere
1853 3045 1866 3081 :
1898 3026 1981 3080 fa-

2081 1792 2281 1857 animo,
2316 1793 2413 1845 sed
2448 1792 2709 1846 redeundi
2739 1794 3027 1847 tenebatur
3056 1792 3360 1859 desiderio;
3411 1793 3560 1863 quod
3588 1793 3692 1847 de-

2087 1880 2345 1935 siderium
2388 1881 2503 1935 Deo
2542 1880 2766 1949 jubente
2809 1897 2874 1937 ac
2898 1881 3141 1949 juvante,
3174 1890 3226 1937 et
3253 1881 3346 1937 illo
3394 1881 3690 1937 obediente

2084 1970 2260 2024 fuerat
2293 1971 2701 2040 amputandum.

2158 2086 2327 2139 Vnus.
2364 2088 2448 2138 11.
2483 2115 2552 2124 -
2588 2084 2861 2153 Quoniam
2880 2084 3125 2153 ﬁdelem.
3157 2084 3315 2138 Prius
3332 2084 3471 2151 risit,
3491 2084 3593 2139 etsi
3614 2101 3682 2139 ex

2086 2174 2306 2246 gaudio,
2341 2189 2449 2227 non
2481 2181 2663 2227 tamen
2692 2173 2851 2242 plena
2882 2171 2987 2229 ﬁde
3021 2190 3034 2226 :
3068 2173 3165 2227 sed
3194 2181 3336 2243 post,
3379 2173 3566 2228 verbis
3594 2190 3692 2227 an-

2085 2263 2216 2334 geli,
2250 2263 2305 2315 in
2361 2261 2466 2316 ﬁde
2518 2262 2747 2316 solidata
2802 2270 2903 2315 est.
2952 2261 3166 2317 Riserat
3196 2263 3357 2316 etiam
3387 2263 3687 2329 Abraham,

2086 2352 2305 2422 quando
2335 2351 2385 2405 ei
2412 2350 2715 2421 promissus
2734 2359 2816 2404 est
2845 2349 3008 2416 filius,
3039 2350 3135 2405 sed
3164 2351 3302 2404 risus
3321 2351 3413 2405 ille
3444 2351 3683 2405 admira-

2086 2440 2247 2495 tionis
2275 2439 2373 2493 fuit
2403 2448 2455 2493 et
2488 2439 2693 2511 gaudii,
2727 2455 2835 2494 non
2868 2439 3238 2494 dubitationis.

2157 2559 2326 2613 Vnus.
2366 2560 2448 2615 12.
2481 2587 2551 2596 —
2581 2558 2657 2611 Ab
2688 2574 2820 2613 uno.
2853 2557 3039 2622 Utcro,
3072 2556 3159 2611 vel
3190 2556 3465 2610 Abraham
3497 2571 3687 2611 emor-

2088 2655 2198 2701 tuo.
2222 2647 2544 2701 Emortuum
2576 2646 2705 2701 dicit
2740 2645 2807 2700 ad
2850 2662 2988 2716 opus
3020 2644 3361 2715 concipiendi
3392 2644 3544 2699 Sara:
3572 2653 3686 2699 ute-

2087 2753 2227 2799 rum,
2260 2744 2521 2806 quantum
2541 2735 2609 2789 ad
2638 2734 2814 2789 virum
2845 2734 3155 2799 seniorem;
3187 2733 3275 2787 vel
3319 2732 3451 2789 dicit
3508 2733 3692 2805 ipsum

2088 2825 2359 2879 Abraham
2402 2825 2473 2878 ad
2521 2839 2659 2893 Opus
2702 2822 3005 2896 generandi
3053 2830 3378 2891 emortuum,
3423 2829 3691 2893 quantum

2089 2913 2295 2968 scilicet
2327 2914 2396 2966 ad
2430 2912 2702 2967 seniorem
2731 2912 3005 2966 feminam.
3032 2913 3317 2984 Tanquam
3339 2910 3550 2966 sidera.
3573 2912 3693 2967 Hoc

2089 3002 2220 3057 dicit
2251 3010 2512 3073 quantum
2542 3001 2612 3055 ad
2644 3001 2835 3067 bonos,
2870 3001 2923 3055 id
2956 3008 3038 3055 est
3069 3000 3160 3072 qui
3194 3000 3317 3056 luce
3347 2999 3609 3055 virtutum
3639 3009 3694 3055 et

382 3090 489 3173 dict
510 3090 889 3188 nosconsequi
906 3117 1085 3170 futura
1106 3117 1265 3170 bona.
1290 3090 1596 3185 Etproprie
1627 3115 1824 3170 dicitur
1846 3115 1981 3170 ﬁdes
2004 3095 2053 3157 Ο
2084 3091 2423 3188 Tulliffﬂlinc
2455 3090 3155 3188 θοῖηβθτθξῙωΓ-δίάθῆδυδξ
3189 3091 3435 3188 Iit-5’20“?
3477 3106 3688 3188 ,αξ

385 3207 725 3270 substantia,
758 3205 885 3276 quia
906 3196 1432 3274 sperandissubstat,
1460 3203 1649 3259 etfacit
1678 3220 1743 3258 ea
1773 3221 1895 3259 esse
1926 3205 1980 3258 in

377 3293 731 3350 credentibus
761 3292 815 3346 in
829 3293 933 3348 alia
954 3294 1080 3347 vita.
1113 3294 1179 3346 Et
1198 3302 1280 3347 est
1308 3292 1717 3347 fundamentum
1738 3293 1983 3348 omnium

384 3383 656 3437 bonorum
684 3382 830 3454 quod
860 3398 1021 3436 nemo
1050 3390 1262 3435 mutare
1292 3390 1489 3451 potest,
1512 3391 1564 3436 et
1586 3382 1700 3436 sine
1733 3399 1840 3453 quo
1872 3400 1983 3437 non

390 3478 471 3526 est
499 3471 644 3525 bona
661 3469 978 3537 aediﬁcatio;
1014 3472 1119 3535 vel,
1150 3471 1420 3541 speranda
1453 3472 1566 3539 jam
1598 3470 1729 3525 facit
1760 3488 1881 3525 esse
1927 3472 1983 3524 in

390 3560 554 3615 corde
571 3560 861 3615 credentis.
886 3560 1320 3631 Argumentum,
1336 3559 1387 3613 id
1410 3568 1492 3613 est
1512 3560 1779 3613 certitudo
1798 3576 1983 3614 rerum

391 3665 513 3720 quae
542 3663 650 3703 non
680 3656 964 3718 apparent,
1000 3648 1108 3701 etsi
1131 3648 1251 3719 quis
1280 3648 1348 3701 de
1370 3664 1435 3701 ea
1466 3649 1693 3713 dubitet,
1714 3648 1980 3718 probatio,

389 3736 481 3792 ubi
510 3736 685 3792 adhuc
705 3738 965 3807 probatur
995 3735 1173 3791 futura
1202 3737 1531 3791 resurrectio
1557 3757 1570 3803 ;
1609 3738 1731 3808 quia
1760 3738 1834 3791 ita
1866 3753 1987 3791 cre-

386 3825 641 3881 diderunt
660 3826 1000 3897 patriarchae,
1043 3826 1295 3895 apostoli,
1354 3826 1445 3879 alii
1478 3826 1668 3880 sancti.
1722 3826 1881 3881 Fides
1904 3833 1987 3880 est

388 3931 554 3970 causa
584 3916 1000 3985 sperandorum,
1036 3915 1164 3985 quia
1203 3930 1363 3969 causa
1386 3914 1609 3982 justitiae
1667 3930 1766 3984 per
1822 3930 1987 3985 quam

395 4011 520 4058 sunt
550 4004 839 4073 speranda.
873 4004 939 4056 Et
970 4004 1072 4057 hoc
1104 4010 1185 4057 est
1205 4019 1219 4057 :
1239 4004 1302 4057 In
1317 4004 1419 4057 hac
1444 4004 1854 4067 testimonium,
1874 4003 1989 4071 jus-

391 4091 541 4159 titiaa,
563 4092 708 4161 quod
730 4099 951 4161 propter
973 4091 1134 4145 ﬁdem
1152 4092 1300 4144 Deus
1330 4099 1558 4145 testatus
1589 4099 1672 4145 est
1696 4094 1874 4159 justos
1894 4108 1988 4146 eos

394 4194 537 4235 esse.
562 4180 771 4234 Senes:
806 4180 921 4234 Hoc
941 4179 1091 4248 dicit,
1125 4195 1234 4233 non
1284 4179 1430 4250 quod
1472 4186 1628 4234 aetate
1674 4196 1854 4244 senes,
1888 4180 1987 4234 sed

393 4276 769 4323 antecessores
807 4269 1020 4333 horum,
1070 4275 1123 4322 et
1152 4267 1229 4323 sic
1260 4275 1474 4323 constat
1509 4267 1675 4321 ﬁdem
1703 4283 1811 4323 non
1868 4284 1991 4323 esse

391 4371 611 4426 novam,
645 4356 741 4411 sed
772 4356 1083 4423 tenendam,
1117 4370 1243 4412 cum
1275 4356 1480 4427 antiqui
1529 4372 1650 4410 eam
1700 4357 1986 4411 tenuerint.

2083 3181 2198 3235 Hoc
2218 3179 2347 3234 dicit
2380 3187 2635 3250 quantum
2664 3179 2731 3233 ad
2764 3179 2955 3244 malos,
2985 3179 3041 3233 id
3071 3186 3153 3233 est
3190 3177 3283 3249 qui
3331 3176 3691 3232 instabilitate

2084 3276 2136 3322 et
2164 3283 2390 3323 numero
2421 3277 2806 3338 comparantur
2833 3284 3031 3322 arena).
3067 3268 3214 3321 Mare
3244 3275 3328 3320 est
3356 3266 3474 3336 ipsa
3496 3266 3684 3338 genti-

2081 3357 2238 3410 litas:
2272 3372 2387 3421 ora,
2421 3356 2556 3411 ritus
2590 3346 2706 3426 ejus
2740 3375 2755 3423 ;
2788 3356 2875 3412 cui
2892 3355 3184 3427 propinqui
3215 3353 3344 3410 facti
3360 3364 3484 3410 sunt
3512 3353 3682 3427 aliqui

2082 3446 2276 3512 Judaei,
2310 3462 2419 3499 non
2452 3453 2635 3500 tamen
2665 3445 2721 3498 in
2750 3445 3074 3518 gentilitate.

2158 3563 2325 3616 Vnus.
2356 3565 2439 3615 13.
2473 3592 2543 3601 -
2570 3563 2640 3618 Et
2655 3562 2994 3617 salutantes.
3018 3559 3199 3617 Utitur
3225 3560 3394 3615 verbo
3424 3558 3684 3614 translato

2085 3666 2115 3704 a
2144 3650 2545 3721 navigantibus,
2579 3650 2669 3721 qui
2699 3651 2861 3723 longe
2892 3649 3227 3720 prospiciunt
3253 3648 3598 3704 desideratas
3616 3648 3690 3703 ci-

2086 3739 2311 3808 vitates,
2364 3757 2496 3810 quas
2554 3747 2844 3810 antequam
2898 3738 3295 3811 ingrediantur,
3358 3736 3684 3792 salutatione

2085 3827 2437 3898 praeveniunt.
2486 3828 2567 3881 Ex
2609 3828 2923 3898 metaphora
2965 3843 3099 3899 ergo
3143 3826 3516 3898 navigantium
3536 3825 3687 3891 dicit,

2087 3917 2157 3970 Et
2182 3918 2536 3984 salutantes;
2567 3916 2621 3970 id
2643 3923 2725 3970 est
2754 3916 3052 3987 gaudentes
3082 3923 3135 3970 et
3164 3915 3541 3970 desiderantes
3568 3929 3683 3978 eas,

2089 4004 2229 4058 sicut
2258 4003 2458 4059 faciunt
2488 4012 2664 4059 nautae
2703 4004 2867 4074 longe
2896 4003 3028 4058 visis
3070 4003 3395 4059 civitatibus.
3448 4002 3518 4058 Et
3562 4001 3687 4056 ideo

2088 4092 2479 4148 conﬁtebantur
2507 4092 2651 4163 quod
2663 4100 2845 4148 essent
2863 4092 2966 4162 ipsi
2985 4092 3284 4164 peregrini,
3308 4091 3473 4163 quiin
3504 4090 3683 4146 aliena

2087 4182 2265 4253 patria
2308 4181 2443 4234 nihil
2500 4181 2720 4236 habent.
2780 4181 3049 4253 Hospites.
3110 4180 3177 4234 Ηι
3235 4180 3303 4234 de
3359 4178 3536 4250 patria
3578 4195 3689 4234 non

2092 4277 2231 4333 sunt,
2265 4277 2318 4323 et
2347 4269 2436 4323 isti
2457 4267 2852 4325 conﬁtebantur
2881 4284 2940 4323 se
2969 4285 3078 4323 non
3108 4285 3231 4324 esse
3250 4268 3320 4323 de
3348 4268 3574 4336 mundo,
3595 4283 3693 4324 ne-

2093 4374 2197 4430 que
2228 4357 2428 4429 aliquid
2459 4375 2518 4413 se
2539 4359 2739 4413 habere
2769 4358 2823 4411 in
2853 4358 3076 4425 mundo,
3110 4356 3343 4429 ideoque
3373 4358 3478 4412 hoc
3509 4354 3688 4412 conﬁ-

455 4471 627 4528 Vsus.
661 4475 713 4527 3.
747 4501 819 4513 --
845 4472 976 4527 Fide
998 4472 1394 4543 intelligimus.
1427 4471 1708 4541 Exemplis
1730 4472 1891 4526 utitur
1919 4473 1988 4527 ad
2016 4459 2068 4518 D
2091 4448 2363 4543 ιεξβθηιυτ-
2398 4446 2505 4543 Qui
2534 4454 2712 4501 autem
2745 4447 2848 4502 hoc
2877 4447 3084 4543 ἀίοιξοεν
3116 4446 3248 4543 (ἔδοξ
3278 4444 3513 4543 ίιεξιξιιίεί
3543 4443 3688 4543 (ιυρά

390 4561 916 4617 commendationem
964 4559 1112 4629 ﬁdei,
1159 4560 1228 4615 ad
1275 4559 1675 4616 ostendendum
1719 4561 1865 4632 quod
1921 4561 1991 4616 de

395 4665 505 4705 non
524 4650 912 4720 apparentibus
944 4649 1014 4703 sit
1042 4648 1199 4704 ﬁdes.

452 4765 626 4820 Vnus.
660 4767 711 4819 4.
747 4792 818 4805 --
844 4766 976 4821 Fide
1003 4766 1337 4837 plurimam.
1370 4763 1530 4833 Quod
1564 4772 1750 4835 patres
1783 4764 1992 4835 antiqui

385 4870 487 4925 per
516 4852 680 4908 ﬁdem
709 4853 815 4908 sint
836 4854 1112 4910 consecuti
1143 4853 1515 4908 testimonium
1539 4852 1768 4921 justitiae
1801 4860 1989 4907 osten-

388 4943 486 5011 dit,
505 4959 715 5013 ponens
747 4943 892 4997 aliud
923 4942 1233 5012 exemplum
1250 4942 1320 4996 ad
1352 4941 1878 4997 commendationem
1904 4942 1991 5011 ju-

388 5030 565 5085 stitiae.
602 5035 917 5103 Defunctus
943 5031 1129 5087 adhuc
1151 5031 1416 5101 loquitur.
1453 5031 1511 5084 Id
1526 5039 1627 5097 est,
1662 5030 1886 5085 materia
1910 5038 1992 5085 est

388 5118 546 5172 nobis
566 5118 844 5190 loquendi,
868 5120 1004 5173 utde
1037 5118 1154 5185 ejus
1177 5116 1282 5172 ﬁde
1301 5119 1609 5189 exemplum
1625 5119 1837 5173 demus.
1865 5120 1991 5174 Non

384 5206 531 5261 enim
563 5223 713 5260 mors
730 5207 981 5261 exstinxit
1010 5205 1213 5260 famam
1245 5206 1390 5261 ﬁdei.
1413 5208 1495 5261 Ex
1526 5206 1632 5261 ﬁde
1666 5208 1993 5278 etpatientia

391 5294 813 5365 praecedentium
835 5295 1143 5350 consolatur
1163 5294 1314 5349 istos.
1352 5295 1487 5349 Abel
1520 5296 1699 5351 adhuc
1728 5296 1987 5368 loquitur,

390 5384 515 5455 quia
531 5384 669 5439 alios
700 5400 798 5438 suo
830 5386 1078 5454 exemplo
1108 5385 1362 5438 admonet
1392 5392 1449 5438 ut
1473 5386 1603 5453 justi
1635 5385 1760 5440 sint.
1792 5386 1995 5440 Intere-

391 5472 488 5527 mit
520 5490 641 5529 eum
663 5472 883 5545 quidem
907 5488 1073 5537 mors,
1135 5473 1230 5527 sed
1280 5489 1388 5528 non
1419 5488 1543 5528 cum
1592 5489 1657 5528 eo
1718 5474 1993 5529 interemit

398 5562 630 5634 gloriam
662 5563 781 5633 ejus
807 5571 860 5617 et
888 5561 1226 5617 memoriam.

470 5651 867 5726 (AUG.)Neque
884 5651 1108 5709 Henoch
1119 5658 1171 5706 et
1191 5650 1339 5706 Elius
1350 5665 1449 5721 per
1479 5657 1589 5706 tam
1618 5650 1841 5724 longam
1870 5658 1994 5708 aeta-

2091 4536 2249 4590 aliam
2282 4535 2511 4606 patriam
2556 4542 2820 4607 quierunt,
2854 4535 3001 4606 quod
3056 4534 3159 4605 ipsi
3198 4531 3512 4607 signiﬁcare
3544 4533 3694 4588 vole-

2091 4625 2236 4678 bant.
2270 4625 2337 4678 Et
2357 4640 2423 4678 ne
2451 4631 2663 4695 putaret
2705 4624 2826 4695 quis
2870 4622 3018 4694 quod
3073 4623 3221 4678 illam
3264 4628 3584 4693 appeterent
3624 4620 3692 4676 de

2092 4728 2198 4786 qua
2219 4712 2481 4781 exierant,
2518 4711 2763 4766 subditur
2793 4730 2806 4766 :
2841 4714 2911 4766 Et
2938 4711 3253 4785 siquidem,
3295 4718 3399 4766 etc.

2164 4829 2333 4884 Vnus.
2371 4829 2456 4883 1⁵7.
2490 4858 2559 4869 -
2592 4827 2730 4884 Cum
2765 4831 3109 4884 tentaretur.
3140 4827 3264 4882 Non
3292 4825 3519 4881 tentavit
3539 4826 3688 4881 Deus

2092 4917 2363 4971 Abraham
2392 4916 2550 4988 quasi
2580 4917 2672 4988 qui
2701 4914 2863 4971 ﬁdem
2894 4915 3011 4984 ejus
3040 4915 3337 4986 ignoraret,
3373 4914 3470 4969 sed
3494 4922 3553 4969 ut
3573 4914 3690 4985 ipse

2093 5006 2365 5060 Abraham
2384 5013 2437 5059 et
2452 5005 2686 5059 mundus
2716 5003 2842 5060 ﬁdei
2872 5004 2988 5074 ejus
3005 5002 3287 5061 veritatem
3303 5011 3357 5058 et
3386 5000 3694 5057 ﬁrmitatem

2093 5101 2510 5166 congnosceret.

2166 5210 2333 5263 Vens.
2371 5211 2456 5263 19.
2487 5240 2557 5249 -
2589 5211 2659 5264 Et
2679 5210 2743 5263 in
2762 5208 3112 5282 parabolam.
3132 5206 3263 5263 Fide
3293 5206 3485 5263 obtulit
3512 5207 3699 5263 Abra-

2093 5300 2217 5352 ham
2247 5315 2354 5352 non
2386 5298 2636 5369 solumin
2658 5314 2739 5363 re,
2775 5298 2871 5351 sed
2901 5298 3062 5352 etiam
3092 5297 3147 5350 in
3166 5294 3587 5367 signiﬁcatione.
3611 5297 3699 5351 In-

2094 5387 2295 5442 tellexit
2326 5387 2471 5440 enim
2500 5386 2771 5440 Christum
2814 5385 3131 5458 signiﬁcari,
3171 5385 3323 5454 cujus
3367 5384 3544 5439 deitas
3588 5401 3699 5440 non

2093 5477 2355 5541 moritur;
2388 5475 2485 5529 sed
2506 5476 2649 5529 aries
2680 5476 2894 5530 haerens
2926 5474 3185 5530 cornibus
3214 5473 3359 5529 inter
3388 5489 3609 5543 vepres,
3642 5473 3697 5528 id

2094 5573 2176 5621 est
2205 5577 2332 5620 caro
2356 5564 2611 5618 laborans
2668 5564 2805 5618 inter
2833 5563 3049 5619 Judmos
3085 5563 3141 5616 in
3200 5562 3457 5618 cornibus
3487 5562 3689 5630 crucis,

2092 5649 2264 5721 potuit
2293 5649 2408 5705 Deo
2437 5647 2619 5704 offerri
2650 5648 2821 5720 spinis
2840 5647 3082 5704 Judaicis
3109 5654 3232 5705 ante
3249 5654 3528 5704 coronata.
