3968 6176
322 300 424 353 665

1213 292 1486 350 GLOSSA
1516 289 1927 349 ORDINARIA.
1958 320 2029 332 —
2085 289 2301 346 EPIST.
2334 292 2429 347 ΑΙ)
2460 291 2666 347 HEBR.

3530 298 3636 352 666

391 422 563 477 Vsns.
595 422 684 477 20.
718 448 788 459 -
821 421 995 475 Isaac.
1030 416 1219 473 Fidem
1253 418 1343 474 hic
1370 419 1577 485 habuit,
1612 434 1721 473 non
1753 418 1927 472 solum
1960 416 2019 478 A
2103 416 2275 471 Vsus.
2305 420 2393 471 33.
2426 446 2495 457 ——
2531 418 2633 486 Qui
2660 434 2765 490 per
2791 418 2978 488 ﬁdem.
3023 417 3142 472 Etsi
3188 426 3406 473 recusat
3455 419 3642 477 dicere

324 510 467 584 quod
520 508 840 563 benedictus
892 516 1037 563 esset
1084 508 1298 578 melior,
1342 508 1440 563 sed
1488 508 1651 562 etiam
1701 506 1933 561 credidit

324 599 470 673 quod
499 597 839 654 Christianus
886 598 1121 669 populus
1167 596 1543 667 supplantaret
1590 596 1932 651 benedictio-

321 704 448 745 nem
476 686 678 742 Judzeis
707 686 905 741 factam
935 694 987 741 et
1015 686 1367 757 promissam.

394 777 562 831 Vsns.
596 779 685 833 21.
718 804 792 816 -
820 775 1091 831 Adoravit
1120 776 1437 848 fastigium,
1472 781 1577 829 etc.
1611 774 1771 829 Forte
1800 773 1936 828 tule-

322 873 409 921 rat
435 881 469 921 a
498 864 610 919 ﬁlio
639 864 878 938 virgam,
913 865 1133 936 quando
1164 865 1217 919 ei
1246 863 1408 918 ﬁdem
1445 862 1589 917 ﬁlius
1621 863 1844 933 jurabat
1881 870 1934 917 et

323 956 453 1011 dum
484 970 608 1009 eum
640 961 871 1019 teneret,
907 962 1030 1024 post
1059 953 1229 1009 verba
1253 953 1505 1022 jurantis,
1538 969 1664 1008 mox
1684 952 1934 1007 adoravit

323 1044 520 1098 Deum.
553 1043 675 1097 Non
710 1042 855 1097 enim
886 1043 1281 1119 pudebat‘eum
1322 1042 1464 1097 ferre
1501 1042 1767 1112 tantisper
1803 1041 1936 1094 insi-

322 1149 432 1206 gne
461 1131 741 1203 potestatis
771 1130 867 1184 ﬁlii
897 1130 998 1200 sui,
1027 1131 1120 1184 ubi
1167 1129 1343 1203 ﬁgura
1386 1147 1601 1204 magna:
1630 1130 1710 1184 rei
1740 1128 1933 1184 futura

317 1220 778 1292 praesignabatur,
815 1226 868 1273 et
897 1220 1055 1292 regni
1087 1218 1288 1274 Christi
1321 1220 1487 1274 futuri
1516 1220 1571 1273 in
1602 1220 1874 1292 gentibus.

385 1311 557 1363 Vsus.
591 1312 679 1365 22.
714 1339 784 1349 -—
824 1310 901 1364 De
933 1310 1146 1364 ossibus
1177 1311 1297 1363 suis
1321 1310 1633 1363 mandavit.
1659 1309 1934 1377 Adjurans

317 1396 462 1453 ﬁlios
501 1397 688 1464 Israel,
723 1405 780 1451 ut
812 1405 1162 1469 asportarent
1211 1413 1276 1453 ea
1304 1397 1359 1451 in
1387 1405 1589 1451 terram
1618 1396 1936 1468 promissio-

314 1488 421 1555 nis,
456 1495 509 1541 et
542 1486 910 1541 reconderent
937 1503 999 1541 ea
1029 1488 1085 1540 in
1119 1487 1371 1557 sepulcro
1420 1494 1637 1557 patrum
1687 1502 1930 1553 suorum,

317 1576 535 1631 scilicet
565 1576 619 1629 in
651 1576 915 1646 spelunca
945 1576 1169 1646 duplici,
1204 1576 1257 1630 in
1288 1593 1390 1647 qua
1415 1575 1609 1646 sepulti
1629 1583 1751 1629 sunt
1771 1575 1936 1629 Abra-

312 1666 463 1731 ham,
500 1673 552 1719 et
580 1666 757 1731 Isaac,
793 1673 844 1764 et
883 1665 1072 1732 Jacob,
1110 1673 1187 1767 et“
1202 1665 1382 1720 caeteri
1412 1673 1465 1719 et
1510 1672 1715 1735 patres,
1762 1665 1852 1718 ubi
1878 1672 1938 1764 et
2038 1696 2234 1751 busiui
2256 1697 2423 1752 occisi
2445 1665 2591 1767 ζυηι)

2033 522 2154 577 qua:
2184 505 2415 560 fecerint
2443 507 2665 579 singuli,
2698 507 2829 562 dicit
2859 515 3042 562 tamen
3072 524 3194 578 quae
3233 507 3454 579 quidam
3502 525 3641 580 ope-

2032 595 2137 649 rati
2158 603 2280 649 sunt
2304 595 2430 649 fide.
2454 596 2949 668 Repromissiones.
2974 597 3115 653 Dicit
3132 597 3427 667 Apostolus
3447 615 3641 669 repro-

2032 684 2329 740 missiones
2359 693 2412 739 et
2448 701 2558 738 non
2606 686 3021 755 promissiones,
3074 686 3201 757 quia
3242 686 3639 757 promissiones

2032 772 2218 828 multa
2249 781 2373 827 sunt
2406 773 2563 829 factse
2594 774 2788 840 David,
2820 781 2878 827 ut
2915 774 3170 829 Abrahae.
3206 775 3495 845 Sapienter
3522 775 3640 830 his-

2033 862 2297 916 toriarum
2368 863 2947 918 commemorationem
3007 863 3158 933 vitat,
3219 880 3289 918 ne
3329 880 3643 920 sermonem

2035 967 2193 1004 suum
2221 952 2474 1021 protelet,
2509 952 2752 1007 breviter
2782 953 3031 1023 quazdam
3062 961 3314 1025 tangens.
3346 954 3462 1008 Nec
3494 953 3640 1008 enim

2034 1040 2259 1094 omnino
2290 1041 2469 1109 tacuit,
2504 1057 2606 1096 nec
2635 1041 2824 1095 dicens
2847 1041 3111 1096 molestus
3125 1041 3352 1096 effectus
3368 1049 3470 1111 est,
3495 1040 3634 1114 fugit

2032 1128 2355 1182 densitatem
2384 1137 2437 1183 et
2466 1129 2881 1199 longitudinem,
2917 1146 2984 1183 ne
3017 1129 3206 1203 fatiget
3235 1131 3562 1185 auditorem.

2106 1218 2275 1272 Vsus.
2310 1221 2396 1271 33.
2431 1248 2500 1257 —
2521 1219 2634 1273 Alii
2663 1222 2856 1274 autem
2885 1220 3147 1285 distenti,
3178 1227 3282 1275 etc.
3316 1221 3379 1273 In
3405 1220 3514 1273 illis
3543 1219 3640 1275 Pa-

2033 1314 2208 1369 tribus
2239 1315 2453 1369 Veteris
2482 1316 2833 1382 Testamenti,
2868 1317 3117 1386 quamvis
3145 1333 3289 1385 rara,
3324 1317 3543 1373 fuerunt
3563 1326 3645 1374 ta-

2037 1428 2160 1467 men
2191 1413 2441 1483 exempla
2470 1412 2766 1483 patientiae,
2799 1429 2829 1466 a
2862 1414 3130 1485 sanguine
3176 1414 3313 1469 Abel
3351 1432 3526 1486 usque
3567 1417 3633 1471 ad

2036 1510 2353 1583 sanguinem
2387 1510 2682 1577 Zachariae,
2708 1527 2941 1582 quorum
2963 1512 3287 1593 sanguinem
3308 1512 3437 1568 dicit
3458 1514 3642 1569 Domi-

2035 1626 2138 1663 nus
2165 1609 2233 1662 ab
2261 1609 2341 1662 eis
2363 1609 2713 1681 exigendum,
2749 1608 2907 1679 quiin
2936 1617 3154 1679 patrum
3185 1626 3411 1665 suorum
3438 1610 3496 1683 (a
3519 1611 3643 1683 qui-

2613 1697 2893 1767 iniquitate
2920 1698 3295 1768 pel-sisterent.
3322 1701 3387 1754 Et
3408 1700 3461 1753 in
3481 1701 3639 1756 Novo

314 1756 495 1852 f‘dam
528 1762 579 1859 (Et
610 1755 726 1859 El'a
751 1753 1119 1859 qnie‘f’c'ebanf'
1145 1753 1447 1859 QPO‘PdeO
1468 1753 1928 1859 V01?0E“‘_"‘vq“i?
1947 1782 1999 1840 Β
2029 1787 2396 1852 Testamento,
2429 1802 2537 1840 non
2560 1753 2847 1839 defuerunt
2895 1753 3182 1857 temporali
3231 1753 3641 1859 felicitateipolv-

312 1843 369 1897 in
420 1858 490 1897 ea
537 1849 688 1897 terra
730 1842 1103 1912 praeviderunt
1144 1842 1480 1897 nasciturum

312 1945 438 1986 cum
472 1947 538 1985 eo
566 1938 941 2002 resurgerent.

383 2022 556 2075 Vsus.
589 2024 677 2076 26.
712 2051 781 2060 -
812 2019 1219 2093 Improperium
1251 2019 1479 2075 Christi.
1512 2019 1628 2073 Hoc
1653 2017 1802 2087 dixit,
1830 2018 1916 2074 vel

312 2109 461 2182 quod
490 2110 708 2180 Moyses
738 2117 1021 2180 pateretur
1049 2124 1150 2178 pro
1180 2108 1414 2175 Christo,
1449 2108 1535 2161 vel
1569 2108 1713 2178 quod
1744 2107 1920 2179 signi-

312 2196 515 2254 ﬁcabat
548 2198 878 2268 improperia
911 2197 1109 2251 Christi
1138 2195 1353 2250 futura:
1386 2195 1491 2263 vel,
1528 2197 1673 2267 quod
1706 2197 1922 2266 Moyses

312 2287 569 2342 sustinuit
589 2302 623 2341 a
650 2285 911 2341 fratribus
935 2286 1048 2340 suis
1078 2300 1215 2357 quos
1245 2285 1477 2339 liberare
1508 2285 1747 2352 volebat,
1785 2285 1924 2340 sicut

312 2377 564 2431 Christus
594 2392 627 2430 a
659 2376 772 2428 suis
803 2391 939 2445 quos
979 2374 1253 2429 redimere
1282 2381 1525 2429 venerat.
1559 2373 1639 2427 Illi
1670 2374 1924 2427 dixerunt

317 2464 565 2519 Christo:
597 2466 952 2519 Haemonium
973 2464 1139 2519 habes
1161 2464 1343 2532 (Joan.
1370 2463 1488 2531 vn).
1516 2463 1584 2516 Et
1603 2462 1690 2515 isti
1712 2463 1883 2532 Moysi
1907 2480 1920 2516 :

1528 1842 1817 1910 Christum,
1864 1849 1922 1895 ut

323 2555 406 2608 Vis
438 2569 544 2608 nos
590 2553 935 2621 interﬁcere,
996 2554 1145 2608 sicut
1202 2554 1550 2623 interfecisti
1604 2552 1924 2623 Egyptium

312 2641 517 2711 (Exod.
555 2641 656 2709 n)?
703 2640 865 2709 Quod
921 2649 1101 2695 tamen
1162 2641 1433 2711 patienter
1471 2640 1740 2707 sustinuit,
1787 2639 1928 2695 sicut

311 2738 362 2784 et
392 2729 667 2784 Christus.

382 2842 560 2896 Vsus.
602 2843 689 2897 27.
723 2872 794 2881 -
823 2842 943 2897 Νοη
972 2843 1203 2897 veritus.
1239 2839 1400 2910 Quod
1428 2840 1581 2912 prius
1612 2840 1823 2913 fugerat
1871 2840 1928 2896 in

313 2938 521 2985 terram
552 2929 793 2996 Madian,
828 2946 934 2985 non
964 2930 1063 2984 fuit
1090 2939 1287 2999 metus,
1322 2931 1420 2985 sed
1462 2928 1631 2996 fides;
1674 2947 1738 2985 eo
1778 2930 1927 3002 quod

317 3020 585 3075 credebat
614 3036 644 3073 a
677 3020 794 3075 Deo
815 3019 1058 3075 liberari.
1090 3020 1269 3074 Noluit
1298 3020 1374 3073 ibi
1404 3035 1647 3087 manere,
1680 3036 1749 3073 ne
1781 3026 1928 3074 esset

315 3123 484 3164 causa
510 3108 806 3178 jactantiae,
840 3108 885 3162 si
913 3108 969 3161 in
998 3116 1246 3179 apertum
1266 3108 1566 3179 periculum
1594 3125 1653 3163 se
1675 3108 1925 3179 praecipi-
1954 3140 2008 3200 Β

316 3205 477 3265 taret,
512 3206 565 3252 et
595 3204 825 3251 tentaret
855 3198 1048 3263 Deum,
1082 3198 1227 3268 quod
1257 3198 1585 3252 diabolicum
1616 3206 1717 3251 est.
1740 3196 1951 3251 Sancti.

314 3287 480 3353 enim,
516 3285 759 3356 quandiu
790 3286 992 3339 habent
1024 3285 1153 3356 quid
1180 3285 1399 3355 faciant,
1417 3302 1528 3340 non
1561 3286 1762 3340 debent
1799 3293 1917 3340 ten-

312 3380 429 3429 tare
476 3375 673 3442 Deum,
701 3381 759 3427 ut
808 3382 861 3428 et
890 3373 1155 3428 Dominus
1183 3374 1363 3429 locum
1392 3375 1539 3430 dedit
1567 3375 1789 3439 Judaris,
1827 3375 1924 3445 qui

312 3470 365 3517 et
395 3462 511 3516 suis
540 3462 834 3533 praacepit:
867 3463 925 3518 Si
954 3480 1046 3519 vos
1070 3466 1356 3537 persecuti
1382 3465 1605 3535 fuerint
1626 3466 1687 3519 in
1707 3481 1825 3518 una
1847 3464 1926 3519 ci-

312 3554 509 3617 vitate,
542 3553 727 3623 fugite
758 3553 822 3606 in
853 3553 1031 3607 aliam
1060 3553 1281 3622 (Matth.
1314 3553 1397 3621 x).

385 3641 562 3695 Vsus.
596 3645 686 3697 28.
720 3670 791 3682 —-
820 3642 953 3697 Fide
982 3642 1284 3696 celebravit
1322 3642 1558 3721 Pascha.
1593 3641 1704 3695 Hac
1733 3639 1921 3711 utique

316 3730 441 3801 quia
477 3730 557 3785 sic
585 3730 818 3786 credidit
846 3730 1107 3801 pepulum
1144 3730 1502 3785 salvandum:
1534 3729 1659 3784 illos
1699 3729 1920 3799 quidem

310 3834 339 3873 a
363 3819 673 3889 Pharaone,
705 3835 808 3874 nos
829 3835 863 3873 a
892 3818 1139 3873 diabolo.

381 3935 559 3989 Vsus.
594 3937 684 3989 29.
718 3965 789 3973 -
822 3935 1197 3990 Transierunt
1222 3950 1379 3989 mare
1398 3933 1663 3998 Rubrum,
1700 3940 1805 3988 etc.
1832 3933 1921 3989 Sic

315 4038 415 4093 per
446 4023 779 4093 baptismum
812 4020 1002 4077 ﬁdeles
1032 4029 1335 4087 transeunt,
1370 4021 1611 4076 remissis
1642 4022 1915 4092 peccatis;

314 4118 578 4184 tanquam
607 4111 876 4184 Egyptiis
905 4127 1028 4166 cum
1056 4110 1279 4165 diabolo
1302 4110 1547 4181 principe
1568 4111 1919 4166 tenebrarum

315 4196 641 4251 submersis.

385 4286 555 4341 Vsas.
591 4289 679 4340 30.
712 4314 782 4325 —-
814 4285 1068 4341 Circuitu
1096 4284 1321 4341 dierum
1349 4287 1564 4357 septem
1592 4285 1865 4356 completo
1885 4299 1920 4339 a

316 4373 516 4430 Levitis
543 4390 729 4431 arcam
754 4373 854 4429 Dei
888 4374 1250 4446 portantibus,
1296 4382 1348 4429 et
1386 4373 1553 4429 amcis
1581 4374 1725 4429 tubis
1757 4374 1913 4429 clan-

315 4464 589 4536 gentibus.

382 4581 553 4636 Vsns.
587 4583 674 4635 31.
698 4611 768 4621 —
798 4581 1102 4652 Excipiens
1149 4580 1535 4652 exploratores
1579 4595 1709 4634 cum
1742 4595 1901 4652 pace,

316 4677 417 4724 etc.
453 4668 657 4737 Quasi:
681 4669 763 4723 Ita
790 4676 844 4723 et
870 4684 969 4723 vos
1011 4668 1224 4723 debetis
1269 4668 1378 4723 duo
1422 4669 1770 4723 Testamenta
1819 4685 1918 4739 per

317 4757 593 4828 apostolos
638 4766 899 4828 tanquam
949 4757 1319 4828 exploratores
1379 4772 1412 4811 a
1460 4756 1676 4812 Christo
1720 4757 1919 4813 missos

317 4846 592 4901 credendo
623 4846 895 4918 excipere,
928 4853 981 4901 et
1018 4846 1095 4901 ita
1136 4861 1257 4901 cum
1296 4843 1608 4901 inﬁdelibus
1645 4861 1755 4900 non
1792 4863 1920 4917 per-

319 4932 482 4988 ibitis.

385 5050 557 5105 Vsns.
590 5054 679 5108 32.
713 5081 782 5091 -—
810 5051 888 5106 De
921 5051 1154 5107 Gedeon.
1187 5050 1328 5121 Ipse,
1371 5057 1599 5121 accepto
1621 5050 1778 5124 signo
1808 5050 1919 5106 vel-

316 5146 442 5202 leris
473 5164 506 5203 a
534 5148 787 5219 Domino,
818 5148 913 5204 ivit
940 5156 1127 5205 contra
1157 5149 1478 5204 Madianitas
1508 5164 1630 5205 cum
1656 5149 1917 5204 trecentis

318 5236 467 5303 viris,
501 5252 706 5308 eosque
737 5245 900 5293 noctu
930 5237 1277 5310 expugnavit.
1311 5238 1562 5294 Samson.
1598 5238 1715 5306 Hic,
1751 5246 1809 5291 ut
1839 5237 1923 5292 le-

319 5325 464 5397 gitur
509 5325 564 5379 in
610 5325 750 5381 libro
797 5326 1068 5391 Iudicum,
1121 5325 1306 5380 aﬂlixit
1347 5329 1699 5382 vehementer
1746 5326 1918 5380 Phili-

321 5414 534 5470 sthmos.
559 5416 775 5487 Iephte.
810 5415 929 5480 Hic,
967 5430 1091 5470 cum
1121 5415 1223 5470 iret
1251 5415 1320 5469 ad
1342 5431 1582 5488 pugnam
1614 5423 1807 5470 contra
1826 5416 1920 5470 ho-

321 5509 447 5569 stes,
479 5503 625 5559 vovit
654 5504 888 5559 Domino
916 5504 1081 5575 quod,
1117 5504 1163 5558 si
1207 5504 1538 5575 triumphum
1570 5504 1639 5559 de
1666 5504 1917 5559 hostibus

322 5601 721 5663 assequeretur,
757 5593 996 5660 rediens,
1031 5593 1176 5665 quod
1199 5594 1375 5665 primo
1396 5601 1734 5662 occurreret,
1760 5592 1918 5650 offer-

324 5686 403 5734 ret
429 5679 575 5737 Deo:
607 5682 955 5755 occurritque
983 5690 1036 5739 et
1066 5682 1195 5752 ﬁlia,
1229 5698 1391 5756 quam
1422 5683 1741 5742 immolavit.

2021 1871 2214 1940 lentes,
2248 1874 2303 1928 in
2333 1890 2440 1945 quo
2470 1874 2903 1929 misericordiam
2930 1875 3029 1929 Dei
3062 1876 3394 1945 experimur.

2099 1964 2262 2018 Vsus.
2297 1968 2384 2018 38.
2417 1994 2487 2003 —
2522 1964 2726 2031 Quibus
2756 1964 2961 2035 dignus
2990 1980 3106 2019 non
3130 1969 3256 2019 erat
3281 1966 3555 2021 mundus.
3574 1967 3634 2021 Id

2024 2060 2126 2121 est,
2160 2068 2389 2123 quorum
2418 2052 2835 2108 conversatione
2857 2069 2971 2108 non
2994 2057 3120 2108 erat
3137 2054 3386 2109 mundus
3409 2055 3634 2126 dignus,

2022 2141 2255 2212 ideoque
2286 2158 2354 2195 ne
2385 2141 2520 2196 viles
2548 2141 2860 2195 habeantur
2892 2157 2991 2211 pro
3022 2142 3267 2197 toleratis
3288 2142 3644 2199 tribulationi-

2022 2229 2157 2283 bus:
2190 2229 2297 2293 vel,
2330 2230 2468 2284 adeo
2497 2229 2633 2284 viles
2664 2238 2820 2283 erant
2849 2229 3180 2296 hominibus,
3214 2239 3272 2285 ut
3299 2239 3622 2302 putarentur

2024 2333 2135 2372 non
2163 2334 2285 2372 esse
2314 2318 2467 2390 digni
2497 2326 2643 2373 stare
2673 2319 2759 2372 vel
2785 2319 3034 2373 habitare
3066 2319 3208 2373 inter
3252 2335 3367 2374 eos.
3409 2322 3480 2375 Et
3525 2329 3637 2375 tam

2024 2406 2102 2460 illi
2132 2421 2296 2476 quam
2325 2406 2559 2476 priores,
2594 2423 2703 2461 non
2732 2414 3062 2477 acceperunt
3090 2407 3272 2461 statim
3300 2409 3635 2479 promissam

2027 2496 2193 2551 vitam
2224 2512 2395 2567 usque
2423 2497 2496 2550 ad
2529 2496 2824 2550 Christum.
2860 2497 2969 2551 Cur
2997 2512 3108 2551 non
3137 2496 3406 2552 subditur.

2098 2586 2269 2639 Vsus.
2303 2587 2390 2639 40.
2425 2615 2495 2624 -
2524 2586 2634 2640 Deo
2662 2602 2764 2657 pro
2786 2586 2942 2643 nobis
2974 2587 3182 2641 melius
3212 2587 3431 2658 aliquid
3456 2590 3639 2659 provi-

2027 2673 2215 2730 dente.
2244 2674 2406 2727 Prout
2434 2681 2686 2728 naturam
2716 2682 2959 2728 nostram
2989 2682 3314 2741 assumeret,
3350 2683 3404 2729 et
3432 2676 3631 2748 glorio-

2028 2762 2141 2816 sius
2169 2762 2454 2818 nobiscum
2485 2763 2801 2817 exsultaret.
2836 2763 2893 2817 Si
2911 2762 2986 2816 illi
3017 2771 3305 2818 tenuerunt
3329 2762 3513 2834 ﬁdem,
3540 2765 3633 2836 qui

2027 2866 2129 2905 nos
2159 2851 2343 2906 tandiu
2373 2858 2793 2922 expectaverunt
2824 2852 3087 2922 requiem,
3121 2852 3293 2907 multo
3324 2852 3508 2926 magis
3547 2861 3634 2908 te—

2027 2956 2277 3007 neamus,
2312 2940 2405 3012 qui
2432 2941 2610 2995 statim
2642 2956 2676 2995 a
2702 2948 2877 2995 morte
2908 2942 3229 3012 accipimus.

2636 3109 2860 3165 CAPUT
2896 3110 3022 3164 XII.

2097 3249 2266 3304 Vsus.
2304 3252 2353 3303 1.
2384 3278 2454 3290 -
2485 3249 2717 3322 Ideoque
2747 3253 2802 3305 et
2833 3266 2955 3305 nos.
2990 3250 3118 3304 Post
3143 3247 3270 3304 ﬁdei
3291 3248 3638 3305 commenda-
3688 3260 3693 3263 '

2024 3337 2247 3406 tionem,
2282 3338 2351 3392 ad
2381 3338 2514 3393 illud
2544 3338 2689 3410 quod
2717 3340 3016 3409 incoeperat
3050 3339 3209 3404 redit,
3242 3339 3534 3393 exhortans
3564 3338 3634 3393 ad

2023 3426 2345 3498 patientiam
2372 3427 2620 3497 pluribus
2641 3427 2838 3494 modis,
2864 3435 2917 3482 et
2940 3427 3215 3498 praecipue
3236 3426 3406 3498 ipsius
3430 3426 3631 3482 Christi

2025 3516 2297 3585 exemplo.
2333 3517 2561 3571 Nubem.
2604 3516 2666 3570 Id
2713 3524 2795 3570 est
2844 3516 3244 3571 multitudinem
3293 3523 3628 3585 sanctorum,

2026 3605 2117 3676 qui
2163 3612 2329 3659 testes
2373 3611 2496 3658 sunt
2536 3602 2680 3670 fidei,
2734 3604 2827 3675 qui
2872 3612 2930 3659 ut
2976 3605 3150 3659 nubes
3181 3604 3433 3675 exemplo
3459 3604 3543 3658 sui
3572 3604 3632 3659 in

2024 3699 2159 3747 aestu
2216 3692 2622 3747 tribulationum
2680 3708 2781 3747 nos
2851 3692 3197 3764 refrigerant,
3260 3700 3314 3747 et
3368 3690 3633 3748 doctrinis

2028 3781 2368 3852 compluunt.

2095 3889 2266 3943 Vsus.
2286 3891 2339 3944 2.
2372 3918 2442 3927 -
2474 3887 2579 3956 Qui
2601 3889 2883 3960 proposito
2912 3887 3019 3943 sibi
3044 3887 3268 3960 gaudio,
3293 3894 3397 3943 etc.
3421 3888 3510 3943 Sic
3530 3902 3633 3944 nos

2021 3976 2307 4048 proposito
2354 3976 2514 4030 nobis
2556 3984 2758 4031 aeterno
2808 3976 3029 4049 gaudio,
3080 3976 3388 4047 posthabita
3435 3976 3631 4033 confu-

2025 4066 2197 4134 sione,
2240 4065 2503 4120 debemus
2546 4081 2800 4131 currere;
2851 4065 2957 4130 vel,
2990 4066 3273 4137 proposito
3300 4065 3405 4120 sibi
3426 4066 3629 4139 gaudio
3686 4078 3705 4083 ”

2022 4155 2341 4225 temporalis
2373 4155 2551 4226 regni,
2585 4154 2805 4226 quando
2833 4154 3120 4210 voluerunt
3156 4171 3281 4210 eum
3325 4155 3498 4210 turba:
3541 4171 3631 4209 ra-

2023 4259 2157 4313 pere
2188 4251 2245 4297 ut
2275 4242 2519 4300 facerent
2548 4259 2759 4317 regem,
2792 4251 2845 4299 et
2879 4243 3070 4313 noluit,
3105 4244 3233 4315 quia
3261 4251 3379 4299 erat
3407 4244 3498 4300 via
3522 4243 3630 4298 hu-

2024 4331 2288 4386 militatis.

2098 4420 2269 4475 Vsus.
2293 4424 2345 4476 3.
2371 4451 2441 4461 —
2472 4422 2823 4490 Deﬁcientes.
2845 4418 3092 4476 Deﬁcere
3123 4427 3209 4476 est
3237 4418 3432 4475 timore
3461 4420 3631 4475 tribu-

1929 4500 1987 4563 D
2015 4508 2233 4564 lationis
2264 4507 2429 4564 ﬁdem
2457 4525 2686 4582 negare.
2728 4510 2915 4581 Itaque
2952 4525 3063 4564 non
3112 4508 3325 4565 debetis
3368 4506 3628 4577 deﬁcere,

2025 4613 2204 4670 neque
2234 4598 2379 4652 enim
2410 4597 2541 4653 estis
2569 4596 2723 4652 obliti
2743 4613 2841 4653 vos
2862 4596 3273 4666 consolationis,
3296 4612 3398 4653 nec
3418 4597 3632 4654 debetis

2024 4694 2294 4751 oblivisci.

2096 4785 2267 4839 Vsus.
2302 4788 2353 4839 6.
2385 4814 2455 4824 —
2477 4783 2712 4841 Omnem
2739 4785 2947 4854 ﬁlium.
2970 4783 3150 4840 Etiam
3169 4783 3392 4840 unicum
3413 4784 3507 4856 qui
3527 4784 3631 4841 fuit

2023 4872 2141 4928 sine
2170 4879 2416 4944 peccato.
2449 4872 2506 4928 Si
2534 4888 2667 4946 ergo
2698 4880 2959 4944 exceptus
2989 4890 3049 4929 es
3086 4888 3120 4927 a
3149 4873 3407 4943 passione
3436 4872 3632 4946 ﬂagel-

2020 4961 2221 5028 lorum,
2254 4969 2511 5032 exceptus
2541 4978 2601 5017 es
2630 4978 2665 5018 a
2702 4979 2934 5018 numero
2980 4961 3237 5018 ﬁliorum.
3287 4962 3492 5018 Unicus
3537 4962 3630 5018 ille

2020 5050 2090 5105 de
2120 5050 2292 5105 Patris
2336 5050 2640 5107 substantia
2686 5061 2843 5141 natus
2888 5050 3114 5123 aequalis
3151 5050 3301 5106 Patri
3346 5051 3403 5106 in
3450 5050 3631 5141 forma

2022 5139 2141 5206 Dei,
2178 5139 2419 5194 Verbum
2450 5156 2558 5211 quo
2587 5140 2730 5197 facta
2750 5134 2884 5196 sunt
2913 5140 3117 5207 omnia,
3148 5157 3260 5196 non
3279 5141 3520 5197 habebat
3535 5134 3631 5195 ubi

2020 5227 2403 5299 ﬂagellaretur.
2437 5229 2521 5283 Ad
2569 5230 2673 5286 hoc
2722 5238 2904 5285 autem
2952 5246 3118 5285 carne
3167 5229 3390 5286 indutus
3426 5238 3528 5297 est,
3568 5237 3627 5284 ut

2021 5316 2138 5371 sine
2169 5316 2391 5389 ﬂagello
2419 5333 2528 5373 non
2548 5327 2712 5373 esset.
2743 5318 2847 5387 Qui
2867 5319 3111 5392 ﬂagellat
3130 5320 3352 5376 unicum
3368 5320 3484 5374 sine
3507 5334 3631 5388 pec-

2020 5413 2161 5472 cato,
2194 5405 2452 5477 relinquit
2480 5408 2791 5478 adoptatum
2823 5409 2915 5480 qui
2936 5416 3019 5465 est
3040 5424 3165 5465 cum
3192 5408 3459 5480 peccato?
3486 5404 3623 5461 Uni-

2018 5511 2112 5550 cus
2141 5494 2259 5550 sine
2282 5503 2529 5566 peccato,
2562 5513 2670 5552 non
2697 5505 2881 5554 tamen
2912 5498 3029 5553 sine
3052 5497 3292 5571 ﬂagello,
3316 5492 3626 5565 exemplum

2014 5592 2173 5647 nobis
2193 5594 2476 5665 proposuit
2505 5594 2560 5648 in
2587 5596 2936 5665 passionibus
2967 5596 3100 5651 suis.
3151 5595 3277 5648 Non
3324 5606 3458 5662 ergo
3498 5598 3619 5645 tur-

2015 5680 2137 5740 b‘ari
2161 5683 2447 5750 debemus,
2480 5698 2605 5741 cum
2634 5684 2828 5757 aliquis
2858 5692 3079 5741 sanctus
3110 5681 3303 5756 gravia
3322 5686 3377 5737 et
3394 5678 3625 5753 indigna
