3968 6176
334 217 439 271 667

866 214 1275 271 WALAFRIDI
1302 212 1547 271 STRABI
1579 211 1784 271 FULD.
1816 211 1989 271 MON.
2022 212 2176 271 OPP.
2209 213 2386 271 PARS
2416 213 2457 271 Ι.
2491 244 2560 258 —-
2587 212 3059 271 THEOLOGICA.

3564 219 3669 277 668

328 337 651 412 perpetitur,
684 338 731 394 si
759 338 911 396 obliti
939 356 1050 395 non
1079 356 1266 395 sumus
1298 355 1421 410 qua
1440 338 1723 410 pertulerit
1741 338 1926 393 Justus
1950 338 2006 401 A
2035 338 2155 411 quis
2182 339 2324 394 desit
2353 340 2542 412 gratiae
2589 340 2674 395 his
2718 339 2898 395 modis
2947 355 3086 412 quos
3131 338 3390 406 subdidit,
3443 348 3643 411 parata

322 430 617 498 justorum,
681 428 1022 501 Sanctusque
1082 436 1419 485 sanctorum.
1477 429 1547 482 Et
1592 427 1811 483 attende
1849 427 1939 485 hic

324 517 592 587 justitiam
641 526 695 574 et
742 516 1176 573 misericordiam
1214 515 1333 572 Dei.
1379 516 1596 572 Justitia
1644 524 1725 571 est
1770 516 1825 570 in
1871 532 1937 572 eo

328 606 477 679 quod
506 606 766 678 ﬂagellat.
801 605 1178 662 Misericordia
1196 621 1331 662 vero
1360 604 1416 660 in
1445 621 1511 660 eo
1544 605 1690 677 quod
1719 605 1933 676 recipit.

407 704 578 767 Vitas.
612 707 663 758 8.
694 733 764 743 —
792 704 933 775 Ergo
962 702 1235 759 adulteri.
1265 703 1411 758 Nota
1435 717 1545 758 non
1578 703 1704 771 jure
1748 701 1941 759 vocari

328 799 565 864 patrem,
600 790 693 864 qui
722 807 788 847 ex
812 791 1082 848 adulterio
1109 791 1381 865 genuerit,
1403 792 1533 865 quia
1553 791 1623 847 ab
1646 806 1713 848 eo
1743 791 1935 863 geniti,

327 895 439 936 non
470 879 725 935 dicuntur
754 879 852 935 ﬁlii
874 879 1128 953 legitimi.

399 969 572 1025 Vnus.
606 972 659 1025 9.
692 999 762 1010 —
792 971 1217 1027 Reverebamur.
1251 969 1514 1026 Revereri
1535 977 1619 1026 est
1641 985 1766 1025 cum
1788 969 1945 1024 timo-

344 1074 404 1114 re
422 1059 688 1114 honorem
709 1057 1052 1130 impendere.

401 1147 573 1202 Vans.
609 1150 696 1203 10.
721 1178 790 1188 -
818 1150 892 1203 Et
920 1149 1011 1204 illi
1041 1148 1286 1221 quidem.
1320 1146 1421 1203 Hic
1450 1146 1558 1203 alia
1588 1147 1728 1202 ratio
1758 1153 1941 1202 osten-

327 1235 492 1306 ditur,
526 1252 697 1307 quare
729 1237 1225 1308 obtemperandum
1253 1236 1322 1290 sit
1368 1237 1504 1291 Deo.
1555 1235 1638 1291 Ad
1685 1236 1743 1292 id
1790 1235 1937 1309 quod

323 1326 467 1381 utile
479 1328 584 1394 est,
603 1324 830 1391 scilicet,
851 1327 914 1380 in
933 1325 1266 1399 recipiendo
1283 1325 1739 1394 sanctiﬁcatione
1759 1326 1902 1395 ejus.

396 1413 567 1469 Vens.
604 1417 691 1469 11.
714 1444 783 1454 -
803 1415 1137 1486 Disciplina.
1162 1415 1290 1469 Haac
1306 1429 1487 1487 graece
1505 1413 1702 1468 dicitur
1735 1412 1942 1472 παιδεία

323 1507 379 1563 id
409 1515 511 1575 est,
536 1508 770 1564 eruditio
800 1526 900 1581 per
922 1509 1228 1578 molestias,
1281 1508 1502 1580 quando
1548 1525 1650 1579 pro
1698 1512 1943 1580 peccatis

322 1596 435 1651 suis
466 1596 615 1652 mala
643 1597 765 1669 quis
794 1597 1015 1669 patitur,
1051 1606 1109 1652 ut
1139 1598 1452 1670 corrigatur
1480 1604 1642 1668 prout
1675 1598 1764 1656 hic
1786 1599 1945 1655 intel-

2036 429 2182 485 enim
2214 438 2295 484 est
2324 430 2522 502 gratia,
2557 438 2611 485 et
2638 430 2745 485 hoc
2777 438 2890 485 est:
2917 430 3033 486 Non
3058 431 3212 485 enim
3232 431 3554 487 accessistis
3574 430 3651 486 ad

2038 519 2390 589 asperitatem
2420 518 2581 591 legis,
2615 534 2781 591 quam
2811 518 3093 584 describit,
3129 526 3184 572 ut
3227 527 3453 575 econtra
3478 519 3644 575 intel-

2037 606 2242 680 ligatur
2269 607 2510 662 suavitas
2532 607 2745 680 gratiee,
2765 624 2876 663 non
2896 607 2966 662 ad
2995 608 3203 680 ignem,
3245 607 3344 663 sed
3393 607 3467 663 ad
3515 607 3649 678 Spi-

2040 695 2204 751 ritum
2235 703 2503 763 sanctum,
2537 697 2630 769 qui
2658 704 2741 751 est
2766 695 2910 769 ignis
2941 711 3270 752 consumens
3297 703 3549 768 peccata,
3570 696 3645 752 ad

2041 802 2204 857 quem
2232 802 2344 840 non
2362 792 2514 841 motu
2532 785 2803 857 corporis,
2827 785 2925 840 sed
2947 785 3140 857 spiritu
3164 785 3292 840 itur.
3321 786 3641 842 Turbinem.

2040 874 2223 929 Turbo
2253 881 2334 929 est
2366 874 2447 931 vis
2477 882 2765 931 ventorum
2794 890 2918 929 cum
2947 873 3215 946 grandine
3245 881 3298 929 et
3338 873 3542 945 pluvia,
3595 882 3651 930 et

2043 962 2318 1036 significat
2345 963 2605 1034 impetum
2638 963 2894 1019 vitiorum
2924 980 3045 1035 quae
3090 979 3192 1034 per
3239 963 3423 1036 legem
3470 962 3654 1037 magis

2041 1052 2301 1107 damnata
2331 1060 2473 1106 sunt.
2509 1053 2619 1108 Sed
2646 1052 2811 1107 modo
2840 1052 3056 1108 venitur
3085 1051 3157 1107 ad
3183 1052 3535 1107 serenitatem
3554 1068 3655 1123 per

2043 1141 2279 1213 gratiam
2307 1140 2560 1210 Spiritus.
2590 1142 2921 1213 Caliginem.
2956 1142 3073 1196 Hoc
3093 1141 3246 1211 ponit
3266 1140 3392 1213 quia
3412 1142 3655 1196 obscura

2043 1229 2129 1285 lex
2159 1229 2275 1296 fuit,
2300 1229 2465 1284 modo
2487 1230 2638 1285 clara
2658 1230 3040 1303 intelligentia.
3066 1231 3408 1297 Procellam,
3437 1247 3563 1301 quae
3574 1237 3661 1285 est

2043 1319 2217 1387 major
2247 1335 2413 1390 quam
2436 1319 2615 1385 turbo,
2647 1326 2700 1373 et
2729 1327 2811 1373 est
2843 1325 3139 1390 tempestas
3170 1335 3293 1391 quae
3323 1334 3658 1391 quocunque

2043 1407 2291 1479 impellit.
2324 1408 2454 1463 Haec
2482 1414 2563 1463 est
2594 1408 2829 1488 servitus
2857 1407 3067 1478 peccati
3114 1407 3418 1463 secundum
3449 1423 3655 1478 opera-

2042 1497 2246 1552 tionem
2281 1512 2402 1569 quae
2428 1513 2529 1568 per
2558 1482 2743 1569 legem
2770 1497 3023 1551 trahebat
3049 1497 3334 1551 homines:
3368 1496 3534 1552 modo
3556 1512 3656 1552 au-

2044 1594 2155 1641 tem
2185 1594 2267 1641 est
2296 1585 2516 1657 requies
2548 1601 2581 1640 a
2610 1584 2755 1641 vitiis
2784 1584 3143 1656 imperfectis.

322 1682 530 1758 ligitur.
583 1687 680 1741 Est
729 1694 781 1741 et
826 1686 1116 1757 disciplina
1154 1702 1274 1758 quae
1307 1685 1537 1741 scientia
1566 1685 1785 1753 dicitur,
1821 1697 1873 1743 et
1904 1705 2009 1765 aB
2066 1763 2073 1765 _
2119 1676 2295 1765 VP“:
2326 1678 2501 1765 l91—
2526 1674 2684 1730 Tuba?
2705 1690 2926 1730 δοητινη·
2959 1674 3114 1765 Τιψξι
3140 1673 3498 1765 est_signum_
3527 1689 3657 1729 πῖθ’·

320 1773 585 1831 discendo
615 1790 815 1830 nomen
846 1775 1076 1846 accepit,
1111 1783 1164 1830 et
1192 1775 1386 1831 Graece
1422 1774 1686 1854 ἐπιστημὴ
1716 1776 1934 1833 dicitur.

394 1897 565 1952 Vens.
601 1900 687 1955 12.
719 1927 790 1937 -
836 1898 1054 1954 Manus.
1106 1899 1166 1953 Id
1216 1906 1299 1953 est
1328 1898 1586 1956 affectum
1634 1900 1933 1970 charitatis,

324 2001 433 2057 quo
454 1986 631 2041 Deum
660 1984 1166 2056 complectebamini
1198 1986 1345 2055 olim,
1376 1988 1577 2044 iterum
1597 1988 1791 2062 erigite
1814 2005 1936 2043 sur—

322 2089 445 2130 sum
476 2073 547 2129 ad
576 2074 780 2140 Deum;
814 2081 866 2129 et
894 2091 1100 2147 genua,
1132 2075 1189 2130 id
1238 2084 1321 2130 est
1357 2074 1753 2145 fortitudinem,
1815 2093 1937 2149 quas

324 2162 505 2219 soluta
533 2170 617 2219 est
645 2162 973 2234 refrigerata
1003 2163 1290 2220 charitate.

392 2279 567 2334 Vnus.
604 2282 690 2334 13.
713 2310 783 2321 -
815 2280 1065 2337 Gressus.
1099 2280 1169 2337 Ut
1189 2287 1375 2337 vestra
1404 2279 1541 2336 ﬁdes
1591 2288 1741 2338 recte
1780 2280 1937 2338 ince-

319 2367 433 2434 dat,
466 2366 775 2424 confitendo
807 2369 954 2447 quod
985 2369 1179 2435 credit,
1215 2370 1317 2426 etsi
1346 2385 1485 2442 opus
1528 2378 1611 2427 est
1641 2370 1927 2443 patiendo.

318 2456 478 2512 Fides
510 2464 659 2513 recte
688 2457 887 2513 dicitur
917 2473 1035 2528 pes,
1077 2458 1205 2530 quia
1234 2465 1409 2514 totum
1438 2466 1641 2530 portat.
1676 2461 1757 2513 Ita
1784 2474 1942 2535 gres_

318 2561 412 2600 sus
440 2552 641 2612 rectos,
674 2552 733 2600 ut
761 2562 871 2601 non
904 2545 1103 2617 aliquis
1127 2546 1309 2603 deviet
1342 2563 1376 2602 a
1400 2564 1534 2603 vera
1553 2547 1642 2603 via
1662 2545 1812 2614 ﬁdei,
1839 2547 1940 2607 sic.

316 2641 376 2688 ut
403 2633 494 2689 ille
525 2634 619 2706 qui
659 2634 912 2690 carnales
950 2620 1342 2691 \observantias
1393 2636 1608 2706 recipit,
1654 2651 1784 2691 nam
1831 2636 1938 2691 hoc

318 2730 402 2778 est
430 2738 643 2778 errare.
683 2724 752 2777 Et
784 2739 896 2783 non
917 2724 1207 2788 claudicet,
1234 2724 1372 2779 sicut
1394 2725 1485 2795 qui
1507 2725 1704 2779 timore
1716 2724 1937 2795 passio-

316 2810 403 2865 nis
432 2810 647 2881 titubat,
680 2812 778 2868 sed
816 2816 1071 2878 sanetur,
1126 2811 1171 2867 si
1221 2812 1422 2869 erravit
1470 2812 1558 2868 vel
1604 2812 1815 2879 timuit;
1850 2809 1937 2869 vel

317 2900 453 2957 recti
482 2917 728 2973 gressus,
763 2908 888 2955 sunt
917 2909 1068 2957 recta
1108 2900 1348 2957 intensio
1378 2901 1434 2955 in
1465 2901 1746 2972 operibus.

390 3007 559 3061 Vsus.
596 3009 680 3061 14.
714 3037 784 3047 —
828 3007 1300 3063 Sanctimoniam.
1369 3007 1432 3061 Id
1483 3014 1566 3062 est
1623 3006 1929 3063 castitatem

316 3093 515 3149 mentis
544 3102 598 3149 et
618 3094 898 3165 corporis;
931 3094 1104 3149 unde:
1136 3097 1296 3151 Beati
1323 3096 1535 3152 mundo
1564 3096 1746 3161 corde,
1776 3088 1913 3170 quo-

316 3184 477 3238 niam
497 3181 718 3253 (Matth.
738 3182 817 3254 v),
853 3190 957 3238 etc.
990 3183 1122 3239 Sine
1149 3200 1259 3256 qua
1287 3200 1451 3240 nemo
1479 3184 1687 3241 videbit
1712 3187 1910 3242 Deum.

312 3271 458 3326 Ecce
490 3270 766 3342 quomodo
796 3272 1058 3327 exterruit
1090 3279 1393 3328 amatorem
1429 3272 1577 3342 boni,
1610 3273 1665 3328 id
1695 3282 1795 3341 est,
1829 3274 1916 3330 vi-

316 3359 487 3415 sionis
517 3358 635 3414 Dei.
665 3360 791 3415 Non
817 3359 968 3429 dixit,
1002 3360 1058 3415 in
1103 3360 1291 3434 ignem
1318 3360 1594 3430 mittetur;
1628 3363 1736 3429 vel,
1770 3361 1916 3419 infa-

312 3446 628 3521 tigabilibus
643 3448 942 3504 tortoribus
970 3448 1190 3505 dabitur
1206 3449 1352 3524 (quae
1383 3458 1566 3508 tamen
1586 3467 1722 3508 vera
1743 3452 1913 3523 sunt),

312 3536 412 3592 sed
442 3536 632 3594 volens
658 3545 710 3593 te
739 3546 1043 3594 amatorem
1072 3538 1200 3595 boni
1247 3556 1389 3608 esse,
1441 3540 1500 3596 id
1540 3548 1640 3611 est,
1691 3540 1917 3598 visionis

316 3625 438 3693 Dei,
489 3641 600 3683 non
628 3625 1042 3684 formidatorem
1072 3628 1224 3700 mali,
1267 3628 1374 3685 ait:
1424 3632 1549 3686 sine
1598 3646 1709 3703 qua
1755 3646 1920 3687 nemo

314 3720 418 3771 etc.
450 3715 533 3770 Ex
561 3731 627 3771 eo
655 3715 775 3788 ipso
805 3716 951 3789 quod
969 3717 1272 3787 desideras,
1296 3725 1350 3773 te
1378 3726 1567 3773 terret.

391 3815 557 3878 Vsus.
583 3825 670 3879 15.
692 3854 763 3864 -
784 3824 1264 3897 Contemplantes,
1284 3832 1388 3882 etc.
1411 3826 1493 3881 Ne
1513 3824 1770 3881 dubitetis
1790 3841 1918 3897 pos-

316 3926 377 3966 se
398 3926 520 3966 esse
540 3918 653 3967 tam
672 3912 960 3983 patientes,
986 3912 1114 3985 quia
1135 3913 1315 3985 gratia
1334 3914 1435 3969 Dei
1456 3920 1660 3985 prmsto
1679 3921 1794 3981 est;
1820 3914 1918 3969 sed

313 4015 384 4055 ne
412 3999 602 4054 desitis
630 3999 700 4067 ei,
732 4002 838 4058 hoc
865 4001 1031 4057 modo
1051 4002 1278 4073 potestis
1300 4002 1538 4058 retinere
1560 4002 1819 4076 gratiam.
1840 4004 1916 4058 Ne

315 4104 427 4160 qua
454 4089 645 4159 radix,
668 4096 771 4145 etc.
794 4090 1097 4147 Delectatio
1126 4091 1338 4162 peccati
1365 4107 1497 4147 vere
1518 4091 1721 4147 dicitur
1756 4107 1915 4147 ama-

314 4175 515 4244 ritudo,
548 4185 603 4233 et
631 4177 757 4235 ideo
784 4179 1027 4235 vitanda.
1060 4179 1246 4237 Radix
1292 4181 1720 4247 amaritudinis,
1770 4181 1918 4236 mala

314 4265 594 4338 cogitatio,
629 4283 752 4338 quae
781 4283 893 4323 non
920 4267 1112 4324 dulces
1140 4267 1371 4335 fructus,
1404 4267 1459 4323 id
1487 4276 1571 4324 est
1599 4284 1790 4340 opera,
1817 4258 1917 4326 sed

313 4370 535 4411 amaros
563 4363 812 4428 generat,
849 4356 1046 4429 quibus
1063 4356 1357 4428 impeditur
1382 4357 1487 4412 iter
1516 4357 1588 4413 ad
1616 4358 1836 4414 coelum.

386 4471 558 4528 Vens.
585 4476 671 4528 16.
694 4504 763 4515 -
781 4473 860 4529 Ne
879 4474 1002 4545 quis
1020 4474 1356 4545 fornicator,
1381 4480 1486 4529 etc.
1511 4472 1609 4529 Hic
1629 4473 1908 4545 quomodo

316 4561 676 4634 contemplari
705 4563 960 4630 debeant,
993 4579 1062 4617 ne
1092 4577 1200 4634 qua
1220 4561 1375 4617 radix
1397 4562 1778 4617 amaritudinis
1799 4579 1923 4635 ger-

316 4649 505 4718 minet,
538 4651 775 4708 ostendit
803 4668 903 4724 per
933 4658 1118 4723 partes
1143 4651 1201 4706 in
1237 4651 1434 4724 quibus
1472 4651 1688 4723 aliquos
1716 4650 1787 4707 de
1814 4651 1921 4707 illis

314 4746 485 4794 notat.
519 4742 841 4797 Primitiva.
876 4740 975 4797 Vel
999 4740 1366 4814 primogenita
1386 4755 1505 4795 sua.
1533 4740 1813 4797 Primitive
1832 4740 1923 4796 hic

315 4828 555 4899 appellat
583 4831 849 4887 honorem
878 4837 932 4885 et
961 4829 1284 4902 dignitatem
1306 4829 1621 4897 sacerdotii,
1645 4829 1775 4901 quia
1795 4836 1922 4885 ante

314 4918 683 4975 sacerdotium
713 4922 918 4985 Aaron,
952 4934 1144 4974 omnes
1170 4918 1522 4990 primogeniti
1549 4926 1705 4974 erant
1736 4933 1922 4974 sacer-

315 5004 493 5073 dotes,
524 5006 665 5063 sicut
695 5006 793 5062 fuit
822 5007 978 5063 Sem:
1011 5014 1065 5062 et
1090 5008 1207 5064 haec
1239 5014 1358 5063 erat
1403 5022 1608 5079 magna
1648 5006 1918 5080 dignitas,

315 5092 444 5164 quia
472 5101 526 5150 et
552 5095 624 5151 de
653 5094 959 5151 substantia
988 5102 1041 5150 et
1071 5094 1141 5151 de
1164 5094 1484 5151 haereditate
1503 5102 1735 5168 paterna
1752 5096 1926 5165 majo-

314 5196 437 5236 rem
465 5183 774 5254 portionem
798 5183 1071 5240 sumebat.
1096 5183 1451 5257 Vestiumque
1471 5192 1669 5241 ornatu
1688 5184 1927 5256 locuple-

315 5269 427 5331 tior
463 5271 871 5345 resplendebat,
922 5273 1081 5346 eique
1128 5273 1437 5331 benedictio
1484 5274 1739 5330 dabatur.
1780 5274 1925 5331 Ecce

318 5380 483 5439 quam
510 5361 706 5435 procul
736 5378 770 5418 a
796 5362 1064 5436 religione
1106 5361 1203 5418 fuit
1244 5364 1413 5430 Esau,
1457 5361 1550 5435 qui
1594 5378 1696 5434 pro
1733 5369 1927 5419 ventre

317 5455 469 5512 dedit
497 5450 953 5510 benedictionem.
1017 5451 1182 5522 Cujus
1211 5451 1415 5509 factum
1441 5451 1567 5508 ideo
1587 5466 1924 5509 commemo-

319 5551 425 5611 rat,
456 5551 514 5601 ut
541 5543 860 5600 dehortetur
887 5540 957 5596 ab
987 5540 1132 5596 illius
1157 5539 1526 5597 similitudine.

389 5627 560 5685 Vnus.
596 5631 680 5684 18.
716 5658 785 5671 -
812 5627 932 5688 Non
961 5628 1116 5686 enim
1163 5627 1501 5685 accessistis.
1552 5624 1794 5694 Dixerat,
1841 5641 1923 5683 ne

2038 1763 2201 1819 tionis
2231 1762 2302 1818 ad
2329 1763 2555 1830 bellum,
2596 1771 2650 1818 et
2680 1771 2764 1818 est
2791 1770 2972 1819 motus
3001 1763 3379 1819 delectationis
3410 1763 3503 1836 qui
3533 1778 3647 1819 non

2037 1868 2138 1922 per
2158 1851 2361 1924 legem,
2387 1853 2485 1907 sed
2514 1869 2614 1923 per
2628 1852 2866 1925 gratiam
2896 1852 3277 1925 exstinguitur.
3310 1854 3501 1909 Vocem
3528 1869 3655 1909 ver-

2037 1941 2249 1996 borum.
2281 1941 2605 2009 Hujusmodi
2634 1957 2738 1997 vox
2770 1949 2851 1997 est
2882 1941 3022 2014 legis
3070 1941 3365 2012 praeceptio
3403 1948 3459 1996 et
3488 1956 3651 1996 com-

2036 2029 2281 2097 minatio,
2333 2047 2496 2101 quam
2535 2030 2770 2101 populus
2819 2046 3047 2101 gravem
3094 2030 3301 2101 putavit
3349 2037 3404 2084 et
3452 2027 3659 2084 intole-

2037 2117 2288 2186 rabilem,
2325 2118 2453 2191 quia
2483 2119 2603 2175 sola
2628 2119 2923 2191 praeceptio
2948 2126 3090 2199 erat,
3124 2118 3242 2174 sine
3270 2118 3447 2192 gratia
3478 2118 3646 2187 adju‘-

2038 2216 2222 2263 vante.

2108 2322 2278 2377 Vaas.
2303 2324 2391 2379 20.
2410 2351 2482 2362 —
2500 2322 2621 2379 Non
2641 2324 2795 2399 enim
2809 2322 3130 2395 portabant.
3155 2319 3297 2390 Quia
3317 2321 3434 2377 sine
3457 2322 3645 2394 gratia

2035 2409 2420 2466 insut’ﬁcientes
2447 2419 2605 2465 erant
2651 2409 2723 2466 ad
2773 2411 3116 2466 observanda
3162 2418 3457 2482 praecepta.
3493 2412 3565 2467 Et
3594 2413 3649 2467 si

2037 2500 2232 2567 bestia,
2264 2507 2367 2556 etc.
2401 2500 2558 2555 Mons
2577 2506 2661 2554 est
2686 2498 2969 2566 divinitas;
3016 2499 3207 2565 bestia,
3256 2498 3507 2555 defectus
3555 2516 3650 2557 ra-

2037 2587 2218 2655 tionis,
2252 2588 2400 2660 quod
2442 2596 2525 2644 est
2565 2588 2785 2660 quando
2835 2589 3062 2644 verbum
3107 2588 3463 2659 blasphemia
3503 2604 3642 2660 pro-

2036 2676 2208 2731 fertur
2236 2677 2292 2731 in
2320 2679 2515 2732 Deum.
2548 2679 2800 2750 Tangere
2831 2683 2914 2731 est
2945 2675 3244 2732 olfendere.
3278 2677 3479 2750 Tangit
3511 2694 3646 2751 ergo

2036 2773 2277 2821 montem
2323 2766 2517 2831 bestia,
2588 2766 2680 2838 qui
2739 2764 2965 2821 offendit
3023 2766 3199 2820 Deum
3255 2765 3605 2836 blasphemia
3629 2810 3642 2833 ,

2034 2870 2197 2926 quem
2228 2854 2473 2925 praecipit
2502 2854 2591 2910 lex
2621 2853 2738 2910 sine
2760 2853 3141 2910 misericordia
3160 2853 3435 2925 lapidari;
3472 2855 3573 2911 sed
3595 2855 3651 2910 in

2032 2943 2300 3010 Ecclesia,
2333 2943 2380 2999 si
2408 2943 2521 2999 vult
2551 2943 2772 3010 reverti,
2804 2942 3236 2999 misericorditer
3263 2943 3580 3014 suscipitur.

1971 3066 2021 3129 Ο
2098 3059 2268 3115 Vnus.
2300 3062 2390 3117 22.
2422 3089 2491 3100 -
2519 3059 2625 3115 Sed
2645 3061 2982 3117 accessistis.
3016 3061 3097 3115 Ex
3126 3058 3507 3131 superioribus
3526 3060 3633 3115 ista

2015 3149 2273 3220 pendent,
2304 3148 2398 3203 ubi
2426 3148 2556 3204 dicit
2611 3147 2683 3204 ad
2713 3165 2836 3220 quae
2856 3148 3190 3205 accesserint
3220 3156 3343 3220 post
3376 3148 3636 3206 remotio-

2013 3253 2138 3293 nem
2168 3236 2405 3303 illorum,
2435 3245 2487 3291 et
2526 3253 2637 3292 non
2665 3237 2818 3308 ponit
2849 3237 3124 3293 contraria
3172 3253 3363 3293 eorum
3392 3254 3518 3310 quae
3554 3255 3623 3294 ex

2012 3322 2265 3397 opposito
2296 3325 2696 3399 intelliguntur,
2730 3326 2869 3382 sicut
2920 3342 3091 3397 supra
3131 3326 3470 3399 assignatum
3518 3336 3622 3396 est,

2016 3415 2112 3470 sed
2141 3414 2377 3485 primum
2406 3415 2554 3487 quod
2582 3431 2650 3470 ex
2679 3413 2759 3471 eis
2790 3414 3058 3486 sequitur,
3093 3423 3150 3471 ut
3180 3431 3281 3487 per
3308 3417 3414 3472 hoc
3444 3417 3625 3491 magis

2014 3503 2238 3559 suadeat
2265 3504 2555 3558 tenendam
2586 3519 2708 3562 esse
2738 3504 2994 3576 gratiam.
3029 3504 3113 3560 Ad
3144 3504 3298 3561 Sion.
3325 3504 3387 3560 Id
3410 3513 3515 3571 est,
3553 3505 3627 3562 ad

2015 3608 2111 3648 eos
2141 3592 2233 3665 qui
2263 3593 2319 3647 in
2356 3592 2467 3648 alto
2512 3591 2865 3663 speculantur
2913 3594 3110 3659 Deum,
3155 3594 3304 3665 quod
3354 3592 3634 3665 speculari

2014 3689 2098 3737 est
2123 3697 2387 3754 magnum
2434 3681 2739 3753 praemium.
2780 3683 2853 3737 Et
2879 3683 3173 3738 civitatem
3202 3682 3447 3739 Dei.Hoc
3464 3682 3629 3751 dicit,

2016 3770 2145 3843 quia
2169 3772 2316 3826 Deus
2336 3770 2392 3824 in
2420 3769 2501 3826 eis
2528 3770 2734 3825 habitat
2763 3770 2983 3843 quando
3015 3786 3113 3826 eos
3128 3769 3410 3840 justiﬁcat.

2088 3887 2258 3941 Vens.
2283 3890 2373 3944 23.
2398 3916 2468 3928 —
2489 3885 2595 3954 Qui
2615 3887 2924 3958 conscripti
2951 3889 3111 3942 sunt.
3139 3884 3313 3954 Quasi
3332 3886 3482 3942 dicat
3509 3902 3523 3941 :
3550 3886 3635 3942 Ne

2014 3973 2271 4030 dubitetis
2301 3974 2372 4030 ad
2400 3975 2631 4047 angelos
2652 3974 2967 4047 pervenire,
3001 3973 3131 4046 quia
3161 3975 3333 4031 vestri
3360 3983 3621 4032 anteces-

2016 4080 2172 4119 sores
2202 4071 2588 4135 pervenerunt,
2619 4072 2672 4118 et
2700 4064 2805 4119 hoc
2834 4071 2916 4120 est
2941 4080 2954 4118 :
2981 4063 3086 4132 Qui
3114 4066 3429 4137 conscripti
3457 4069 3621 4130 sunt,

2016 4152 2073 4207 id
2101 4159 2201 4218 est,
2235 4168 2360 4207 cum
2383 4152 2462 4207 eis
2490 4152 2583 4224 qui
2604 4152 2659 4206 in
2687 4152 2841 4209 cmlis
2871 4160 3015 4220 sunt,
3057 4153 3247 4224 scripti
3271 4160 3418 4221 sunt,
3454 4153 3513 4209 id
3543 4161 3625 4209 est

2019 4240 2077 4295 in
2107 4256 2301 4297 eorum
2331 4241 2526 4298 ordine
2556 4248 2702 4297 sunt.

2090 4357 2260 4412 Vnus.
2284 4360 2373 4413 26.
2395 4387 2464 4397 —
2483 4357 2677 4413 Adhuc
2697 4357 2893 4423 semel,
2912 4364 3020 4413 etc.
3055 4355 3227 4426 Quasi
3258 4355 3407 4412 dicat
3454 4373 3468 4412 :
3515 4357 3639 4411 Jam

1943 4430 1996 4491 D
2021 4445 2239 4502 fuerunt
2266 4452 2434 4512 mota,
2466 4445 2564 4500 sed
2592 4446 2773 4501 adhuc
2816 4446 3051 4502 movebo
3088 4463 3101 4499 :
3137 4463 3239 4517 per
3266 4446 3443 4502 semel
3487 4457 3617 4501 nota

2017 4535 2164 4607 quod
2193 4535 2422 4590 ulterius
2451 4551 2562 4589 non
2590 4542 2715 4589 sunt
2744 4535 3037 4590 movenda.
3060 4534 3167 4590 Sed
3193 4537 3371 4591 etiam
3435 4536 3637 4591 caelum

2015 4624 2163 4696 quod
2175 4623 2400 4678 inferius
2421 4623 2740 4692 est,sci1icet
2761 4640 2984 4680 aereum
3010 4640 3022 4679 :
3049 4623 3195 4679 unde
3215 4623 3477 4680 dicuntur
3498 4639 3628 4680 aves

2019 4712 2164 4769 caeli.
2196 4712 2363 4768 Totus
2394 4719 2579 4768 autem
2609 4728 2749 4783 pene
2777 4728 2872 4768 aer
2894 4712 2995 4768 iste
3016 4721 3296 4779 ventosus,
3324 4729 3492 4785 quem
3522 4728 3630 4768 cas-

2019 4802 2134 4857 lum
2160 4801 2248 4858 vel
2274 4801 2444 4858 coelos
2483 4801 2762 4872 Scriptura
2830 4810 2991 4858 vocat
3025 4818 3038 4857 :
3072 4801 3209 4858 istos
3261 4801 3450 4874 utique
3502 4802 3638 4858 imos

2016 4906 2127 4945 non
2151 4890 2276 4945 illos
2306 4906 2593 4961 supremos
2624 4890 2741 4962 (ubi
2772 4890 2854 4946 sol
2884 4899 2939 4945 et
2968 4890 3101 4945 luna
3130 4899 3184 4946 et
3217 4890 3402 4946 sidera
3432 4890 3631 4947 consti-

2017 4986 2134 5034 tuta
2164 4978 2311 5048 sunt)
2355 4978 2485 5035 dicit
2528 4978 2617 5034 hic
2666 4978 2951 5050 Scriptura
3000 4979 3325 5045 movendos,
3376 4986 3431 5034 et
3481 4978 3631 5045 alibi,

2019 5067 2314 5139 perituros,
2345 5075 2572 5139 propter
2602 5082 2862 5141 magnam
2905 5067 2989 5123 sui
3040 5068 3337 5141 quamdam
3382 5082 3630 5125 commu-

2022 5156 2319 5212 tationem.

2093 5271 2265 5327 Vens.
2295 5272 2383 5328 27.
2404 5300 2475 5311 —
2504 5270 2636 5339 Quae
2672 5275 2811 5328 sunt
2854 5272 3187 5329 immobilia.
3233 5270 3405 5342 Quasi
3442 5270 3633 5328 dicat:

2026 5360 2087 5415 Id
2112 5358 2358 5431 profecto
2390 5366 2533 5426 sunt,
2567 5360 2695 5433 quia
2721 5360 2986 5432 quidquid
3027 5368 3187 5416 erunt
3213 5360 3302 5417 vel
3330 5360 3387 5415 in
3417 5360 3628 5432 princi-

2023 5447 2238 5520 palibus
2268 5447 2536 5515 essentiis,
2569 5448 2657 5504 vel
2682 5449 2737 5504 in
2766 5447 2957 5504 formis
3004 5448 3344 5506 extrinsecus
3373 5449 3627 5521 sumptis,

2028 5536 2329 5593 secundum
2356 5536 2413 5591 id
2438 5537 2739 5593 immobilia
2769 5546 2948 5593 erunt.

2099 5627 2268 5688 Vsus.
2301 5629 2389 5684 28.
2415 5656 2483 5669 --
2513 5627 2703 5699 Itaque
2728 5642 2964 5699 regnum
2985 5626 3285 5684 immobile.
3310 5624 3457 5695 Quia
3478 5625 3626 5682 Deus
