3964 6178
205 321 315 374 669

1043 316 1316 374 GLOSSA
1343 317 1752 376 ORDINARIA.
1781 346 1844 360 —
1882 317 2099 374 EPIST.
2142 319 2236 374 AD
2268 319 2472 376 HEBR.

3401 330 3504 385 670

199 442 406 499 malum
436 449 491 498 et
529 449 732 498 terram
762 441 1096 498 immobilem
1139 442 1420 513 promittit,
1470 451 1617 514 patet
1662 443 1886 516 quodA
1919 460 2152 514 corpora
2209 444 2519 498 animalium
2581 453 2726 500 extra
2796 454 2974 503 castra
3054 456 3364 505 cremantur
3390 494 3402 517 ,
3465 460 3518 507 et

198 531 480 586 habemus
512 531 763 604 gratiam,
801 530 916 587 sine
961 547 1068 603 qua
1098 547 1207 586 non
1262 548 1550 602 possemus
1581 533 1651 587 ad
1682 533 1814 588 illud

203 619 548 691 promissum
577 618 887 691 pervenire,
921 620 1020 674 sed
1048 637 1145 690 per
1171 636 1294 675 eam
1327 621 1652 691 suscipimus
1682 621 1814 676 illud

209 725 453 781 regnum
480 707 778 774 immobile,
813 716 872 763 ut
898 708 1021 764 ideo
1048 709 1229 763 nullus
1258 708 1398 764 desit
1429 709 1643 782 gratiae.

282 799 602 852 Habeamus
629 798 898 868 gratiam.
917 797 978 852 Id
998 805 1100 864 est,
1123 796 1307 866 fidem,
1333 814 1485 868 spem
1508 805 1560 852 et
1581 797 1816 853 charita-

206 893 324 940 tem
352 885 411 940 in
443 892 633 940 sancta
664 885 1019 956 operatione;
1051 884 1172 940 vel:
1193 887 1503 942 Habeamus
1545 887 1810 959 gratiam,

209 974 271 1028 id
302 981 407 1040 est,
446 973 646 1046 gratias
676 989 902 1044 agamus
931 975 999 1028 de
1026 974 1298 1040 omnibus,
1330 991 1440 1030 non
1469 963 1815 1030 murmuran-

207 1070 292 1118 tes
327 1061 382 1116 in
414 1062 617 1134 aliquo,
651 1061 774 1134 quia
803 1061 881 1118 sic
908 1062 1049 1117 bene
1080 1063 1312 1118 servitur
1359 1065 1493 1120 Deo.

284 1151 465 1205 Vens.
501 1155 589 1208 29.
623 1179 694 1190 -
725 1153 868 1206 Deus
911 1155 1104 1207 noster
1145 1153 1312 1222 ignis.
1365 1152 1424 1206 ld
1455 1161 1538 1208 est
1587 1153 1817 1224 Spiritus

207 1247 463 1305 sanctus,
498 1239 590 1311 qui
605 1247 689 1295 est
710 1239 912 1294 donum
933 1247 987 1295 et
1005 1239 1178 1312 gratia
1196 1240 1306 1308 illa,
1332 1240 1455 1312 quia
1472 1242 1631 1297 nobis
1646 1242 1817 1316 gratis

206 1327 397 1382 datus.

791 1467 1016 1524 CAPUT
1053 1468 1202 1524 XIII.

289 1609 466 1663 Vens.
502 1612 553 1674 1,
586 1611 638 1665 2.
671 1637 740 1649 -
774 1608 1054 1665 Charitas.
1105 1609 1187 1664 Ab
1229 1609 1334 1666 hoc
1375 1609 1495 1666 loco
1537 1611 1819 1668 moraliter

210 1697 440 1752 instruit
470 1696 786 1768 Apostolus,
839 1698 993 1768 quasi
1035 1697 1241 1753 diceret
1264 1717 1278 1753 :
1303 1697 1443 1767 Quia
1472 1701 1712 1755 charitas
1737 1709 1819 1756 est

209 1787 487 1856 habenda,
505 1787 624 1857 ipsa
634 1794 852 1842 maneat
863 1787 919 1840 in
930 1787 1104 1851 vobis,
1120 1795 1171 1842 et
1185 1787 1630 1860 hospitalitatem
1641 1793 1819 1847 nolite
1850 1802 1903 1860 Β

207 1877 492 1932 oblivisci.
525 1879 635 1931 Per
656 1877 801 1932 hanc
830 1878 985 1931 enim
1013 1877 1240 1948 quidam
1273 1877 1586 1943 latuerunt,
1611 1887 1668 1932 ut
1685 1881 1819 1934 Loth

208 1965 477 2020 nesciens
529 1980 652 2020 esse
703 1964 950 2036 angelos,
1007 1965 1186 2020 sciens
1241 1973 1424 2020 tamen
1471 1966 1594 2037 quis
1645 1967 1700 2021 in
1740 1968 1820 2024 eis

211 2061 386 2109 esset.

289 2169 468 2223 Vens.
502 2171 554 2222 3.
586 2197 657 2208 -—-
693 2169 978 2240 Tanquam
1005 2167 1179 2232 simul
1228 2169 1425 2233 vincti,
1460 2168 1517 2223 id
1546 2175 1651 2236 est,
1684 2168 1820 2223 sicut

207 2257 376 2313 vobis
406 2255 602 2312 vinctis
631 2256 838 2312 velletis
870 2255 1167 2324 subveniri,
1201 2257 1289 2312 vel
1316 2257 1708 2312 laborantibus.

286 2372 470 2426 Vsus.
510 2374 561 2426 5.
593 2400 664 2412 —-
691 2372 820 2427 Sint
865 2388 1068 2428 mores.
1127 2373 1416 2442 Postquam
1449 2387 1547 2427 sua
1604 2371 1818 2428 Hebraei

210 2461 594 2532 perdiderant,
654 2460 911 2515 volebant
967 2460 1160 2514 iterum
1244 2476 1628 2533 congregare:
1675 2463 1818 2532 quod

209 2550 516 2620 Apostolus
549 2549 821 2619 prohibet.
860 2549 967 2604 Sed
999 2565 1067 2603 ne
1096 2549 1371 2605 dicerent:
1401 2549 1540 2617 Quid
1561 2551 1607 2604 si
1627 2566 1818 2606 neces-

211 2640 362 2693 saria
385 2638 721 2693 defecerint?
735 2638 917 2692 subdit
929 2637 1372 2693 consolationem.
1397 2641 1529 2694 Sine
1549 2641 1814 2695 avaritia.

212 2731 429 2783 Avarus
460 2727 658 2798 estqui
707 2733 862 2781 tenax
912 2735 994 2782 est
1043 2727 1095 2781 in
1138 2727 1442 2799 largiendo,
1493 2727 1720 2798 cupidus
1764 2729 1819 2783 in

213 2816 562 2887 accipiendo.
612 2817 732 2872 Non
761 2821 815 2871 te
863 2816 1135 2872 deseram.
1186 2817 1302 2872 Hoc
1333 2818 1480 2871 Deus
1509 2817 1640 2872 dicit
1671 2817 1818 2871 omni

213 2905 463 2976 speranti
492 2907 548 2960 in
577 2921 655 2973 se,
691 2905 830 2960 sicut
858 2906 1040 2973 Josue,
1063 2905 1135 2959 ita
1163 2914 1245 2960 est
1273 2906 1576 2971 nobiscum,
1601 2910 1666 2962 ut
1695 2924 1819 2962 con-

211 2995 468 3062 ﬁdenter
496 2995 771 3060 dicamus,
805 3002 909 3049 etc.
943 2995 1125 3066 Neque
1146 2995 1554 3066 derelinquam.
1579 2994 1821 3050 Derelin-

214 3091 484 3155 queretur
510 3083 600 3154 qui
632 3082 775 3137 fame
803 3082 1003 3154 periret
1026 3099 1039 3136 :
1062 3082 1159 3137 sed
1189 3083 1316 3154 quia
1343 3084 1444 3138 hoc
1474 3099 1582 3138 non
1615 3091 1714 3149 est,
1749 3100 1818 3138 ne

214 3171 285 3226 sit
307 3173 478 3226 homo
503 3171 754 3241 cupidus.

286 3261 467 3314 Vens.
503 3263 554 3323 6,
587 3289 656 3299 —
685 3261 806 3316 Non
829 3259 1046 3325 timebo,
1076 3266 1177 3314 etc.
1213 3259 1386 3314 Homo
1416 3259 1594 3313 omnis
1624 3260 1820 3340 adver-

215 3349 419 3416 sarius,
453 3347 614 3402 etiam
645 3347 914 3413 diabolus,
952 3347 1046 3418 qui
1087 3348 1250 3402 homo
1281 3347 1350 3402 ab
1380 3345 1576 3418 officio,
1612 3364 1676 3405 eo
1708 3348 1820 3405 sci-

214 3437 347 3493 licet
379 3437 525 3508 quod
549 3436 823 3490 hominem
853 3435 1106 3507 decipiat.

292 3526 470 3581 Vens.
504 3527 563 3579 ’7.
599 3555 669 3566 -—
693 3526 1045 3591 Mementote,
1080 3531 1181 3580 etc.
1217 3522 1359 3592 Quia
1386 3523 1611 3596 longum
1641 3533 1724 3581 est
1753 3526 1822 3581 de

219 3614 461 3686 singulis
488 3613 690 3681 dicere,
719 3620 904 3668 monet
933 3611 1089 3684 sequi
1117 3613 1429 3684 magistros.

289 3729 468 3787 Vens.
503 3732 554 3783 8.
586 3758 655 3767 —
683 3729 841 3784 Iesus
877 3727 1152 3794 Christus,
1207 3736 1314 3783 etc.
1348 3729 1463 3783 Hoc
1492 3727 1727 3798 pertinet
1755 3729 1824 3783 ad

222 3818 571 3889 superiorem
594 3816 935 3883 sententiam,
951 3816 1044 3870 ubi
1064 3823 1290 3871 testatus
1303 3823 1386 3871 est
1400 3817 1571 3870 Deum
1587 3817 1789 3872 dixisse
1806 3835 1819 3872 :

222 3908 347 3962 Non
372 3909 428 3960 te
441 3905 717 3975 deseram,
742 3922 919 3978 neque
935 3905 1345 3977 derelinquam.
1366 3905 1579 3960 Poterat
1601 3905 1746 3959 enim
1766 3906 1824 3960 il-

215 3994 287 4050 lis
322 3993 515 4063 videri,
551 3995 697 4066 quod
724 3995 841 4049 haec
870 3993 1157 4064 promissio
1179 3993 1247 4048 ad
1266 3995 1429 4049 Josue
1458 4001 1662 4048 tantum
1695 4011 1822 4065 per-

223 4083 441 4148 tineret,
476 4082 546 4137 ad
577 4083 721 4154 quod
751 4083 1062 4152 respondet,
1099 4083 1242 4153 quod
1263 4088 1313 4137 et
1336 4097 1436 4136 nos
1459 4083 1665 4151 juvabit
1688 4083 1825 4138 sicut

211 4171 356 4241 juvit
388 4170 559 4224 illum.
616 4170 784 4240 Quasi
811 4171 968 4225 :Non
997 4179 1081 4225 est
1127 4171 1503 4237 dubitandum,
1555 4171 1683 4241 quia
1734 4170 1824 4242 qui

223 4259 366 4327 heri,
401 4259 457 4313 id
487 4268 570 4314 est
600 4259 654 4313 in
677 4258 969 4330 praeterito,
1004 4259 1207 4329 adjuvit
1235 4261 1420 4325 Josue,
1453 4259 1632 4328 hodie,
1667 4259 1720 4313 id
1741 4267 1825 4315 est

223 4348 279 4402 in
312 4348 592 4419 prasenti,
627 4349 844 4418 adjuvat
873 4355 925 4404 et
956 4348 1230 4417 adjuvabit
1256 4347 1467 4404 futuros
1499 4364 1600 4420 per
1643 4348 1826 4404 omnia

227 4436 450 4493 saecula.

294 4536 469 4591 Vnus.
497 4536 582 4588 10.
617 4563 685 4573 —
704 4533 978 4588 Habe-mus
1000 4533 1202 4598 altare,
1228 4540 1331 4589 etc.
1351 4533 1474 4588 Non
1495 4534 1822 4589 studendum
1846 4524 1899 4583 D

223 4623 390 4688 escis,
425 4621 550 4693 quia
577 4621 843 4676 habemus
871 4621 1057 4686 altare,
1089 4621 1143 4675 id
1174 4629 1257 4675 est
1287 4637 1487 4694 corpus
1517 4622 1736 4692 Christi,
1764 4623 1820 4676 in

227 4713 336 4767 ﬁde
393 4710 550 4779 cujus
603 4710 796 4765 oblatae
837 4725 1031 4780 preces
1062 4717 1114 4764 et
1142 4711 1486 4780 operationes
1546 4719 1669 4765 sunt
1723 4725 1820 4766 ac-

226 4807 402 4871 cepta
430 4801 567 4865 Deo,
601 4799 667 4854 de
699 4815 802 4871 quo
832 4798 992 4853 edere
1023 4815 1140 4853 non
1173 4799 1398 4866 habent,
1431 4801 1820 4854 etc.Taberna-

227 4891 376 4955 culo,
419 4896 522 4943 etc.
545 4887 604 4942 Id
615 4893 716 4955 est,
732 4887 1092 4942 observantiis
1103 4887 1264 4959 legis,
1279 4894 1335 4941 ut
1347 4888 1438 4958 qui
1451 4887 1602 4943 cibos
1619 4888 1822 4943 discer-

227 4985 366 5033 nunt
397 4984 450 5032 et
480 4976 580 5030 alia
611 4975 920 5045 hujusmodi
945 4975 1148 5046 legalia
1178 4984 1415 5042 servant,
1449 4993 1570 5048 quae
1599 4977 1819 5032 nomine

228 5064 569 5121 tabernaculi
599 5064 793 5136 signat,
841 5064 970 5135 quia
998 5065 1067 5119 ad
1098 5070 1309 5135 tempus
1354 5072 1478 5120 sunt
1525 5065 1773 5136 imposita
1807 5084 1822 5132 ;

230 5155 336 5222 vel,
379 5162 623 5209 nostrum
678 5169 878 5224 corpus
937 5160 1080 5209 recte
1135 5153 1332 5208 dicitur
1386 5154 1816 5220 tabernaculum,

231 5243 358 5316 quia
387 5243 456 5298 ad
475 5249 687 5313 tempus
707 5242 762 5296 in
784 5258 848 5297 eo
877 5243 1341 5308 manendum-est,
1375 5251 1428 5298 et
1450 5242 1572 5299 ideo
1602 5259 1711 5299 non
1743 5251 1825 5299 est

231 5332 283 5388 ei
311 5331 681 5388 serviendium
722 5330 777 5384 in
807 5331 1112 5387 desideriis.

302 5439 472 5494 Vrsas.
507 5441 592 5491 11.
625 5467 694 5478 —
725 5437 970 5504 Quorum
992 5438 1163 5503 enim,
1191 5446 1291 5493 etc.
1316 5437 1418 5492 Per
1447 5437 1716 5509 duplicem
1740 5438 1824 5493 al-

231 5526 514 5599 legoriam,
567 5541 795 5597 quarum
845 5541 952 5580 una
993 5534 1075 5580 est
1104 5526 1335 5593 Veteris,
1371 5534 1423 5580 et
1468 5527 1636 5581 altera
1685 5527 1824 5582 Novi

235 5615 582 5682 Testamenti,
618 5614 808 5685 probat
836 5628 1033 5685 corpus
1075 5614 1269 5670 Christi
1299 5631 1407 5670 non
1450 5632 1601 5671 essse
1652 5616 1824 5671 eden-

241 5703 366 5758 dum
396 5703 466 5758 ab
493 5702 580 5760 bis
600 5703 692 5776 qui
717 5701 1064 5761 tabernaculo
1093 5703 1422 5761 deserviunt.
1446 5705 1529 5762 Ad
1549 5706 1656 5762 hoc
1685 5704 1827 5763 enim

1842 3164 1891 3226 C

1913 541 2208 603 propterea
2238 533 2483 587 Christus
2515 541 2661 587 extra
2690 543 2906 604 portam
2935 553 3130 606 passus
3161 547 3263 602 est,
3295 547 3352 593 ut
3385 554 3504 607 nos,

1915 621 2007 691 qui
2038 637 2266 691 corpore
2297 630 2348 676 et
2379 622 2647 694 sanguine
2678 623 2796 691 ejus
2815 640 2844 677 a
2864 625 3106 694 peccatis
3139 627 3388 683 mundari
3418 645 3515 684 vo-

1912 708 2110 776 lumus,
2145 708 2474 780 improperia
2505 718 2557 764 et
2589 711 2868 782 angustias
2898 713 3136 782 passuri,
3176 714 3512 773 tabernaculi

1916 796 2141 852 delicias
2162 797 2501 854 deseramus.
2517 799 2887 855 Animalium.
2910 800 3156 856 Christus
3176 819 3276 874 per
3295 803 3388 859 illa
3405 805 3518 861 ani-

1915 885 2080 939 malia
2110 885 2539 958 signiﬁcabatur.

1987 1000 2158 1056 Vnus.
2194 1004 2278 1056 12.
2313 1032 2382 1042 -
2412 1005 2661 1058 Portam.
2713 1003 2879 1059 Porta
2924 1005 3154 1061 civitatis
3201 1015 3284 1063 est
3316 1025 3511 1064 sensus

1916 1089 2183 1159 corporis,
2215 1089 2272 1142 in
2303 1107 2528 1160 quorum
2559 1091 2705 1145 nullo
2737 1092 2983 1148 Christus
3013 1097 3256 1165 peccavit
3280 1115 3293 1150 :
3317 1105 3370 1151 et
3391 1097 3515 1153 ideo

1917 1185 2069 1231 extra
2111 1194 2323 1247 passus.
2371 1179 2438 1233 Et
2486 1196 2586 1234 nos
2633 1181 2772 1235 ostio
2822 1198 3081 1238 sensuum
3122 1184 3264 1240 vitiis
3308 1185 3510 1249 clauso,

1917 1274 2072 1321 extra
2100 1266 2384 1336 patiamur.

1988 1381 2162 1434 Vnus.
2197 1384 2284 1435 15.
2317 1411 2386 1421 -—
2415 1385 2522 1438 Per
2548 1384 2735 1455 ipsum
2754 1400 2902 1456 ergo.
2929 1385 3037 1454 Qui
3061 1394 3142 1442 est
3162 1388 3320 1443 nobis
3349 1389 3454 1457 via,
3481 1405 3515 1446 a

1920 1484 2027 1540 quo
2076 1469 2337 1524 sumimus
2387 1472 2714 1543 exemplum,
2748 1475 2816 1528 ad
2845 1476 3160 1546 martyrium
3208 1493 3512 1534 curramus.

1922 1558 2356 1628 Conﬁdentium.
2397 1560 2558 1631 (Anc.
2587 1562 2605 1631 )
2636 1563 2783 1634 Ergo
2823 1563 2913 1634 qui
2957 1565 3155 1620 timetis
3202 1567 3511 1634 Dominum,

1919 1645 2137 1702 laudate
2168 1664 2308 1715 eum,
2339 1656 2464 1713 etc.,
2486 1666 2658 1721 usque
2680 1652 2752 1705 ad
2769 1652 2922 1720 cujus
2942 1652 3231 1709 invisibilis
3265 1654 3515 1712 sacriﬁCii

1919 1733 2048 1788 illud
2079 1735 2292 1792 visibile
2323 1754 2536 1793 sacrum
2567 1738 2784 1810 signum
2813 1748 2946 1795 erat.

1996 1849 2164 1904 Vens.
2226 1853 2311 1904 16.
2345 1881 2414 1891 —
2443 1853 2861 1919 Beneﬁcentire.
2927 1855 3200 1911 Evacuata
3249 1857 3518 1913 sententia

1919 1952 2209 2006 pravorum
2230 1939 2298 1993 de
2331 1941 2477 2010 gula,
2511 1939 2647 1994 redit
2676 1943 2746 1995 ad
2777 1957 2977 1997 mores.
3014 1945 3429 2014 Beneﬁcentire,
3460 1946 3516 2000 id

1921 2034 2022 2094 est,
2076 2025 2343 2098 largitatis
2393 2028 2448 2082 in
2497 2029 2652 2084 alios.
2684 2031 2752 2083 Et
2781 2029 2826 2083 si
2875 2040 3053 2086 vestra
3102 2034 3408 2088 substantia
3451 2034 3520 2089 sit

1920 2114 2118 2180 ablata,
2153 2122 2336 2170 tamen
2366 2132 2431 2172 ex
2467 2118 2552 2172 his
2586 2135 2707 2189 qum
2729 2119 2938 2174 habetis
2970 2120 3344 2192 eleemosynas
3371 2122 3515 2178 date.

1920 2202 2036 2258 Hoc
2073 2219 2237 2274 supra
2273 2205 2485 2260 dixerat
2508 2223 2522 2260 :
2544 2207 2663 2262 Non
2693 2208 3011 2264 deserentes
3033 2211 3442 2267 collectionem.

1991 2318 2160 2374 Vnus.
2220 2322 2304 2374 17.
2339 2351 2406 2360 —
2442 2323 2504 2378 Ut
2560 2339 2690 2377 cum
2736 2323 2960 2394 gaudio.
2997 2324 3277 2380 Faciamus
3331 2326 3516 2398 utique

1921 2405 2024 2460 ista
2054 2423 2175 2462 cum
2206 2410 2426 2480 gaudio,
2463 2411 2678 2481 quando
2707 2411 2956 2466 videmus
2985 2413 3234 2468 homines
3254 2414 3517 2485 proﬁcere

1921 2494 1974 2548 in
2009 2497 2192 2550 verbis
2221 2498 2345 2551 Dei.
2381 2500 2530 2554 Tunc
2562 2499 2704 2552 enim
2737 2515 2858 2554 cum
2910 2501 3109 2571 gaudio
3141 2503 3352 2558 laborat
3380 2519 3518 2575 ope-

1920 2584 2094 2639 rarius
2120 2585 2172 2639 in
2204 2587 2376 2658 agris,
2411 2587 2624 2658 quando
2656 2589 2881 2643 attendit
2920 2590 3164 2660 arbores,
3199 2600 3251 2645 et
3284 2591 3519 2648 fructum

1920 2672 2099 2739 videt;
2125 2676 2342 2745 quando
2374 2676 2600 2729 attendit
2631 2685 2895 2748 segetem,
2930 2686 2983 2733 et
3011 2678 3158 2733 videt
3192 2680 3516 2738 ubertatem.

1921 2762 2070 2817 Tunc
2098 2762 2352 2835 intelligit
2380 2765 2523 2833 quod
2553 2779 2662 2818 non
2708 2765 2825 2820 sine
2873 2782 3036 2821 causa
3082 2767 3361 2835 laboravit,
3410 2785 3519 2825 non

1922 2849 2039 2904 sine
2070 2866 2236 2906 causa
2271 2852 2493 2906 dorsum
2528 2854 2784 2918 curvavit,
2820 2871 2928 2909 non
2957 2855 3074 2910 sine
3117 2873 3281 2912 causa
3328 2874 3521 2913 manus

1920 2938 2140 3005 attrivit,
2173 2956 2282 2994 non
2317 2941 2433 2995 sine
2468 2958 2628 2996 causa
2667 2941 2842 3015 frigus
2878 2951 3151 3016 aestusque
3174 2945 3446 3002 toleravit.

1993 3029 2112 3084 Non
2143 3031 2370 3102 expedit
2401 3031 2544 3085 vobis
2587 3031 2709 3086 Non
2753 3031 2916 3088 dico:
2977 3050 3087 3088 non
3137 3035 3354 3105 expedit
3394 3035 3522 3103 illis,

1922 3115 2045 3187 quia
2074 3117 2239 3171 etiam
2269 3117 2377 3171 illis
2420 3120 2644 3189 prodest
2689 3119 2893 3174 tristari
2939 3121 3007 3176 de
3042 3122 3218 3177 vobis.
3269 3123 3410 3178 Nam
3444 3124 3522 3180 illi

1921 3205 2218 3276 praepositi,
2267 3207 2485 3277 quando
2542 3209 2926 3263 contristantur
2984 3210 3052 3264 de
3100 3211 3257 3265 malis
3304 3212 3521 3279 vestris,

1923 3293 2142 3364 expedit
2181 3294 2288 3348 illis
2329 3295 2448 3366 ipsa
2504 3297 2740 3364 tristitia,
2799 3298 2896 3353 sed
2953 3314 3064 3354 non
3119 3299 3296 3355 vobis.
3359 3300 3526 3356 Simi-

1923 3380 2046 3437 liter
2076 3399 2208 3455 ergo
2240 3382 2294 3436 in
2328 3384 2612 3442 Dominico
2644 3401 2780 3457 agro
2820 3387 3022 3442 bonum
3054 3404 3348 3459 operemur
3375 3405 3526 3460 prae-

1922 3469 2013 3523 lati
2045 3478 2096 3526 et
2152 3471 2370 3540 subditi,
2428 3481 2486 3528 ut
2540 3473 2786 3530 similiter
2838 3475 2906 3530 de
2961 3477 3214 3532 mercede
3274 3478 3525 3548 gaudea-

1922 3575 2063 3614 mus.

1996 3700 2165 3756 Vens.
2206 3703 2292 3756 18.
2332 3731 2402 3741 —
2439 3701 2608 3758 Orate
2640 3718 2743 3774 pio
2781 3703 2958 3759 nobis.
2996 3703 3314 3774 Superbiam
3344 3707 3531 3764 elatio-

1923 3804 2159 3860 nemque
2190 3789 2386 3844 mentis
2417 3790 2782 3860 quorumdam
2811 3789 3124 3861 pontiﬁcum
3146 3794 3398 3863 percutit,
3434 3798 3528 3867 qui

1922 3877 2292 3948 dedignantur
2337 3877 2550 3948 precari
2608 3879 2901 3948 subjectos,
2975 3888 3243 3952 quatenus
3295 3899 3395 3952 pro
3447 3884 3528 3940 eis

1923 3965 2199 4020 orationes
2222 3965 2466 4021 fundant.
2495 3969 2707 4023 Bonam
2730 3969 3145 4026 conscientiam
3164 3970 3452 4042 habemus,
3471 3972 3528 4028 id

1924 4061 2024 4121 est,
2047 4054 2389 4110 conscientia
2409 4071 2511 4110 nos
2551 4071 2660 4110 non
2701 4065 2944 4125 accusat,
2983 4073 3086 4114 nec
3124 4058 3283 4113 nobis
3322 4060 3529 4116 conscii

1923 4158 2111 4196 sumus
2147 4142 2291 4213 quod
2333 4143 2490 4199 vobis
2520 4143 2746 4199 insidias
2777 4144 3088 4216 fecerimus,
3129 4145 3262 4201 nihil
3299 4163 3422 4204 cum
3458 4148 3528 4204 ﬁ-

1923 4230 2103 4286 ctione
2124 4231 2472 4301 protulimus,
2494 4232 2626 4286 nihil
2668 4233 3054 4306 negotiationis
3077 4235 3253 4307 gratia
3277 4236 3528 4294 fecimus.

1921 4319 2005 4374 Ne
2027 4335 2163 4391 ergo
2193 4319 2411 4376 sinistre
2449 4322 2577 4393 quid
2613 4322 2969 4378 arbitremini.
3012 4325 3076 4378 In
3115 4325 3390 4381 omnibus.
3416 4328 3528 4382 Ac-

1923 4409 2218 4463 cusabatur
2241 4410 2536 4480 Apostolus
2575 4411 2719 4482 quod
2753 4427 2910 4466 suam
2945 4419 3169 4484 gentem
3196 4413 3524 4486 negligeret,

1923 4497 2019 4551 sed
2039 4497 2276 4552 ostendit
2297 4514 2356 4553 se
2379 4499 2583 4554 habere
2613 4498 2866 4555 affectum
2890 4499 2960 4553 ad
2997 4515 3190 4554 omnes
3223 4501 3438 4558 Judaeos
3473 4511 3527 4559 et

1920 4585 2173 4657 gentiles,
2195 4586 2264 4641 de
2296 4603 2529 4658 quorum
2559 4587 2846 4657 praeteritis
2864 4585 3021 4642 bonis
3060 4588 3280 4660 gaudet,
3324 4590 3514 4663 eisque

1925 4673 1978 4727 in
2017 4673 2194 4728 futuro
2233 4675 2464 4730 meliora
2497 4683 2668 4745 optat.

1996 4789 2165 4843 Vnus.
2203 4793 2291 4845 21.
2330 4819 2400 4829 -
2431 4791 2684 4855 Faciens,
2735 4791 2797 4844 in
2844 4789 3010 4855 vobis,
3063 4797 3168 4854 etc.
3201 4792 3350 4847 Nihil
3381 4793 3527 4848 enim

1922 4876 2051 4931 boni
2087 4877 2289 4933 habere
2323 4877 2568 4948 potestis,
2619 4877 2724 4932 nisi
2757 4877 2851 4934 illo
2899 4879 3269 4949 praeveniente
3304 4889 3357 4938 et
3391 4883 3525 4937 sub-

1923 4973 2204 5036 sequente.
3215 4981 3217 4983 ·

1994 5079 2162 5133 Vnus.
2200 5083 2287 5135 22.
2325 5109 2394 5119 -
2422 5081 2650 5136 Etenim
2672 5081 2990 5154 perpaucis,
3031 5089 3134 5138 etc.
3169 5082 3339 5152 Quasi
3365 5086 3527 5142 :Non

1923 5174 2097 5239 potest
2122 5167 2403 5241 quisquam
2425 5167 2818 5242 longitudinem
2839 5172 3107 5226 sermonis
3127 5170 3386 5243 abnuere,
3410 5176 3516 5234 hoc

1926 5257 2126 5328 quippe
2145 5266 2255 5312 erat
2275 5257 2422 5329 quod
2441 5258 2737 5315 adversarii
2759 5257 3124 5332 faciebantfet
3143 5260 3268 5318 ideo
3289 5261 3528 5321 latenter
3559 5255 3564 5261 ’

1927 5346 2030 5401 hoc
2064 5346 2256 5418 tangit.

1997 5443 2254 5499 Salutate
2265 5459 2458 5499 omnes
2466 5446 2777 5518 propositos
2791 5451 3020 5504 vestros.
3038 5445 3185 5504 Sicut
3201 5447 3525 5520 generaliter

1926 5531 2198 5586 ominibus
2235 5530 2438 5603 scribit,
2462 5533 2531 5588 ita
2566 5535 2896 5605 generaliter
2935 5537 3186 5593 omnibus
3217 5535 3453 5607 praelatis
3471 5542 3530 5589 et

1926 5619 2154 5674 subditis
2195 5621 2421 5677 salutem
2472 5627 2638 5694 Optat.
2675 5624 2917 5681 Salutare
2962 5626 3105 5682 enim
3157 5632 3240 5678 est
3292 5621 3519 5680 salutem

1925 5715 2136 5780 optare.
