3964 6178
461 333 560 396 6³71

931 332 1337 394 WALAFRIDI
1366 329 1610 388 STRABI
1636 327 1837 386 FULD.
1870 325 2043 383 MON.
2075 324 2230 382 OPP.
2259 320 2439 381 PARS
2458 322 2500 378 Ι.
2531 353 2601 366 --
2628 319 3098 378 THEOLOGICA.

3652 324 3770 381 673

465 464 3771 503 -_____—_‘___——————-—-———-—————_—

787 581 1231 647 PROLOGUS
1276 580 1342 642 S.
1390 576 1855 641 HIERONYMI
1896 576 1979 639 IN
2024 572 2352 636 SEPTEM
2394 568 2845 631 EPISTOLAS
2890 566 3383 630 CANONICAS.

641 746 796 820 (Vide
823 745 1145 816 Hieronymi
1182 742 1436 799 divinam
1465 738 1883 801 Bibliothecam,
1922 736 2102 807 Epist.
2134 732 2207 788 ad
2234 731 2565 799 Paulinum,
2598 733 2656 785 et
2690 728 2895 784 librum
2921 727 2989 784 de
3041 727 3181 785 Viris
3199 726 3578 796 illustribus.)

1326 891 1789 966 EPISTOLA
1839 884 2322 964 CANONICA
2373 885 2459 959 B.
2518 881 2879 957 JACOBI.
3075 836 3085 846 ’

1115 1149 1625 1209 ARGUMENTUM.

531 1270 770 1328 Iacobus
799 1268 1078 1341 apostolus
1100 1274 1346 1322 sanctum
1368 1264 1597 1319 instituit
1624 1263 1834 1319 clerum
1854 1261 1924 1315 de
1953 1259 2063 1315 cul-

460 1368 583 1417 tura
629 1359 933 1417 caelestium
980 1364 1397 1427 praceptorum,
1444 1362 1497 1408 et
1543 1351 1734 1425 regula
1783 1348 2061 1405 catholicae

463 1450 851 1518 observantiae,
874 1447 1010 1503 etde
1030 1446 1246 1501 invictae
1283 1443 1555 1515 patientiae
1583 1441 1878 1509 majestate,
1917 1445 1969 1491 et
1991 1437 2059 1492 de

463 1539 795 1595 rcvelatione
843 1536 1225 1609 plurimorum,
1274 1541 1327 1588 et
1373 1532 1442 1587 de
1489 1529 1836 1585 mandatione
1880 1526 2060 1600 magi-

463 1637 699 1684 strorum
708 1670 720 1682 .

1034 1738 1259 1793 CAPUT
1286 1735 1580 1790 PRIMUM.

536 1858 716 1913 Vnus.
756 1859 807 1909 1.
830 1853 1172 1911 —Jacobus.
1207 1853 1312 1905 Iste
1377 1848 1622 1904 ecclesiae
1670 1841 2060 1915 Hierosolymi-

461 1954 623 2010 tanaa,
657 1950 781 2015 post
802 1942 1080 2013 apostolos
1101 1941 1170 1995 ad
1187 1938 1595 2011 prmdicandum
1618 1934 1838 2001 missos,
1872 1948 2062 1988 curam

465 2042 520 2091 et
549 2033 799 2105 regimen
832 2029 1090 2100 suscepit.
1108 2028 1413 2084 Duodecim
1432 2026 1703 2081 tribubus.
1727 2021 2062 2091 Prascipuam

463 2121 887 2178 sollicitudinem
916 2120 983 2173 de
1012 2118 1131 2172 istis
1160 2117 1362 2171 habere
1392 2115 1463 2170 ad
1493 2112 1782 2168 duodecim
1811 2109 2058 2181 pertine-

465 2213 559 2267 bat
585 2209 884 2281 apostolos,
919 2207 1009 2278 qui
1037 2205 1316 2279 legatione
1354 2219 1451 2274 pro
1482 2201 1714 2257 Domino
1744 2201 1799 2253 in
1830 2199 2062 2254 circum-

466 2299 673 2356 cisione
705 2297 1090 2369 fungebantur.
1125 2295 1279 2350 Unde
1310 2300 1363 2348 et
1392 2291 1592 2347 Paulus
1617 2289 1783 2345 dicit:
1807 2287 2059 2352 Iacobus,

468 2392 527 2444 et
550 2386 778 2460 Cephas,
803 2389 858 2440 et
879 2387 1141 2450 Joannes,
1157 2383 1253 2456 qui
1272 2382 1606 2437 videbantur
1620 2380 1898 2435 columna:
1922 2391 2059 2443 esse,

466 2477 731 2533 dexteras
753 2474 1049 2539 dederunt,
1074 2480 1178 2527 etc.
1204 2470 1417 2526 Idcirco
1440 2470 1519 2524 eis
1542 2467 1731 2523 scribit
1762 2465 2057 2537 prmeipue,

2073 1150 2131 1212 Α
2156 1141 2251 1196 mii
2276 1159 2289 1195 :
2312 1143 2516 1196 Beatus
2544 1140 2649 1209 vir,
2680 1146 2786 1195 etc.
2819 1139 2943 1193 Non
2964 1136 3139 1193 solum
3168 1137 3403 1193 verbera
3424 1143 3479 1191 et
3498 1149 3765 1192 carceres

2161 1229 2373 1286 debetis
2419 1228 2551 1299 pati,
2604 1227 2702 1282 sed
2749 1234 2802 1282 et
2848 1227 3199 1282 amissionem
3245 1242 3432 1281 rerum
3478 1232 3771 1295 tempora-—

2160 1319 2309 1387 lium,
2347 1334 2468 1388 quae
2496 1324 2621 1371 sunt
2650 1316 2786 1372 viles
2816 1323 2869 1371 et
2899 1315 3246 1383 transitoria,
3279 1322 3333 1370 et
3362 1322 3646 1369 amatores
3678 1327 3773 1367 ea-

2161 1424 2283 1461 rum
2312 1406 2594 1477 puniendi.

2233 1521 2403 1577 Vnns.
2442 1523 2526 1574 13.
2560 1550 2629 1560 -
2659 1520 2847 1586 Nemo,
2881 1536 3011 1575 cum
3043 1521 3322 1574 tentatur.
3359 1516 3552 1588 (830.)
3574 1517 3772 1572 Hacte-

2161 1627 2265 1664 nus
2294 1609 2363 1663 de
2393 1607 2780 1663 tentationibus
2812 1607 3193 1674 exterioribus,
3225 1621 3388 1675 nunc,
3422 1614 3558 1673 etc.,
3591 1621 3769 1678 usque

2161 1699 2234 1753 ad
2261 1706 2316 1752 et
2335 1696 2612 1752 hominem
2644 1695 2800 1767 quasi
2830 1713 2897 1751 ex
2926 1695 3255 1751 necessitate
3283 1709 3543 1765 peccare.

2240 1787 2515 1855 Quoniam
2535 1803 2571 1840 a
2589 1788 2696 1843 Deo
2721 1788 2998 1841 tentatur.
3030 1783 3375 1839 Exteriorem
3403 1782 3767 1837 tentationem

2162 1875 2399 1930 immittit
2429 1875 2578 1929 Deus
2607 1874 2678 1928 ad
2724 1872 3105 1944 probationem
3155 1887 3398 1940 suorum,
3448 1871 3769 1926 interiorem

2162 1980 2314 2032 vero,
2341 1977 2449 2034 qua
2469 1978 2617 2033 saepe
2637 1962 2939 2032 concipitur
2967 1960 3189 2030 furtum,
3214 1960 3566 2026 adulterium,
3590 1959 3770 2014 homi-

2163 2052 2384 2122 cidium,
2417 2066 2527 2107 non
2555 2050 2789 2105 immittit
2818 2051 2986 2105 Deus.

2234 2181 2403 2235 Vsus.
2438 2180 2601 2235 H.-—
2634 2180 3016 2252 Unusquisque
3049 2183 3324 2235 tentatur.
3352 2179 3475 2234 Duo
3508 2187 3640 2233 sunt
3671 2195 3765 2251 ge-

2162 2283 2297 2324 nera
2345 2268 2703 2325 tentationum
2730 2286 2742 2322 :
2767 2284 2934 2322 unum
2982 2269 3128 2339 quod
3191 2268 3407 2339 probat,
3461 2269 3771 2323 secundum

2164 2357 2310 2429 quod
2340 2356 2564 2414 tentavit
2593 2358 2740 2412 Deus
2787 2356 3083 2411 Abraham.
3135 2355 3296 2411 Aliud
3341 2356 3489 2427 quod
3534 2356 3766 2427 decipit,

2164 2446 2464 2503 secundum
2494 2446 2639 2517 quod
2671 2447 2817 2500 Deus
2854 2445 3128 2500 neminem
3176 2452 3364 2499 tentat.
3408 2444 3546 2500 Cum
3596 2461 3775 2516 super

469 2514 652 2533 ωνυννυ,
669 2514 729 2530 ν..
753 2514 905 2530 ww...
927 2514 1049 2539 ων,
1075 2514 1178 2527 ων.
1204 2514 1413 2526 “ww
1442 2514 1519 2524 ν.-
1542 2514 1729 2523 -----_-
1762 2514 1960 2537 rm“,
1977 2514 2057 2529 η,

469 2572 523 2619 et
552 2564 681 2636 quia
707 2563 825 2634 ipse
848 2577 882 2618 a
913 2561 1126 2617 caeteris
1170 2558 1432 2631 apostolis
1462 2573 1627 2628 super
1656 2572 1751 2611 eos
1781 2554 2062 2610 ordinatus

2179 2514 2596 2601 r'undamentum,
2622 2534 2851 2607 lignum,
2880 2532 3083 2600 fenum,
3122 2532 3379 2603 stipulam
3398 2514 3766 2601 aediﬁcamus,

470 2660 590 2708 erat
620 2652 928 2724 episcOpus.

540 2742 735 2797 Vens”
767 2745 822 2798 2.
853 2770 922 2780 —
956 2738 1130 2795 Omne
1172 2736 1464 2810 gaudium.
1498 2734 1582 2788 Ne
1630 2730 1985 2803 indignemini
2017 2728 2064 2783 si

464 2830 593 2885 mali
621 2830 677 2884 in
703 2829 907 2884 mundo
938 2827 1153 2896 ﬂorent,
1186 2826 1233 2880 si
1263 2841 1362 2880 vos
1391 2822 1654 2894 patimini,
1689 2820 1812 2892 quia
1843 2834 1951 2874 non
1981 2825 2063 2874 est

467 2918 789 2976 Christianae
818 2916 1061 2973 veritatis
1079 2915 1135 2969 in
1153 2913 1543 2985 temporalibus
1565 2909 1809 2977 exaltari,
1840 2909 1937 2963 sed
1965 2923 2063 2978 po-

464 3007 572 3064 tius
601 3006 852 3078 deprimi.
886 3005 1010 3060 Mali
1042 3004 1173 3058 nihil
1202 3003 1404 3057 habent
1433 3002 1489 3055 in
1531 3000 1690 3068 coelo,
1726 3014 1824 3053 vos
1854 2996 1986 3051 nihil
2008 2996 2063 3050 in

465 3096 692 3152 mundo.
728 3097 837 3165 Spe
866 3094 1011 3148 illius
1033 3093 1161 3148 boni
1180 3092 1248 3146 ad
1267 3091 1413 3162 quod
1443 3088 1678 3157 tenditis,
1715 3085 1977 3158 quidquid
2007 3084 2064 3138 in

468 3184 559 3240 via
589 3183 884 3254 contingat,
917 3182 1157 3255 gaudere
1187 3179 1416 3235 debetis.
1452 3179 1589 3233 Cum
1607 3178 1669 3231 in
1694 3175 2057 3231 tentationes.

469 3275 517 3329 A
545 3271 962 3343 perfectioribus
992 3270 1181 3340 incipit
1203 3270 1271 3323 de
1301 3265 1622 3322 extrinsecis
1653 3262 2058 3319 tentationibus.

541 3362 710 3417 Vsus.
754 3363 805 3414 3.
847 3389 917 3399 ——
953 3360 1211 3415 Probatio
1249 3358 1399 3427 ﬁdei,
1443 3363 1549 3411 etc.
1609 3353 1793 3426 (1331).)
1849 3351 2062 3406 Eadem

469 3449 753 3519 sententia,
787 3448 885 3504 sed
913 3463 1183 3504 converso
1205 3445 1398 3501 ordine
1418 3444 1472 3498 in
1496 3443 1661 3498 Paulo
1681 3442 1896 3513 legitur,
1930 3447 2058 3509 etc.,

471 3555 647 3610 usque
667 3538 740 3594 ad
766 3553 881 3608 per
898 3537 1045 3609 quod
1062 3535 1199 3589 ﬁdes
1228 3533 1468 3605 perfecta
1488 3533 1770 3603 probatur.

541 3628 710 3683 Vsus.
747 3631 798 3681 6.
832 3655 901 3665 —
939 3627 1043 3695 Qui
1076 3629 1271 3680 autem
1311 3623 1556 3678 haesitat.
1599 3621 1705 3689 Qui
1734 3618 2064 3675 conscientia

468 3716 682 3790 peccati
711 3731 938 3788 pressus
982 3713 1189 3769 dubitat
1218 3712 1286 3767 de
1315 3710 1551 3782 praemiis
1598 3709 1931 3777 coelestibus,
1967 3725 2063 3761 su-

467 3805 821 3880 perveniente
865 3810 1029 3861 vento
1076 3802 1447 3869 tentationum,
1502 3798 1657 3855 facile
1704 3798 1908 3853 deserit
1939 3796 2064 3851 fidei

468 3904 688 3963 statum,
708 3903 761 3951 et
776 3894 1078 3950 secundum
1101 3890 1364 3946 tentantis
1394 3889 1745 3955 voluntatem,

469 3984 618 4041 venti
646 4000 746 4054 per
773 3983 1024 4037 diversos
1055 3979 1306 4034 vitiorum
1338 3985 1580 4048 raptatur
1611 3991 1849 4030 errores.

543 4074 714 4126 Vens.
749 4075 835 4125 10.
869 4100 939 4110 -
967 4071 1128 4125 Dives
1158 4071 1370 4123 autem.
1392 4065 1623 4121 Divitem
1644 4071 1804 4119 vocat
1833 4078 1956 4118 eum
1975 4061 2069 4133 qui

472 4167 644 4216 totam
675 4175 827 4230 spem
857 4158 913 4212 in
941 4156 1142 4214 divitiis
1173 4155 1326 4227 ponit
1349 4170 1495 4221 ;non
1521 4160 1683 4208 nocet
1703 4153 1908 4207 habere
1937 4150 2072 4206 divi-

469 4250 592 4315 tias,
633 4248 732 4304 sed
770 4263 974 4303 amare.
1032 4247 1195 4302 Dives
1257 4248 1451 4299 autem
1504 4244 1779 4315 glorietur
1832 4239 2062 4296 Ironice.

470 4337 673 4408 Quasi:
696 4337 819 4391 Non
854 4336 1019 4390 debet
1047 4333 1270 4407 gloriari
1301 4332 1358 4386 in
1390 4347 1483 4385 sua
1531 4330 1701 4402 gloria
1731 4346 1836 4402 qua
1865 4345 2068 4399 super-

468 4427 547 4482 bit
576 4434 630 4481 et
658 4424 796 4480 alios
825 4422 1099 4494 opprimit,
1135 4421 1261 4493 quia
1300 4419 1540 4475 ﬁnienda
1562 4427 1645 4474 est
1664 4426 1717 4474 et
1736 4417 2070 4473 humilianda

469 4516 525 4571 in
554 4514 789 4570 inferno.
823 4513 941 4581 Vel,
981 4512 1264 4569 Gloriatur
1290 4511 1353 4565 in
1371 4509 1699 4565 humilitate
1726 4524 1849 4576 sua,
1876 4507 1933 4562 id
1962 4513 2064 4572 est,

470 4620 582 4659 non
610 4603 666 4657 in
691 4601 966 4674 superbia,
1002 4600 1101 4655 sed
1147 4598 1395 4653 humiliet
1430 4614 1490 4652 se
1522 4595 1916 4651 subserviendo
1947 4594 2069 4649 aliis

471 4693 540 4748 de
571 4691 790 4748 divitiis.
818 4692 1094 4758 Quoniam
1128 4689 1279 4744 sicut
1307 4689 1421 4757 flos~
1432 4689 1575 4758 feni.
1601 4687 1787 4741 Justus
1807 4692 1866 4738 ut
1888 4683 2069 4754 palma

470 4780 644 4846 ﬂoret,
694 4780 925 4848 injustus
954 4785 1012 4833 ut
1059 4776 1243 4832 fenum
1267 4793 1280 4829 :
1303 4776 1430 4847 quia
1459 4774 1550 4830 ille
1601 4780 1803 4842 manet,
1838 4772 1928 4828 hic
1959 4771 2069 4828 cito

472 4868 682 4925 transit.
718 4868 843 4924 Flos
865 4866 997 4937 justi
1026 4882 1153 4937 spes
1186 4881 1308 4937 qua;
1351 4863 1579 4919 fructum
1624 4868 1923 4932 exspectat,
1972 4876 2068 4914 ra-

472 4958 565 5013 dix
587 4957 722 5026 justi
751 4955 985 5013 charitas
1015 4970 1138 5026 quae
1173 4952 1468 5007 immobilis
1511 4958 1729 5019 manet;
1756 4950 1886 5005 mali
1915 4949 2070 5005 radix

478 5046 762 5117 cupiditas,
797 5044 899 5100 ﬂos
928 5041 1216 5098 delectatio
1254 5039 1650 5111 temporalium.

550 5144 719 5197 Vsus.
755 5146 840 5197 11.
872 5171 943 5182 -
971 5142 1133 5197 Dives
1154 5142 1218 5196 in
1238 5140 1561 5197 itineribus.
1591 5139 1701 5194 Viae
1723 5137 1905 5194 divitis
1935 5146 2072 5193 tem-

2168 2623 2417 2680 diabolus
2444 2623 2765 2695 superponit
2796 2622 3126 2677 incendium.
3160 2620 3509 2677 Ediﬁcemus
3538 2637 3770 2690 aurum,

2164 2720 2474 2785 argentum,
2495 2711 2704 2782 lapides
2737 2712 3009 2781 pretiosos
3030 2729 3043 2765 :
3063 2718 3117 2765 et
3135 2717 3347 2765 tentare
3368 2726 3479 2766 non
3492 2711 3723 2766 audebit
3746 2731 3761 2778 ;

2162 2816 2267 2856 nec
2296 2809 2479 2855 tamen
2497 2799 2719 2855 omnino
2767 2799 2997 2866 desistit,
3050 2798 3148 2855 sed
3178 2799 3331 2854 sedet
3359 2799 3415 2853 in
3443 2798 3674 2855 occultis
3704 2808 3768 2854 ut

2160 2888 2449 2945 interﬁciat
2478 2888 2840 2944 innocentem.

2235 3004 2477 3059 Generat
2506 3007 2764 3060 mortem.
2800 3002 2946 3058 Sicut
2968 3000 3312 3073 quitentatus
3341 3008 3579 3073 superat,
3613 3017 3767 3073 prm-

2160 3092 2266 3147 mia
2298 3093 2422 3147 vitae
2446 3090 2554 3159 ;ita
2584 3090 2677 3163 qui
2720 3090 3176 3162 concupiscentiis
3204 3089 3417 3146 illectus
3446 3100 3770 3162 superatur,

2161 3181 2357 3236 merito
2387 3180 2597 3235 ruinam
2616 3180 2807 3235 mortis
2826 3179 3076 3235 incurrit.

2233 3296 2403 3352 Vnus.
2439 3298 2526 3351 i7.
2556 3326 2626 3336 -—-
2657 3296 2832 3352 Omne
2862 3295 3079 3359 datum,
3122 3301 3228 3350 etc.
3249 3293 3435 3365 (Bm)
3464 3295 3773 3366 Postquam

2162 3384 2347 3440 docuit
2397 3384 2542 3456 quod
2591 3384 2723 3439 vitia
2772 3400 2882 3439 non
2912 3399 2945 3438 a
2993 3384 3109 3438 Deo
3155 3382 3332 3451 nobis,
3379 3383 3477 3438 sed
3533 3399 3568 3438 a
3611 3383 3775 3438 nobis

2162 3481 2303 3539 sunt,
2325 3481 2429 3528 etc.
2440 3516 2453 3541 ,
2470 3489 2643 3546 usque
2657 3472 2729 3528 ad
2743 3473 2944 3527 donum
2973 3470 3272 3543 perfectum
3286 3479 3466 3542 potest
3486 3470 3743 3545 intelligi.

2232 3581 2341 3635 Nec
2362 3580 2791 3635 vicissitudinis.
2812 3577 3019 3633 Lumen
3041 3579 3158 3649 ejus
3169 3578 3559 3650 aliquaumbra
3575 3578 3779 3634 nonin-

2162 3667 2391 3735 terdicil,
2430 3675 2487 3721 ut
2506 3666 2686 3738 aliqua
2714 3666 2867 3721 mala
2900 3666 3168 3721 immittat.
3203 3667 3434 3737 Semper
3461 3667 3611 3722 bona
3641 3666 3777 3722 lucis

2164 3764 2287 3810 sunt
2299 3755 2351 3809 in
2367 3756 2500 3824 Deo,
2522 3754 2617 3809 sed
2631 3756 2750 3824 ejus
2767 3754 2909 3809 dona
2935 3754 2989 3808 in
3006 3755 3163 3809 nobis
3181 3753 3478 3827 aliquando
3496 3762 3626 3810 sunt
3646 3771 3767 3828 quae

2087 3870 2132 3929 α
2167 3843 2607 3915 supervenientia
2634 3843 2961 3898 obumbrant
2989 3851 3233 3914 peccata,

2235 3960 2407 4015 Vnus.
2441 3962 2527 4013 18.
2563 3989 2633 3999 -
2670 3960 3009 4015 Voluntaria.
3032 3957 3207 4014 Omne
3232 3959 3438 4013 bonum
3467 3966 3553 4014 est
3576 3975 3609 4013 a
3630 3960 3764 4026 Deo,

2166 4056 2221 4103 et
2249 4063 2358 4102 non
2388 4046 2597 4102 meritis
2642 4046 2841 4102 vestris
2870 4047 2937 4101 ad
2986 4048 3091 4102 hoc
3136 4046 3468 4116 accessistis,
3525 4048 3629 4103 sed
3659 4047 3770 4103 sola

2166 4135 2340 4209 gratia
2369 4136 2565 4190 divina:
2597 4134 2908 4190 voluntatis.
2947 4137 3012 4192 Ut
3034 4137 3212 4191 simus
3231 4136 3491 4203 initium,
3527 4144 3639 4192 etc.
3671 4137 3771 4191 Per

2166 4226 2307 4279 hanc
2338 4224 2648 4296 genituram
2678 4239 2788 4278 non
2816 4231 3067 4293 putemus
3097 4240 3198 4278 nos
3229 4240 3351 4279 esse
3382 4223 3437 4278 id
3470 4224 3626 4295 quod
3655 4225 3768 4295 ipse

2167 4320 2267 4376 est,
2290 4312 2388 4367 sed
2436 4312 2727 4384 quemdam
2788 4312 3148 4383 principatum
3214 4311 3271 4368 in
3313 4312 3598 4378 creaturis,
3670 4312 3769 4368 ad-

2166 4400 2386 4472 optione
2412 4400 2572 4455 nobis
2612 4400 2900 4457 concessit.
2955 4400 3111 4456 Unde
3159 4400 3299 4455 alius
3342 4400 3680 4457 translator:
3704 4402 3768 4459 Ut

2167 4491 2345 4546 simus
2372 4490 2648 4562 primitiae
2676 4492 3081 4544 creaturarum
3114 4490 3256 4559 eius.

2238 4606 2409 4659 Vsus.
2461 4606 2546 4659 19.
2581 4633 2651 4645 —-
2688 4605 2897 4660 Tardus
2943 4603 3015 4658 ad
3061 4604 3231 4659 iram.
3276 4604 3402 4658 Non
3449 4610 3683 4671 temere,
3714 4612 3769 4660 et

2169 4692 2285 4749 sine
2315 4709 2480 4749 causa
2507 4692 2705 4764 aliquis
2729 4692 3010 4762 irascatur,
3043 4691 3132 4747 vel
3160 4699 3359 4749 contra
3375 4692 3625 4749 subditos
3644 4708 3770 4764 pec-

2168 4790 2373 4850 cantes,
2406 4781 2494 4837 vel
2522 4789 2711 4837 contra
2739 4780 3010 4852 quoslibet
3038 4779 3259 4847 fratres,
3299 4781 3387 4836 vel
3414 4788 3608 4837 contra
3638 4781 3765 4837 feli-

2170 4871 2385 4928 citatem
2414 4869 2700 4940 malorum,
2734 4870 2860 4941 quia
2888 4868 3174 4924 maturitas
3217 4869 3494 4940 sapientiae
3523 4884 3637 4924 non
3664 4869 3770 4924 nisi

2170 4959 2457 5031 tranquilla
2503 4965 2685 5013 mente
2734 4952 3046 5028 percipitur.
3079 4958 3149 5013 Et
3198 4958 3289 5028 qui
3334 4958 3504 5012 iratus
3542 4958 3774 5027 judicat-

2170 5047 2383 5102 etiamsi
2394 5046 2894 5117 justitiamjudicat,
2931 5053 3111 5101 tamen
3132 5045 3302 5101 divini
3325 5044 3590 5101 examinis
3604 5046 3775 5114 justi-

2169 5136 2317 5206 tiam,
2340 5136 2397 5189 in
2418 5151 2525 5208 qua
2542 5134 2880 5206 perturbatio
2897 5150 3008 5189 non
3028 5134 3194 5200 cadit,
3218 5149 3329 5188 non
3344 5141 3523 5204 potest
3543 5133 3770 5189 imitari.

474 5230 685 5302 poralia
731 5238 873 5299 sunt,
922 5230 1118 5301 quibus
1176 5228 1480 5285 beatificari
1529 5229 1741 5300 quaerit,
1791 5244 1912 5301 quae
1959 5228 2064 5284 cito

2241 5253 2411 5307 Vsus.
2431 5255 2519 5309 21.
2554 5282 2624 5291 -
2653 5254 2891 5322 PrOpter
2905 5249 3047 5323 quod
3063 5251 3410 5321 abjicientes,
3433 5256 3541 5304 etc.
3564 5250 3776 5305 Monuit

475 5319 843 5375 destruentur.
876 5319 1051 5373 Ardor
1098 5318 1251 5383 solis,
1308 5317 1573 5373 adventus
1605 5316 1784 5372 severi
1810 5316 2015 5372 Judicis
2051 5332 2063 5370 :

473 5407 563 5464 vel
592 5407 649 5462 in
677 5415 848 5462 morte
873 5407 1136 5479 cujusque
1156 5406 1500 5478 improvisus,
1519 5405 1605 5461 vel
1626 5406 1683 5459 in
1705 5405 1909 5474 judicio
1926 5420 2071 5461 com-

473 5496 727 5553 muniter.
761 5496 824 5550 In
853 5511 961 5566 quo
986 5495 1164 5564 justus
1193 5503 1250 5550 ut
1278 5495 1444 5550 arbor
1484 5493 1767 5549 fructifera
1809 5492 2067 5548 manebit.

544 5604 716 5658 Vsus.
755 5606 841 5660 12.
873 5632 943 5643 -—
978 5603 1183 5657 Beatus
1214 5603 1317 5657 vir.
1353 5600 1490 5669 Quia
1511 5600 1729 5656 difficile
1762 5608 1843 5657 est
1872 5599 2075 5654 hortari

475 5692 546 5747 ad
574 5699 942 5765 contemptum
971 5691 1178 5757 mundi,
1219 5689 1400 5746 subdit
1429 5691 1497 5745 de
1526 5688 1901 5762 magnitudine
1931 5705 2074 5761 prae-

2168 5341 2236 5396 ad
2265 5340 2644 5412 inquirendam
2686 5338 3006 5407 doctrinam,
3041 5338 3111 5392 ad
3140 5353 3305 5409 quam
3336 5336 3765 5408 suscipiendam,

2170 5437 2226 5485 et
2253 5436 2311 5483 ut
2340 5429 2396 5483 in
2415 5445 2482 5484 ea
2509 5428 2720 5499 possint
2748 5426 3039 5496 proficere,
3072 5427 3311 5480 hortatur
3338 5441 3484 5481 nunc
3516 5424 3590 5480 ad
3618 5442 3775 5481 mun-

2173 5514 2361 5573 ditiam
2392 5517 2640 5588 corporis
2670 5524 2724 5571 et
2752 5515 2964 5571 animae.
2983 5514 3086 5583 Qui
3134 5515 3279 5569 enim
3322 5530 3431 5569 non
3466 5514 3711 5570 declinat
3740 5530 3772 5569 a

2174 5607 2339 5673 malo,
2372 5623 2481 5661 non
2509 5613 2687 5676 potest
2729 5606 2931 5660 bonum
2973 5603 3176 5658 facere.
3228 5603 3471 5659 Insitum
3520 5605 3767 5659 verbum.

2178 5695 2337 5763 Quod
2369 5695 2567 5751 vestris
2595 5694 2852 5751 cordibus
2899 5691 3251 5764 pmdicando
3282 5690 3638 5763 imponimus,
3688 5689 3774 5749 vel
