3964 6178
154 271 262 327 6'73
1253 264 1524 325 GLOSSA
1554 264 1965 326 ORDINABJA.
1996 296 2068 311 —-
2096 265 2324 325 EPIST.
2358 267 2420 325 B.
2450 267 2590 324 JAC.
3382 268 3487 322 67L

171 394 420 450 verbum
450 392 597 464 quod
625 391 845 447 insitum
875 400 927 448 et
957 393 1281 448 semiustum
1327 401 1409 448 est
1456 394 1513 447 in
1558 394 1647 448 die
1695 409 1792 448 re-
1822 394 1963 454 Ane
1990 394 2211 448 omnino
2258 391 2641 449 contemnendi
2669 390 2866 447 divites
2909 397 3183 461 putentur,
3239 391 3421 446 subdit
3467 409 3482 446 :

165 482 528 553 demptionis,
563 481 778 553 quando
809 497 907 537 vos
935 482 1125 554 genuit
1154 483 1301 536 Deus
1343 501 1357 548 ;
1408 497 1553 537 nunc
1591 481 1777 551 perfe-
1882 483 2036 554 quasi
2067 482 2213 538 dicat
2239 489 2464 553 propter
2488 481 2780 552 praedictas
2813 496 3003 536 causas
3054 496 3164 534 non
3208 488 3335 534 sunt
3380 480 3486 534 eli-

171 571 321 626 ctius
355 570 635 641 suscipite,
668 577 721 625 et
748 570 1008 642 operibus
1036 570 1276 642 implete,
1310 569 1440 642 quid
1483 569 1538 624 in
1578 578 1782 643 myste—
1881 571 2066 645 gendi,
2119 572 2217 626 sed
2269 572 2315 625 si
2360 569 2619 641 perﬁcitis
2666 571 2806 625 hanc
2864 569 3048 642 legem
3099 585 3220 640 quae
3265 568 3398 625 dicit
3465 585 3482 624 :

159 658 247 715 rio
301 660 526 716 tenetis.

1878 661 2089 733 Diliges
2115 660 2446 733 proximum
2462 660 2682 729 (Matth.
2704 660 2873 730 xxu),
2923 657 3285 723 benefacitis;
3327 657 3476 729 quia,

234 766 420 821 Vnas.
444 770 535 824 23.
558 796 630 808 -—
652 766 1050 823 Consideranti
1069 766 1312 821 vultum.
1336 762 1441 834 Qui
1452 765 1709 836 proponit
1723 764 1769 819 in

1884 748 2007 804 etsi
2060 749 2256 804 divites
2310 758 2531 819 propter
2587 747 2805 804 divitias
2863 762 2975 802 non
3030 755 3156 801 sunt
3211 745 3472 818 eligendi,

163 852 362 909 animo
390 870 492 909 suo
522 855 880 911 considerare
910 854 967 908 in
997 854 1292 924 Scripturis
1341 853 1497 925 quasi
1543 853 1600 907 in
1647 869 1777 923 spe-

158 942 292 998 culo
356 943 567 998 vultum
613 943 929 1007 nativitatis,
983 942 1215 1013 qualiter
1259 944 1423 997 homo
1470 941 1538 996 sit
1597 945 1773 1008 natus,

159 1047 332 1103 quam
362 1031 600 1105 fragilis,
632 1032 720 1088 vel
748 1031 876 1104 quid
906 1030 1137 1098 futurus,
1170 1047 1336 1102 quam
1364 1029 1547 1085 brevis
1567 1030 1688 1097 aevi,
1721 1030 1776 1084 in

155 1121 387 1191 quantis
436 1121 684 1177 miseriis
730 1121 960 1191 positus,
1014 1120 1474 1190 conpunctionem
1519 1135 1777 1192 magnam

157 1216 212 1263 et
246 1210 594 1265 voluntatem
624 1209 923 1280 paenitendi
962 1208 1260 1275 contraxit;
1296 1208 1390 1262 sed
1425 1208 1625 1275 statim,
1671 1207 1775 1261 ali-

159 1312 274 1368 qua
298 1298 612 1354 tentatione
640 1298 915 1366 seductus,
951 1296 1291 1352 obliviscitur
1320 1296 1771 1367 compunctionis,

159 1394 213 1440 et
243 1387 323 1441 ad
350 1395 586 1457 peccata
625 1386 785 1441 redit.
838 1386 1008 1454 Hujus
1056 1386 1435 1441 inconstantiae
1491 1392 1777 1456 comparat

156 1490 285 1530 eum
317 1477 416 1546 qui
444 1476 677 1530 libenter
705 1475 938 1531 verbum
966 1474 1135 1540 audit,
1169 1483 1221 1528 et
1252 1474 1484 1544 implere
1515 1473 1770 1546 negligit.

156 1564 226 1617 Et
250 1571 340 1618 est
373 1564 670 1618 similitudo
698 1564 839 1618 inter
867 1563 1017 1617 illum
1048 1563 1141 1633 qui
1173 1572 1364 1633 sponte
1399 1578 1516 1631 sua,
1540 1563 1658 1616 sine
1678 1562 1773 1616 do-

157 1658 313 1707 ctore
344 1668 409 1707 se
431 1653 504 1706 ad
534 1652 841 1723 Scripturas
873 1651 1153 1721 applicuit,
1188 1659 1242 1706 et
1272 1651 1422 1706 illum
1454 1651 1545 1722 qui
1576 1652 1644 1705 ab
1665 1650 1773 1706 alio

164 1740 484 1811 Scripturas
508 1741 675 1810 audit,
712 1755 837 1796 cum
884 1748 1076 1795 neuter
1123 1740 1449 1810 impleverit.

229 1830 385 1884 Puer
415 1845 541 1885 cum
572 1829 819 1885 nascitur
846 1830 1013 1902 vagit,
1047 1845 1149 1899 per
1183 1829 1327 1901 quod
1359 1829 1628 1883 indicatur
1675 1829 1711 1883 d

161 2096 407 2152 lecebris
458 2096 636 2151 carnis
688 2096 892 2152 animai.

233 2185 414 2240 Vens.
438 2188 528 2242 26.
552 2214 623 2225 ——
647 2185 769 2241 Non
799 2187 1099 2255 refrenans
1124 2185 1377 2255 linguam
1424 2201 1608 2251 suam,
1665 2192 1773 2240 etc.

164 2276 330 2345 (Ana.
355 2274 539 2329 Serm.
560 2278 591 2329 3
615 2274 685 2329 ad
712 2276 925 2345 fratres
945 2275 1008 2329 in
1039 2274 1270 2344 eremo.)
1318 2273 1630 2329 Verbositas
1651 2273 1781 2344 quid

164 2362 312 2416 aliud
346 2363 476 2417 est?
504 2370 632 2429 etc.,
694 2379 870 2434 usque
889 2362 962 2417 ad
990 2370 1045 2416 et
1071 2370 1128 2416 tu
1156 2362 1450 2432 diligenter
1489 2362 1736 2416 attendas
1761 2377 1773 2416 :

176 2452 281 2521 Qui
297 2467 422 2507 non
442 2453 697 2523 refrenat
720 2451 975 2523 linguam
995 2467 1179 2517 suam,
1204 2450 1373 2522 hujus
1390 2465 1537 2506 vana
1557 2451 1780 2506 estreli-

178 2541 293 2611 gio,
317 2548 431 2595 etc.

232 2629 408 2683 Vens.
434 2629 522 2685 27.
537 2656 607 2668 -
623 2630 694 2683 Et
720 2629 1165 2685 immaculatum
1186 2644 1244 2683 se
1288 2628 1569 2683 custodire
1590 2628 1656 2683 ab
1677 2628 1778 2684 hoc

172 2718 403 2773 saeculo.
428 2718 534 2771 Per
562 2717 826 2772 saeculum
854 2717 1107 2790 intelligit
1135 2717 1419 2783 mundum,
1452 2732 1550 2771 seu
1580 2717 1770 2771 omnia

163 2822 279 2877 quae
310 2814 445 2860 sunt
474 2806 531 2860 in
560 2806 784 2875 mundo,
817 2814 874 2860 ut
905 2815 1029 2860 sunt
1074 2806 1514 2877 concupiscentia
1562 2806 1767 2873 carnis,

157 2903 207 2949 et
233 2894 547 2963 oculorum,
580 2903 633 2950 et
654 2894 906 2965 superbia
935 2895 1080 2951 vitae.

803 3036 1029 3092 CAPUT
1068 3036 1136 3091 Il.

229 3163 411 3217 Vens.
446 3164 497 3217 1.
529 3189 601 3202 --
626 3162 827 3218 Nolite.
852 3161 1024 3228 Quasi
1050 3162 1206 3218 dicat
1256 3178 1269 3217 :
1330 3162 1595 3217 Dominus
1650 3176 1764 3216 non

162 3251 363 3307 divites
383 3250 576 3306 invitat
621 3251 690 3305 ad
738 3249 902 3305 ﬁdem
949 3257 1001 3306 et
1045 3267 1317 3322 pauperes
1366 3251 1615 3322 despicit,
1667 3250 1765 3305 sed

161 3356 442 3413 pauperes
471 3340 638 3413 elegit
669 3340 725 3393 in
754 3340 856 3394 hoc
886 3341 1111 3406 mundo,
1145 3349 1197 3395 et
1227 3356 1322 3395 eos
1358 3340 1465 3395 ﬁde
1519 3339 1758 3395 donavit.

159 3430 395 3484 Mundus
444 3445 753 3500 pauperem
799 3429 1000 3498 abjicit,
1065 3430 1289 3485 divitem
1373 3429 1540 3495 colit;
1627 3427 1763 3484 ﬁdes

164 3518 370 3574 Christi
414 3526 633 3573 econtra
674 3518 834 3574 docet
884 3518 1011 3589 quia
1065 3518 1243 3573 omnis
1307 3518 1484 3589 gloria
1538 3518 1766 3573 divitum

166 3617 427 3681 tanquam
458 3608 558 3662 ﬂos
588 3606 715 3676 feni,
750 3607 1129 3662 mirericordia
1174 3607 1229 3661 in
1286 3623 1551 3678 pauperes
1608 3608 1766 3662 floret

163 3696 217 3751 in
243 3706 533 3752 aeternum.
556 3698 781 3752 Domini
800 3697 1011 3768 gloriw.
1037 3696 1328 3751 Dominum
1360 3696 1553 3768 gloriae
1583 3696 1764 3750 nomi-

161 3794 262 3854 nat,
300 3794 361 3840 ut
391 3786 509 3854 ejus
535 3786 705 3855 jussis
734 3786 1038 3851 obediatur,
1072 3786 1164 3857 qui
1194 3785 1524 3856 sempiterna
1587 3785 1766 3858 gloria

159 3882 470 3929 remunerat
499 3874 555 3928 id
585 3874 729 3946 quod
759 3889 856 3943 pro
888 3874 1004 3942 ejus
1031 3889 1219 3929 amore
1237 3874 1565 3945 pauperibus
1585 3875 1762 3928 datur.

234 3963 572 4017 Vsas.5.—
624 3963 851 4019 Audite.
885 3963 1069 4033 (Βευ.)
1115 3963 1440 4036 Diligentius
1484 3962 1761 4028 attendite,

164 4052 288 4124 quia
320 4068 431 4106 non
459 4051 550 4123 qui
583 4051 809 4106 ditiores
842 4052 895 4104 in
927 4052 1143 4121 saeculo,
1176 4060 1304 4118 etc.,
1336 4069 1509 4124 usque
1554 4053 1625 4107 ad
1670 4051 1768 4106 sed

159 4141 253 4195 bos
286 4149 473 4195 tamen
506 4141 911 4210 exspectatione
942 4140 1108 4195 futuri
1138 4140 1297 4214 regni
1313 4142 1621 4212 praeclaros
1646 4142 1766 4195 red-

165 4227 300 4285 didit
346 4239 399 4285 et
466 4229 699 4284 nobiles.
1318 4290 1326 4295 ,

233 4319 435 4375 Nonne
466 4320 629 4374 Deus.
652 4319 837 4389 (Βεο.)
858 4320 1133 4389 Pauperes
1163 4317 1328 4392 elegit
1360 4320 1507 4373 Deus
1527 4319 1616 4390 qui
1637 4318 1768 4373 alibi

165 4406 273 4462 ait:
315 4407 504 4463 Nolite
540 4409 761 4473 timere,
800 4409 1048 4480 pusillus
1078 4425 1237 4480 grex,
1259 4408 1389 4480 quia
1424 4409 1768 4480 complacuit

162 4496 326 4551 Patri
343 4500 529 4552 vestro
568 4496 704 4552 dare
746 4478 892 4552 vobis
940 4478 1198 4569 regnum.
1266 4478 1560 4568 l’auperes
1604 4478 1838 4552 etiamD

163 4593 422 4654 parentes
453 4600 684 4657 quorum
714 4586 1012 4640 nutriretur
1067 4586 1249 4642 ofﬁcio
1293 4587 1478 4659 elegit.

238 4675 413 4729 Vens.
441 4677 493 4728 6.
515 4705 584 4714 —
604 4675 800 4731 Nonne
825 4676 1045 4731 divites.
1076 4676 1334 4746 Apertius
1364 4674 1600 4731 ostendit
1630 4691 1767 4747 quos

166 4761 362 4818 divites
394 4763 642 4833 superius
696 4764 910 4829 dixerit,
971 4764 1179 4819 scilicet
1235 4764 1358 4819 illos
1414 4764 1504 4835 qui
1550 4764 1767 4819 divitias

165 4850 384 4907 Christo
411 4851 729 4923 praeferunt,
765 4860 817 4908 et
849 4852 952 4923 ipsi
979 4853 1143 4909 alieni
1174 4869 1205 4906 a
1231 4851 1358 4920 ﬁde,
1392 4869 1487 4908 eos
1518 4854 1608 4924 qui
1639 4869 1767 4909 cre-

165 4938 295 4994 dunt
325 4956 425 5011 per
453 4941 749 5011 potentiam
799 4941 1133 5013 opprimunt,
1185 4950 1237 4997 et
1279 4942 1349 4997 ad
1400 4941 1607 5011 judicia
1662 4958 1766 5013 po-

164 5028 451 5083 tentiorum
482 5031 712 5084 trahunt.
746 5031 815 5084 Et
844 5037 926 5084 est
957 5030 1064 5086 alia
1094 5047 1255 5087 causa
1282 5048 1449 5102 quare
1480 5047 1590 5087 non
1644 5039 1767 5086 sunt

166 5115 425 5189 eligendi,
457 5118 582 5189 quia
612 5118 751 5173 mala
782 5118 1022 5174 inferunt
1061 5119 1334 5175 ﬁdelibus.

226 5206 399 5261 Vatis.
433 5207 487 5261 7.
520 5235 589 5246 —
610 5208 1034 5280 Blasphemant.
1061 5210 1190 5265 Haec
1219 5209 1591 5280 apostolorum
1622 5216 1765 5264 tem-

156 5294 378 5363 poribus
406 5294 592 5365 plures
621 5296 907 5367 gentilium
938 5305 992 5352 et
1034 5298 1368 5369 Judaeorum,
1405 5298 1639 5353 maxime
1682 5297 1765 5352 di-

161 5382 324 5439 tiores
354 5381 553 5439 fecisse
574 5384 944 5440 inveniuntur.

233 5481 402 5536 Vsas.
438 5485 489 5535 8.
524 5512 593 5522 —
615 5482 674 5537 Si
710 5487 900 5540 tamen
926 5484 1119 5557 legem.
1161 5484 1302 5553 Quia
1328 5501 1523 5557 aspere
1583 5491 1637 5539 et
1695 5484 1763 5540 de

163 5577 470 5643 contemptu
500 5571 726 5627 divitum
782 5573 997 5630 locutus
1054 5582 1190 5641 erat,
1251 5582 1305 5629 et
1360 5574 1763 5647 quodammodo

160 5659 460 5719 contrarius
502 5659 616 5735 legi
660 5662 879 5732 divinae,
930 5679 1052 5736 quae
1100 5680 1291 5722 omnes
1311 5664 1466 5738 diligi
1493 5664 1760 5738 praecipit,

1878 853 1988 894 non
2019 846 2199 893 tamen
2226 845 2447 909 propter
2475 838 2648 893 Deum
2676 837 2856 891 minus
2914 844 3039 891 sunt
3087 835 3373 908 diligendi.

1948 946 2228 1015 Regalem.
2274 944 2335 999 Id
2374 951 2457 998 est
2498 943 2873 1009 excellentem,
2908 942 2995 997 vel
3022 942 3151 1014 quia
3179 942 3483 997 communis

1878 1039 1960 1086 est
1988 1032 2260 1097 omnibus,
2294 1039 2348 1086 et
2379 1048 2568 1087 omnes
2598 1031 2991 1102 complectitur.
3026 1029 3121 1085 Vel
3153 1047 3272 1102 qua:
3313 1030 3480 1086 dicit:

1876 1122 1996 1176 Non
2012 1121 2331 1191 confundas
2343 1137 2644 1193 personam
2658 1121 2943 1193 pauperis,
2963 1136 3067 1176 nec
3090 1121 3323 1176 honores
3353 1120 3483 1176 vul-

1880 1210 2731 1282 tumpotentis(Levit.x1x),et
2762 1209 2891 1263 alibi
2951 1227 2965 1263 :
3024 1210 3195 1264 Nulla
3240 1211 3351 1264 erit
3404 1209 3483 1264 di-

1877 1299 2101 1353 stantia
2130 1314 2505 1370 personarum
2529 1318 2547 1353 :
2588 1300 2673 1353 ita
2702 1314 2942 1370 parvum
2968 1300 3033 1354 ut
3056 1314 3330 1370 magnum
3370 1314 3483 1355 au-

1876 1387 2066 1456 dietis,
2097 1388 2228 1459 quia
2239 1387 2525 1459 judicium
2563 1388 2665 1443 Dei
2706 1390 2794 1442 est
2836 1386 3023 1458 (Deut.
3080 1388 3142 1456 ι).

1958 1501 2131 1556 Vsas.
2158 1504 2243 1555 10.
2266 1533 2335 1542 -
2385 1502 2707 1575 Quicunque
2736 1506 2947 1557 autem.
2973 1502 3055 1556 Ne
3075 1509 3325 1572 putarent
3341 1517 3478 1558 con-

1876 1590 2173 1660 temptibile
2195 1607 2317 1645 esse
2345 1598 2632 1661 peccatum
2663 1590 2719 1644 in
2749 1592 2849 1645 hac
2878 1607 2986 1645 una
3016 1607 3074 1645 re
3093 1591 3274 1661 legem
3296 1598 3478 1645 trans-

1876 1680 2054 1751 gredi,
2076 1680 2225 1733 addit
2251 1697 2264 1733 :
2292 1680 2616 1752 Quicunque
2645 1682 2857 1743 autem,
2884 1687 2988 1735 etc.
3017 1680 3481 1751 Offendatautem

1808 1753 1862 1813 Β
1882 1768 1944 1822 in
1964 1785 2077 1824 uno
2092 1771 2281 1840 factus
2299 1772 2383 1824 est
2399 1769 2655 1823 omnium
2674 1785 2823 1824 reus.
2850 1769 2989 1824 Vere
3017 1768 3109 1840 qui
3139 1769 3195 1822 in
3241 1785 3349 1824 uno
3396 1767 3480 1824 of-

373 1847 385 1928 :
415 1845 541 1885 cum
572 1843 819 1930 Ψεθηξίιξ
846 1843 1013 1930 νθξην
1034 1845 1149 1930 ,ΡΨ
1359 1843 1628 1928 Inﬁma?“
1675 1843 1780 1883 σθ’·
1883 1857 2050 1912 fendit
2077 1865 2157 1912 est
2188 1865 2567 1930 transgressor
2594 1858 2756 1911 totius
2786 1857 2945 1930 legis,
2980 1858 3104 1929 quia
3134 1858 3224 1929 qui
3262 1865 3473 1929 peccat,

161 1917 249 1974 lor
291 1918 513 1984 animae,
548 1925 600 1973 et
630 1918 777 1990 quod
805 1918 861 1972 in
888 1918 1000 1972 vita
1031 1917 1196 1971 intrat
1247 1918 1317 1972 ad
1368 1917 1620 1972 miserias
1664 1933 1782 1973 car-

160 2007 268 2074 nis,
302 2024 475 2079 quem
504 2007 752 2063 dolorem
783 2015 972 2077 postea
1003 2006 1359 2077 obliviscitur,
1394 2014 1651 2063 consueta
1709 2006 1780 2060 il-

1880 1954 2071 2002 contra
2097 1955 2379 2001 auctorem
2409 1946 2549 2019 legis
2580 1943 2725 2013 facit,
2758 1963 2921 2018 quem
2950 1946 3008 2000 in
3056 1963 3155 2001 sua
3201 1947 3325 2020 lege
3381 1963 3478 2001 ne-

1881 2035 2057 2108 gligit,
2092 2044 2141 2090 et
2172 2043 2357 2090 contra
2388 2035 2728 2102 charitatem,
2763 2052 2885 2106 quae
2928 2044 3011 2090 est
3048 2051 3208 2091 causa
3256 2043 3309 2090 et
3355 2051 3478 2089 ma-

1878 2133 1963 2179 ter
1988 2125 2152 2180 totius
2182 2124 2341 2197 legis.
2368 2126 2517 2180 Hanc
2539 2123 2864 2180 sententiam
2887 2142 2952 2179 ex
2974 2124 3135 2180 simili
3158 2124 3473 2181 videamus:

1881 2212 1937 2268 Si
1969 2213 2089 2284 quis
2120 2230 2207 2268 me
2236 2213 2555 2282 offenderet,
2590 2230 2782 2268 omnes
2810 2212 3012 2269 fratres
3035 2221 3088 2268 et
3106 2213 3477 2270 amicosmeos

1880 2302 1937 2356 in
1966 2319 2053 2356 me
2082 2300 2403 2370 offenderet,
2437 2311 2491 2357 et
2506 2302 2911 2374 quodammodo
2932 2310 3120 2358 contra
3143 2319 3333 2358 omnes
3349 2320 3479 2374 pec-

1880 2398 2045 2445 caret.
2079 2390 2166 2446 Sic
2198 2390 2290 2461 qui
2319 2408 2485 2445 unum
2515 2392 2828 2445 mandatum
2844 2392 3093 2464 negligit,
3118 2400 3336 2461 caetera,
3355 2409 3479 2464 quae

1879 2479 2146 2550 completa
2170 2479 2494 2535 videbantur
2540 2480 2817 2549 adjuvare,
2869 2479 2973 2533 sibi
3019 2480 3227 2534 inutilia
3275 2481 3475 2536 reddit.

1950 2609 2120 2663 Vens.
2161 2612 2246 2666 t2.
2281 2640 2352 2649 —
2391 2610 2480 2667 Sic
2500 2609 2814 2681 loquimini.
2864 2608 3049 2680 (830.)
3113 2607 3476 2680 Quandoqui-

1878 2697 2004 2752 dem
2035 2698 2237 2753 malum
2268 2707 2349 2754 est
2375 2697 2598 2753 divitem
2629 2706 2853 2769 propter
2881 2697 3096 2752 divitias
3144 2697 3292 2771 eligi,
3344 2704 3471 2764 etc.,

1877 2803 2051 2858 usque
2068 2789 2139 2842 ad
2156 2805 2277 2858 quae
2306 2796 2634 2858 spontaneos
2674 2796 2834 2843 vocat
2879 2787 2950 2842 ad
2997 2785 3373 2858 paenitentiam
3420 2793 3474 2842 et

1875 2885 2099 2946 peccata
2138 2877 2372 2930 dimittit.

1949 2992 2119 3061 Quasi
2149 2994 2355 3049 diceret
2375 3012 2387 3048 :
2407 2992 2552 3049 Bene
2566 2993 2867 3065 loquimini,
2892 3002 2946 3049 et
2969 2992 3109 3049 bene
3128 2993 3287 3050 facite
3311 3012 3325 3049 :
3348 2993 3476 3066 quia

1876 3080 1922 3136 si
1952 3082 2255 3155 negligitis,
2280 3084 2499 3156 gravius
2528 3083 2918 3137 damnabimini
2964 3100 3128 3156 quam
3144 3083 3235 3156 qui
3256 3083 3476 3138 fuerunt

1864 3170 1921 3225 in
1950 3179 2195 3242 tempore
2223 3173 2417 3243 Moysi,
2442 3172 2570 3244 quia
2590 3173 2677 3228 cui
2699 3172 2821 3243 plus
2852 3172 3221 3238 committitur,
3244 3173 3367 3243 plus
3405 3173 3473 3227 ab

1864 3276 1930 3315 eo
1951 3261 2208 3333 exigitur.
2246 3261 2367 3328 Quo
2399 3261 2521 3332 plus
2550 3262 2815 3331 majorem
2827 3262 2947 3333 quis
2978 3261 3421 3318 misericordiam
3439 3277 3473 3316 a

1864 3349 2097 3404 Domino
2126 3350 2492 3421 consequitur,
2528 3366 2592 3405 eo
2632 3350 2882 3420 iujustius
2912 3351 3181 3424 indigenti
3218 3350 3471 3422 proximo

1864 3439 2293 3495 misericordiam
2321 3448 2505 3510 negat,
2540 3447 2594 3494 et
2632 3439 2832 3509 justius
2877 3440 2974 3494 luit
3013 3456 3207 3511 poenas
3281 3440 3475 3512 impie-

1865 3528 2006 3582 tatis.

1935 3617 2106 3671 Vens.
2134 3620 2220 3672 13.
2244 3645 2315 3656 -
2339 3617 2745 3688 Superexaltat
2773 3621 2984 3673 autem.
3022 3618 3206 3692 (831).)
3230 3620 3378 3676 Sicut
3415 3621 3473 3676 in

1856 3705 2074 3775 judicio
2120 3704 2325 3760 dolebit
2366 3705 2456 3759 ille
2507 3705 2597 3776 qui
2656 3721 2766 3761 non
2824 3704 2950 3761 fecit
3007 3707 3467 3777 misericordiam,

1866 3794 1937 3848 ita
2003 3793 2093 3865 qui
2147 3792 2291 3864 fecit,
2341 3800 2713 3849 remuneratus
2771 3794 3058 3850 exsultabit
3113 3804 3273 3868 atque
3330 3814 3471 3871 gau-

1866 3882 1997 3937 lebit
2008 3924 2021 3936 .

1939 3986 2108 4041 Vsas.
2138 3987 2202 4039 14
2252 4016 2322 4025 -—
2358 3986 2498 4054 Quid
2536 3987 2806 4058 proderit,
2856 3994 2960 4043 etc.
3006 3987 3139 4060 (10.)
3184 3984 3285 4046 Hic
3310 3987 3470 4046 latius

1868 4074 2103 4146 disputat
2132 4076 2199 4130 de
2230 4076 2485 4146 operibus
2513 4076 2929 4144 misericordiae,
2980 4086 3037 4131 ut
3083 4094 3220 4150 quos
3256 4096 3470 4151 praece—

1867 4164 2028 4220 dente
2059 4165 2321 4220 sententia
2350 4174 2637 4232 terruerat,
2664 4166 2991 4234 consoletur,
3010 4167 3259 4224 docendo
3276 4169 3473 4241 quibus

1869 4254 2127 4309 remediis
2158 4255 2443 4325 expientur
2472 4256 2785 4327 quotidiana
2815 4264 3058 4327 peccata.
3112 4257 3229 4312 sine
3274 4259 3470 4330 quibus

1868 4359 1978 4399 non
2007 4343 2190 4414 agitur
2218 4344 2344 4399 vita.
2374 4345 2457 4400 Ne
2486 4344 2564 4399 illi
2594 4345 2684 4418 qui
2709 4362 2818 4400 non
2848 4345 2904 4400 in
2932 4362 3040 4401 uno
3070 4354 3298 4413 tantum,
3370 4347 3470 4402 sed

1869 4432 1924 4486 in
1951 4432 2133 4488 multis
2175 4431 2477 4501 offendunt,
2524 4433 2580 4489 in
2616 4434 2823 4503 judicio
2871 4434 3217 4491 inveniantur
3245 4434 3325 4490 rei
3353 4449 3471 4491 om-

1875 4538 2046 4577 mum.

1941 4638 2112 4693 VERS.
2154 4640 2241 4692 18.
2285 4639 2477 4696 -Sed
2510 4639 2660 4695 dicet
2692 4641 2835 4712 quis.
2885 4639 3009 4694 Non
3030 4638 3206 4695 solum
3246 4649 3473 4713 propter

1868 4726 2158 4797 praedictas
2186 4727 2426 4782 rationes
2456 4726 2668 4782 debetis
2698 4728 2767 4781 ad
2797 4727 2936 4783 bene
2963 4729 3301 4799 operandum
3342 4730 3473 4788 inci-

1869 4816 1993 4885 tari,
2027 4816 2125 4872 sed
2164 4817 2333 4871 etiam
2389 4823 2612 4887 propter
2668 4817 2771 4871 hoc
2825 4833 2894 4871 ne
2950 4816 3347 4889 improperium
3401 4820 3469 4875 ab

1867 4904 1986 4960 aliis
2012 4904 2311 4976 patiamini,
2379 4905 2506 4977 quia
2563 4905 2759 4977 aliquis
2813 4914 3095 4978 assumpta
3152 4906 3350 4964 ﬁducia
3399 4909 3470 4965 de

1869 4994 1981 5048 suis
2011 4995 2269 5066 Operibus
2300 5002 2357 5049 ut
2390 4995 2642 5050 ostendat
2671 4994 2848 5050 solam
2895 4994 3057 5051 ﬁdem
3099 5012 3212 5053 non
3260 4997 3463 5066 valere,

1865 5083 2288 5155 improperando
2319 5084 2463 5141 dicet
2494 5102 2508 5139 :
2549 5087 2625 5141 Tu
2653 5085 2841 5154 ﬁdem,
2866 5094 2968 5141 etc.

1925 5217 2096 5273 Vrsas.
2123 5220 2285 5273 t9.—
2309 5220 2385 5274 Tu
2408 5217 2609 5286 credis,
2643 5226 2746 5276 etc.
2778 5219 3034 5275 Probavit
3064 5235 3158 5276 eos
3191 5220 3285 5293 qui
3305 5236 3470 5294 Opera

1866 5322 1976 5362 non
1996 5307 2195 5361 habent
2217 5324 2402 5363 veram
2427 5308 2588 5363 ﬁdem
2606 5324 2715 5363 non
2748 5310 2950 5365 habere
2986 5325 3128 5366 nunc
3164 5311 3471 5380 cujusmodi

1865 5393 2028 5450 ﬁdem
2084 5397 2336 5466 habeant,
2397 5396 2675 5468 patefacit,
2733 5414 2801 5453 ne
2844 5398 2989 5453 illam
3061 5399 3225 5455 talem
3302 5398 3466 5456 ﬁdem

1865 5484 2267 5557 magnifaciant.
2302 5488 2373 5541 Et
2408 5488 2687 5543 daemones
2720 5488 2979 5555 credunt,
3048 5494 3106 5545 et
3161 5491 3468 5546 contremi-

1864 5578 2055 5631 scunt.
2090 5575 2274 5646 (Bsn.)
2294 5575 2565 5647 Scriptum
2584 5584 2686 5646 est,
2708 5584 2834 5643 etc.,
2855 5594 3025 5651 usque
3038 5578 3111 5632 ad
3124 5577 3464 5633 daemonibus

1864 5663 2131 5721 tardiores
2161 5672 2216 5721 et
2241 5665 2612 5736 proterviores
2641 5674 2768 5723 sunt
2810 5664 3179 5725 existimandi.
