3964 6178
429 243 534 297 675

1033 238 1436 296 WALAFRIDI
1464 237 1708 295 STRABI
1735 237 1938 296 FULD.
1967 233 2142 293 MON.
2175 235 2330 293 OPP.
2361 237 2538 294 PARS
2562 239 2605 294 Ι.
2635 235 3192 294 —THEOLOGICA.

3623 237 3749 291 676

501 366 858 424 Vans.20.—
891 367 975 422 Vis
989 367 1406 430 autemscire,o
1431 361 2034 434 homoinanis.’(Bau.)
2061 362 2116 422 A
2137 362 2584 433 conjungitursic
2618 363 2690 418 ad
2725 362 3009 435 sequentia
3051 380 3065 417 :
3107 363 3265 419 Sicut
3304 365 3504 418 autem
3525 363 3753 432 freno:

347 491 352 496 ι
432 454 688 521 Probato,
723 454 867 526 quod
895 453 1035 509 ﬁdes
1063 454 1179 508 sine
1210 452 1464 523 operibus
1493 460 1710 508 mortua
1748 460 1846 518 est,
1900 459 2025 518 etc.,

433 561 607 617 usque
637 543 709 600 ad
736 543 1014 598 imitentur
1041 543 1095 596 in
1129 541 1418 598 tentatione
1445 550 1499 598 et
1528 542 1583 596 in
1619 529 1993 612 Operatione.‘

509 658 677 714 Vnus.
696 661 757 715 2i
772 699 785 713 .
805 688 874 697 —
894 656 1175 712 Abraham
1193 661 1358 729 pater
1378 661 1588 721 noster,
1609 664 1712 711 etc.
1728 654 2032 728 (lo.)Quod

435 747 704 804 Abraham
724 761 821 816 per
840 745 1002 800 fidem
1015 745 1132 800 sine
1161 744 1419 816 operibus
1459 743 1780 814 justiﬁcatus
1818 743 2030 809 dicitur,

434 843 559 902 etc.,
590 850 764 906 usque
795 834 868 890 ad
899 833 968 888 de
997 842 1224 905 utroque
1255 833 1309 888 in
1338 833 1646 904 exemplum
1689 832 2029 904 proponitur.

379 910 392 925 ’
436 923 684 994 Offerens
695 923 883 992 ﬁlium
903 939 1070 979 suum
1091 924 1246 978 Isaac
1263 939 1432 995 super
1450 923 1635 978 altare
1661 927 1682 978 ?
1699 923 1899 993 Magna
1917 929 2036 976 ten-

432 1012 582 1078 tatio,
617 1027 741 1067 cum
771 1011 940 1066 filium
966 1012 1258 1080 jubebatur
1285 1011 1533 1067 occidere
1568 1030 1583 1078 ;
1631 1027 1827 1083 magna
1875 1009 2034 1076 fides,

428 1116 552 1157 cum
582 1099 744 1155 etiam
774 1101 842 1155 de
872 1109 1084 1156 mortuo
1115 1101 1371 1156 credebat
1403 1116 1463 1154 se
1497 1115 1663 1170 posse
1687 1115 1874 1154 semen
1895 1100 2040 1155 acci-

431 1204 563 1260 pere
586 1207 601 1256 ;
621 1204 880 1262 magnum
901 1205 1066 1260 opus,
1098 1205 1223 1245 cum
1253 1187 1669 1245 dilectissimum
1699 1203 1808 1244 non
1835 1186 2041 1242 dubita—

435 1287 518 1334 ret
567 1277 788 1334 offerre.

507 1381 886 1438 Vens.22.—
933 1382 1086 1438 Vides
1132 1383 1398 1454 quoniam
1443 1381 1581 1450 ﬁdes
1641 1381 2045 1452 cooperabatur

434 1472 688 1544 cperibus
718 1472 898 1536 illius,
921 1475 976 1526 et
989 1487 1063 1525 ex
1077 1471 1350 1542 aperibus,
1368 1478 1470 1526 etc.
1497 1469 1634 1538 Quia
1657 1469 1848 1524 obtulit
1868 1468 2044 1538 illum,

434 1559 492 1614 in
525 1575 632 1631 quo
661 1567 948 1630 acceperat
977 1559 1418 1629 promissionem,
1450 1567 1678 1629 apparet
1708 1573 1904 1630 magna
1935 1555 2046 1612 vir-

432 1647 520 1695 tus
547 1638 673 1695 fidei
698 1656 710 1694 :
736 1640 884 1711 quia,
910 1639 1010 1694 etsi
1032 1655 1158 1694 eum
1179 1639 1419 1704 offerret,
1441 1639 1695 1694 credebat
1714 1637 2043 1708 promissio-

2128 454 2284 524 equis
2305 454 2366 507 in
2383 468 2482 508 ora
2502 453 2807 520 mittimus,
2834 453 2918 507 ita
2940 456 2997 508 et
3038 453 3234 523 lingua
3282 451 3568 507 modicum
3602 449 3756 522 qui-

2129 539 2255 596 dem
2275 542 2591 598 membrum
2603 545 2706 608 est,
2731 545 2787 597 et
2798 558 3005 613 magna
3017 542 3263 596 exultat.

2204 656 2374 712 Vnus.
2400 659 2452 710 5.
2473 686 2544 696 —
2565 658 2633 712 Et
2645 673 2853 728 magna
2871 656 3118 711 exultat.
3141 655 3276 727 (10.)
3293 653 3544 720 Prmmia,
3569 653 3618 708 si
3636 652 3755 707 im—

2131 752 2290 814 petus
2317 745 2605 818 dirigentis
2633 745 2772 800 bene
2801 760 2922 800 eam
2965 744 3237 817 gubernat
3277 761 3292 809 ;
3338 742 3381 798 si
3416 743 3578 808 male,
3635 740 3755 796 sibi

2134 833 2353 905 suisque
2385 848 2643 906 magnam
2663 833 3024 904 perditionem
3045 833 3265 898 exultat,
3288 831 3432 886 unde
3453 831 3729 886 Salomon
3750 846 3767 884 :

2135 923 2276 979 Mors
2305 926 2363 977 et
2386 923 2508 978 uita
2529 924 2593 978 in
2620 923 2880 978 manibus
2909 923 3118 994 lingua:
3136 922 3321 993 (Prov.
3344 921 3533 990 xvm).
3558 920 3756 973 Vitam

2138 1011 2351 1080 exaltat,
2385 1010 2430 1064 si
2460 1011 2598 1065 bene
2629 1011 2788 1066 docet
2817 1010 3126 1067 Ecclesium
3158 1028 3173 1076 ;
3201 1017 3435 1065 mortem
3478 1008 3524 1063 si
3570 1006 3760 1062 male.

2138 1099 2332 1172 Agitur
2361 1116 2598 1172 namque
2629 1107 2819 1154 contra
2848 1099 2970 1154 illos
3018 1098 3130 1170 qui,
3165 1105 3216 1152 et
3261 1098 3372 1154 vita
3414 1106 3468 1152 et
3514 1095 3768 1152 scientia

2140 1187 2398 1253 destituti,
2431 1189 2629 1244 docere
2660 1188 3076 1260 praesumebant.
3122 1187 3314 1258 Magna
3363 1201 3497 1259 ergo
3545 1184 3766 1240 exaltat

2139 1277 2328 1348 lingua
2357 1293 2479 1348 quae
2508 1285 2827 1333 caeterorum
2856 1277 3022 1333 verba
3052 1284 3106 1352 et
3153 1292 3348 1332 sensus
3402 1274 3759 1346 despiciens,

2143 1365 2491 1439 singulariter
2511 1382 2570 1421 se
2603 1366 2920 1437 sapientiam
2935 1366 3097 1436 jactat
3117 1373 3170 1420 et
3196 1364 3505 1422 facundam.
3544 1363 3769 1418 Contra

2146 1455 2292 1527 quod
2316 1456 2526 1511 :Nolite
2539 1457 2924 1527 multiplicare
2939 1455 3089 1527 loqui
3111 1454 3381 1510 sublimia
3405 1454 3763 1526 gloriantes.

2218 1545 2356 1600 Ecce
2375 1546 2604 1616 quantis
2626 1545 2794 1615 ignis.
2822 1543 2911 1599 Sic
2939 1552 2993 1598 et
3023 1543 3209 1614 lingua
3255 1542 3603 1598 incontinens
3625 1555 3770 1594 ma-

2148 1648 2309 1704 gnam
2331 1632 2612 1687 materiam
2637 1632 2908 1686 bonorum
2929 1647 3154 1702 operum
3175 1630 3353 1702 perire
3365 1630 3498 1697 facit,
3538 1629 3770 1700 itaque,

436 1744 563 1784 nem
611 1728 964 1799 implendam,
1016 1728 1144 1800 quia
1209 1735 1488 1800 potentem
1553 1727 1813 1784 credebat
1872 1727 2115 1788 DeumB
2144 1735 2269 1776 eum
2317 1719 2431 1775 fere
2479 1721 2546 1774 sit
2593 1720 2931 1792 impossibile
2986 1719 3146 1775 vitari
3197 1727 3479 1790 peccatum
3546 1717 3774 1788 lingua:

435 1817 600 1873 etiam
629 1817 895 1872 suscitare
933 1825 1239 1872 mortuum.

509 1907 788 1962 Similiter
816 1910 874 1961 et
900 1908 1048 1962 Raab
1069 1907 1368 1961 meretrix.
1393 1905 1576 1976 (Bam)
1591 1905 1674 1959 Ne
1696 1911 2053 1960 causarentur

438 2010 605 2066 opera
633 1994 762 2048 tanti
793 1994 960 2064 patris
997 2011 1056 2049 se
1087 1994 1288 2050 imitari
1320 2009 1428 2050 non
1459 2010 1640 2064 posse,
1697 2001 1826 2060 etc.,
1876 2009 2050 2066 usque

441 2083 513 2140 ad
543 2091 595 2140 et
621 2090 974 2140 annumerata
1003 2083 1060 2137 in
1089 2083 1534 2156 generationibus
1555 2082 1870 2139 Salvatoris.

1051 2241 1274 2297 CAPUT
1347 2242 1440 2296 IIl.

518 2385 688 2441 Vnus.
712 2387 762 2439 1.
782 2413 852 2424 —-
873 2384 1071 2439 Nolite.
1105 2383 1254 2438 Sicut
1281 2381 1465 2438 monui
1499 2397 1596 2438 vos
1625 2382 1693 2436 ad
1743 2397 1910 2453 opera
1960 2382 2048 2437 fa-

443 2473 654 2541 cienda,
691 2473 769 2528 sic
798 2489 994 2527 moneo
1025 2473 1092 2525 ad
1123 2472 1337 2527 vitanda
1365 2472 1527 2526 stulta
1539 2471 1875 2542 magisteria.
1903 2472 2049 2527 Noli-

448 2567 502 2618 te
528 2564 742 2634 plures.
775 2561 925 2615 Multi
956 2559 1105 2615 fuere
1150 2561 1481 2631 temporibus
1527 2560 1913 2631 apostolorum,
1958 2559 2049 2631 qui

443 2650 844 2706 descendentes
865 2649 932 2704 de
953 2650 1140 2704 Judaea
1161 2649 1532 2716 Antiochiam,
1557 2665 1665 2704 non
1688 2650 1828 2704 bene
1850 2648 2047 2704 eruditi

446 2739 501 2794 in
533 2739 656 2812 lege
685 2738 831 2804 fidei,
863 2738 1152 2807 docebant,
1186 2739 1472 2793 credentes
1486 2755 1550 2792 ex
1573 2737 1825 2810 gentibus
1846 2737 2048 2792 debere

445 2827 782 2893 circumcidi,
799 2835 850 2883 et
861 2827 997 2882 alios
1011 2844 1226 2881 errores
1239 2827 1588 2895 inducebant,
1608 2844 1730 2897 qua)
1747 2825 1892 2882 veris
1913 2843 2048 2896 prte-

446 2916 778 2974 dicatoribus
807 2932 914 2971 non
947 2932 1178 2986 parvum
1209 2915 1455 2970 laborem
1477 2915 1790 2986 quaestionis
1813 2915 2048 2970 contule-

446 3014 587 3062 runt.
621 3007 734 3060 Hos
765 3021 896 3078 ergo
927 3004 994 3058 ab
1027 3003 1208 3059 ofﬁcio
1236 3004 1389 3059 verbi
1441 3011 1703 3070 removet,
1751 3019 1820 3058 ne
1865 3003 2044 3074 impe-

448 3096 595 3150 diant
639 3109 798 3150 veros
855 3093 1261 3164 praedicatores.

519 3184 694 3254 Majas
723 3182 908 3254 (Βεο.)
939 3182 1042 3251 Qui
1073 3182 1325 3237 indoctus
1347 3179 1580 3236 officium
1612 3181 1844 3236 docendi
1893 3197 2053 3235 usur-

447 3279 560 3342 pat,
599 3280 650 3326 et
697 3271 971 3326 Christum
1020 3286 1128 3326 non
1179 3269 1469 3326 sinceriter
1517 3270 1746 3334 nuntiat,
1795 3270 2055 3339 majorem

447 3360 850 3416 damnationem
881 3368 1124 3415 meretur
1153 3376 1313 3432 quam
1372 3359 1417 3413 si
1475 3359 1623 3414 solus
1684 3375 1783 3414 suo
1839 3360 2054 3414 scelere

448 3448 691 3520 periret;
725 3450 861 3505 sicut
893 3458 1103 3520 contra,
1138 3449 1229 3521 qui
1274 3449 1414 3503 bene
1469 3448 1756 3516 ministrat,
1815 3449 2048 3520 gradum

455 3537 556 3592 sibi
597 3538 798 3593 bonum
847 3537 1092 3610 acquirit.

523 3652 693 3709 Vnus.
715 3657 770 3710 2.
802 3682 872 3692 -
892 3654 957 3707 In
979 3653 1202 3708 multis.
1259 3652 1399 3707 Vere
1429 3651 1797 3722 periculosum
1821 3659 1904 3706 est
1924 3651 2058 3706 reli-

453 3741 574 3814 quis
606 3759 847 3813 praeesse
875 3741 1036 3805 velle,
1073 3740 1196 3812 quia
1228 3757 1337 3795 non
1373 3749 1578 3795 tantum
1619 3756 1717 3795 vos
1734 3740 1914 3794 minus
1943 3757 2058 3795 eru-

452 3831 567 3896 diti,
603 3831 700 3886 sed
729 3846 830 3886 nos
861 3845 1054 3885 omnes
1078 3829 1492 3899 praedicatores,
1525 3829 1683 3884 etiam
1722 3830 1954 3898 majores
2002 3829 2059 3883 in

451 3921 635 3975 multis
664 3918 1008 3986 offendimus,
1044 3919 1134 3972 alii
1160 3918 1301 3972 male
1345 3919 1612 3986 docendo,
1663 3926 1716 3972 et
1763 3917 1880 3971 aliis
1918 3917 2058 3972 male

451 4008 707 4073 vivendo,
740 4016 792 4061 et
842 4007 964 4061 aliis
1013 4007 1210 4062 modis.
1265 4008 1333 4062 Se
1374 4007 1480 4060 illis
1527 4007 1718 4061 beatus
1766 4006 2059 4076 Apostolus

451 4103 828 4161 connumerat,
873 4103 930 4149 ut
961 4095 1181 4149 liberius
1211 4103 1414 4166 arguat.
1449 4094 1622 4149 Aliter
1657 4095 1854 4163 justus,
1904 4094 2060 4150 aliter

453 4185 624 4238 malus
655 4183 880 4239 offendit
904 4203 917 4250 ;
936 4185 1111 4252 justus
1141 4184 1324 4239 carnis
1373 4183 1684 4255 fragilitate,
1749 4198 1851 4238 nec
1884 4184 2060 4252 justus

454 4291 577 4331 esse
607 4273 825 4340 desinit,
859 4273 1002 4328 unde
1037 4272 1294 4328 Salomon
1319 4290 1333 4326 :
1357 4273 1571 4343 Septies
1592 4273 1653 4327 in
1676 4272 1764 4326 die
1785 4271 1946 4327 cadet
1955 4274 2059 4344 ju-

457 4369 579 4420 stus
609 4366 980 4435 etresurget;
1011 4361 1149 4416 sicut
1189 4360 1503 4432 quotidiana
1553 4369 1636 4414 est
1682 4360 1934 4430 offensio,
1990 4360 2061 4415 ita

458 4452 769 4526 quotidiana
801 4460 882 4507 est
913 4450 1128 4506 medela
1157 4449 1480 4520 orationum,
1514 4459 1564 4504 et
1609 4450 1876 4505 bonorum
1923 4465 2060 4520 ope-
2091 4456 2143 4517 D
2236 4484 2406 4538 Vnus.
2429 4484 2516 4535 η.
2556 4510 2624 4520 _

453 4557 591 4605 rum,
625 4541 724 4596 sed
753 4540 902 4611 impii
933 4547 1194 4596 corruunt
1224 4539 1278 4592 in
1308 4538 1529 4593 malum.
1566 4540 1622 4595 Si
1651 4541 1791 4611 quis.
1826 4538 2060 4593 Vultos-

455 4625 1081 4686 tendere'inevitabilem
1110 4628 1260 4684 verbi
1291 4627 1669 4692 offensionem,
1698 4635 1755 4682 ut
1784 4627 2062 4698 imperitos

456 4718 748 4786 deterreat,
782 4735 850 4774 ne
881 4719 1099 4790 cupiant
1136 4718 1512 4788 praelationem
1565 4732 1578 4772 :
1626 4717 1754 4788 quia
1801 4733 1924 4771 eum
1972 4715 2065 4788 qui

459 4808 605 4878 cupit
636 4823 896 4879 praesse,
932 4814 1148 4879 oportet
1196 4807 1316 4862 aliis
1364 4807 1748 4878 perfectiorem
1793 4821 1936 4872 esse,
1995 4822 2064 4860 ne

462 4897 700 4953 offendat
730 4898 863 4953 dum
893 4898 1057 4953 debet
1088 4897 1354 4968 prodesse
1381 4915 1394 4963 ;
1429 4897 1526 4950 sed
1548 4895 1782 4967 imperiti
1812 4911 1922 4950 non
1938 4910 2066 4965 pos-

463 4996 591 5043 sunt
621 4985 678 5042 in
705 4987 1054 5058 praedicando
1081 5003 1191 5042 non
1220 4985 1519 5042 offendere.

537 5095 602 5148 In
632 5095 793 5150 verba
823 5111 939 5150 non
968 5094 1219 5164 offendit.
1254 5091 1440 5162 (Βεθ.)
1471 5091 1570 5146 1110
1601 5090 1873 5160 videlicet,
1915 5091 2095 5160 cujus.

465 5179 830 5239 offensionem
859 5183 1090 5237 humana
1121 5189 1298 5252 potest
1326 5181 1495 5236 vitare
1525 5179 1806 5253 fragilitas.
1840 5181 1909 5236 Ut
1937 5196 2068 5235 ver-

466 5268 598 5323 bum
625 5271 753 5338 doli,
789 5270 1160 5334 detractionis,
1197 5269 1484 5340 superbiaz,
1532 5268 1826 5338 jactantiaa,
1878 5269 1975 5324 sed
2017 5276 2070 5324 et

463 5357 658 5414 otiosae
690 5367 743 5414 et
775 5359 1064 5430 superﬂua}
1094 5359 1401 5424 locutionis,
1437 5359 1526 5414 hic
1559 5361 1837 5430 perfectos
1859 5361 1946 5412 est
1963 5359 2068 5413 vir.

539 5474 709 5530 Vnus.
733 5478 786 5530 3.
805 5505 874 5516 -
894 5476 953 5532 Si
985 5478 1179 5531 autem
1204 5477 1395 5546 frenos
1417 5475 1571 5546 equis
1593 5475 1655 5528 in
1677 5490 1775 5530 ora
1791 5474 2068 5528 mitimus.

465 5565 726 5638 (BED.)In
753 5579 849 5620 ora
878 5571 1062 5619 nostra
1089 5563 1259 5619 multo
1303 5563 1479 5636 magis
1524 5563 1787 5618 debemus
1834 5561 2069 5617 mittere.

2153 1809 2318 1864 etiam
2347 1825 2382 1864 a
2407 1807 2682 1880 perfectis,
2710 1824 2821 1864 non
2849 1807 3026 1881 quivis
3053 1808 3217 1866 debet
3257 1815 3517 1879 appetere
3564 1804 3769 1879 magi-

2151 1897 2396 1953 sterium.
2422 1936 2425 1938 -

2221 2004 2395 2058 Vens.
2416 2006 2467 2057 6.
2496 2033 2566 2044 —
2597 2005 2940 2060 Universitas
2962 2000 3772 2076 iniqt¢itatis.Universitatem

2149 2091 2298 2159 dicit,
2333 2091 2459 2164 quia
2487 2108 2588 2162 per
2616 2108 2734 2146 eam
2767 2099 2956 2147 cuncta
2986 2091 3102 2146 fere
3131 2090 3392 2156 facinora,
3424 2099 3514 2145 aut
3537 2090 3771 2146 concin~

2149 2188 2366 2247 nantur,
2399 2188 2454 2234 ut
2483 2179 2786 2248 latrocinia,
2820 2188 3040 2251 stupra:
3073 2187 3164 2234 aut
3192 2187 3493 2250 patrantur,
3517 2187 3578 2233 ut
3619 2195 3768 2250 per-

2141 2268 2303 2338 juria,
2356 2268 2491 2324 falsa
2541 2268 2849 2324 testimonia
2890 2286 2904 2323 :
2952 2277 3044 2322 aut
3090 2267 3476 2336 defenduntur,
3528 2276 3587 2322 ut
3630 2282 3770 2323 cum

2150 2357 2376 2428 quilibet
2405 2357 2651 2428 impurus
2669 2357 2983 2414 excusando
3015 2357 3195 2413 scelus
3226 2357 3370 2427 quod
3398 2356 3640 2422 admisit,
3680 2355 3771 2410 si-

2147 2445 2313 2500 mulat
2342 2446 2544 2500 bonum
2586 2445 2731 2517 quod
2773 2463 2883 2501 non
2928 2445 3075 2502 fecit.
3129 2445 3260 2512 Quae
3278 2445 3537 2501 maculat
3575 2449 3772 2501 totum

2148 2551 2366 2607 corpus.
2393 2537 2459 2588 Et
2489 2534 2612 2606 quia
2643 2535 2762 2589 talis
2786 2543 2868 2590 est
2895 2535 3084 2605 lingua
3127 2543 3294 2589 totum
3336 2549 3540 2604 corpus
3571 2549 3775 2589 macu-

2148 2622 2240 2689 lat,
2275 2630 2329 2677 et
2357 2622 2694 2677 immundum
2725 2623 2852 2679 facit
2896 2623 3141 2694 reputari
3181 2622 3235 2676 in
3283 2631 3587 2693 conspectu
3631 2623 3764 2690 Dei,

2148 2719 2201 2764 et
2218 2710 2342 2766 ideo
2360 2728 2537 2783 grave
2559 2720 2643 2766 est
2665 2711 2847 2766 subire
2868 2711 3244 2784 magisterium
3270 2727 3285 2765 :
3309 2711 3436 2782 quia
3459 2712 3783 2767 constitui-

2148 2803 2244 2854 tur
2262 2800 2326 2854 in
2346 2801 2613 2856 membris
2634 2802 2869 2867 nostris,
2889 2817 2994 2854 una
3025 2807 3110 2855 est
3137 2799 3206 2854 de
3237 2799 3510 2854 membris
3532 2800 3772 2869 nostris,

2146 2887 2310 2941 nimis
2338 2888 2644 2960 propinqua
2682 2888 2856 2943 nobis.

2215 2978 2550 3045 Inﬂam-mat
2567 2981 2773 3044 rotam,
2799 2986 2903 3033 etc.
2939 2978 3125 3049 (Βευ.)
3185 2976 3532 3032 Contaminat
3589 2984 3774 3032 totum

2073 3091 2122 3155 ρ
2145 3081 2464 3136 procursum
2494 3065 2618 3122 vitae
2646 3066 2980 3155 temporalis,
3015 3075 3144 3135 etc.,
3178 3082 3352 3137 usque
3393 3066 3466 3121 ad
3511 3082 3614 3137 per
3649 3081 3774 3123 cae-

2157 3162 2272 3210 tera
2301 3155 2547 3210 membra
2577 3155 2646 3209 ad
2673 3154 2925 3211 affectum
2952 3155 3256 3226 perducere
3304 3155 3475 3226 COgit.

2227 3269 2396 3324 Vens.
2420 3270 2474 3323 ’7.
2495 3299 2564 3310 --
2583 3270 2778 3326 Omnis
2809 3271 2963 3325 enim
3012 3273 3226 3326 natura
3271 3269 3607 3336 bestiarum,
3655 3276 3770 3324 etc.

2155 3356 2288 3428 (11).)
2319 3357 2573 3428 Legimus
2602 3358 2657 3412 in
2707 3357 2880 3413 Plinio
2929 3357 3374 3412 immanissimam
3417 3358 3670 3428 aspidem
3715 3356 3774 3410 in

2161 3446 2392 3516 IEgypto
2422 3464 2452 3500 a
2483 3448 2714 3519 quodam
2758 3446 3145 3518 patrefamilias
3193 3447 3473 3511 domitam,
3523 3444 3774 3516 quotidie

2161 3533 2236 3588 de
2261 3550 2491 3590 caverna
2523 3553 2616 3590 sua
2649 3552 2931 3607 egressam
2962 3544 3016 3590 et
3053 3553 3084 3590 a
3105 3552 3295 3590 mensa
3325 3536 3443 3605 ejus
3494 3549 3774 3589 annonam

2157 3623 2443 3694 percipere
2475 3624 2709 3679 solitam.
2745 3625 3001 3696 Legimus
3031 3624 3084 3678 in
3120 3623 3460 3689 Marcellino,
3511 3623 3776 3696 tigridem

2159 3720 2493 3768 mansuetam
2558 3713 2752 3770 factam
2815 3714 2882 3768 ab
2944 3713 3094 3768 India
3157 3713 3446 3768 Anastasio
3531 3711 3771 3783 principi

2160 3817 2404 3855 missam.

2232 3919 2706 3976 Vens.tO.—Ex
2726 3920 2845 3992 ipso
2901 3935 2995 3976 ore
3036 3919 3309 3992 procedit.
3371 3918 3477 3974 Alii
3519 3917 3768 3974 videntes

2160 4008 2304 4078 quod
2334 4009 2549 4082 agimus
2579 4008 2829 4079 exemplo
2858 4015 3046 4063 nostro
3077 4007 3420 4073 inducuntur,
3471 4015 3532 4062 ut
3582 4005 3768 4061 simili-

2161 4103 2246 4149 ter
2274 4096 2600 4154 benedicant
2632 4105 2685 4153 et
2713 4097 3186 4153 maledicant.Non
3217 4100 3455 4169 oportet.
3491 4095 3643 4150 Vere
3663 4109 3765 4149 non

2157 4193 2370 4254 oportet
2400 4196 2456 4241 ut
2495 4186 2688 4242 eodem
2735 4202 2833 4241 ore
2879 4185 3265 4241 benedicamus
3324 4185 3392 4239 de
3451 4184 3654 4255 capite,
3719 4189 3766 4236 et

2160 4272 2550 4332 maledicamus
2580 4276 2648 4334 de
2676 4274 2958 4340 membris,
3011 4274 3135 4346 quia
3184 4273 3546 4328 amaritudine
3593 4271 3767 4326 male-

2163 4366 2413 4424 dictionis
2444 4364 2786 4421 consumitur
2815 4362 3049 4419 dulcedo
3096 4361 3517 4419 benedictionis.

2661 4479 2924 4552 Nunquid
2965 4481 3113 4548 fons.
3170 4477 3400 4549 Oportet
3438 4475 3772 4548 praedicato-

2163 4589 2280 4627 rem
2301 4568 2587 4641 aliquando
2617 4583 2802 4622 amara
2845 4567 3230 4638 praedicatione
3264 4566 3361 4635 uti,
3382 4565 3772 4632 abstrahendo,

2165 4659 2518 4731 increpando.
2545 4656 2703 4726 Quod
2733 4655 2865 4711 satis
2894 4655 3111 4712 difficile
3142 4663 3242 4724 est,
3277 4663 3336 4709 ut
3365 4654 3604 4710 diversis
3647 4669 3776 4709 ver-

2167 4751 2250 4805 bis
2279 4750 2348 4803 ad
2379 4748 2522 4802 idem
2551 4745 2898 4801 tendentibus
2929 4753 3220 4816 utrumque
3249 4743 3436 4799 facere
3464 4743 3665 4814 possit.

2241 4839 2410 4892 Vnus.
2435 4840 2521 4892 12.
2541 4865 2611 4876 —-
2633 4835 2896 4908 Nunquid
2913 4837 3118 4906 potest,
3145 4836 3378 4904 fratres.
3426 4833 3553 4886 Non
3599 4839 3784 4902 potest

2166 4925 2284 4982 fieri
2315 4933 2375 4980 ut
2417 4925 2606 4981 doctor
2667 4923 2735 4978 sit
2770 4922 2904 4978 ficus
2953 4922 3242 4978 dulcedine
3300 4920 3654 4976 beatitudinis
3711 4919 3782 4974 ad

2169 5031 2329 5087 quam
2358 5023 2562 5079 monet,
2598 5020 2650 5068 et
2679 5012 2933 5068 dulcibus
2962 5019 3145 5066 utatur
3172 5009 3446 5074 verbis,et
3461 5017 3519 5064 ut
3542 5009 3612 5063 sit
3630 5009 3780 5073 vitis,

2169 5103 2372 5159 faciens
2403 5101 2651 5158 oblivisci
2681 5101 2921 5156 omnium
2951 5098 3435 5170 temporalium,ad
3461 5097 3611 5169 quod
3623 5113 3785 5169 Opor-

2170 5200 2244 5248 tet
2273 5191 2483 5262 asperis
2513 5191 2589 5245 uti
2623 5209 2635 5245 :
2665 5191 2769 5246 hoc
2802 5205 2933 5263 ergo
2965 5187 3182 5244 difﬁcile
3195 5197 3294 5245 est.
3314 5189 3404 5244 Sic
3423 5203 3606 5260 neque
3626 5187 3785 5243 salsa

2171 5281 2391 5338 dulcem
2406 5284 2593 5353 potest
2606 5282 2792 5351 facere
2805 5297 3028 5351 aquam,
3051 5278 3106 5333 id
3119 5285 3220 5343 est,
3236 5275 3430 5349 aliquis
3448 5275 3785 5347 praedicator

2171 5369 2370 5424 acriter
2398 5368 2656 5423 mordens
2685 5384 2869 5422 mores
2899 5367 3150 5432 aliorum,
3183 5366 3239 5421 in
3285 5365 3480 5420 eadem
3528 5365 3781 5433 doctrina

2172 5473 2281 5514 non
2312 5465 2491 5528 potest
2519 5473 2642 5512 esse
2681 5455 2854 5511 dulcis
2903 5455 3131 5511 eisdem.

2246 5565 2414 5620 Vens.
2432 5568 2519 5631 13,
2539 5594 2608 5605 -—
2625 5565 2755 5631 Quis
2767 5565 2991 5636 sapiens
3003 5566 3057 5620 et
3072 5562 3477 5634 disciplinatus
3489 5561 3652 5617 inter
3661 5565 3782 5616 vos?

465 5653 697 5723 Quidam
735 5654 859 5712 libri
883 5654 1089 5713 habent
1122 5669 1135 5708 :
1187 5653 1348 5710 Sicut
1365 5655 1562 5710 autem
1582 5654 1776 5722 frenos
1815 5651 1990 5724 equis,
2021 5657 2076 5708 et
2175 5652 2479 5712 Confutatis
2505 5652 2613 5710 illis
2641 5652 2736 5738 qui
2763 5667 2868 5709 nec
2891 5651 3016 5710 vitas
3036 5650 3397 5718 sanctitatem,
3417 5665 3526 5707 nec
3576 5648 3782 5723 lingua
