3964 6178
376 261 486 315 677

1227 259 1499 318 GLOSSA
1536 259 1947 319 ORDINARIA.
1987 290 2058 303 -
2093 259 2313 318 EPIST.
2354 260 2421 317 Β.
2466 260 2643 321 JAC._

3594 261 3697 315 678

375 381 772 440 continentiam
810 381 1045 451 habent,
1075 393 1262 440 monet
1288 384 1413 442 illos
1443 385 1535 459 qui
1565 386 1670 441 sibi
1700 385 1975 458 sapientes
1990 387 2047 449 A
2074 387 2195 453 det,
2227 386 2359 442 dicit
2405 385 2686 457 Scriptura
2717 401 2732 439 :
2768 383 3030 457 Superbis
3070 384 3321 450 resistit,
3368 384 3682 443 humilibus

368 472 739 539 videbantur,
772 472 861 528 vel
893 472 1059 528 etiam
1089 482 1283 541 erant,
1334 482 1393 529 ut
1442 475 1768 546 sapientiam
1799 475 1980 548 magis

372 561 671 617 ostendant
699 560 1044 632 disciplinate
1066 561 1319 629 vivendo,
1343 579 1508 636 quam
1538 564 1675 619 alios
1704 564 1976 631 docendo,

372 649 506 723 quia
519 649 611 722 qui
623 649 922 721 proclivior
940 657 1023 705 est
1039 650 1110 707 ad
1130 651 1439 707 docendum
1461 668 1625 725 quam
1648 652 1977 720 faciendum,

377 738 679 811 aliquando
703 738 1044 808 jactantiam,
1062 739 1150 796 vel
1176 742 1581 797 contentionem
1608 741 1858 809 incurrit,
1890 742 1980 798 vel

374 826 641 883 invidiam
669 834 863 884 contra
890 827 1029 883 alios
1056 827 1313 885 doctores
1337 872 1350 897 ,
1382 838 1436 886 et
1465 830 1573 885 alia
1601 830 1775 885 multa
1810 829 1975 885 mala.

446 916 620 971 Vnus.
638 918 724 971 14.
737 946 809 957 -
828 918 898 972 Et
917 917 1216 974 mendaces
1236 934 1355 975 esse
1374 919 1637 976 adversus
1658 920 1976 975 veritatem.

370 1004 558 1061 Nolite
617 1005 837 1060 mentiri
885 1006 1002 1061 Deo
1026 1048 1039 1072 ,
1091 1005 1179 1062 cui
1226 1006 1283 1061 in
1331 1007 1603 1079 baptismo
1649 1007 1980 1079 promisistis

374 1093 768 1149 abrenuntiare
807 1093 1024 1165 pompis
1050 1093 1253 1151 diaboli
1275 1137 1289 1165 ,
1323 1098 1471 1169 quod
1501 1113 1613 1153 non
1643 1095 1821 1153 facitis
1854 1112 1980 1153 cum

376 1181 451 1238 de
480 1181 639 1238 bonis
670 1182 959 1254 superbire
988 1182 1171 1240 vultis.

446 1270 619 1327 Vnus.
653 1272 742 1327 17.
773 1301 845 1312 -
878 1273 1009 1341 Qum
1043 1276 1256 1329 autem.
1305 1273 1436 1330 Haec
1482 1280 1567 1329 est
1612 1273 1979 1329 mansuetudo

373 1373 544 1432 quam
573 1359 824 1432 superius
854 1361 1165 1417 habendam
1194 1377 1316 1416 esse
1346 1362 1641 1434 praecepit,
1675 1362 1791 1419 zelo
1819 1378 1974 1418 ama-

371 1447 628 1504 ritudinis
658 1456 712 1505 et
740 1449 1178 1507 contentionibus
1199 1451 1449 1507 adversa.
1470 1453 1731 1509 Primum
1750 1452 1978 1526 quidem

369 1537 585 1610 pudica
614 1543 718 1594 est.
764 1539 884 1594 Nisi
910 1539 1150 1611 primum
1177 1540 1440 1611 pudicitia
1470 1542 1659 1596 sedeat
1688 1541 1746 1600 in
1770 1548 1974 1608 mente,

2079 480 2272 531 autem
2306 476 2404 531 dat
2432 477 2700 547 gratiam.
2748 481 2850 530 etc.
2885 472 3059 529 Malos
3088 488 3280 528 omnes
3337 473 3493 544 punit
3520 475 3690 545 Deus,

2080 564 2178 619 sed
2211 563 2462 635 superbis
2493 562 2805 634 specialiter
2830 562 3089 618 resistere
3110 561 3323 627 dicitur,
3343 561 3473 634 quia
3492 563 3690 632 majori

2078 667 2245 724 poena
2279 652 2611 723 plectuntur,
2645 650 2736 724 qui
2753 651 2869 706 Deo
2898 650 3057 706 subdi
3071 650 3387 722 paenitendo
3403 650 3693 724 negligant

2080 741 2189 797 Sed
2242 740 2540 796 humilibus
2581 740 2675 795 dat
2706 740 2976 813 gratiam,
3014 739 3108 812 qui
3148 739 3205 794 in
3247 755 3472 795 suorum
3513 739 3700 812 plagis

2082 829 2346 886 vitiorum
2374 829 2625 885 manibus
2653 828 2770 886 veri
2808 828 3010 885 medici
3041 844 3101 884 se
3131 828 3388 884 subdunt.

2150 919 2319 974 Vaas.
2348 922 2432 975 11.
2453 948 2524 958 -
2542 918 2805 974 Detrahit
2827 919 2956 989 legi,
2979 918 3209 990 judicat
3232 918 3426 989 legem.
3442 915 3577 986 Qua-
3608 915 3700 974 de.

2076 1006 2399 1063 tractionem
2441 1006 2735 1077 prohibuit.
2808 1004 2978 1074 Quasi
3022 1006 3197 1074 dicat,
3244 1005 3334 1061 lex
3378 1021 3490 1061 non
3546 1005 3697 1063 fecit.

2078 1095 2209 1161 Vel,
2257 1096 2349 1168 qui
2378 1095 2610 1150 detrahit
2651 1094 2806 1150 fratri
2867 1094 3051 1167 legem
3088 1093 3341 1163 facienti,
3375 1094 3611 1149 detrahit
3641 1103 3696 1150 et

2070 1183 2281 1255 judicat
2310 1185 2493 1257 legem
2521 1200 2688 1256 quare
2708 1182 2841 1238 talia
2877 1184 3035 1254 jussa
3062 1183 3297 1250 dederit,
3318 1199 3441 1255 quae
3469 1182 3695 1254 injurias

2077 1272 2312 1329 fratrum
2346 1273 2501 1343 jubet
2530 1272 2801 1328 oblivisci.

2154 1363 2328 1419 Vsus.
2354 1365 2440 1417 13.
2461 1391 2533 1402 -
2553 1363 2631 1417 Tu
2653 1366 2865 1417 autem.
2896 1360 3022 1417 Non
3054 1360 3232 1416 solum
3261 1359 3386 1416 ideo
3419 1360 3591 1417 debes
3611 1360 3695 1418 vi-

2077 1458 2196 1507 tare
2222 1449 2648 1520 detraCtionem,
2682 1466 2752 1505 ne
2779 1457 2838 1505 ut
2875 1458 3252 1523 transgressor
3280 1467 3311 1504 a
3338 1450 3454 1506 Deo
3477 1450 3689 1520 judice-

2077 1539 2174 1609 ris,
2196 1540 2293 1596 sed
2312 1540 2436 1595 ideo
2453 1540 2618 1596 etiam
2635 1538 2761 1611 quia
2777 1538 3009 1595 fortasse
3028 1539 3085 1594 in
3104 1538 3253 1594 nullo
3268 1538 3540 1610 praecellis
3560 1539 3688 1596 illos

373 1626 529 1681 nulla
557 1626 821 1699 perfectio
850 1636 1110 1701 sequetur
1139 1628 1195 1683 in
1225 1645 1413 1701 opere.
1446 1631 1778 1692 Suadibilis.
1820 1631 1977 1687 bonis
2072 1628 2223 1701 ‘quos
2256 1628 2553 1700 vituperas.
2586 1630 2725 1685 Ecce
2758 1644 2916 1684 nunc
2936 1669 2950 1697 ,
2986 1630 3083 1701 qui
3109 1628 3322 1684 dicitis.
3358 1628 3487 1684 Post
3515 1628 3697 1685 incre-

375 1717 757 1775 consentiens.
782 1716 840 1773 Si
868 1717 999 1791 quid
1018 1717 1199 1773 minus
1218 1718 1455 1791 agit,vel
1473 1728 1700 1791 propter
1719 1719 1978 1793 ignoran-
2006 1718 2358 1812 Bpationem
2399 1717 2756 1773 detractionis
2776 1757 2790 1786 ,
2839 1717 3026 1790 arguit
3075 1716 3291 1772 illorum
3334 1717 3697 1773 temeritatem

374 1802 526 1875 tiam,
558 1805 644 1861 vel
675 1814 900 1878 propter
940 1808 1335 1882 negligentiam
1360 1852 1373 1877 ,
1418 1808 1689 1865 bonorum
1734 1808 1979 1865 suasioni
2007 1802 2058 1812 ”
2079 1806 2172 1878 qui
2195 1849 2208 1873 ,
2254 1823 2365 1862 non
2419 1806 2683 1862 habentes
2744 1804 3145 1861 certitudinem
3200 1806 3325 1862 vitae
3344 1847 3359 1877 ,
3406 1806 3697 1878 cupiditate

378 1908 670 1949 assensum
696 1896 925 1967 praebet.

448 1982 731 2040 Vaas.18.
762 2015 834 2026 -
859 1987 1102 2042 Fructus
1144 1989 1357 2043 autem.
1411 1987 1705 2059 Postquam
1752 1987 1971 2059 sapien-

374 2070 510 2127 tiam
539 2087 642 2143 per
669 2073 912 2146 singulas
942 2074 1169 2130 virtutes
1188 2073 1460 2141 distinxit;
1480 2083 1537 2130 ut
1557 2075 1772 2131 facilius
1788 2076 1980 2132 invitet

374 2159 446 2215 ad
473 2160 636 2227 hanc,
661 2160 898 2218 fructum
918 2163 1036 2232 ejus
1056 2161 1335 2237 subjungit
1354 2181 1367 2217 :
1389 2166 1453 2219 In
1476 2181 1614 2237 pace
1632 2166 1975 2222 seminatur.

373 2249 500 2305 Non
509 2249 750 2321 postulat
764 2250 939 2306 videri
953 2251 1166 2308 doctior
1178 2251 1265 2307 vel
1281 2252 1522 2308 sanctior
1543 2269 1708 2325 quam
1729 2261 1811 2307 est
1832 2272 1845 2308 :
1868 2270 1979 2309 non

373 2337 580 2394 lacerat
596 2338 906 2409 proximum
926 2340 997 2394 ad
1017 2340 1550 2396 commendationem
1569 2340 1670 2409 sui,
1688 2343 1834 2414 quod
1856 2359 1983 2398 con-

373 2427 608 2482 tentiosa
636 2427 764 2482 facit
792 2428 1079 2499 sapientia.
1114 2430 1237 2485 Non
1268 2429 1444 2485 solum
1474 2438 1700 2501 propter
1722 2431 1981 2501 praedicta

376 2516 544 2571 debet
603 2516 919 2585 hujusmodi
966 2516 1290 2589 sapientiam
1337 2526 1596 2589 appetere
1619 2563 1632 2585 ,
1668 2520 1766 2574 sed
1813 2520 1976 2575 etiam

374 2605 529 2671 ideo;
562 2604 691 2676 quia
721 2621 755 2660 a
782 2604 1101 2661 facientibus
1133 2623 1327 2678 pacem
1359 2607 1517 2679 quasi
1527 2607 1860 2678 jacientibus
1875 2607 1982 2665 hoc

374 2709 564 2749 semen
612 2694 941 2760 seminatur,
985 2703 1037 2749 et
1082 2704 1428 2766 praeparatur
1479 2695 1534 2751 in
1580 2712 1716 2766 pace
1765 2704 1984 2753 aeternae

370 2781 724 2837 beatitudinis
756 2782 983 2849 fructus,
1018 2783 1074 2837 id
1105 2791 1188 2838 est
1218 2800 1439 2840 merces
1468 2785 1709 2853 justitiaa,
1736 2802 1857 2857 quae
1884 2802 1985 2857 pro

369 2870 533 2938 justis
576 2871 837 2942 operibus
882 2872 1222 2927 retribuitur.
1271 2871 1378 2941 Qui
1426 2872 1593 2946 igitur
1649 2873 1740 2929 hic
1806 2875 1987 2930 studet

370 2960 536 3030 paci,
568 2967 623 3015 et
654 2968 864 3015 terram
896 2961 1079 3017 cordis
1109 2960 1194 3016 sui
1222 2960 1482 3033 operibus
1520 2963 1670 3033 pacis
1701 2962 1857 3034 quasi
1892 2979 1986 3018 se-

370 3055 554 3104 mente
599 3048 844 3122 aspergit
875 3091 889 3119 ,
916 3049 1128 3119 justum
1157 3058 1240 3105 est
1271 3058 1329 3106 ut
1359 3050 1561 3106 habeat
1589 3058 1852 3107 mternam
1881 3067 1986 3125 pa-

375 3150 519 3206 cem,
554 3137 713 3210 quasi
742 3137 983 3195 fructum
1012 3138 1177 3209 hujus
1199 3138 1443 3196 seminis.

1004 3289 1229 3345 CAPUT
1267 3288 1360 3346 IV.

447 3412 621 3469 Vens.
656 3415 707 3467 1.
741 3443 811 3455 -
847 3413 995 3472 Unde
1024 3413 1203 3483 bella,
1239 3422 1343 3471 etc.
1390 3414 1574 3486 (1331).)
1620 3413 1982 3471 Prohibuerat

377 3501 562 3556 zelum
593 3508 647 3557 et
673 3501 1078 3557 contentionem
1102 3548 1117 3573 ,
1147 3504 1292 3557 unde
1324 3502 1489 3558 etiam
1515 3503 1678 3558 latius
1720 3504 1976 3576 disputat,

379 3589 591 3645 addens
621 3590 726 3645 alia
756 3590 887 3645 vitia
915 3608 1037 3663 qua:
1072 3591 1200 3646 inde
1232 3600 1535 3663 sequuntur
1578 3610 1593 3647 :
1640 3609 1708 3647 ex
1749 3600 1979 3648 conten-

313 3714 319 3719 ι
376 3677 527 3734 tione
557 3678 1019 3751 concupiscentia,
1044 3696 1110 3735 ex
1127 3680 1583 3750 concupiscentiis
1605 3680 1749 3736 bella
1765 3689 1817 3736 et
1833 3681 1976 3738 lites.

376 3765 486 3836 Qui
513 3767 658 3823 enim
687 3769 835 3839 cupit
863 3768 1133 3839 praeferri,
1158 3769 1246 3827 vel
1266 3770 1659 3841 temporalibus
1674 3770 1974 3839 abundare,

378 3855 511 3926 odit,
543 3856 769 3923 invidet,
802 3857 1023 3914 occidit.

447 3946 618 4001 Vnus.
652 3949 705 4003 2.
738 3977 808 3987 —
835 3948 1073 4012 Propter
1103 3948 1263 4021 quod.
1295 3949 1526 4019 Propter
1569 3949 1688 4005 haec
1711 3990 1724 4016 ,
1772 3947 2011 4005 scilicet.

381 4035 527 4107 quod
554 4036 732 4090 Deum
758 4035 925 4108 digne
953 4037 1268 4107 postulatis;
1316 4037 1363 4092 si
1411 4037 1557 4092 enim
1585 4037 1736 4093 illum
1768 4037 1858 4109 pia
1886 4038 1975 4092 in-

378 4123 714 4180 tercessione
754 4125 1108 4195 postularetis
1158 4126 1321 4181 etiam
1370 4127 1690 4198 temporalia
1717 4127 1786 4182 ad
1816 4143 1977 4182 usum

378 4213 703 4280 necessaria,
738 4221 792 4269 et
821 4230 931 4270 non
962 4215 1138 4270 solum
1168 4215 1505 4286 sempiterna
1534 4216 1708 4272 daret.

448 4303 618 4358 Vatis.
642 4303 695 4358 4.
718 4332 787 4343 -
813 4303 1091 4369 Adulteri,
1115 4306 1371 4371 nescitis,
1397 4313 1504 4361 etc.
1538 4306 1723 4376 (Βευ.)
1752 4304 1977 4361 Dixerat

383 4406 543 4462 supra
572 4392 641 4447 de
671 4392 875 4463 apertis
902 4391 1134 4447 inimicis
1164 4392 1285 4460 Dei,
1320 4401 1449 4459 etc.,
1481 4410 1657 4466 usque
1690 4395 1761 4451 ad
1791 4402 1845 4449 et
1874 4410 1975 4465 per

382 4479 487 4536 hoc
514 4480 719 4537 inimici
748 4480 849 4536 Dei
879 4481 1287 4538 constituimini.

454 4569 625 4624 VERS.
644 4572 699 4625 ὃ.
718 4571 891 4625 -Αη
908 4574 1172 4643 putatis?
1199 4578 1301 4627 etc.
1341 4572 1467 4626 Non
1495 4571 1710 4627 debetis
1728 4571 1980 4645 litigare:

378 4658 507 4712 ‘nam
535 4658 756 4729 spiritus
781 4701 794 4721 ,
834 4657 925 4730 qui
972 4660 1029 4713 in
1070 4658 1224 4717 vobis
1254 4667 1374 4727 est,
1408 4677 1516 4715 non
1547 4660 1882 4731 concupiscit
1912 4660 1983 4717 ad

383 4745 640 4803 invidiam
664 4790 679 4817 ,
715 4747 814 4802 sed
852 4747 1030 4819 potius
1072 4748 1198 4805 facit
1226 4750 1563 4815 concordes,
1612 4757 1665 4805 et
1710 4751 1817 4806 hoc
1852 4750 1984 4806 dicit

385 4833 658 4906 Scriptura
690 4852 704 4889 :
740 4836 822 4890 Ad
844 4838 1122 4893 invidiam
1142 4840 1491 4912 concupiscit
1511 4840 1747 4911 spiritus
1768 4839 1865 4912 qui
1884 4838 1985 4894 ha-

382 4923 524 4980 bitat
539 4926 603 4981 in
626 4925 793 4981 vobis.
819 4925 945 4981 Vel:
962 4928 1200 4999 spiritus
1216 4922 1564 5001 conéupiscit
1583 4928 1672 4994 ad,
1695 4928 1748 4982 id
1761 4936 1843 4983 est
1859 4945 1983 4985 con-

386 5017 476 5069 tra
497 5013 798 5080 invidiam,
818 5013 873 5070 id
904 5022 987 5069 est
1002 5016 1106 5072 hoc
1121 5016 1419 5083 desiderat,
1439 5025 1497 5071 ut
1515 5016 1720 5073 invidia
1733 5017 1978 5085 tollatur;

380 5102 509 5173 vel,
540 5101 687 5174 cupit
727 5110 785 5157 ut
829 5101 1116 5159 invideatis
1162 5105 1401 5176 mundo,
1436 5121 1539 5162 nec
1581 5106 1775 5163 ametis
1819 5123 1976 5174 eum;

380 5190 486 5258 vel,
520 5191 742 5261 spiritus
771 5192 1060 5261 cujuslibet
1089 5194 1326 5249 hominis
1369 5194 1517 5266 cupit
1560 5195 1884 5267 temporalia
1910 5194 1980 5250 ad

378 5278 665 5348 invidiam,
700 5281 828 5353 quia
855 5281 1060 5337 invidet
1090 5283 1209 5337 aliis
1239 5283 1387 5356 quod
1416 5299 1527 5341 non
1552 5285 1734 5340 habet.

452 5378 626 5435 VERS.
659 5382 713 5434 6.
744 5409 816 5420 —
848 5380 1110 5445 Maiorem
1130 5386 1323 5438 autem
1344 5383 1445 5439 dat
1456 5385 1726 5456 gratiam.
1744 5383 1978 5456 Spiritus

380 5468 574 5541 gratiae
602 5482 715 5525 non
740 5467 870 5524 facit
898 5468 1143 5527 invidere
1164 5514 1177 5539 ,
1207 5471 1319 5526 imo
1362 5472 1452 5526 dat
1494 5471 1759 5545 gratiam,
1806 5473 1861 5527 id
1895 5481 1979 5529 est

380 5556 611 5630 gratuita
654 5557 801 5614 dona
822 5598 836 5627 ,
884 5558 1094 5629 majora
1151 5576 1313 5632 quam
1347 5568 1471 5616 sunt
1524 5561 1725 5618 divitia
1769 5562 1973 5620 saeculi.

377 5644 611 5720 Propter
637 5646 804 5719 quod,
836 5646 893 5704 id
920 5654 1005 5706 est
1031 5654 1091 5705 ut
1117 5647 1377 5721 sciamus,
1410 5649 1523 5723 dat,
1554 5657 1609 5707 et
1637 5650 1836 5724 quibus
1864 5667 1977 5709 non

2017 3111 2068 3175 C

2076 1895 2461 1967 temporalium
2506 1895 2673 1951 vitam
2710 1902 2769 1950 et
2806 1895 3021 1950 lucrum
3049 1894 3369 1966 promittunt
3400 1894 3505 1950 sibi
3535 1896 3592 1950 in
3618 1894 3702 1951 fu-

2077 1991 2283 2039 turum.
2322 1985 2617 2040 Faciemus
2682 1983 2763 2039 ibi
2807 1983 3034 2056 quidem
3058 2000 3299 2049 annum,
3340 1988 3398 2038 et
3422 1983 3697 2040 mercabi-

2077 2090 2230 2139 mur,
2262 2080 2370 2128 etc.
2402 2072 2778 2128 Multimodam
2807 2071 3088 2127 stultitiam
3115 2080 3265 2128 notat
3294 2087 3485 2127 eorum
3507 2072 3602 2143 qui
3633 2080 3687 2128 et

2079 2162 2148 2217 de
2176 2162 2453 2217 lucrorum
2493 2169 2790 2234 augmento
2823 2168 3028 2233 agunt,
3062 2167 3115 2216 et
3146 2177 3206 2216 se
3233 2160 3406 2217 multo
3437 2168 3690 2233 tempore

2080 2250 2319 2307 victuros
2352 2250 2703 2317 arbitrantur,
2738 2257 2790 2305 et
2821 2266 2932 2304 suae
2976 2250 3259 2320 potestatis
3287 2249 3594 2318 aestimant,
3628 2257 3687 2305 ut

2081 2354 2279 2393 annum
2321 2334 2551 2407 faciant,
2602 2346 2654 2393 et
2694 2337 2753 2392 in
2794 2337 2878 2392 his
2921 2337 3175 2393 omnibus
3219 2338 3443 2410 superni
3477 2337 3681 2409 judicis

2083 2442 2314 2483 examen
2339 2428 2407 2482 ad
2434 2435 2674 2482 mentem
2700 2442 2958 2483 revocare
2990 2434 3364 2484 contemnunt.

2154 2516 2323 2570 Vsus.
2359 2519 2447 2571 15.
2481 2546 2552 2557 -
2571 2516 2702 2583 Qua:
2722 2520 2808 2571 est
2834 2517 2991 2571 enim
3020 2518 3137 2571 vita
3174 2519 3361 2571 vestra
3386 2520 3541 2573 ?etc.
3561 2516 3689 2572 Non

2084 2604 2353 2659 consentit
2379 2603 2487 2658 illis
2520 2604 2611 2676 qui
2647 2603 2834 2660 dicunt
2863 2611 2987 2675 post
3019 2612 3253 2659 mortem
3280 2603 3416 2658 nihil
3445 2620 3568 2659 esse
3587 2645 3602 2673 ,
3636 2612 3691 2659 et

2083 2700 2316 2747 mortem
2344 2692 2520 2764 ipsam
2552 2693 2686 2747 nihil
2708 2708 2853 2748 esse.
2885 2692 2993 2747 Sed
3022 2692 3099 2747 ita
3125 2691 3362 2765 loquitur
3391 2701 3450 2747 ut
3492 2693 3692 2749 doceat

2086 2782 2231 2852 quod
2260 2781 2369 2837 vita
2393 2797 2693 2853 pravorum
2736 2782 2918 2837 brevis
2971 2789 3054 2836 est
3095 2782 3151 2836 in
3185 2781 3445 2853 praesenti
3478 2800 3492 2837 :
3526 2798 3690 2854 quam

2054 2866 2061 2869 ⁷
2087 2876 2266 2925 tamen
2290 2870 2348 2925 in
2373 2869 2556 2926 futuro
2584 2886 2736 2926 mors
2764 2877 2963 2926 aeterna
2997 2879 3275 2943 sequetur.

2662 3076 2673 3083 ‘
2720 3068 2945 3125 CAPUT
2982 3066 3047 3123 V.

2154 3226 2325 3282 Vens.
2361 3230 2414 3282 1.
2437 3258 2507 3269 --
2531 3227 2692 3299 Agite
2739 3243 2917 3283 nunc.
2975 3226 3245 3297 Tempore
3288 3233 3516 3297 accepto
3544 3225 3681 3282 etin

2082 3314 2170 3371 die
2218 3315 2438 3385 salutis,
2484 3315 2691 3371 futuras
2732 3331 2927 3387 poenas
2965 3314 3182 3371 ﬂetibus
3227 3322 3281 3370 et
3324 3315 3687 3387 eleemosynis

2083 3404 2357 3460 redimite.

2152 3520 2324 3574 Vens.
2350 3523 2400 3575 3.
2423 3550 2494 3560 —
2512 3521 2586 3574 Et
2612 3535 2818 3591 mugo.
2851 3518 3037 3592 (Ben)
3064 3520 3189 3575 Non
3222 3520 3405 3575 solum
3432 3519 3681 3577 immise-

2079 3608 2326 3665 ricordes
2350 3607 2546 3663 divites
2562 3607 2789 3664 visibilis
2806 3610 3073 3681 gehennae
3086 3608 3231 3681 ignis
3246 3610 3531 3678 cruciabit,
3552 3618 3655 3668 etc.
3667 3653 3683 3679 ,

2080 3714 2256 3771 usque
2283 3698 2354 3753 ad
2380 3704 2432 3751 et
2461 3704 2751 3767 propterea
2781 3697 3002 3770 gravius
3039 3697 3313 3768 punietur.

2150 3785 2215 3841 In
2247 3786 2658 3841 testimonium.
2683 3786 2744 3840 Id
2772 3793 2855 3840 est
2884 3785 2953 3839 ad
2985 3794 3340 3858 augmentum
3367 3802 3686 3856 poenarum,

2078 3874 2134 3930 id
2170 3881 2253 3930 est
2280 3881 2336 3929 ut
2362 3874 2505 3930 hanc
2535 3873 2818 3929 visibiliter
2864 3873 3158 3943 intuendo,
3199 3874 3440 3944 majores
3471 3876 3684 3932 crucia-

2078 3970 2164 4018 tus
2209 3962 2540 4018 sustineatis.
2585 3963 2940 4019 Manducabit
2983 3980 3204 4020 carnes.
3240 3963 3299 4018 Id
3335 3971 3418 4019 est
3446 3979 3682 4036 corpora

2077 4052 2165 4108 vel
2210 4052 2455 4109 carnales
2499 4052 2968 4123 concupiscentias
2992 4095 3005 4120 ,
3039 4052 3166 4125 quia
3202 4052 3511 4109 luxuriosas
3557 4054 3684 4109 ani-

2078 4156 2217 4209 mas,
2248 4149 2301 4197 et
2326 4141 2563 4197 exterius
2598 4142 2829 4197 saeviens
2860 4142 3085 4197 ﬂamma
3133 4142 3394 4199 cruciabit
3414 4184 3428 4208 ,
3454 4150 3507 4198 et
3535 4141 3681 4199 inte-

2077 4230 2188 4286 rius
2229 4246 2482 4304 pungens
2539 4231 2700 4286 dolor
2737 4247 2851 4287 suae
2893 4231 3120 4288 tenacia;
3175 4232 3469 4288 accusabit.
3523 4232 3684 4288 Sicut

2075 4320 2243 4392 ignis,
2278 4319 2371 4391 qui
2397 4319 2665 4375 consumit
2682 4320 2901 4376 metalla
2930 4328 2983 4375 et
3003 4328 3230 4377 caeteras
3258 4337 3371 4387 res,
3397 4320 3477 4377 sic
3492 4335 3679 4393 aerugo

2083 4416 2293 4465 vestras
2322 4423 2535 4464 carnes.

2004 4469 2064 4535 D
2154 4498 2325 4553 Vaas.
2345 4498 2397 4554 4.
2417 4528 2488 4539 -
2519 4500 2657 4554 Ecce
2686 4513 2921 4553 merces.
2954 4498 3093 4566 (Bap
3121 4498 3140 4567 )
3168 4498 3368 4569 Magna
3396 4506 3480 4553 est
3506 4498 3682 4556 homi-

2083 4603 2211 4642 num
2252 4586 2505 4659 iniquitas
2527 4629 2539 4652 ,
2573 4586 2666 4657 qui
2703 4602 2972 4657 pauperes
3002 4586 3192 4641 nolunt
3234 4587 3550 4658 suscipere;
3584 4589 3682 4644 sed

2082 4678 2256 4747 major
2286 4683 2368 4732 est
2398 4676 2615 4747 quando
2662 4675 3055 4744 mercenariis,
3105 4682 3159 4729 et
3200 4674 3416 4731 famulis
3444 4677 3682 4733 debitam

2081 4763 2286 4820 laboris
2314 4765 2627 4819 mercedem
2656 4763 2847 4819 nolunt
2875 4763 3133 4820 reddere.
3158 4765 3311 4821 Unde
3344 4765 3448 4821 Job
3468 4782 3482 4820 :
3504 4767 3567 4823 Si
3584 4766 3684 4823 ad-

2082 4870 2305 4910 versum
2332 4870 2423 4909 me
2446 4857 2600 4909 terra
2631 4868 2758 4909 mea
2787 4854 3002 4909 clamat
3031 4857 3087 4909 et
3115 4855 3264 4911 sulci
3293 4857 3415 4927 ejus
3436 4855 3686 4926 deﬂent?

2081 4943 2132 4998 si
2160 4945 2386 5014 fructus
2417 4944 2539 5013 eius
2568 4941 2782 4998 comedi
2817 4942 3019 5015 absque
3034 4944 3326 5015 pecunia?

2151 5031 2323 5087 Vaas.
2357 5034 2411 5086 5.
2440 5060 2509 5071 —
2533 5032 2785 5104 Epulati.
2825 5031 2954 5103 (Ιο.)
3003 5032 3120 5089 Nec
3160 5040 3365 5088 tantum
3413 5032 3685 5106 peccastis

2081 5119 2354 5191 superﬂue
2382 5120 2793 5194 congregando,
2814 5128 2941 5187 etc.,
2965 5137 3139 5194 usque
3169 5122 3242 5178 ad
3272 5129 3326 5178 et
3355 5130 3684 5180 ceterorum

2082 5208 2351 5266 scelerum
2382 5226 2501 5281 quae
2530 5208 2769 5265 fecerant
2792 5210 2985 5266 Judaei.

2149 5298 2321 5353 VERS.
2341 5300 2392 5353 7.
2418 5300 2817 5356 —Patientes.
2852 5299 2983 5372 (1ο.)
3015 5300 3317 5373 Increpatis
3348 5301 3600 5374 superbis
3630 5308 3684 5355 et

2078 5386 2405 5454 incredulis,
2437 5395 2564 5454 etc.,
2593 5404 2768 5461 usque
2795 5389 2867 5445 ad
2903 5389 3049 5445 unde
3080 5390 3374 5462 Apostolus
3415 5408 3429 5445 :
3461 5388 3682 5446 Habetis

2077 5479 2336 5549 fructum
2356 5480 2609 5534 vestrum
2636 5477 2701 5532 in
2730 5479 3204 5549 sanctiﬁcatione,
3244 5480 3420 5549 ﬁnem
3448 5493 3575 5534 vero
3596 5476 3682 5533 vi-

2080 5569 2201 5622 tam
2221 5569 2500 5624 (etei-nam
2515 5567 2696 5639 (Rom.
2721 5568 2824 5638 v1.)

2146 5655 2322 5715 Vnus.
2353 5658 2445 5716 10.
2472 5683 2545 5699 -
2569 5657 2901 5730 Prophetas.
2937 5656 3072 5730 (Ιυ.)
3100 5655 3410 5728 Propheta,
3447 5654 3542 5729 qui
3570 5662 3684 5713 tam
