3964 6178
245 227 347 281 679

847 222 1252 280 WALAFRIDI
1280 222 1525 280 STRABI
1554 221 1754 280 FULD.
1787 221 1960 279 MON.
1995 220 2148 280 OPP.
2187 223 2366 282 PARS
2394 224 2437 280 Ι.
2476 253 2540 267 —-
2568 222 3041 282 THEOLOGICA.

3457 227 3561 280 680

243 348 418 406 sancti
446 357 595 405 erant
623 356 683 406 ut
712 350 812 406 Dei
841 351 1072 422 Spiritus
1099 368 1200 422 per
1226 368 1323 407 eos
1354 367 1449 406 sua
1479 350 1735 422 mysteria
1754 350 1842 405 lo-
1862 357 1920 419 Α
1939 366 2049 406 una
2079 351 2320 407 oratione
2351 351 2557 406 orando
2588 359 2698 406 tam
2727 352 2893 423 longe
2923 359 3170 423 tempore
3221 350 3553 407 continuerit

244 446 520 511 queretur,
568 448 698 509 etc.,
748 457 921 513 usque
967 441 1041 497 ad
1088 440 1156 496 de
1201 440 1434 496 Domino
1477 447 1736 512 quantum
1777 440 1848 495 ad

251 528 453 583 exitum
478 528 692 584 mortis.

315 617 483 673 Vnus.
518 620 605 671 11.
637 648 707 658 —
735 618 1136 688 Su/ferentiam
1150 617 1264 674 Job.
1286 617 1410 672 Non
1438 616 1571 673 dicit
1618 636 1631 672 :
1670 620 1847 688 ﬁnem

242 706 357 775 Job,
380 705 467 761 cui
497 705 812 776 temporalia
844 713 969 761 sunt
1000 706 1248 761 restituta
1273 748 1285 773 ,
1319 705 1417 761 sed
1449 707 1846 777 suﬂ‘erentiam

242 794 356 850 Job.
389 796 459 849 Et
477 794 652 864 ﬁnem
680 795 939 863 Domini,
976 794 1103 866 quia
1130 794 1200 849 ad
1228 793 1543 865 patiendum
1594 795 1844 866 exemplo

237 881 341 937 Job
369 882 577 949 invitat,
609 890 661 937 et
692 889 874 937 tamen
921 898 1030 939 non
1076 891 1135 937 ut
1182 883 1508 954 temporalia
1553 883 1839 954 recipiant,

240 969 377 1025 sicut
431 970 533 1025 Job
562 977 717 1025 vetus
766 972 931 1027 homo
955 1015 969 1038 ,
1019 971 1118 1026 sed
1161 980 1365 1027 aeterna
1410 971 1548 1028 sicut
1597 972 1843 1027 Christus

246 1073 422 1114 novus
451 1059 634 1113 homo.

307 1148 378 1202 Et
405 1148 580 1216 ﬁnem
608 1148 853 1204 Domini.
877 1148 1061 1220 (Bm)
1084 1150 1328 1205 Audistis
1350 1151 1604 1217 lectione,
1629 1149 1841 1205 vidistis

236 1235 407 1291 oculis
435 1236 493 1290 in
523 1252 686 1292 cruce
716 1237 1103 1310 longaminiter
1141 1239 1468 1309 patientem,
1503 1239 1602 1295 sed
1632 1248 1687 1294 et
1714 1239 1840 1312 glo-

235 1324 375 1379 riam
405 1324 824 1381 resurrectionis
871 1334 925 1381 et
970 1327 1309 1384 ascensionis
1339 1328 1674 1402 Evangelica
1704 1343 1840 1398 prae-

240 1413 515 1469 dicatione
536 1414 827 1470 didicistis.

309 1503 477 1557 νιςιιε.
512 1507 598 1558 13.
630 1534 701 1544 --
730 1502 880 1559 Oret.
913 1504 997 1559 Ne
1027 1513 1343 1572 murmuret,
1376 1522 1480 1562 nec
1502 1505 1709 1576 judicia
1737 1504 1840 1561 Dei

236 1590 536 1663 vituperet,
571 1592 669 1646 sed
699 1593 771 1647 ad
800 1592 1106 1647 Ecclesiam
1146 1602 1331 1650 currat
1380 1595 1534 1650 ﬂexis
1582 1595 1834 1668 genibus,

237 1688 293 1735 ut
321 1682 474 1736 Deus
501 1681 932 1737 consolationem
962 1674 1160 1737 mittat.

1945 440 2113 495 ccelos
2139 484 2151 507 ,
2200 440 2361 496 terris
2408 440 2611 495 imbres
2656 441 2947 510 averterit,
2993 441 3202 497 fructus
3230 441 3554 497 mortalibus

1949 529 2259 601 negaverit.

2013 620 2083 672 Et
2103 636 2353 674 rursum.
2374 617 2558 690 (Βευ.)
2576 618 2677 673 Ubi
2700 618 2846 673 Elias
2866 626 3080 689 tempus
3096 617 3398 690 perspexit,
3415 625 3519 673 etc.
3531 661 3545 686 ,

1942 724 2116 779 usque
2145 708 2218 763 ad
2246 707 2377 780 quid
2406 724 2539 781 ergo
2569 707 2727 762 multi
2756 706 2947 763 fideles
2967 708 3150 762 multis
3170 707 3510 763 orationibus
3534 711 3560 763 ?

2015 813 2185 868 Vens.
2224 817 2309 870 19.
2342 844 2413 855 —
2437 815 2496 870 Si
2523 816 2647 888 qui:
2691 830 2767 871 ex
2800 814 2969 871 vobis.
3019 814 3255 870 Ostensa
3303 812 3557 870 efﬁcacia

1942 901 2203 958 orationis
2228 946 2241 969 ,
2292 903 2527 958 ostendit
2573 902 2761 974 quanti
2805 903 2875 958 sit
2913 902 3092 958 meriti
3135 919 3235 973 pro
3292 902 3555 957 fratribus

1941 1006 2126 1057 orare,
2180 999 2234 1046 et
2272 992 2340 1045 ad
2385 991 2699 1063 sospitatem
2740 1007 3001 1048 revocare
3022 1033 3036 1058 ,
3075 999 3130 1046 ut
3173 991 3351 1063 quiin
3381 1007 3555 1062 supe-

1941 1078 2073 1135 riori
2100 1088 2252 1150 parte
2282 1096 2312 1134 a
2337 1080 2528 1153 lingua
2556 1088 2742 1136 nostra
2770 1080 3067 1153 malignam
3114 1087 3169 1135 et
3209 1080 3443 1135 otiosam
3472 1080 3553 1136 lo-

1941 1168 2215 1223 cutionem
2246 1169 2507 1235 removit,
2559 1169 2617 1223 in
2658 1167 2766 1224 ﬁne
2808 1169 3074 1240 Epistolas
3111 1168 3241 1240 quid
3271 1169 3424 1240 loqui
3447 1168 3554 1224 de-

1939 1256 2184 1324 beamus,
2216 1258 2554 1313 ostenderet.
2596 1257 2851 1323 Oremus,
2883 1267 2938 1313 et
2968 1257 3267 1328 psallamus
3289 1301 3303 1324 ,
3336 1258 3553 1329 quoties

1939 1346 2187 1402 adversis
2235 1346 2533 1417 pulsamur,
2581 1354 2805 1417 peccata
2846 1345 3222 1416 confiteamur,
3268 1362 3371 1416 pro
3400 1345 3550 1402 invi-

1939 1450 2061 1490 cem
2106 1452 2327 1491 oremus
2355 1444 2413 1489 ut
2447 1435 2723 1490 salvemur
2772 1453 2786 1489 :
2822 1451 2924 1506 pro
2970 1436 3143 1490 salute
3172 1435 3552 1505 proximorum

1937 1542 2048 1581 non
2085 1525 2262 1579 solum
2305 1524 2625 1595 temporali,
2670 1524 2769 1579 sed
2812 1524 2993 1594 potius
3034 1531 3261 1579 aeterna.
3307 1524 3368 1578 Si
3397 1524 3547 1579 enim

1938 1630 2152 1686 magna:
2180 1614 2451 1669 mercedis
2472 1620 2553 1668 est
2572 1630 2604 1668 a
2632 1620 2803 1668 morte
2834 1612 3043 1683 eripere
3072 1628 3269 1683 corpus
3297 1612 3549 1684 quando-

1868 1725 1921 1784 B
1943 1720 2048 1775 que
2072 1702 2389 1758 moriturum
2408 1746 2421 1767 ,
2456 1701 2640 1774 quanti
2669 1701 2845 1756 meriti
2890 1709 2973 1756 est
3015 1718 3047 1755 a
3097 1710 3273 1756 morte
3304 1700 3550 1755 animam

311 1769 480 1825 Vens.
508 1772 594 1824 15.
617 1800 687 1810 —
707 1771 777 1825 Et
796 1773 847 1826 si
863 1772 926 1826 in
943 1772 1211 1843 peccatis.
1238 1771 1423 1844 (Ban.)
1444 1772 1594 1827 Multi
1613 1780 1831 1844 propter

1952 1769 2178 1848 liberare
2196 1791 2250 1845 in
2279 1769 2491 1847 caelesti
2519 1790 2687 1861 patria
2716 1789 2834 1844 sine
2864 1789 2970 1844 ﬁne
2999 1788 3303 1845 victuram?

230 1867 459 1930 peccata
489 1859 655 1914 etiam
682 1860 933 1930 corporis
962 1861 1274 1931 plectuntur
1320 1869 1522 1929 morte,
1575 1870 1703 1930 etc:,
1738 1879 1839 1918 us-

234 1964 338 2020 que
367 1948 439 2004 ad
467 1949 612 2004 unde
639 1957 786 2005 recte
817 1948 1063 2004 subditur
1094 1967 1107 2003 :
1145 1951 1524 2019 Conﬁtemini,
1560 1958 1665 2007 etc.

307 2054 475 2110 Vens.
504 2056 665 2110 1'1.—-
687 2055 951 2112 Oratione
964 2057 1164 2112 oravit.
1185 2056 1389 2112 Astruit
1409 2058 1660 2129 exemplo
1671 2073 1841 2129 quan-

232 2153 348 2200 tum
377 2144 553 2201 valeat
566 2144 698 2214 justi
729 2145 1037 2216 deprecatio
1066 2146 1289 2201 assidua
1306 2162 1433 2202 cum
1460 2146 1611 2203 Elias
1633 2154 1839 2202 tantum

2012 1881 2180 1936 Vnus.
2220 1883 2311 1938 20.
2342 1910 2413 1921 --
2448 1879 2715 1935 Salvabit.
2765 1878 2997 1948 Quidam
3037 1877 3254 1934 codices
3288 1877 3492 1933 habent
3521 1895 3538 1932 :

1939 1969 2187 2026 Salvabit
2216 1969 2473 2024 animam
2500 1971 2931 2023 suamamorte.
2968 1967 3037 2021 Et
3061 1983 3192 2023 vere
3224 1966 3314 2038 qui
3346 1982 3535 2021 erran-

1938 2065 2048 2113 tem
2075 2057 2315 2129 corrigit,
2348 2074 2448 2129 per
2477 2058 2583 2113 hoc
2607 2056 2874 2128 ampliora
2917 2055 3117 2129 gaudia
3147 2055 3271 2110 vita
3303 2054 3545 2111 caelestis

1938 2146 2043 2201 sibi
2075 2146 2364 2218 conquirit.

1377 2410 1838 2483 EPISTOLA
1885 2411 1919 2481 Ι
1968 2409 2051 2482 Β.
2104 2411 2417 2484 PETRI.

780 2659 1295 2718 ARGUMENTUM.

301 2801 611 2873 Discipulos
632 2800 927 2857 Salvatoris
959 2801 1175 2870 invicti,
1218 2807 1327 2855 toto
1354 2798 1490 2854 orbe
1524 2795 1751 2852 diffusos
1782 2804 1835 2853 et

225 2890 546 2963 peregrinos
595 2890 652 2944 in
692 2891 794 2946 hoc
842 2890 1041 2945 saeculo
1083 2894 1379 2953 monstrat,
1435 2895 1488 2941 et
1546 2886 1835 2957 praeteritae

226 2979 350 3035 vitae
391 2979 653 3050 paenitere
698 2978 885 3035 suadet
918 2986 968 3032 et
998 2978 1053 3031 in
1087 2993 1282 3032 novam
1330 2976 1498 3031 vitam
1540 2974 1829 3045 proﬁcere,

223 3075 335 3122 tota
373 3083 497 3124 cum
525 3067 888 3123 sollicitudine
919 3067 1227 3121 exhortatur
1257 3065 1445 3120 Simon
1493 3065 1688 3118 Petrus
1711 3107 1723 3129 ,
1759 3062 1830 3117 ti-

225 3155 332 3210 lius
360 3157 530 3222 Jonae,
565 3155 864 3226 provinciae
893 3154 1156 3222 Galilaaaa,
1188 3153 1310 3210 vico
1332 3152 1639 3219 Bethsaida,
1663 3151 1835 3208 frater

237 3243 471 3305 Andreae
504 3243 758 3314 apostoli.

763 3376 987 3431 CAPUT
1027 3376 1314 3431 PRIMUM.

303 3491 471 3549 Vnus.
498 3496 547 3548 1.
571 3522 641 3533 -—
659 3492 917 3549 Advenis.
942 3492 1125 3562 (Βευ.)
1147 3491 1385 3545 Advenaa
1406 3488 1610 3555 Latine,
1636 3490 1831 3545 Graece

229 3582 529 3654 proselyti,
592 3589 719 3649 etc.,
793 3598 962 3655 usque
1019 3582 1089 3636 ad
1122 3580 1434 3635 habentes:
1473 3579 1826 3640 Charini-mi.

229 3671 448 3727 obsecro
477 3688 569 3727 vos
604 3675 874 3743 tanquam
896 3670 1140 3726 advenas
1171 3673 1227 3725 et
1246 3670 1592 3741 peregrinos.

293 3761 685 3833 Dispersionis.
735 3762 893 3814 Anno
937 3757 1277 3815 ascensionis
1307 3764 1558 3812 mortuus
1588 3764 1670 3811 est
1702 3756 1829 3811 Ste-

223 3848 452 3920 phanus,
486 3856 539 3903 et
568 3848 725 3902 multi
755 3848 947 3902 timore
977 3846 1233 3920 dispersi.
1266 3848 1454 3903 Ponti.
1508 3844 1713 3900 Omnes
1743 3846 1829 3900 ha:

219 3936 512 4008 provinciae
544 3937 868 3992 Graecorum
917 3943 1039 3990 sunt
1089 3936 1143 3990 in
1189 3935 1319 3989 Asia
1344 3977 1358 4003 ,
1395 3934 1493 3988 sed
1524 3942 1607 3988 est
1636 3941 1687 3989 et
1720 3933 1829 3988 alia

219 4024 470 4094 Bithynia
492 4024 551 4078 in
578 4026 801 4095 Europa
834 4042 846 4078 :
874 4024 943 4077 de
978 4040 1085 4095 qua
1114 4023 1193 4077 illi
1223 4024 1314 4094 qui
1343 4024 1401 4078 in
1430 4023 1561 4077 Asia
1593 4030 1717 4077 sunt
1740 4022 1829 4076 Bi-

219 4113 392 4184 thynii
422 4112 694 4184 originem
740 4113 1066 4169 habuerunt.
1121 4112 1219 4166 Illa
1248 4120 1429 4167 autem
1461 4127 1584 4183 qua:
1614 4111 1671 4165 in
1699 4111 1829 4166 Asia

220 4209 302 4256 est
342 4201 608 4273 Bithynia,
660 4202 838 4271 major
888 4201 1127 4273 Phrygia
1172 4208 1419 4267 vocatur,
1473 4216 1594 4271 quae
1659 4200 1829 4255 Hiera

220 4290 441 4346 ﬂumme
469 4306 503 4345 a
533 4290 748 4346 Galatia
783 4290 1210 4345 disterminatur.

1935 2655 2037 2711 per
2066 2653 2230 2711 quam
2266 2636 2639 2693 haereditatem
2668 2635 2724 2693 in
2752 2635 2905 2693 caelis
2935 2637 3215 2709 accipiatis
3241 2680 3255 2707 ,
3289 2638 3417 2710 quia
3445 2639 3536 2711 qui

1934 2744 2043 2782 non
2076 2726 2373 2783 servaverit
2416 2726 2760 2798 disciplinam
2791 2726 2967 2782 Patris
2996 2743 3109 2782 non
3137 2735 3383 2783 meretur
3429 2728 3539 2786 ba}.

1935 2815 2223 2871 reditatem
2254 2816 2391 2885 ejus.

2007 2933 2173 2987 Vsus.
2207 2934 2335 2985 5.-
2351 2933 2415 2987 In
2448 2933 2677 2987 virtute.
2712 2931 2905 2987 Nullus
2934 2948 3047 2988 suae
3066 2931 3336 2986 libertatis
3354 2940 3539 3003 poten-

1859 3044 1908 3107 C
1934 3019 2007 3075 tia
2051 3020 2312 3076 custodiri
2345 3019 2491 3074 valet
2520 3020 2577 3073 in
2606 3020 2763 3075 bonis
2789 3064 2802 3085 ,
2834 3020 2939 3074 nisi
2970 3020 3062 3075 ille
3087 3020 3334 3091 perficiat
3367 3038 3398 3076 a
3427 3036 3534 3092 quo

1933 3108 2143 3163 initium
2168 3109 2327 3164 bonae
2354 3108 2583 3164 actionis
2612 3109 2844 3164 habetis.
2895 3109 3165 3165 Laborate
3194 3110 3263 3165 de
3296 3109 3405 3164 ﬁde
3434 3126 3535 3181 per

1934 3196 2100 3253 ﬁdem
2123 3242 2135 3264 ,
2188 3197 2402 3252 venturi
2452 3198 2509 3252 in
2557 3198 2790 3252 salutem
2835 3206 3092 3253 zeternam
3117 3241 3131 3265 ,
3165 3215 3288 3271 quae
3326 3198 3538 3253 etiamsi

1934 3287 2097 3342 modo
2126 3303 2236 3342 non
2264 3294 2533 3369 'apparet,
2584 3294 2769 3342 tamen
2817 3295 3004 3358 parata
3052 3294 3134 3342 est
3183 3287 3415 3343 revelari
3439 3330 3452 3355 ,
3488 3287 3538 3343 si

1933 3392 2035 3431 nos
2066 3375 2328 3431 fuerimus
2352 3375 2538 3447 parati.

2006 3493 2170 3546 Vens.
2205 3496 2256 3546 6.
2287 3523 2359 3532 —
2388 3493 2567 3557 Nunc,
2602 3492 2653 3547 si
2687 3496 2923 3564 oportet.
2960 3491 3051 3557 Si,
3085 3491 3142 3546 id
3170 3499 3253 3547 est
3286 3491 3539 3563 quamvis

1931 3587 2195 3650 oporteat.
2250 3580 2387 3647 Vel,
2420 3582 2470 3636 si
2497 3584 2715 3653 oportet
2762 3582 3094 3638 contristari
3114 3622 3128 3651 ,
3162 3596 3272 3637 non
3304 3579 3537 3637 deﬁcia-

1929 3685 2072 3724 mus.

2000 3776 2167 3831 Vens.
2203 3776 2257 3830 "l.
2288 3805 2359 3816 —
2392 3777 2458 3832 Ut
2483 3777 2774 3847 probatio,
2823 3782 2951 3844 etc.,
3002 3776 3066 3830 in
3115 3775 3362 3831 laudem.
3396 3775 3538 3831 Cum

1921 3864 2088 3934 judex
2120 3864 2349 3919 laudans
2389 3872 2625 3919 vestram
2669 3864 2866 3932 fidem,
2915 3864 3059 3920 dicet
3111 3882 3125 3919 :
3172 3867 3243 3921 Et
3293 3864 3536 3921 dedisti:

1927 3954 2070 4009 mihi
2098 3954 2466 4017 manducare,
2489 3961 2593 4010 etc.
2628 3953 2873 4025 (Matth.,
2909 3952 3074 4025 xxv).

1997 4044 2303 4097 Pretiosior
2338 4058 2476 4098 auro
2510 4042 2695 4113 (Βειι.)
2745 4042 3008 4096 Patientia
3049 4050 3368 4098 sanctorum
3396 4057 3533 4097 auro

1926 4124 2303 4200 comparatur,
2337 4137 2466 4195 etc.,
2504 4147 2677 4204 usque
2708 4131 2781 4185 ad
2812 4130 2957 4186 unde
2986 4138 3040 4186 et
3076 4130 3354 4202 subjungit
3381 4148 3397 4185 :
3428 4132 3535 4186 In-

1924 4221 2211 4285 veniatur,
2244 4225 2348 4275 etc.

1997 4309 2059 4362 In
2082 4308 2325 4363 laudem.
2359 4307 2428 4363 Ut
2458 4306 2759 4362 laudabiles
2791 4314 2845 4362 et
2874 4306 3103 4379 gloriosi
3124 4307 3242 4362 sitis
3278 4323 3382 4379 per
3397 4323 3532 4365 con-

289 4380 551 4492 νεειῇεσ.
570 4410 643 4479 -ῄ
674 4381 886 4479 Gratia-
924 4379 1051 4435 Sine
1082 4377 1257 4450 gratia
1280 4376 1597 4492 (ξιιτίειίιξςξ
1628 4393 1824 4492 pacgfn
1852 4432 1905 4492 Β
1928 4395 2196 4469 stantiam
2214 4398 2277 4451 in
2294 4396 2655 4463 reuelatione,
2688 4395 2743 4450 id
2766 4376 2929 4450 estin
2958 4396 3047 4451 die
3071 4376 3532 4469 judicii,_quando

216 4469 677 4525 reconciliationis
728 4469 845 4538 ejus
894 4482 1173 4539 nunquam
1201 4465 1435 4535 venitur,
1466 4465 1598 4521 nihil
1627 4466 1824 4537 pacifi-

220 4571 347 4614 cum
374 4559 479 4613 nisi
507 4575 608 4629 per
635 4557 870 4631 gratiam
900 4558 1019 4626 ejus
1048 4556 1253 4611 habere
1281 4556 1544 4611 valemus.
1594 4558 1665 4611 Et
1705 4574 1824 4629 pax

216 4648 654 4719 multiplicetur.
690 4648 749 4701 Id
781 4654 862 4702 est
894 4645 1044 4700 nulla
1071 4645 1374 4701 adversitas
1405 4645 1649 4700 retrahat
1672 4661 1771 4700 vos
1791 4661 1825 4699 a

218 4734 471 4789 laudibus
502 4735 619 4801 Dei,
657 4736 834 4790 omnis
856 4735 1128 4790 tribulatio
1156 4734 1341 4790 invitet
1364 4749 1460 4790 vos
1485 4735 1556 4789 ad
1576 4734 1818 4799 laudem,

217 4824 344 4896 quia
389 4824 572 4880 omnia
611 4823 679 4878 ad
710 4822 1024 4879 felicitatem
1069 4823 1502 4893 multiplicantur
1536 4840 1550 4877 :
1586 4830 1644 4877 ut
1674 4822 1824 4894 quod

216 4913 356 4968 bene
388 4913 648 4984 C(Bpistis,
684 4912 925 4983 perfecte
954 4912 1291 4982 compleatis.

291 5001 462 5057 Vnus.
496 5005 549 5056 3.
582 5031 652 5042 -—
678 5002 1063 5073 Regeneravit.
1099 5000 1283 5070 (Bnn.)
1315 5001 1450 5056 Cum
1481 4999 1683 5055 nostris
1713 5015 1823 5054 me-

219 5089 336 5143 ritis
368 5089 613 5161 generati
643 5105 889 5144 essemus
921 5090 993 5144 ad
1022 5096 1273 5155 mortem,
1305 5097 1433 5157 etc.,
1467 5105 1639 5162 usque
1669 5088 1743 5144 ad
1764 5095 1821 5143 ut

218 5194 320 5248 per
348 5177 669 5232 munditiam
696 5177 814 5231 sitis
844 5177 967 5232 coeli
996 5185 1049 5232 et
1080 5178 1240 5232 sedes
1272 5177 1389 5232 Dei.

290 5267 460 5322 Vnus.
492 5267 545 5320 4.
579 5295 650 5305 -
679 5266 1188 5337 Incorruptibilem.
1237 5264 1569 5320 Naturaliter
1597 5281 1708 5321 non
1737 5271 1819 5320 est

221 5354 404 5410 anima
428 5352 858 5423 incorruptibilis
879 5396 892 5420 ,
927 5354 1024 5408 sed
1055 5354 1227 5425 gratia
1277 5354 1379 5409 Dei
1428 5370 1525 5424 per
1574 5352 1738 5409 ﬁdem
1767 5360 1821 5409 et

210 5445 474 5516 justitiam
526 5443 597 5499 ad
651 5442 986 5498 intellectum
1028 5442 1305 5513 perﬁcitur
1370 5442 1814 5513 incorruptibilis.

215 5536 281 5590 In
310 5535 478 5592 vobis.
514 5531 621 5601 Qui
650 5531 801 5588 dedit
831 5531 985 5589 vobis
1014 5531 1364 5587 credentibus
1392 5539 1721 5602 potestatem
1762 5530 1822 5586 ﬁ-

214 5622 320 5681 lios
346 5624 451 5687 Dei
474 5622 620 5696 ﬁeri,
654 5621 837 5696 posuit
862 5620 922 5681 in
950 5620 1109 5683 vobis
1137 5619 1290 5678 illam
1333 5621 1815 5690 perseverantiam,

1928 4485 2258 4541 revelabitur
2287 4500 2451 4555 quam
2480 4500 2695 4556 magnae
2729 4484 2984 4555 potentiae
3016 4485 3085 4539 sit
3115 4486 3282 4543 Deus.
3322 4488 3393 4541 Et
3426 4488 3533 4542 ho-

1924 4591 2138 4642 norem,
2172 4582 2231 4628 ut
2253 4573 2466 4630 dicatur
2488 4573 2645 4630 vobis
2681 4590 2695 4628 :
2739 4575 2953 4641 Venite,
3015 4574 3293 4631 benedicti
3335 4575 3531 4631 Patris

1922 4665 2036 4719 mei
2068 4663 2291 4733 (Matth.
2326 4663 2494 4734 xxv).

1994 4797 2162 4851 Vsus.
2197 4798 2249 4849 9.
2283 4826 2353 4836 -—
2377 4795 2635 4851 Salutem
2655 4796 3004 4852 animarum.
3028 4796 3157 4853 Haec
3198 4793 3349 4852 salus
3388 4794 3530 4852 mul-

1921 4893 2035 4938 tum
2066 4892 2147 4939 est
2177 4883 2427 4949 amanda,
2459 4883 2589 4955 quia
2619 4883 2688 4938 de
2719 4885 2823 4940 hac
2854 4884 3025 4940 salute
3052 4885 3283 4940 multum
3331 4883 3530 4957 exqui-

1921 4971 2147 5036 sierunt,
2182 4973 2397 5043 quando
2427 4972 2510 5027 vel
2543 4989 2650 5044 quo
2682 4973 2875 5028 ordine
2906 4973 3057 5028 salus
3095 4982 3298 5029 (eterna
3318 4974 3526 5030 mundo

1920 5061 2236 5128 adveniret;
2269 5062 2413 5116 unde
2457 5061 2656 5117 dicitur
2686 5078 2701 5115 :
2746 5063 2909 5118 Multi
2953 5063 3237 5135 prophetae
3275 5068 3333 5119 et
3369 5079 3525 5135 rege:

1917 5151 2221 5205 voluerunt
2257 5150 2443 5206 videre
2474 5166 2597 5223 qua:
2626 5167 2717 5207 vos
2739 5151 2939 5208 videtis
2962 5194 2975 5218 ,
3011 5156 3069 5208 et
3100 5168 3216 5209 non
3251 5153 3526 5209 viderunt

1919 5237 2139 5307 (Matth.
2173 5238 2319 5303 xm).

1989 5352 2161 5406 Vnus.
2198 5356 2283 5407 10.
2309 5383 2379 5393 —
2410 5353 2911 5426 Prophetaverunt.
2963 5355 3149 5410 Palam
3206 5356 3523 5413 hominibus

1917 5440 2195 5512 loquendo
2227 5450 2279 5497 et
2319 5443 2641 5513 exponendo
2680 5460 2742 5498 ea
2791 5460 2913 5516 quae
2941 5444 3000 5499 in
3045 5445 3264 5503 occulto
3291 5446 3525 5502 internae

1924 5530 2400 5601 contemplationis
2430 5531 2534 5601 ipsi
2555 5541 2949 5604 cognoverant.

1992 5619 2163 5676 Vnus.
2197 5622 2285 5676 11.
2318 5650 2389 5662 —
2412 5620 2479 5677 In
2516 5620 2659 5693 quod
2695 5622 2815 5689 vel,
2846 5629 2952 5680 etc.
3004 5620 3164 5691 Quod
3199 5631 3434 5701 tempus,
3467 5622 3527 5681 id
