3964 6178
280 363 377 418 681

1215 360 1487 419 GLOSSA
1519 359 1928 418 ORDINARIA.
1958 388 2028 401 —
2054 359 2276 418 EPIST.
2305 361 2330 417 Ι
2358 360 2581 417 PETRI.

3467 367 3572 421 682

277 492 361 540 est
393 499 504 556 quo
535 499 701 553 anno,
734 483 824 540 vel
848 485 951 540 sub
971 500 1080 557 quo
1116 484 1383 557 principe.
1418 485 1611 555 Quale,
1647 485 1879 542 bellico-
1900 483 2122 545 Adium
2170 485 2329 541 bonae
2373 484 2839 551 conversationis,
2904 485 3093 556 quales
3156 493 3279 541 sunt
3344 486 3577 544 infantes

274 590 397 628 sum
426 574 514 629 vel
535 572 844 645 paciﬁcum,
876 574 965 630 vel
994 590 1102 647 quo
1146 576 1359 642 ordine,
1391 592 1493 647 per
1517 584 1731 647 partum
1762 575 1873 631 vir-

270 662 437 736 ginis,
473 662 561 718 vel
587 678 695 735 quo
724 663 833 718 alio
859 664 1042 719 modo.
1082 665 1327 737 Spiritus
1361 665 1587 721 Christi.
1620 666 1874 721 Archan-

270 751 428 825 gelos
460 759 513 807 et
542 752 898 825 propinquos,
923 761 1081 808 vocat
1108 753 1351 824 spiritus,
1382 770 1484 824 per
1515 769 1653 825 quos
1683 769 1876 824 opera-

269 848 359 896 tur
383 841 671 910 Dominus,
696 834 836 913 'quia
862 842 1077 898 Christo
1098 850 1223 897 sunt
1252 842 1499 912 subjecti.
1532 845 1875 899 Posteriores

265 930 499 1001 glorias.
536 931 671 986 Duae
701 937 826 985 sunt
856 929 1284 1003 gloriﬁcationes
1328 931 1545 987 Domini
1574 932 1875 987 secundum

270 1018 516 1090 suscepti
565 1018 800 1074 hominis
848 1017 1103 1075 formam.
1153 1020 1270 1075 Una
1331 1034 1440 1092 qua
1499 1019 1801 1075 resurrexit
1843 1035 1878 1074 a

268 1107 521 1174 mortuis,
555 1114 609 1163 et
639 1107 745 1163 alia
775 1123 885 1180 qua
912 1109 1160 1164 ascendit
1195 1108 1253 1163 in
1299 1108 1500 1164 coelum
1531 1117 1657 1164 ante
1688 1108 1877 1164 oculos

276 1196 676 1267 apostolorum.
707 1197 898 1253 Restat
923 1197 1106 1265 tertia,
1138 1204 1192 1253 et
1220 1196 1338 1268 ipsa
1366 1197 1470 1253 erit
1497 1197 1554 1251 in
1580 1204 1877 1269 conspectu

265 1284 573 1353 hominum,
605 1300 729 1341 cum
756 1286 814 1340 in
840 1285 1124 1356 majestate
1143 1286 1357 1342 venerit
1374 1293 1433 1341 ut
1452 1285 1644 1342 reddat
1672 1286 1869 1358 cuique

264 1374 573 1430 secundum
601 1388 767 1446 Opera
796 1389 915 1429 sua.

338 1462 515 1518 Vens.
576 1465 661 1521 12.
712 1492 784 1503 -
834 1464 984 1521 Vobis
1034 1467 1230 1519 autem
1283 1464 1711 1520 ministrabant.
1764 1462 1881 1519 Hoc

263 1550 397 1606 ideo
417 1550 549 1607 dicit
569 1557 629 1605 ut
647 1557 868 1606 moneat
889 1551 1014 1607 illos
1034 1566 1220 1608 curam
1241 1567 1436 1625 gerere
1453 1551 1641 1607 salutis
1659 1551 1876 1619 oblatae,

266 1655 433 1711 quam
466 1639 546 1696 sic
574 1647 892 1696 amaverunt
919 1640 1135 1710 priores
1164 1640 1353 1696 sancti.

341 1728 565 1801 Spiritu
583 1732 802 1785 sancto.
835 1728 1057 1801 (BRDA.)
1086 1728 1317 1799 Spiritus
1347 1728 1404 1783 in
1429 1728 1732 1801 prophetis,
1765 1728 1882 1800 spi-

1975 581 2221 629 recenter
2251 575 2359 628 nati
2391 590 2491 645 per
2520 581 2775 629 naturam
2804 574 2997 629 tetatis.

2045 664 2414 719 Rationabile.
2449 663 2635 718 Estote
2665 662 2899 717 infantes
2942 679 3042 734 per
3088 664 3350 719 malitiam
3392 679 3581 720 remo-

1974 758 2105 818 tam,
2139 752 2489 806 rationabiles
2533 759 2713 806 tamen
2760 767 2861 823 per
2908 752 3231 823 sapientiam
3266 770 3279 807 :
3314 769 3416 808 nec
3443 754 3580 809 ratio

1974 839 2155 911 aliqua
2185 840 2254 894 ad
2282 840 2552 896 versutias
2582 840 2767 896 saeculi
2813 856 2912 895 vos
2941 841 3135 908 trahat,
3170 841 3267 897 sed
3298 841 3415 896 sine
3449 842 3579 899 dolo

1976 928 2122 993 sitis;
2172 928 2319 983 unde
2374 946 2389 982 :
2438 930 2625 985 Estote
2693 929 3001 1000 prudentes
3070 931 3222 985 sicut
3286 934 3578 1002 serpentes

1977 1016 2197 1087 (Matth.
2232 1017 2315 1087 χ),
2346 1024 2453 1072 etc.

2048 1107 2153 1161 Lac
2181 1106 2579 1177 concupiscite.
2612 1104 2833 1177 (BEDA.)
2876 1105 3071 1177 Tangit
3100 1106 3224 1163 illos
3257 1106 3349 1179 qui
3375 1107 3444 1162 ad
3476 1122 3581 1163 au-

1977 1192 2209 1249 diendas
2240 1209 2428 1249 sacras
2457 1193 2721 1249 lectiones
2751 1192 3020 1249 fastidiosi
3050 1195 3365 1267 adveniunt,
3400 1195 3583 1268 ignari

1975 1280 2123 1337 illius
2152 1282 2270 1337 sitis
2299 1290 2353 1338 et
2382 1281 2603 1349 esuriei,
2635 1281 2706 1337 de
2735 1297 2843 1354 qua
2872 1282 3139 1338 Dominus
3159 1285 3272 1339 ait:
3306 1286 3466 1341 Beati
3487 1287 3586 1359 qut

1978 1372 2243 1428 esuriant
2282 1376 2338 1428 et
2388 1373 2599 1427 sitiunt
2640 1372 2930 1442 justitiam
2972 1372 3197 1443 (Matth.
3227 1374 3308 1445 v).
3344 1374 3583 1447 Ideoque

1978 1460 2188 1515 tardius
2218 1460 2291 1515 ad
2328 1460 2575 1531 perfecta
2622 1459 2810 1515 salutis
2852 1460 3189 1517 incrementa
3230 1463 3578 1532 perveniunt,

1979 1564 2088 1621 quo
2115 1550 2328 1621 possint
2366 1550 2541 1605 solido
2582 1549 2704 1605 cibo
2742 1549 2896 1605 verbi
2939 1549 3110 1617 reﬁci,
3153 1550 3211 1605 id
3241 1560 3342 1622 est,
3375 1567 3584 1608 arcana.

1979 1654 2319 1711 cognoscere
2353 1639 2557 1706 divina,
2590 1638 2677 1694 vel
2707 1639 2912 1708 majora
2943 1638 3127 1695 facere
3159 1640 3322 1696 bona.
3352 1644 3418 1700 Ut
3435 1644 3500 1698 in
3518 1657 3581 1699 eo

1978 1730 2267 1784 crescatis.
2299 1729 2367 1784 Ut
2396 1728 2561 1783 etiam
2588 1728 2727 1783 bene
2756 1728 3039 1795 discendo,
3070 1746 3173 1799 per
3200 1745 3358 1786 sacra
3386 1729 3582 1785 Domi-

267 1816 410 1872 ritus
460 1817 517 1871 in
560 1817 842 1888 apostolis,
898 1817 973 1872 ita
1022 1824 1271 1888 apparet,
1324 1818 1469 1890 quod
1515 1818 1794 1889 propheta:
1834 1824 1953 1900 etB
1979 1816 2115 1871 uicae
2143 1816 2533 1873 incarnationis
2574 1816 2909 1888 perveniatis
2956 1816 3028 1872 ad
3064 1818 3581 1890 contemplationem

261 1905 502 1977 apostoli
549 1906 801 1962 eamdem
851 1906 1080 1961 salutem
1130 1906 1397 1962 nuntient.
1451 1906 1533 1960 Illi
1578 1914 1887 1977 venturam,

260 1994 357 2049 isti
385 1994 685 2066 impletam.
720 1996 839 2051 Una
867 1994 1049 2067 itaque
1093 1995 1360 2061 Ecclesia,
1397 1994 1550 2064 cujus
1576 2010 1709 2067 pars
1739 2011 1887 2067 prte-

260 2084 435 2140 cessit
467 2084 758 2140 adventum
789 2083 1007 2154 Christi,
1039 2100 1164 2155 pars
1195 2082 1457 2156 sequitur.

339 2173 512 2227 Vens.
540 2176 624 2227 13.
642 2203 713 2213 -
733 2175 973 2244 Propter
1002 2174 1161 2246 quod.
1187 2172 1328 2241 Quia
1356 2180 1504 2227 tanta
1524 2172 1702 2245 gratia
1722 2172 1876 2229 vobis

257 2269 345 2317 est
375 2261 665 2332 promissa,
701 2269 760 2316 ut
790 2262 1023 2317 revelate
1072 2262 1303 2317 videatis
1349 2261 1498 2315 illam
1547 2277 1707 2333 quam
1732 2279 1874 2319 nunc

252 2350 448 2405 vident
476 2351 678 2422 angeli,
728 2350 877 2406 tanto
924 2351 1156 2422 amplius
1204 2350 1357 2422 digni
1410 2367 1532 2406 esse
1580 2360 1781 2417 curate,
1815 2358 1874 2406 ut

261 2454 389 2494 eam
417 2439 705 2510 percipere
753 2439 1001 2495 valeatis.
1056 2440 1308 2512 Sperate.
1342 2439 1532 2495 Securi
1560 2448 1870 2510 exspectate

253 2536 462 2594 mente,
494 2536 549 2583 et
577 2543 804 2599 corpore
835 2528 991 2584 casti.
1014 2529 1151 2583 Nam
1172 2528 1265 2600 qui
1295 2528 1527 2583 Domino
1561 2544 1621 2583 se
1648 2529 1868 2599 placere

258 2632 374 2671 non
417 2616 587 2683 novit,
638 2615 834 2672 merito
880 2633 978 2688 spe
1026 2616 1289 2672 bonorum
1336 2632 1550 2685 carens,
1601 2633 1670 2672 ne
1709 2616 1867 2673 citius

255 2704 535 2772 adveniat,
568 2705 775 2760 metuit.

332 2795 505 2849 Vens.
535 2796 703 2849 14.-
733 2795 883 2851 Filii.
920 2795 984 2849 Et
1017 2810 1207 2850 secure
1256 2794 1478 2866 possitis
1525 2802 1862 2867 exspectare,

252 2882 377 2938 sitis
407 2881 503 2937 filii
527 2883 845 2939 obedientes
881 2882 1021 2937 Patri
1047 2882 1379 2954 corripienti.

336 2992 511 3047 Vens.
547 2993 634 3045 l5.
666 3021 737 3031 —
782 2991 1077 3047 Sanctum.
1126 2991 1186 3045 Id
1239 2998 1322 3046 est
1369 2989 1779 3054 sanctiﬁcatum
1809 2998 1863 3046 et

254 3079 696 3137 sanctiﬁcantem
741 3096 841 3136 vos
888 3089 943 3135 ut
988 3080 1042 3134 in
1093 3079 1240 3135 omni
1284 3080 1697 3136 conversatione
1744 3079 1862 3135 sitis

258 3169 443 3226 sancti
477 3170 662 3225 :unde
696 3187 710 3223 :
744 3168 935 3226 Estote
962 3173 1019 3225 et
1046 3186 1138 3227 vos
1164 3170 1426 3242 perfecti,
1460 3176 1564 3225 etc.

330 3268 505 3323 Vsus.
551 3270 638 3322 17.
676 3297 747 3307 -
774 3268 838 3323 1η
878 3268 1099 3334 timore,
1148 3276 1250 3323 etc.
1297 3268 1510 3339 (Ηιειι.)
1556 3268 1677 3341 Ego
1722 3283 1861 3324 cun-

252 3357 360 3413 ctis
388 3364 738 3427 peccatorum
770 3356 1021 3411 sordibus
1050 3356 1380 3428 inquinatus,
1414 3357 1607 3412 diebus
1636 3373 1699 3413 ac
1724 3373 1861 3413 noc-

257 3445 414 3499 tibus
447 3444 670 3516 operior
693 3462 816 3501 cum
836 3453 1077 3501 tremore
1099 3446 1333 3501 reddere
1350 3446 1706 3501 novissimum
1737 3461 1866 3517 qua-

258 3534 537 3589 drantem.
574 3535 640 3588 Et
670 3542 886 3606 tempus
910 3550 1017 3606 quo
1061 3534 1194 3588 mihi
1244 3534 1471 3602 dicatur,
1507 3535 1859 3606 Hieronyme,

251 3624 383 3679 veni
416 3623 584 3679 foras.

327 3713 617 3769 Incolatus
660 3715 853 3769 vestri.
904 3714 972 3769 Ut
1015 3712 1238 3784 possitis
1274 3728 1397 3768 esse
1426 3713 1619 3780 sancti,
1664 3714 1861 3769 habete

252 3801 732 3858 conversationem
775 3810 1011 3857 vestram
1054 3802 1110 3856 in
1156 3802 1372 3870 timore,
1422 3811 1662 3874 tempore
1691 3802 1862 3858 vestri

253 3889 527 3946 incolatus
556 3891 798 3963 quandiu
826 3891 880 3945 in
911 3891 1072 3961 hujus
1090 3891 1279 3946 mundi
1308 3890 1501 3947 exsilio
1533 3892 1684 3946 estis.
1719 3894 1861 3947 Bea-

254 3984 350 4037 tus
380 3982 537 4036 enim
568 3981 666 4054 qui
684 3997 904 4054 semper
932 3985 1018 4037 est
1046 3980 1302 4054 pavidus,
1325 3982 1430 4037 hoc
1458 3981 1583 4037 dico
1611 3980 1658 4035 si
1686 3981 1862 4036 Deum

255 4070 548 4138 invocatis,
601 4070 756 4143 quasi
802 4070 948 4127 dicat
981 4088 994 4124 :
1026 4071 1151 4126 Non
1202 4087 1333 4126 vere
1372 4072 1546 4127 Deum
1575 4070 1857 4137 invocatis,

254 4159 363 4214 nisi
398 4157 613 4215 solliciti
644 4168 696 4214 et
729 4159 900 4214 timidi
934 4158 1071 4214 sitis.

330 4267 504 4322 Vnus.
540 4269 627 4321 19.
659 4295 729 4306 --
762 4268 867 4323 Sed
887 4268 1136 4339 pretioso
1166 4268 1464 4339 sanguine.
1501 4265 1652 4322 Ordo
1673 4266 1862 4322 litterae

256 4363 387 4411 est:
422 4355 521 4410 sed
548 4356 789 4426 pretioso
835 4356 1104 4428 sanguine
1151 4355 1373 4421 Christi,
1415 4356 1572 4427 quasi
1616 4356 1744 4427 agni
1771 4356 1860 4409 in-

255 4443 612 4500 contaminati
659 4451 713 4499 et
758 4444 1111 4500 immaculati.
1161 4444 1262 4499 Hic
1308 4444 1480 4515 tangit
1525 4444 1769 4500 leviticas
1809 4452 1861 4499 et

1980 1904 2179 1961 divina:
2206 1905 2532 1974 majestatis.

2051 2012 2220 2066 Vsus.
2252 2016 2305 2067 3.
2329 2042 2400 2053 —
2442 2012 2503 2069 Si
2553 2016 2743 2068 tamen
2783 2013 3233 2085 gustastis.(In.)
3274 2014 3391 2070 Hoc
3417 2020 3578 2085 pacto

1974 2109 2210 2173 purgata
2257 2101 2441 2157 cordis
2483 2100 2712 2168 malitia,
2763 2100 2983 2156 vitalem
3031 2101 3231 2157 Christi
3267 2102 3579 2159 alimoniam

1974 2188 2366 2261 concupiscite,
2401 2189 2468 2255 si,
2502 2197 2705 2260 quanta
2749 2189 2817 2243 sit
2859 2190 3047 2244 divina
3076 2191 3331 2258 dulcedo,
3364 2192 3574 2263 sapitis.

1972 2278 2112 2332 Nam
2142 2279 2235 2350 qui
2270 2278 2403 2332 nihil
2432 2277 2502 2333 de
2532 2278 2648 2347 ejus
2678 2277 2968 2333 dulcedine
2997 2287 3196 2349 gustat,
3230 2296 3342 2335 non
3371 2289 3454 2336 est
3479 2281 3577 2336 mi-

1969 2383 2093 2421 rum
2124 2367 2170 2421 si
2201 2368 2344 2422 hunc
2387 2366 2741 2422 terrestribus
2795 2366 3088 2422 desideriis
3135 2369 3419 2425 sordidare
3464 2384 3575 2426 non

1969 2455 2154 2512 evitat.

2039 2563 2208 2618 Vens.
2234 2565 2287 2617 5.
2307 2593 2377 2602 —
2412 2565 2699 2636 Tanquam
2731 2563 2944 2635 lapides
2974 2564 3103 2619 vivi.
3136 2564 3242 2619 Per
3269 2563 3562 2622 inﬁdelitav

1967 2659 2076 2707 tem
2106 2651 2326 2723 quidem
2355 2652 2475 2706 duri
2505 2660 2559 2707 et
2591 2651 2959 2721 insensibiles,
3010 2652 3108 2707 sed
3145 2669 3247 2723 per
3274 2654 3566 2711 discretio-

1964 2757 2091 2795 nem
2122 2740 2320 2796 eruditi
2348 2739 2690 2796 viviﬁcantur
2719 2748 2772 2796 et
2802 2740 2914 2812 apti
2944 2749 3088 2809 sunt,
3127 2749 3184 2796 ut
3212 2742 3269 2797 in
3296 2744 3397 2799 Dei
3424 2743 3564 2800 tedi-

1962 2826 2085 2885 ficio
2114 2829 2379 2885 charitate
2409 2830 2847 2903 compingantur.

2033 2919 2434 2988 .xEdiﬁcamini.
2469 2919 2553 2974 Ad
2581 2918 2915 2975 oﬁerendum
2944 2920 3090 2975 bona
3117 2936 3306 2992 opera,
3324 2922 3561 2980 eleemo-

1962 3023 2145 3078 synas,
2160 3024 2355 3079 preces
2384 3016 2437 3064 et
2455 3024 2555 3063 vos
2579 3008 2748 3079 ipsos.
2773 3011 2883 3065 Per
2900 3010 3091 3065 Jesum
3112 3010 3420 3067 Christum.
3439 3012 3558 3069 Hoc

1960 3097 2029 3151 ad
2078 3097 2260 3152 omnia
2302 3096 2573 3165 refertur,
2625 3095 2967 3154 aaditicamini
2990 3143 3003 3163 ,
3046 3100 3357 3156 sacerdotes
3403 3101 3555 3169 estis,

1889 3184 2184 3265 Coffertis,
2231 3194 2285 3241 et
2331 3187 2432 3241 hoc
2474 3193 2666 3255 totum,
2718 3202 2819 3258 per
2858 3188 3047 3243 Jesum
3076 3188 3369 3258 Christum,
3403 3191 3560 3260 cujus

1961 3275 2141 3348 gratia
2168 3274 2351 3329 omnia
2378 3275 2608 3331 habetis.

2037 3382 2201 3437 Vens.
2237 3384 2289 3437 6.
2320 3412 2390 3422 —
2436 3385 2671 3455 Propter
2711 3383 2853 3455 quod
2898 3382 3329 3440 confirmandum
3350 3430 3365 3455 ,
3412 3386 3561 3459 quod

1961 3471 2228 3526 Dominus
2262 3478 2492 3542 propter
2521 3470 2829 3527 firmitatem
2870 3488 3023 3528 suam
3046 3474 3171 3543 jure
3199 3474 3269 3529 sit
3296 3474 3436 3547 lapis
3464 3492 3562 3533 vo-

1960 3568 2131 3625 catus,
2156 3568 2259 3615 etc.

2032 3649 2202 3704 Vens.
2235 3650 2289 3704 7.
2324 3679 2394 3689 —
2427 3649 2577 3707 Vobis
2617 3649 2797 3721 igitur
2840 3651 3199 3707 credentibus
3255 3657 3341 3707 est
3383 3652 3561 3710 honor

1962 3755 2075 3795 non
2106 3739 2483 3803 credentibus,
2536 3746 2664 3794 etc..
2710 3755 2875 3810 quem
2918 3740 3357 3811 reprobaverunt
3384 3743 3562 3812 (ediﬁ-

1962 3831 2182 3883 cantes.
2218 3828 2295 3881 Ita
2326 3826 2654 3897 reprobatus
2701 3827 2769 3880 ab
2816 3827 2933 3881 istis
2963 3828 3101 3883 sicut
3129 3828 3200 3882 ab
3228 3828 3355 3895 illis,
3388 3838 3442 3885 et
3469 3830 3563 3887 ille

1959 3915 2096 3986 lapis
2148 3915 2255 3982 hic,
2307 3915 2362 3970 id
2406 3922 2491 3971 est
2537 3915 2906 3983 credentibus,
2950 3921 3036 3973 est
3078 3920 3266 3989 factus
3296 3920 3358 3974 in
3388 3925 3560 3992 caput

1961 4006 2183 4077 anguli,
2215 4013 2268 4059 et
2296 4003 2606 4060 inﬁdelibus
2631 4004 2815 4077 factus
2847 4012 2933 4061 est
2964 4006 3109 4079 lapis
3145 4006 3474 4079 offensionis
3503 4014 3563 4067 et

1956 4097 2122 4164 petra
2153 4094 2429 4149 scandali.

2032 4200 2203 4254 Vens.
2240 4205 2291 4255 8.
2323 4230 2393 4239 —-
2424 4201 2493 4255 Et
2544 4201 2688 4272 lapis
2736 4200 3081 4271 offensionis.
3132 4201 3266 4257 Cum
3309 4203 3558 4260 Christus

1961 4287 2027 4342 sit
2048 4287 2188 4358 lapis
2218 4288 2275 4342 in
2305 4304 2412 4361 quo
2443 4296 2814 4345 sustententur
2860 4298 2913 4345 et
2958 4290 3056 4345 tuti
3094 4291 3374 4362 quiescant
3403 4293 3553 4361 boni,

1958 4377 2255 4432 incredulis
2299 4378 2403 4432 erit
2450 4393 2617 4434 causa
2662 4376 2979 4443 offensionis
3035 4378 3090 4432 in
3138 4380 3397 4449 praesenti
3443 4398 3555 4437 non

1961 4465 2312 4521 credentibus
2339 4466 2395 4520 in
2424 4483 2547 4521 eum
2599 4474 2653 4522 et
2700 4467 2823 4522 ideo
2869 4467 3128 4523 cadentes
3173 4477 3299 4523 sunt
3326 4470 3395 4525 de
3424 4471 3555 4528 vitio

252 4532 621 4629 sacerflomles
649 4532 1067 4629 (felepl'aﬁones-
1111 4531 1397 4629 εξειιίθοθξ
1417 4540 1596 4589 autem
1620 4532 1856 4588 animam
1883 4554 2013 4623 Din
2070 4554 2279 4610 vitium.
2331 4556 2428 4610 Est
2480 4554 2536 4609 in
2581 4555 2759 4610 futuro
2804 4563 2956 4625 petra
2999 4556 3260 4624 scandali,
3308 4558 3437 4629 quia
3478 4560 3550 4615 ad

250 4621 511 4677 mundam
536 4638 636 4694 per
656 4622 919 4693 justitiam
952 4638 1072 4694 quae
1101 4620 1332 4678 offertur
1359 4622 1498 4678 Deo.

887 4786 1112 4844 CAPUT
1160 4787 1227 4842 II.

319 4918 495 4975 Vsus.
529 4922 581 4972 1.
604 4948 673 4958 -
700 4919 1049 4990 Deponentes
1084 4918 1263 4989 igitur
1291 4933 1516 4974 omnem
1543 4917 1854 4973 malitiam.

252 5005 395 5077 Quid
426 5015 511 5063 est
535 5006 783 5062 malitia?
825 5006 931 5061 nisi
978 5006 1215 5062 nocendi
1264 5006 1456 5061 amor?
1486 5004 1629 5074 Quid
1661 5004 1859 5061 dolus?

251 5095 351 5153 nisi
383 5096 532 5151 aliud
555 5112 748 5170 agere,
781 5095 931 5151 aliud
966 5096 1227 5150 simulare
1242 5096 1268 5150 ?
1293 5094 1437 5163 Quid
1458 5095 1734 5151 adulatio?
1754 5094 1861 5151 nisi

248 5184 429 5242 fallaci
475 5184 659 5249 laude,
711 5184 995 5239 seductio?
1045 5183 1186 5252 Quid
1236 5183 1483 5239 invidia?
1526 5184 1631 5238 nisi
1671 5185 1859 5239 odium

253 5273 521 5331 felicitatis
566 5273 800 5331 alienze?
849 5273 991 5342 Quid
1038 5273 1338 5329 detractio?
1400 5274 1506 5328 nisi
1549 5274 1859 5330 mordacior

254 5380 414 5436 quam
442 5363 691 5419 veracior
718 5362 1115 5433 reprehensio?
1148 5362 1352 5418 Malitia
1380 5362 1527 5418 malo
1556 5362 1858 5418 delectatur

252 5453 446 5509 alieno.
480 5452 653 5507 Dolus
699 5451 941 5522 duplicat
981 5467 1094 5508 cor.
1141 5451 1397 5508 Adulatio
1440 5451 1703 5526 linguam.
1747 5453 1855 5508 De-

255 5541 446 5599 tractio
477 5541 723 5597 vulnerat
753 5540 967 5596 famam.

318 5642 492 5696 Vens.
527 5643 583 5697 2.
624 5668 693 5680 -
724 5641 883 5696 Sicut
916 5640 1075 5697 modo
1102 5640 1300 5712 geniti.
1352 5639 1572 5712 (BEDA.)
1604 5638 1744 5708 Quia
1773 5638 1851 5695 sic

252 5729 425 5787 renati
454 5728 605 5797 estis,
637 5736 691 5784 et
719 5726 817 5783 filii
844 5728 1035 5785 aeterni
1062 5727 1209 5798 facti,
1241 5728 1375 5785 tales
1404 5735 1579 5786 estote
1607 5744 1709 5801 per
1738 5736 1852 5785 stu-

539 5855 783 5912 PA'raOL.
818 5853 1007 5912 CXIV.

1958 4643 2109 4698 illum
2153 4643 2394 4714 lapidem
2442 4643 2715 4698 Christum
2769 4660 2932 4715 quem
2993 4651 3251 4715 tanquam
3292 4646 3553 4704 humilem

1957 4732 2429 4798 conculcaverunt,
2479 4731 2804 4787 collidentur
2845 4747 3072 4805 gressus
3114 4748 3323 4801 eorum,
3372 4744 3425 4792 et
3455 4753 3552 4794 ca-

1958 4821 2087 4876 dent
2114 4821 2169 4875 in
2197 4821 2383 4893 ignem
2430 4828 2692 4875 aeternum
2730 4820 2821 4891 qui
2865 4828 3089 4891 paratus
3132 4831 3215 4877 est
3249 4823 3466 4882 diabolo
3496 4835 3552 4883 et

1958 4909 2172 4983 angelis
2203 4910 2337 4979 ejus.
2360 4910 2665 4981 Offendunt
2688 4909 2863 4966 verbo.
2900 4907 3138 4965 Oﬂ'endit
3165 4912 3332 4968 verbo
3360 4914 3450 4986 qui
3481 4931 3548 4973 eo

1958 4998 2104 5070 quod
2133 4998 2357 5054 verbum
2388 4997 2622 5065 audivit;
2654 4995 2880 5053 oll‘endit
2906 4999 3106 5065 animo,
3127 4999 3255 5055 dum
3286 5004 3433 5074 quod
3462 5020 3554 5061 au-

1957 5087 2108 5153 divit,
2156 5103 2264 5142 non
2309 5087 2502 5153 credit,
2553 5088 2706 5156 cujus
2745 5087 3027 5142 stultitiam
3066 5099 3388 5163 exaggerat.
3437 5095 3548 5152 Nec

1957 5178 2197 5233 credunt
2237 5177 2301 5231 in
2332 5192 2435 5249 quo
2478 5176 2650 5248 positi
2691 5180 2876 5232 sunt:
2906 5193 3007 5247 per
3046 5186 3297 5234 naturam
3341 5182 3409 5237 ad
3443 5183 3552 5240 hoc

1957 5274 2080 5320 sunt
2108 5264 2233 5320 facti
2262 5265 2531 5333 homines,
2564 5273 2620 5319 ut
2650 5265 2877 5321 credant
2915 5267 3032 5321 Deo
3061 5275 3112 5322 et
3142 5269 3400 5326 voluntati
3432 5274 3549 5342 ejus

1955 5355 2349 5425 obtemperent.

2026 5464 2194 5517 Vsus.
2230 5465 2282 5517 9.
2313 5491 2383 5500 —
2422 5462 2514 5517 Vos
2543 5465 2737 5516 autem
2758 5479 2934 5534 genus
2954 5465 3216 5521 electum.
3255 5467 3369 5522 Hoc
3394 5465 3549 5521 testi-

1952 5551 2193 5606 monium
2221 5549 2399 5604 laudis
2430 5550 2706 5620 quondam
2735 5551 2955 5623 antiquo
2970 5554 3170 5623 populo
3196 5571 3298 5623 per
3326 5556 3549 5625 Moysen

1951 5640 2137 5694 datum
2168 5640 2434 5695 Gentibus
2463 5639 2557 5694 dat
2583 5640 2895 5711 Apostolus,
2923 5642 3012 5712 qui
3042 5642 3095 5695 in
3128 5642 3396 5697 Christum
3427 5658 3553 5698 cre-

1951 5729 2086 5785 dunt
2118 5746 2131 5784 :
2164 5728 2258 5802 qui
2286 5727 2454 5786 veluti
2488 5728 2628 5801 lapis
2670 5729 2947 5802 angularis
2972 5729 3028 5783 in
3057 5744 3179 5787 eam
3209 5745 3373 5803 quam
3400 5731 3458 5789 in
3488 5748 3551 5791 se

3268 5859 3339 5915 28
