  <div class='ocr_page' id='page_1' title='image "/cluster/home/n/w/nwhite01/storage/ocr_20150623/114/hvd.32044052819893/347.png"; bbox 0 0 3968 6176; ppageno 0'>
   <div class='ocr_carea' id='block_1_1' title="bbox 411 303 513 356">
    <p class='ocr_par' dir='ltr' id='par_1_1' title="bbox 411 303 513 356">
     <span class='ocr_line' id='line_1_1' title="bbox 411 303 513 356; baseline -0.01 0"><span class='ocrx_word' id='word_1_1' title='bbox 411 303 513 356; x_wconf 83' lang='lat'>683</span> 
     </span>
    </p>
   </div>
   <div class='ocr_carea' id='block_1_2' title="bbox 928 282 3097 351">
    <p class='ocr_par' dir='ltr' id='par_1_2' title="bbox 928 282 3097 351">
     <span class='ocr_line' id='line_1_2' title="bbox 928 282 3097 351; baseline -0.007 1"><span class='ocrx_word' id='word_1_2' title='bbox 928 294 1328 351; x_wconf 75' lang='lat' dir='ltr'>WALAFRIDI</span> <span class='ocrx_word' id='word_1_3' title='bbox 1360 290 1601 347; x_wconf 83' lang='lat' dir='ltr'>STRABI</span> <span class='ocrx_word' id='word_1_4' title='bbox 1632 288 1834 344; x_wconf 88' lang='lat' dir='ltr'>FULD.</span> <span class='ocrx_word' id='word_1_5' title='bbox 1866 283 2039 341; x_wconf 86' lang='lat' dir='ltr'>MON.</span> <span class='ocrx_word' id='word_1_6' title='bbox 2062 282 2216 340; x_wconf 89' lang='lat' dir='ltr'>OPP.</span> <span class='ocrx_word' id='word_1_7' title='bbox 2249 284 2427 340; x_wconf 81' lang='lat' dir='ltr'>PARS</span> <span class='ocrx_word' id='word_1_8' title='bbox 2454 285 2497 339; x_wconf 93' lang='grc' dir='ltr'><strong>Ι.</strong></span> <span class='ocrx_word' id='word_1_9' title='bbox 2526 314 2595 324; x_wconf 91' lang='grc'><strong><em>-</em></strong></span> <span class='ocrx_word' id='word_1_10' title='bbox 2622 283 3097 340; x_wconf 83' lang='lat' dir='ltr'>THEOLOGICA.</span> 
     </span>
    </p>
   </div>
   <div class='ocr_carea' id='block_1_3' title="bbox 3600 284 3698 337">
    <p class='ocr_par' dir='ltr' id='par_1_3' title="bbox 3600 284 3698 337">
     <span class='ocr_line' id='line_1_3' title="bbox 3600 284 3698 337; baseline 0.02 -2"><span class='ocrx_word' id='word_1_11' title='bbox 3600 284 3698 337; x_wconf 69' lang='grc'>684</span> 
     </span>
    </p>
   </div>
   <div class='ocr_carea' id='block_1_4' title="bbox 412 405 3693 491">
    <p class='ocr_par' dir='ltr' id='par_1_4' title="bbox 412 405 3693 491">
     <span class='ocr_line' id='line_1_4' title="bbox 412 405 3693 491; baseline -0.005 -12"><span class='ocrx_word' id='word_1_12' title='bbox 412 423 585 479; x_wconf 84' lang='lat' dir='ltr'>Israel</span> <span class='ocrx_word' id='word_1_13' title='bbox 631 422 861 477; x_wconf 77' lang='lat' dir='ltr'>salutem</span> <span class='ocrx_word' id='word_1_14' title='bbox 904 421 1185 485; x_wconf 82' lang='lat' dir='ltr'>habuerat,</span> <span class='ocrx_word' id='word_1_15' title='bbox 1232 425 1425 491; x_wconf 78' lang='lat' dir='ltr'>gentes</span> <span class='ocrx_word' id='word_1_16' title='bbox 1472 413 1750 471; x_wconf 89' lang='lat' dir='ltr'>adunavit.</span> <span class='ocrx_word' id='word_1_17' title='bbox 1801 412 2002 483; x_wconf 85' lang='lat' dir='ltr'>Regale</span> <span class='ocrx_word' id='word_1_18' title='bbox 2028 410 2366 472; x_wconf 84' lang='lat' dir='ltr'>Ahabentes</span> <span class='ocrx_word' id='word_1_19' title='bbox 2407 410 2711 465; x_wconf 89' lang='lat' dir='ltr'>libertatem</span> <span class='ocrx_word' id='word_1_20' title='bbox 2760 416 3001 465; x_wconf 87' lang='lat' dir='ltr'>vestram</span> <span class='ocrx_word' id='word_1_21' title='bbox 3046 409 3102 463; x_wconf 92' lang='lat' dir='ltr'>in</span> <span class='ocrx_word' id='word_1_22' title='bbox 3148 407 3397 463; x_wconf 85' lang='lat' dir='ltr'>velamen</span> <span class='ocrx_word' id='word_1_23' title='bbox 3442 405 3693 473; x_wconf 69' lang='lat' dir='ltr'>malitiaz,</span> 
     </span>
    </p>
   </div>
   <div class='ocr_carea' id='block_1_5' title="bbox 411 499 2003 574">
    <p class='ocr_par' dir='ltr' id='par_1_5' title="bbox 411 499 2003 574">
     <span class='ocr_line' id='line_1_5' title="bbox 411 499 2003 574; baseline -0.01 -5"><span class='ocrx_word' id='word_1_24' title='bbox 411 512 810 570; x_wconf 69' lang='lat' dir='ltr'>sacerdotium.</span> <span class='ocrx_word' id='word_1_25' title='bbox 864 509 1066 564; x_wconf 87' lang='lat' dir='ltr'>Summi</span> <span class='ocrx_word' id='word_1_26' title='bbox 1111 506 1415 563; x_wconf 76' lang='lat' dir='ltr'>sacerdotis</span> <span class='ocrx_word' id='word_1_27' title='bbox 1462 503 1681 574; x_wconf 84' lang='lat' dir='ltr'>corpori</span> <span class='ocrx_word' id='word_1_28' title='bbox 1727 501 1880 567; x_wconf 84' lang='lat' dir='ltr'>uniti,</span> <span class='ocrx_word' id='word_1_29' title='bbox 1913 499 2003 572; x_wconf 89' lang='lat' dir='ltr'>qui</span> 
     </span>
    </p>
   </div>
   <div class='ocr_carea' id='block_1_6' title="bbox 411 590 2006 675">
    <p class='ocr_par' dir='ltr' id='par_1_6' title="bbox 411 590 2006 675">
     <span class='ocr_line' id='line_1_6' title="bbox 411 590 2006 675; baseline -0.008 -19"><span class='ocrx_word' id='word_1_30' title='bbox 411 617 640 675; x_wconf 87' lang='lat' dir='ltr'>regnum</span> <span class='ocrx_word' id='word_1_31' title='bbox 672 614 915 671; x_wconf 88' lang='lat' dir='ltr'>sperare,</span> <span class='ocrx_word' id='word_1_32' title='bbox 949 606 999 653; x_wconf 90' lang='lat' dir='ltr'>et</span> <span class='ocrx_word' id='word_1_33' title='bbox 1022 596 1223 651; x_wconf 85' lang='lat' dir='ltr'>hostias</span> <span class='ocrx_word' id='word_1_34' title='bbox 1253 595 1610 650; x_wconf 73' lang='lat' dir='ltr'>immaculata:</span> <span class='ocrx_word' id='word_1_35' title='bbox 1640 590 2006 647; x_wconf 82' lang='lat' dir='ltr'>conversatio-</span> 
     </span>
    </p>
   </div>
   <div class='ocr_carea' id='block_1_7' title="bbox 410 681 2005 759">
    <p class='ocr_par' dir='ltr' id='par_1_7' title="bbox 410 681 2005 759">
     <span class='ocr_line' id='line_1_7' title="bbox 410 681 2005 759; baseline -0.008 -12"><span class='ocrx_word' id='word_1_36' title='bbox 410 691 495 747; x_wconf 88' lang='lat' dir='ltr'>nis</span> <span class='ocrx_word' id='word_1_37' title='bbox 526 693 641 747; x_wconf 90' lang='lat' dir='ltr'>Deo</span> <span class='ocrx_word' id='word_1_38' title='bbox 670 688 868 745; x_wconf 66' lang='lat' dir='ltr'>oﬂ‘erre</span> <span class='ocrx_word' id='word_1_39' title='bbox 897 687 1187 744; x_wconf 83' lang='lat' dir='ltr'>debebant.</span> <span class='ocrx_word' id='word_1_40' title='bbox 1212 686 1632 759; x_wconf 85' lang='lat' dir='ltr'>Acquisitionis,</span> <span class='ocrx_word' id='word_1_41' title='bbox 1658 683 1712 736; x_wconf 91' lang='lat' dir='ltr'>in</span> <span class='ocrx_word' id='word_1_42' title='bbox 1742 681 2005 754; x_wconf 81' lang='lat' dir='ltr'>sanguine</span> 
     </span>
    </p>
   </div>
   <div class='ocr_carea' id='block_1_8' title="bbox 411 770 2005 850">
    <p class='ocr_par' dir='ltr' id='par_1_8' title="bbox 411 770 2005 850">
     <span class='ocr_line' id='line_1_8' title="bbox 411 770 2005 850; baseline -0.008 -14"><span class='ocrx_word' id='word_1_43' title='bbox 411 778 796 850; x_wconf 79' lang='lat' dir='ltr'>redemptionis</span> <span class='ocrx_word' id='word_1_44' title='bbox 826 779 943 848; x_wconf 88' lang='lat' dir='ltr'>ejus</span> <span class='ocrx_word' id='word_1_45' title='bbox 972 777 1109 833; x_wconf 90' lang='lat' dir='ltr'>sicut</span> <span class='ocrx_word' id='word_1_46' title='bbox 1138 783 1256 831; x_wconf 89' lang='lat' dir='ltr'>erat</span> <span class='ocrx_word' id='word_1_47' title='bbox 1287 776 1560 847; x_wconf 88' lang='lat' dir='ltr'>quondam</span> <span class='ocrx_word' id='word_1_48' title='bbox 1580 771 1813 844; x_wconf 90' lang='lat' dir='ltr'>populus</span> <span class='ocrx_word' id='word_1_49' title='bbox 1838 770 2005 825; x_wconf 82' lang='lat' dir='ltr'>Israel</span> 
     </span>
    </p>
   </div>
   <div class='ocr_carea' id='block_1_9' title="bbox 410 860 2007 939">
    <p class='ocr_par' dir='ltr' id='par_1_9' title="bbox 410 860 2007 939">
     <span class='ocr_line' id='line_1_9' title="bbox 410 860 2007 939; baseline -0.006 -16"><span class='ocrx_word' id='word_1_50' title='bbox 410 868 725 938; x_wconf 90' lang='lat' dir='ltr'>redemptus</span> <span class='ocrx_word' id='word_1_51' title='bbox 754 866 1019 939; x_wconf 83' lang='lat' dir='ltr'>sanguine</span> <span class='ocrx_word' id='word_1_52' title='bbox 1052 865 1178 937; x_wconf 89' lang='lat' dir='ltr'>agni</span> <span class='ocrx_word' id='word_1_53' title='bbox 1194 865 1263 919; x_wconf 90' lang='lat' dir='ltr'>de</span> <span class='ocrx_word' id='word_1_54' title='bbox 1283 865 1535 936; x_wconf 59' lang='lat' dir='ltr'>zEgypto.</span> <span class='ocrx_word' id='word_1_55' title='bbox 1570 861 1724 918; x_wconf 88' lang='lat' dir='ltr'>Unde</span> <span class='ocrx_word' id='word_1_56' title='bbox 1755 869 1807 915; x_wconf 91' lang='lat' dir='ltr'>et</span> <span class='ocrx_word' id='word_1_57' title='bbox 1835 860 1891 914; x_wconf 91' lang='lat' dir='ltr'>in</span> <span class='ocrx_word' id='word_1_58' title='bbox 1919 874 2007 913; x_wconf 91' lang='lat' dir='ltr'>se-</span> 
     </span>
    </p>
   </div>
   <div class='ocr_carea' id='block_1_10' title="bbox 410 949 2009 1028">
    <p class='ocr_par' dir='ltr' id='par_1_10' title="bbox 410 949 2009 1028">
     <span class='ocr_line' id='line_1_10' title="bbox 410 949 2009 1028; baseline -0.005 -17"><span class='ocrx_word' id='word_1_59' title='bbox 410 956 595 1028; x_wconf 90' lang='lat' dir='ltr'>quenti</span> <span class='ocrx_word' id='word_1_60' title='bbox 625 972 789 1011; x_wconf 88' lang='lat' dir='ltr'>versu</span> <span class='ocrx_word' id='word_1_61' title='bbox 819 955 1045 1027; x_wconf 82' lang='lat' dir='ltr'>mystice</span> <span class='ocrx_word' id='word_1_62' title='bbox 1079 953 1402 1009; x_wconf 87' lang='lat' dir='ltr'>recordatur</span> <span class='ocrx_word' id='word_1_63' title='bbox 1430 951 1631 1007; x_wconf 84' lang='lat' dir='ltr'>veteris</span> <span class='ocrx_word' id='word_1_64' title='bbox 1662 949 1921 1017; x_wconf 61' lang='lat' dir='ltr'>historiae,</span> <span class='ocrx_word' id='word_1_65' title='bbox 1954 956 2009 1004; x_wconf 88' lang='lat' dir='ltr'>et</span> 
     </span>
    </p>
   </div>
   <div class='ocr_carea' id='block_1_11' title="bbox 404 1039 1844 1115">
    <p class='ocr_par' dir='ltr' id='par_1_11' title="bbox 404 1039 1844 1115">
     <span class='ocr_line' id='line_1_11' title="bbox 404 1039 1844 1115; baseline -0.004 -16"><span class='ocrx_word' id='word_1_66' title='bbox 404 1045 548 1100; x_wconf 88' lang='lat' dir='ltr'>hanc</span> <span class='ocrx_word' id='word_1_67' title='bbox 574 1044 880 1115; x_wconf 86' lang='lat' dir='ltr'>specialiter</span> <span class='ocrx_word' id='word_1_68' title='bbox 908 1043 963 1097; x_wconf 92' lang='lat' dir='ltr'>in</span> <span class='ocrx_word' id='word_1_69' title='bbox 986 1058 1093 1098; x_wconf 92' lang='lat' dir='ltr'>uno</span> <span class='ocrx_word' id='word_1_70' title='bbox 1124 1041 1323 1114; x_wconf 92' lang='lat' dir='ltr'>populo</span> <span class='ocrx_word' id='word_1_71' title='bbox 1360 1041 1636 1111; x_wconf 90' lang='lat' dir='ltr'>impletam</span> <span class='ocrx_word' id='word_1_72' title='bbox 1664 1039 1844 1094; x_wconf 87' lang='lat' dir='ltr'>docet.</span> 
     </span>
    </p>
   </div>
   <div class='ocr_carea' id='block_1_12' title="bbox 480 1128 2004 1203">
    <p class='ocr_par' dir='ltr' id='par_1_12' title="bbox 480 1128 2004 1203">
     <span class='ocr_line' id='line_1_12' title="bbox 480 1128 2004 1203; baseline -0.007 -13"><span class='ocrx_word' id='word_1_73' title='bbox 480 1134 872 1191; x_wconf 82' lang='lat' dir='ltr'>Annuntietis.</span> <span class='ocrx_word' id='word_1_74' title='bbox 909 1132 1131 1203; x_wconf 76' lang='grc' dir='ltr'><strong>(ΒΕυΑ.)</strong></span> <span class='ocrx_word' id='word_1_75' title='bbox 1181 1131 1329 1186; x_wconf 88' lang='lat' dir='ltr'>Sicut</span> <span class='ocrx_word' id='word_1_76' title='bbox 1372 1129 1587 1185; x_wconf 88' lang='lat' dir='ltr'>liberati</span> <span class='ocrx_word' id='word_1_77' title='bbox 1634 1129 1704 1184; x_wconf 92' lang='lat' dir='ltr'>de</span> <span class='ocrx_word' id='word_1_78' title='bbox 1751 1128 2004 1200; x_wconf 71' lang='lat' dir='ltr'>Egypto,</span> 
     </span>
    </p>
   </div>
   <div class='ocr_carea' id='block_1_13' title="bbox 403 1216 2008 1293">
    <p class='ocr_par' dir='ltr' id='par_1_13' title="bbox 403 1216 2008 1293">
     <span class='ocr_line' id='line_1_13' title="bbox 403 1216 2008 1293; baseline -0.006 -14"><span class='ocrx_word' id='word_1_79' title='bbox 403 1222 732 1293; x_wconf 85' lang='lat' dir='ltr'>triumphale</span> <span class='ocrx_word' id='word_1_80' title='bbox 777 1237 999 1278; x_wconf 87' lang='lat' dir='ltr'>carmen</span> <span class='ocrx_word' id='word_1_81' title='bbox 1059 1219 1291 1276; x_wconf 90' lang='lat' dir='ltr'>Domino</span> <span class='ocrx_word' id='word_1_82' title='bbox 1334 1224 1716 1283; x_wconf 87' lang='lat' dir='ltr'>cantaverunt,</span> <span class='ocrx_word' id='word_1_83' title='bbox 1777 1216 1854 1271; x_wconf 89' lang='lat' dir='ltr'>ita</span> <span class='ocrx_word' id='word_1_84' title='bbox 1905 1230 2008 1270; x_wconf 91' lang='lat' dir='ltr'>nos</span> 
     </span>
    </p>
   </div>
   <div class='ocr_carea' id='block_1_14' title="bbox 405 1305 2009 1384">
    <p class='ocr_par' dir='ltr' id='par_1_14' title="bbox 405 1305 2009 1384">
     <span class='ocr_line' id='line_1_14' title="bbox 405 1305 2009 1384; baseline -0.006 -16"><span class='ocrx_word' id='word_1_85' title='bbox 405 1319 531 1384; x_wconf 90' lang='lat' dir='ltr'>post</span> <span class='ocrx_word' id='word_1_86' title='bbox 560 1311 816 1367; x_wconf 90' lang='lat' dir='ltr'>tenebras</span> <span class='ocrx_word' id='word_1_87' title='bbox 844 1309 1154 1375; x_wconf 90' lang='lat' dir='ltr'>dissolutas,</span> <span class='ocrx_word' id='word_1_88' title='bbox 1179 1316 1301 1380; x_wconf 92' lang='lat' dir='ltr'>post</span> <span class='ocrx_word' id='word_1_89' title='bbox 1317 1315 1593 1379; x_wconf 89' lang='lat' dir='ltr'>acceptam</span> <span class='ocrx_word' id='word_1_90' title='bbox 1621 1305 2009 1362; x_wconf 91' lang='lat' dir='ltr'>remissionem</span> 
     </span>
    </p>
   </div>
   <div class='ocr_carea' id='block_1_15' title="bbox 404 1393 2006 1473">
    <p class='ocr_par' dir='ltr' id='par_1_15' title="bbox 404 1393 2006 1473">
     <span class='ocr_line' id='line_1_15' title="bbox 404 1393 2006 1473; baseline -0.006 -16"><span class='ocrx_word' id='word_1_91' title='bbox 404 1416 507 1473; x_wconf 91' lang='lat' dir='ltr'>per</span> <span class='ocrx_word' id='word_1_92' title='bbox 533 1400 809 1456; x_wconf 85' lang='lat' dir='ltr'>Christum</span> <span class='ocrx_word' id='word_1_93' title='bbox 840 1400 932 1471; x_wconf 91' lang='lat' dir='ltr'>qui</span> <span class='ocrx_word' id='word_1_94' title='bbox 960 1414 1062 1455; x_wconf 91' lang='lat' dir='ltr'>nos</span> <span class='ocrx_word' id='word_1_95' title='bbox 1089 1399 1235 1454; x_wconf 89' lang='lat' dir='ltr'>ducit</span> <span class='ocrx_word' id='word_1_96' title='bbox 1255 1398 1326 1453; x_wconf 87' lang='lat' dir='ltr'>ad</span> <span class='ocrx_word' id='word_1_97' title='bbox 1354 1397 1589 1469; x_wconf 89' lang='lat' dir='ltr'>patriam</span> <span class='ocrx_word' id='word_1_98' title='bbox 1612 1411 1861 1466; x_wconf 77' lang='lat' dir='ltr'>supernae</span> <span class='ocrx_word' id='word_1_99' title='bbox 1888 1393 2006 1450; x_wconf 89' lang='lat' dir='ltr'>cla-</span> 
     </span>
    </p>
   </div>
   <div class='ocr_carea' id='block_1_16' title="bbox 406 1482 2011 1560">
    <p class='ocr_par' dir='ltr' id='par_1_16' title="bbox 406 1482 2011 1560">
     <span class='ocr_line' id='line_1_16' title="bbox 406 1482 2011 1560; baseline -0.005 -16"><span class='ocrx_word' id='word_1_100' title='bbox 406 1489 582 1544; x_wconf 88' lang='lat' dir='ltr'>ritatis</span> <span class='ocrx_word' id='word_1_101' title='bbox 611 1488 876 1545; x_wconf 89' lang='lat' dir='ltr'>debemus</span> <span class='ocrx_word' id='word_1_102' title='bbox 897 1489 1014 1544; x_wconf 91' lang='lat' dir='ltr'>Deo</span> <span class='ocrx_word' id='word_1_103' title='bbox 1032 1487 1335 1559; x_wconf 87' lang='lat' dir='ltr'>rependere</span> <span class='ocrx_word' id='word_1_104' title='bbox 1360 1486 1562 1560; x_wconf 83' lang='lat' dir='ltr'>gratias</span> <span class='ocrx_word' id='word_1_105' title='bbox 1592 1485 1791 1556; x_wconf 89' lang='lat' dir='ltr'>dignas</span> <span class='ocrx_word' id='word_1_106' title='bbox 1820 1482 2011 1540; x_wconf 83' lang='lat' dir='ltr'>coeles-</span> 
     </span>
    </p>
   </div>
   <div class='ocr_carea' id='block_1_17' title="bbox 407 1575 876 1633">
    <p class='ocr_par' dir='ltr' id='par_1_17' title="bbox 407 1575 876 1633">
     <span class='ocr_line' id='line_1_17' title="bbox 407 1575 876 1633; baseline -0.002 0"><span class='ocrx_word' id='word_1_107' title='bbox 407 1577 550 1633; x_wconf 87' lang='lat' dir='ltr'>tibus</span> <span class='ocrx_word' id='word_1_108' title='bbox 577 1575 876 1632; x_wconf 86' lang='lat' dir='ltr'>beneficiis.</span> 
     </span>
    </p>
   </div>
   <div class='ocr_carea' id='block_1_18' title="bbox 480 1678 2008 1755">
    <p class='ocr_par' dir='ltr' id='par_1_18' title="bbox 480 1678 2008 1755">
     <span class='ocr_line' id='line_1_18' title="bbox 480 1678 2008 1755; baseline -0.005 -15"><span class='ocrx_word' id='word_1_109' title='bbox 480 1685 651 1740; x_wconf 76' lang='lat' dir='ltr'>VERS.</span> <span class='ocrx_word' id='word_1_110' title='bbox 686 1687 774 1739; x_wconf 90' lang='grc'><strong>10.</strong></span> <span class='ocrx_word' id='word_1_111' title='bbox 805 1713 875 1724; x_wconf 87' lang='grc'><strong><em>-</em></strong></span> <span class='ocrx_word' id='word_1_112' title='bbox 906 1682 1013 1751; x_wconf 83' lang='lat' dir='ltr'>Qui</span> <span class='ocrx_word' id='word_1_113' title='bbox 1041 1681 1365 1755; x_wconf 81' lang='lat' dir='ltr'>aliquando.</span> <span class='ocrx_word' id='word_1_114' title='bbox 1416 1680 1548 1754; x_wconf 77' lang='lat'>(10.)</span> <span class='ocrx_word' id='word_1_115' title='bbox 1577 1680 1715 1735; x_wconf 89' lang='lat' dir='ltr'>Hinc</span> <span class='ocrx_word' id='word_1_116' title='bbox 1750 1678 2008 1751; x_wconf 85' lang='lat' dir='ltr'>probatur</span> 
     </span>
    </p>
   </div>
   <div class='ocr_carea' id='block_1_19' title="bbox 408 1765 2090 1845">
    <p class='ocr_par' dir='ltr' id='par_1_19' title="bbox 408 1765 2090 1845">
     <span class='ocr_line' id='line_1_19' title="bbox 408 1765 2090 1845; baseline -0.006 -15"><span class='ocrx_word' id='word_1_117' title='bbox 408 1772 557 1845; x_wconf 88' lang='lat' dir='ltr'>quod</span> <span class='ocrx_word' id='word_1_118' title='bbox 584 1773 728 1829; x_wconf 89' lang='lat' dir='ltr'>hanc</span> <span class='ocrx_word' id='word_1_119' title='bbox 757 1772 1043 1843; x_wconf 89' lang='lat' dir='ltr'>epistolam</span> <span class='ocrx_word' id='word_1_120' title='bbox 1072 1771 1258 1828; x_wconf 89' lang='lat' dir='ltr'>scribit</span> <span class='ocrx_word' id='word_1_121' title='bbox 1298 1770 1383 1825; x_wconf 92' lang='lat' dir='ltr'>his</span> <span class='ocrx_word' id='word_1_122' title='bbox 1423 1770 1516 1841; x_wconf 92' lang='lat' dir='ltr'>qui</span> <span class='ocrx_word' id='word_1_123' title='bbox 1562 1769 1629 1824; x_wconf 93' lang='lat' dir='ltr'>de</span> <span class='ocrx_word' id='word_1_124' title='bbox 1655 1768 1908 1842; x_wconf 79' lang='lat' dir='ltr'>gentibus</span> <span class='ocrx_word' id='word_1_125' title='bbox 1936 1765 2006 1821; x_wconf 91' lang='lat' dir='ltr'>ad</span> <span class='ocrx_word' id='word_1_126' title='bbox 2035 1783 2090 1844; x_wconf 82' lang='grc' dir='ltr'>Β</span> 
     </span>
    </p>
   </div>
   <div class='ocr_carea' id='block_1_20' title="bbox 407 1856 2009 1929">
    <p class='ocr_par' dir='ltr' id='par_1_20' title="bbox 407 1856 2009 1929">
     <span class='ocr_line' id='line_1_20' title="bbox 407 1856 2009 1929; baseline -0.002 -13"><span class='ocrx_word' id='word_1_127' title='bbox 407 1860 574 1916; x_wconf 78' lang='lat' dir='ltr'>fidem</span> <span class='ocrx_word' id='word_1_128' title='bbox 600 1869 878 1917; x_wconf 88' lang='lat' dir='ltr'>venerant.</span> <span class='ocrx_word' id='word_1_129' title='bbox 912 1863 1275 1915; x_wconf 84' lang='lat' dir='ltr'>Assumuntur</span> <span class='ocrx_word' id='word_1_130' title='bbox 1320 1860 1374 1913; x_wconf 91' lang='lat' dir='ltr'>hi</span> <span class='ocrx_word' id='word_1_131' title='bbox 1403 1875 1595 1913; x_wconf 89' lang='lat' dir='ltr'>versus</span> <span class='ocrx_word' id='word_1_132' title='bbox 1624 1858 1693 1913; x_wconf 93' lang='lat' dir='ltr'>de</span> <span class='ocrx_word' id='word_1_133' title='bbox 1722 1856 2009 1929; x_wconf 88' lang='lat' dir='ltr'>prophetia</span> 
     </span>
    </p>
   </div>
   <div class='ocr_carea' id='block_1_21' title="bbox 413 1947 1713 2021">
    <p class='ocr_par' dir='ltr' id='par_1_21' title="bbox 413 1947 1713 2021">
     <span class='ocr_line' id='line_1_21' title="bbox 413 1947 1713 2021; baseline -0.003 -16"><span class='ocrx_word' id='word_1_134' title='bbox 413 1948 576 2006; x_wconf 65' lang='lat' dir='ltr'>Oscae</span> <span class='ocrx_word' id='word_1_135' title='bbox 603 1949 660 2003; x_wconf 91' lang='lat' dir='ltr'>in</span> <span class='ocrx_word' id='word_1_136' title='bbox 688 1964 791 2021; x_wconf 88' lang='lat' dir='ltr'>qua</span> <span class='ocrx_word' id='word_1_137' title='bbox 819 1948 997 2020; x_wconf 86' lang='lat' dir='ltr'>agitur</span> <span class='ocrx_word' id='word_1_138' title='bbox 1025 1949 1095 2004; x_wconf 88' lang='lat' dir='ltr'>de</span> <span class='ocrx_word' id='word_1_139' title='bbox 1123 1948 1407 2005; x_wconf 85' lang='lat' dir='ltr'>vocatione</span> <span class='ocrx_word' id='word_1_140' title='bbox 1438 1947 1713 2002; x_wconf 87' lang='lat' dir='ltr'>Gentium.</span> 
     </span>
    </p>
   </div>
   <div class='ocr_carea' id='block_1_22' title="bbox 488 2054 2011 2127">
    <p class='ocr_par' dir='ltr' id='par_1_22' title="bbox 488 2054 2011 2127">
     <span class='ocr_line' id='line_1_22' title="bbox 488 2054 2011 2127; baseline -0.004 -15"><span class='ocrx_word' id='word_1_141' title='bbox 488 2056 659 2112; x_wconf 71' lang='lat' dir='ltr'>Vsus.</span> <span class='ocrx_word' id='word_1_142' title='bbox 695 2059 781 2111; x_wconf 92' lang='grc'>11.</span> <span class='ocrx_word' id='word_1_143' title='bbox 805 2086 876 2096; x_wconf 89' lang='grc'><strong>-</strong></span> <span class='ocrx_word' id='word_1_144' title='bbox 909 2055 1259 2112; x_wconf 83' lang='lat' dir='ltr'>Charissimi.</span> <span class='ocrx_word' id='word_1_145' title='bbox 1294 2054 1426 2127; x_wconf 81' lang='grc' dir='ltr'><strong>(Ιυ.)</strong></span> <span class='ocrx_word' id='word_1_146' title='bbox 1456 2055 1746 2125; x_wconf 74' lang='lat' dir='ltr'>[lucusque</span> <span class='ocrx_word' id='word_1_147' title='bbox 1778 2067 2011 2124; x_wconf 89' lang='lat' dir='ltr'>genera-</span> 
     </span>
    </p>
   </div>
   <div class='ocr_carea' id='block_1_23' title="bbox 413 2142 2014 2217">
    <p class='ocr_par' dir='ltr' id='par_1_23' title="bbox 413 2142 2014 2217">
     <span class='ocr_line' id='line_1_23' title="bbox 413 2142 2014 2217; baseline -0.002 -17"><span class='ocrx_word' id='word_1_148' title='bbox 413 2144 544 2201; x_wconf 90' lang='lat' dir='ltr'>liter</span> <span class='ocrx_word' id='word_1_149' title='bbox 572 2144 827 2199; x_wconf 87' lang='lat' dir='ltr'>instruxit</span> <span class='ocrx_word' id='word_1_150' title='bbox 844 2143 1172 2210; x_wconf 89' lang='lat' dir='ltr'>Ecclesiam,</span> <span class='ocrx_word' id='word_1_151' title='bbox 1204 2151 1333 2211; x_wconf 90' lang='lat' dir='ltr'>etc.,</span> <span class='ocrx_word' id='word_1_152' title='bbox 1359 2160 1531 2217; x_wconf 85' lang='lat' dir='ltr'>usque</span> <span class='ocrx_word' id='word_1_153' title='bbox 1548 2144 1619 2199; x_wconf 86' lang='lat' dir='ltr'>ad</span> <span class='ocrx_word' id='word_1_154' title='bbox 1648 2142 1870 2197; x_wconf 90' lang='lat' dir='ltr'>libertas</span> <span class='ocrx_word' id='word_1_155' title='bbox 1891 2142 2014 2197; x_wconf 67' lang='lat' dir='ltr'>vitae</span> 
     </span>
    </p>
   </div>
   <div class='ocr_carea' id='block_1_24' title="bbox 416 2230 2013 2303">
    <p class='ocr_par' dir='ltr' id='par_1_24' title="bbox 416 2230 2013 2303">
     <span class='ocr_line' id='line_1_24' title="bbox 416 2230 2013 2303; baseline -0.003 -14"><span class='ocrx_word' id='word_1_156' title='bbox 416 2233 745 2291; x_wconf 88' lang='lat' dir='ltr'>remissioris</span> <span class='ocrx_word' id='word_1_157' title='bbox 794 2234 999 2303; x_wconf 88' lang='lat' dir='ltr'>majora</span> <span class='ocrx_word' id='word_1_158' title='bbox 1080 2232 1460 2289; x_wconf 88' lang='lat' dir='ltr'>illecebrarum</span> <span class='ocrx_word' id='word_1_159' title='bbox 1496 2231 1824 2287; x_wconf 86' lang='lat' dir='ltr'>titillantium</span> <span class='ocrx_word' id='word_1_160' title='bbox 1871 2230 2013 2286; x_wconf 92' lang='lat' dir='ltr'>tole-</span> 
     </span>
    </p>
   </div>
   <div class='ocr_carea' id='block_1_25' title="bbox 417 2320 2014 2395">
    <p class='ocr_par' dir='ltr' id='par_1_25' title="bbox 417 2320 2014 2395">
     <span class='ocr_line' id='line_1_25' title="bbox 417 2320 2014 2395; baseline -0.004 -17"><span class='ocrx_word' id='word_1_161' title='bbox 417 2339 539 2379; x_wconf 89' lang='lat' dir='ltr'>rare</span> <span class='ocrx_word' id='word_1_162' title='bbox 568 2321 826 2393; x_wconf 88' lang='lat' dir='ltr'>pericula.</span> <span class='ocrx_word' id='word_1_163' title='bbox 848 2324 1133 2395; x_wconf 81' lang='lat' dir='ltr'>Tanquam</span> <span class='ocrx_word' id='word_1_164' title='bbox 1162 2322 1428 2377; x_wconf 80' lang='lat' dir='ltr'>advenas.</span> <span class='ocrx_word' id='word_1_165' title='bbox 1459 2321 1541 2375; x_wconf 92' lang='lat' dir='ltr'>Eo</span> <span class='ocrx_word' id='word_1_166' title='bbox 1562 2321 1743 2375; x_wconf 90' lang='lat' dir='ltr'>minus</span> <span class='ocrx_word' id='word_1_167' title='bbox 1772 2320 2014 2375; x_wconf 89' lang='lat' dir='ltr'>animum</span> 
     </span>
    </p>
   </div>
   <div class='ocr_carea' id='block_1_26' title="bbox 415 2408 2015 2482">
    <p class='ocr_par' dir='ltr' id='par_1_26' title="bbox 415 2408 2015 2482">
     <span class='ocr_line' id='line_1_26' title="bbox 415 2408 2015 2482; baseline -0.003 -15"><span class='ocrx_word' id='word_1_168' title='bbox 415 2411 647 2467; x_wconf 88' lang='lat' dir='ltr'>terrenis</span> <span class='ocrx_word' id='word_1_169' title='bbox 677 2411 843 2466; x_wconf 91' lang='lat' dir='ltr'>rebus</span> <span class='ocrx_word' id='word_1_170' title='bbox 873 2410 1182 2481; x_wconf 88' lang='lat' dir='ltr'>supponite,</span> <span class='ocrx_word' id='word_1_171' title='bbox 1224 2425 1332 2482; x_wconf 92' lang='lat' dir='ltr'>quo</span> <span class='ocrx_word' id='word_1_172' title='bbox 1378 2426 1475 2466; x_wconf 92' lang='lat' dir='ltr'>vos</span> <span class='ocrx_word' id='word_1_173' title='bbox 1513 2410 1744 2481; x_wconf 89' lang='lat' dir='ltr'>patriam</span> <span class='ocrx_word' id='word_1_174' title='bbox 1775 2409 1830 2463; x_wconf 93' lang='lat' dir='ltr'>in</span> <span class='ocrx_word' id='word_1_175' title='bbox 1859 2408 2015 2464; x_wconf 81' lang='lat' dir='ltr'>caelis</span> 
     </span>
    </p>
   </div>
   <div class='ocr_carea' id='block_1_27' title="bbox 417 2498 2015 2571">
    <p class='ocr_par' dir='ltr' id='par_1_27' title="bbox 417 2498 2015 2571">
     <span class='ocr_line' id='line_1_27' title="bbox 417 2498 2015 2571; baseline -0.003 -15"><span class='ocrx_word' id='word_1_176' title='bbox 417 2499 624 2557; x_wconf 87' lang='lat' dir='ltr'>habere</span> <span class='ocrx_word' id='word_1_177' title='bbox 651 2498 991 2556; x_wconf 91' lang='lat' dir='ltr'>meministis.</span> <span class='ocrx_word' id='word_1_178' title='bbox 1025 2499 1262 2571; x_wconf 84' lang='lat' dir='ltr'>Reprobi</span> <span class='ocrx_word' id='word_1_179' title='bbox 1291 2498 1379 2555; x_wconf 91' lang='lat' dir='ltr'>hic</span> <span class='ocrx_word' id='word_1_180' title='bbox 1407 2499 1607 2554; x_wconf 89' lang='lat' dir='ltr'>habent</span> <span class='ocrx_word' id='word_1_181' title='bbox 1634 2498 1889 2569; x_wconf 89' lang='lat' dir='ltr'>patriam,</span> <span class='ocrx_word' id='word_1_182' title='bbox 1922 2513 2015 2553; x_wconf 85' lang='lat' dir='ltr'>cu—</span> 
     </span>
    </p>
   </div>
   <div class='ocr_carea' id='block_1_28' title="bbox 408 2586 2016 2659">
    <p class='ocr_par' dir='ltr' id='par_1_28' title="bbox 408 2586 2016 2659">
     <span class='ocr_line' id='line_1_28' title="bbox 408 2586 2016 2659; baseline -0.002 -13"><span class='ocrx_word' id='word_1_183' title='bbox 408 2589 501 2658; x_wconf 85' lang='lat' dir='ltr'>jus</span> <span class='ocrx_word' id='word_1_184' title='bbox 531 2588 819 2646; x_wconf 90' lang='lat' dir='ltr'>desideriis</span> <span class='ocrx_word' id='word_1_185' title='bbox 854 2587 1080 2655; x_wconf 88' lang='lat' dir='ltr'>inhiant,</span> <span class='ocrx_word' id='word_1_186' title='bbox 1128 2587 1253 2644; x_wconf 93' lang='lat' dir='ltr'>ideo</span> <span class='ocrx_word' id='word_1_187' title='bbox 1301 2588 1689 2659; x_wconf 89' lang='lat' dir='ltr'>relegabuntur</span> <span class='ocrx_word' id='word_1_188' title='bbox 1728 2586 1783 2642; x_wconf 92' lang='lat' dir='ltr'>in</span> <span class='ocrx_word' id='word_1_189' title='bbox 1813 2603 2016 2659; x_wconf 87' lang='lat' dir='ltr'>perpe-</span> 
     </span>
    </p>
   </div>
   <div class='ocr_carea' id='block_1_29' title="bbox 421 2676 1568 2748">
    <p class='ocr_par' dir='ltr' id='par_1_29' title="bbox 421 2676 1568 2748">
     <span class='ocr_line' id='line_1_29' title="bbox 421 2676 1568 2748; baseline -0.001 -15"><span class='ocrx_word' id='word_1_190' title='bbox 421 2686 572 2735; x_wconf 89' lang='lat' dir='ltr'>tuum</span> <span class='ocrx_word' id='word_1_191' title='bbox 600 2677 868 2748; x_wconf 84' lang='lat' dir='ltr'>exsilium,</span> <span class='ocrx_word' id='word_1_192' title='bbox 900 2684 1151 2733; x_wconf 87' lang='lat' dir='ltr'>carentes</span> <span class='ocrx_word' id='word_1_193' title='bbox 1179 2676 1568 2747; x_wconf 85' lang='lat' dir='ltr'>voluptatibus.</span> 
     </span>
    </p>
   </div>
   <div class='ocr_carea' id='block_1_30' title="bbox 490 2781 2016 2856">
    <p class='ocr_par' dir='ltr' id='par_1_30' title="bbox 490 2781 2016 2856">
     <span class='ocr_line' id='line_1_30' title="bbox 490 2781 2016 2856; baseline -0.003 -14"><span class='ocrx_word' id='word_1_194' title='bbox 490 2785 661 2842; x_wconf 70' lang='lat' dir='ltr'>Vsus.</span> <span class='ocrx_word' id='word_1_195' title='bbox 680 2787 765 2843; x_wconf 75' lang='grc'><strong>12.</strong></span> <span class='ocrx_word' id='word_1_196' title='bbox 789 2786 953 2840; x_wconf 73' lang='grc' dir='ltr'>-Εασ</span> <span class='ocrx_word' id='word_1_197' title='bbox 974 2784 1130 2840; x_wconf 85' lang='lat' dir='ltr'>bonis</span> <span class='ocrx_word' id='word_1_198' title='bbox 1151 2783 1406 2856; x_wconf 79' lang='lat' dir='ltr'>operibus</span> <span class='ocrx_word' id='word_1_199' title='bbox 1422 2782 1869 2840; x_wconf 81' lang='lat' dir='ltr'>considerantes.</span> <span class='ocrx_word' id='word_1_200' title='bbox 1885 2781 2016 2854; x_wconf 85' lang='lat' dir='ltr'>(In.)</span> 
     </span>
    </p>
   </div>
   <div class='ocr_carea' id='block_1_31' title="bbox 420 2869 2019 2945">
    <p class='ocr_par' dir='ltr' id='par_1_31' title="bbox 420 2869 2019 2945">
     <span class='ocr_line' id='line_1_31' title="bbox 420 2869 2019 2945; baseline -0.003 -16"><span class='ocrx_word' id='word_1_201' title='bbox 420 2872 739 2945; x_wconf 88' lang='lat' dir='ltr'>Plerumque</span> <span class='ocrx_word' id='word_1_202' title='bbox 769 2872 1013 2945; x_wconf 84' lang='lat' dir='ltr'>contigit,</span> <span class='ocrx_word' id='word_1_203' title='bbox 1043 2879 1103 2926; x_wconf 89' lang='lat' dir='ltr'>ut</span> <span class='ocrx_word' id='word_1_204' title='bbox 1129 2871 1327 2943; x_wconf 84' lang='lat' dir='ltr'>pagani</span> <span class='ocrx_word' id='word_1_205' title='bbox 1346 2872 1439 2942; x_wconf 91' lang='lat' dir='ltr'>qui</span> <span class='ocrx_word' id='word_1_206' title='bbox 1459 2871 1837 2942; x_wconf 89' lang='lat' dir='ltr'>vituperabant</span> <span class='ocrx_word' id='word_1_207' title='bbox 1853 2869 2019 2926; x_wconf 83' lang='lat' dir='ltr'>fidem</span> 
     </span>
    </p>
   </div>
   <div class='ocr_carea' id='block_1_32' title="bbox 421 2959 2020 3031">
    <p class='ocr_par' dir='ltr' id='par_1_32' title="bbox 421 2959 2020 3031">
     <span class='ocr_line' id='line_1_32' title="bbox 421 2959 2020 3031; baseline -0.003 -12"><span class='ocrx_word' id='word_1_208' title='bbox 421 2962 871 3028; x_wconf 88' lang='lat' dir='ltr'>Christianorum,</span> <span class='ocrx_word' id='word_1_209' title='bbox 903 2969 1095 3031; x_wconf 90' lang='lat' dir='ltr'>postea</span> <span class='ocrx_word' id='word_1_210' title='bbox 1139 2960 1548 3016; x_wconf 89' lang='lat' dir='ltr'>considerantes</span> <span class='ocrx_word' id='word_1_211' title='bbox 1592 2959 1789 3015; x_wconf 87' lang='lat' dir='ltr'>bonam</span> <span class='ocrx_word' id='word_1_212' title='bbox 1827 2974 2020 3015; x_wconf 90' lang='lat' dir='ltr'>eorum</span> 
     </span>
    </p>
   </div>
   <div class='ocr_carea' id='block_1_33' title="bbox 419 3048 1802 3119">
    <p class='ocr_par' dir='ltr' id='par_1_33' title="bbox 419 3048 1802 3119">
     <span class='ocr_line' id='line_1_33' title="bbox 419 3048 1802 3119; baseline -0.004 -11"><span class='ocrx_word' id='word_1_213' title='bbox 419 3050 912 3117; x_wconf 88' lang='lat' dir='ltr'>conversationem,</span> <span class='ocrx_word' id='word_1_214' title='bbox 944 3048 1215 3104; x_wconf 88' lang='lat' dir='ltr'>Christum</span> <span class='ocrx_word' id='word_1_215' title='bbox 1243 3049 1464 3104; x_wconf 91' lang='lat' dir='ltr'>laudare</span> <span class='ocrx_word' id='word_1_216' title='bbox 1484 3048 1802 3119; x_wconf 88' lang='lat' dir='ltr'>inciperent.</span> 
     </span>
    </p>
   </div>
   <div class='ocr_carea' id='block_1_34' title="bbox 2109 497 3583 572">
    <p class='ocr_par' dir='ltr' id='par_1_34' title="bbox 2109 497 3583 572">
     <span class='ocr_line' id='line_1_34' title="bbox 2109 497 3583 572; baseline -0.003 -17"><span class='ocrx_word' id='word_1_217' title='bbox 2109 507 2238 569; x_wconf 92' lang='lat' dir='ltr'>etc.,</span> <span class='ocrx_word' id='word_1_218' title='bbox 2272 516 2443 572; x_wconf 88' lang='lat' dir='ltr'>usque</span> <span class='ocrx_word' id='word_1_219' title='bbox 2473 500 2545 555; x_wconf 88' lang='lat' dir='ltr'>ad</span> <span class='ocrx_word' id='word_1_220' title='bbox 2572 498 2716 554; x_wconf 89' lang='lat' dir='ltr'>unde</span> <span class='ocrx_word' id='word_1_221' title='bbox 2746 499 2897 553; x_wconf 88' lang='lat' dir='ltr'>addit</span> <span class='ocrx_word' id='word_1_222' title='bbox 2930 516 2944 552; x_wconf 92' lang='lat'>:</span> <span class='ocrx_word' id='word_1_223' title='bbox 2976 498 3082 554; x_wconf 79' lang='lat' dir='ltr'>Sed</span> <span class='ocrx_word' id='word_1_224' title='bbox 3110 499 3259 553; x_wconf 84' lang='lat' dir='ltr'>sicut</span> <span class='ocrx_word' id='word_1_225' title='bbox 3286 497 3433 552; x_wconf 81' lang='lat' dir='ltr'>servi</span> <span class='ocrx_word' id='word_1_226' title='bbox 3461 497 3583 551; x_wconf 83' lang='lat' dir='ltr'>Dei.</span> 
     </span>
    </p>
   </div>
   <div class='ocr_carea' id='block_1_35' title="bbox 2178 584 3699 658">
    <p class='ocr_par' dir='ltr' id='par_1_35' title="bbox 2178 584 3699 658">
     <span class='ocr_line' id='line_1_35' title="bbox 2178 584 3699 658; baseline -0.002 -16"><span class='ocrx_word' id='word_1_227' title='bbox 2178 590 2347 643; x_wconf 71' lang='lat' dir='ltr'>Vnus.</span> <span class='ocrx_word' id='word_1_228' title='bbox 2384 590 2470 643; x_wconf 84' lang='grc'><strong>17.</strong></span> <span class='ocrx_word' id='word_1_229' title='bbox 2494 619 2562 627; x_wconf 94' lang='grc'><strong>-</strong></span> <span class='ocrx_word' id='word_1_230' title='bbox 2583 590 3028 644; x_wconf 82' lang='lat' dir='ltr'>Fraternitatem</span> <span class='ocrx_word' id='word_1_231' title='bbox 3048 587 3292 658; x_wconf 82' lang='lat' dir='ltr'>diligite.</span> <span class='ocrx_word' id='word_1_232' title='bbox 3323 586 3455 657; x_wconf 79' lang='lat'>(10.)</span> <span class='ocrx_word' id='word_1_233' title='bbox 3476 586 3543 639; x_wconf 89' lang='lat' dir='ltr'>Et</span> <span class='ocrx_word' id='word_1_234' title='bbox 3562 584 3699 639; x_wconf 90' lang='lat' dir='ltr'>inter</span> 
     </span>
    </p>
   </div>
   <div class='ocr_carea' id='block_1_36' title="bbox 2105 672 3700 748">
    <p class='ocr_par' dir='ltr' id='par_1_36' title="bbox 2105 672 3700 748">
     <span class='ocr_line' id='line_1_36' title="bbox 2105 672 3700 748; baseline -0.003 -16"><span class='ocrx_word' id='word_1_235' title='bbox 2105 676 2304 744; x_wconf 86' lang='lat' dir='ltr'>omnia,</span> <span class='ocrx_word' id='word_1_236' title='bbox 2338 678 2500 732; x_wconf 90' lang='lat' dir='ltr'>etiam</span> <span class='ocrx_word' id='word_1_237' title='bbox 2524 676 2649 731; x_wconf 91' lang='lat' dir='ltr'>illos</span> <span class='ocrx_word' id='word_1_238' title='bbox 2681 677 2773 748; x_wconf 88' lang='lat' dir='ltr'>qui</span> <span class='ocrx_word' id='word_1_239' title='bbox 2815 676 3122 732; x_wconf 89' lang='lat' dir='ltr'>conditione</span> <span class='ocrx_word' id='word_1_240' title='bbox 3155 673 3443 746; x_wconf 89' lang='lat' dir='ltr'>temporali</span> <span class='ocrx_word' id='word_1_241' title='bbox 3474 672 3700 743; x_wconf 84' lang='lat' dir='ltr'>subjecti</span> 
     </span>
    </p>
   </div>
   <div class='ocr_carea' id='block_1_37' title="bbox 2110 763 3336 837">
    <p class='ocr_par' dir='ltr' id='par_1_37' title="bbox 2110 763 3336 837">
     <span class='ocr_line' id='line_1_37' title="bbox 2110 763 3336 837; baseline -0.002 -16"><span class='ocrx_word' id='word_1_242' title='bbox 2110 775 2234 821; x_wconf 91' lang='lat' dir='ltr'>sunt</span> <span class='ocrx_word' id='word_1_243' title='bbox 2262 767 2436 835; x_wconf 90' lang='lat' dir='ltr'>vobis,</span> <span class='ocrx_word' id='word_1_244' title='bbox 2470 774 2528 821; x_wconf 92' lang='lat' dir='ltr'>ut</span> <span class='ocrx_word' id='word_1_245' title='bbox 2554 766 2750 821; x_wconf 82' lang='lat' dir='ltr'>fratres</span> <span class='ocrx_word' id='word_1_246' title='bbox 2779 765 2836 819; x_wconf 89' lang='lat' dir='ltr'>in</span> <span class='ocrx_word' id='word_1_247' title='bbox 2866 765 3077 819; x_wconf 88' lang='lat' dir='ltr'>Christo</span> <span class='ocrx_word' id='word_1_248' title='bbox 3106 763 3336 837; x_wconf 89' lang='lat' dir='ltr'>diligite.</span> 
     </span>
    </p>
   </div>
   <div class='ocr_carea' id='block_1_38' title="bbox 2178 852 3701 935">
    <p class='ocr_par' dir='ltr' id='par_1_38' title="bbox 2178 852 3701 935">
     <span class='ocr_line' id='line_1_38' title="bbox 2178 852 3701 935; baseline -0.004 -24"><span class='ocrx_word' id='word_1_249' title='bbox 2178 857 2349 911; x_wconf 70' lang='lat' dir='ltr'>Vens.</span> <span class='ocrx_word' id='word_1_250' title='bbox 2382 858 2466 911; x_wconf 91' lang='grc'><strong>18.</strong></span> <span class='ocrx_word' id='word_1_251' title='bbox 2505 886 2556 896; x_wconf 96' lang='grc'><strong>-</strong></span> <span class='ocrx_word' id='word_1_252' title='bbox 2586 856 2743 935; x_wconf 75' lang='lat' dir='ltr'>servi</span> <span class='ocrx_word' id='word_1_253' title='bbox 2773 855 3028 927; x_wconf 81' lang='lat' dir='ltr'>subjecti.</span> <span class='ocrx_word' id='word_1_254' title='bbox 3063 855 3359 924; x_wconf 88' lang='lat' dir='ltr'>Hucusque</span> <span class='ocrx_word' id='word_1_255' title='bbox 3388 852 3701 908; x_wconf 81' lang='lat' dir='ltr'>exhortatus</span> 
     </span>
    </p>
   </div>
   <div class='ocr_carea' id='block_1_39' title="bbox 2108 940 3700 1014">
    <p class='ocr_par' dir='ltr' id='par_1_39' title="bbox 2108 940 3700 1014">
     <span class='ocr_line' id='line_1_39' title="bbox 2108 940 3700 1014; baseline -0.004 -14"><span class='ocrx_word' id='word_1_256' title='bbox 2108 952 2190 1000; x_wconf 90' lang='lat' dir='ltr'>est</span> <span class='ocrx_word' id='word_1_257' title='bbox 2219 944 2423 1001; x_wconf 91' lang='lat' dir='ltr'>liberos</span> <span class='ocrx_word' id='word_1_258' title='bbox 2469 944 2539 999; x_wconf 92' lang='lat' dir='ltr'>ad</span> <span class='ocrx_word' id='word_1_259' title='bbox 2586 944 3000 1014; x_wconf 87' lang='lat' dir='ltr'>subjectionem,</span> <span class='ocrx_word' id='word_1_260' title='bbox 3046 958 3192 999; x_wconf 85' lang='lat' dir='ltr'>nunc</span> <span class='ocrx_word' id='word_1_261' title='bbox 3239 941 3411 998; x_wconf 87' lang='lat' dir='ltr'>servis</span> <span class='ocrx_word' id='word_1_262' title='bbox 3443 940 3700 1013; x_wconf 84' lang='lat' dir='ltr'>loquitur,</span> 
     </span>
    </p>
   </div>
   <div class='ocr_carea' id='block_1_40' title="bbox 2106 1031 3699 1104">
    <p class='ocr_par' dir='ltr' id='par_1_40' title="bbox 2106 1031 3699 1104">
     <span class='ocr_line' id='line_1_40' title="bbox 2106 1031 3699 1104; baseline -0.002 -16"><span class='ocrx_word' id='word_1_263' title='bbox 2106 1042 2165 1088; x_wconf 90' lang='lat' dir='ltr'>ut</span> <span class='ocrx_word' id='word_1_264' title='bbox 2194 1041 2248 1089; x_wconf 89' lang='lat' dir='ltr'>et</span> <span class='ocrx_word' id='word_1_265' title='bbox 2275 1033 2379 1104; x_wconf 92' lang='lat' dir='ltr'>ipsi</span> <span class='ocrx_word' id='word_1_266' title='bbox 2409 1033 2638 1103; x_wconf 91' lang='lat' dir='ltr'>subjecti</span> <span class='ocrx_word' id='word_1_267' title='bbox 2669 1032 2775 1088; x_wconf 91' lang='lat' dir='ltr'>sint</span> <span class='ocrx_word' id='word_1_268' title='bbox 2804 1032 3058 1088; x_wconf 90' lang='lat' dir='ltr'>dominis.</span> <span class='ocrx_word' id='word_1_269' title='bbox 3107 1033 3227 1089; x_wconf 83' lang='lat' dir='ltr'>Non</span> <span class='ocrx_word' id='word_1_270' title='bbox 3266 1035 3497 1087; x_wconf 85' lang='lat' dir='ltr'>tantum</span> <span class='ocrx_word' id='word_1_271' title='bbox 3526 1031 3699 1086; x_wconf 77' lang='lat' dir='ltr'>bonis.</span> 
     </span>
    </p>
   </div>
   <div class='ocr_carea' id='block_1_41' title="bbox 2107 1117 3703 1179">
    <p class='ocr_par' dir='ltr' id='par_1_41' title="bbox 2107 1117 3703 1179">
     <span class='ocr_line' id='line_1_41' title="bbox 2107 1117 3703 1179; baseline -0.002 -2"><span class='ocrx_word' id='word_1_272' title='bbox 2107 1122 2230 1177; x_wconf 86' lang='lat' dir='ltr'>Alia</span> <span class='ocrx_word' id='word_1_273' title='bbox 2260 1122 2542 1179; x_wconf 87' lang='lat' dir='ltr'>translatio</span> <span class='ocrx_word' id='word_1_274' title='bbox 2567 1124 2720 1178; x_wconf 86' lang='lat' dir='ltr'>:Non</span> <span class='ocrx_word' id='word_1_275' title='bbox 2749 1126 2981 1177; x_wconf 86' lang='lat' dir='ltr'>tantum</span> <span class='ocrx_word' id='word_1_276' title='bbox 2999 1122 3157 1178; x_wconf 82' lang='lat' dir='ltr'>bonis</span> <span class='ocrx_word' id='word_1_277' title='bbox 3190 1124 3250 1177; x_wconf 87' lang='lat' dir='ltr'>et</span> <span class='ocrx_word' id='word_1_278' title='bbox 3276 1121 3545 1177; x_wconf 79' lang='lat' dir='ltr'>modestis</span> <span class='ocrx_word' id='word_1_279' title='bbox 3568 1139 3588 1174; x_wconf 93' lang='lat'><strong><em>:</em></strong></span> <span class='ocrx_word' id='word_1_280' title='bbox 3609 1117 3703 1175; x_wconf 81' lang='lat' dir='ltr'>sed</span> 
     </span>
    </p>
   </div>
   <div class='ocr_carea' id='block_1_42' title="bbox 2109 1208 3702 1284">
    <p class='ocr_par' dir='ltr' id='par_1_42' title="bbox 2109 1208 3702 1284">
     <span class='ocr_line' id='line_1_42' title="bbox 2109 1208 3702 1284; baseline -0.003 -16"><span class='ocrx_word' id='word_1_281' title='bbox 2109 1213 2285 1268; x_wconf 87' lang='lat' dir='ltr'>etiam</span> <span class='ocrx_word' id='word_1_282' title='bbox 2315 1212 2742 1283; x_wconf 62' lang='lat' dir='ltr'>difﬁcilioribus.</span> <span class='ocrx_word' id='word_1_283' title='bbox 2776 1212 3046 1284; x_wconf 81' lang='lat' dir='ltr'>Dyscolis.</span> <span class='ocrx_word' id='word_1_284' title='bbox 3066 1210 3128 1265; x_wconf 90' lang='lat' dir='ltr'>Id</span> <span class='ocrx_word' id='word_1_285' title='bbox 3148 1217 3232 1265; x_wconf 90' lang='lat' dir='ltr'>est</span> <span class='ocrx_word' id='word_1_286' title='bbox 3259 1208 3702 1280; x_wconf 86' lang='lat' dir='ltr'>indisciplinatis.</span> 
     </span>
    </p>
   </div>
   <div class='ocr_carea' id='block_1_43' title="bbox 2110 1297 3703 1371">
    <p class='ocr_par' dir='ltr' id='par_1_43' title="bbox 2110 1297 3703 1371">
     <span class='ocr_line' id='line_1_43' title="bbox 2110 1297 3703 1371; baseline -0.003 -15"><span class='ocrx_word' id='word_1_287' title='bbox 2110 1299 2309 1356; x_wconf 89' lang='lat' dir='ltr'>Schola</span> <span class='ocrx_word' id='word_1_288' title='bbox 2353 1300 2564 1369; x_wconf 67' lang='lat' dir='ltr'>Graece,</span> <span class='ocrx_word' id='word_1_289' title='bbox 2611 1299 2801 1355; x_wconf 89' lang='lat' dir='ltr'>Latine</span> <span class='ocrx_word' id='word_1_290' title='bbox 2836 1300 3010 1366; x_wconf 91' lang='lat' dir='ltr'>locus,</span> <span class='ocrx_word' id='word_1_291' title='bbox 3060 1299 3116 1353; x_wconf 92' lang='lat' dir='ltr'>in</span> <span class='ocrx_word' id='word_1_292' title='bbox 3161 1314 3271 1371; x_wconf 88' lang='lat' dir='ltr'>quo</span> <span class='ocrx_word' id='word_1_293' title='bbox 3299 1298 3368 1352; x_wconf 90' lang='lat' dir='ltr'>ad</span> <span class='ocrx_word' id='word_1_294' title='bbox 3398 1297 3703 1353; x_wconf 90' lang='lat' dir='ltr'>audiendos</span> 
     </span>
    </p>
   </div>
   <div class='ocr_carea' id='block_1_44' title="bbox 2108 1386 3706 1461">
    <p class='ocr_par' dir='ltr' id='par_1_44' title="bbox 2108 1386 3706 1461">
     <span class='ocr_line' id='line_1_44' title="bbox 2108 1386 3706 1461; baseline -0.001 -18"><span class='ocrx_word' id='word_1_295' title='bbox 2108 1389 2405 1461; x_wconf 87' lang='lat' dir='ltr'>magistros</span> <span class='ocrx_word' id='word_1_296' title='bbox 2460 1387 2768 1443; x_wconf 82' lang='lat' dir='ltr'>liberalium</span> <span class='ocrx_word' id='word_1_297' title='bbox 2821 1388 3019 1443; x_wconf 90' lang='lat' dir='ltr'>artium</span> <span class='ocrx_word' id='word_1_298' title='bbox 3074 1387 3505 1453; x_wconf 89' lang='lat' dir='ltr'>conveniebant,</span> <span class='ocrx_word' id='word_1_299' title='bbox 3564 1386 3706 1441; x_wconf 89' lang='lat' dir='ltr'>unde</span> 
     </span>
    </p>
   </div>
   <div class='ocr_carea' id='block_1_45' title="bbox 2108 1476 3704 1549">
    <p class='ocr_par' dir='ltr' id='par_1_45' title="bbox 2108 1476 3704 1549">
     <span class='ocr_line' id='line_1_45' title="bbox 2108 1476 3704 1549; baseline -0.003 -15"><span class='ocrx_word' id='word_1_300' title='bbox 2108 1478 2300 1534; x_wconf 88' lang='lat' dir='ltr'>schola</span> <span class='ocrx_word' id='word_1_301' title='bbox 2326 1477 2536 1534; x_wconf 85' lang='lat' dir='ltr'>vacatio</span> <span class='ocrx_word' id='word_1_302' title='bbox 2566 1477 2971 1548; x_wconf 89' lang='lat' dir='ltr'>interpretatur,</span> <span class='ocrx_word' id='word_1_303' title='bbox 3016 1476 3145 1549; x_wconf 87' lang='lat' dir='ltr'>quia</span> <span class='ocrx_word' id='word_1_304' title='bbox 3191 1476 3266 1531; x_wconf 90' lang='lat' dir='ltr'>ibi</span> <span class='ocrx_word' id='word_1_305' title='bbox 3297 1477 3567 1532; x_wconf 86' lang='lat' dir='ltr'>vacabant</span> <span class='ocrx_word' id='word_1_306' title='bbox 3587 1482 3704 1530; x_wconf 90' lang='lat' dir='ltr'>stu-</span> 
     </span>
    </p>
   </div>
   <div class='ocr_carea' id='block_1_46' title="bbox 2108 1562 3706 1639">
    <p class='ocr_par' dir='ltr' id='par_1_46' title="bbox 2108 1562 3706 1639">
     <span class='ocr_line' id='line_1_46' title="bbox 2108 1562 3706 1639; baseline -0.003 -18"><span class='ocrx_word' id='word_1_307' title='bbox 2108 1566 2232 1621; x_wconf 91' lang='lat' dir='ltr'>diis.</span> <span class='ocrx_word' id='word_1_308' title='bbox 2267 1566 2587 1623; x_wconf 89' lang='lat' dir='ltr'>Scholastici</span> <span class='ocrx_word' id='word_1_309' title='bbox 2616 1565 2783 1639; x_wconf 85' lang='lat' dir='ltr'>igitur</span> <span class='ocrx_word' id='word_1_310' title='bbox 2821 1573 2946 1622; x_wconf 89' lang='lat' dir='ltr'>sunt</span> <span class='ocrx_word' id='word_1_311' title='bbox 2985 1564 3198 1622; x_wconf 90' lang='lat' dir='ltr'>eruditi.</span> <span class='ocrx_word' id='word_1_312' title='bbox 3234 1564 3457 1636; x_wconf 89' lang='lat' dir='ltr'>Dyscoli</span> <span class='ocrx_word' id='word_1_313' title='bbox 3502 1562 3706 1620; x_wconf 84' lang='lat' dir='ltr'>indocti</span> 
     </span>
    </p>
   </div>
   <div class='ocr_carea' id='block_1_47' title="bbox 2109 1653 3704 1729">
    <p class='ocr_par' dir='ltr' id='par_1_47' title="bbox 2109 1653 3704 1729">
     <span class='ocr_line' id='line_1_47' title="bbox 2109 1653 3704 1729; baseline -0.001 -19"><span class='ocrx_word' id='word_1_314' title='bbox 2109 1663 2162 1710; x_wconf 86' lang='lat' dir='ltr'>et</span> <span class='ocrx_word' id='word_1_315' title='bbox 2207 1663 2472 1729; x_wconf 84' lang='lat' dir='ltr'>agrestes.</span> <span class='ocrx_word' id='word_1_316' title='bbox 2517 1657 2663 1711; x_wconf 90' lang='lat' dir='ltr'>Ecce</span> <span class='ocrx_word' id='word_1_317' title='bbox 2710 1656 2986 1727; x_wconf 90' lang='lat' dir='ltr'>quomodo</span> <span class='ocrx_word' id='word_1_318' title='bbox 3034 1671 3200 1726; x_wconf 86' lang='lat' dir='ltr'>supra</span> <span class='ocrx_word' id='word_1_319' title='bbox 3243 1655 3503 1711; x_wconf 85' lang='lat' dir='ltr'>monebat</span> <span class='ocrx_word' id='word_1_320' title='bbox 3545 1653 3704 1709; x_wconf 88' lang='lat' dir='ltr'>subdi</span> 
     </span>
    </p>
   </div>
   <div class='ocr_carea' id='block_1_48' title="bbox 2111 1744 3130 1815">
    <p class='ocr_par' dir='ltr' id='par_1_48' title="bbox 2111 1744 3130 1815">
     <span class='ocr_line' id='line_1_48' title="bbox 2111 1744 3130 1815; baseline 0.001 -17"><span class='ocrx_word' id='word_1_321' title='bbox 2111 1744 2362 1800; x_wconf 75' lang='lat' dir='ltr'>humanae</span> <span class='ocrx_word' id='word_1_322' title='bbox 2392 1751 2655 1801; x_wconf 57' lang='lat' dir='ltr'>creaturas</span> <span class='ocrx_word' id='word_1_323' title='bbox 2681 1752 2909 1815; x_wconf 89' lang='lat' dir='ltr'>pr0pter</span> <span class='ocrx_word' id='word_1_324' title='bbox 2936 1744 3130 1799; x_wconf 90' lang='lat' dir='ltr'>Deum.</span> 
     </span>
    </p>
   </div>
   <div class='ocr_carea' id='block_1_49' title="bbox 2181 1829 3705 1906">
    <p class='ocr_par' dir='ltr' id='par_1_49' title="bbox 2181 1829 3705 1906">
     <span class='ocr_line' id='line_1_49' title="bbox 2181 1829 3705 1906; baseline -0.001 -18"><span class='ocrx_word' id='word_1_325' title='bbox 2181 1834 2333 1888; x_wconf 77' lang='lat' dir='ltr'>Vnus</span> <span class='ocrx_word' id='word_1_326' title='bbox 2375 1836 2462 1889; x_wconf 88' lang='grc'>19.</span> <span class='ocrx_word' id='word_1_327' title='bbox 2484 1834 2629 1890; x_wconf 90' lang='lat' dir='ltr'>—-Si</span> <span class='ocrx_word' id='word_1_328' title='bbox 2651 1837 2889 1906; x_wconf 81' lang='lat' dir='ltr'>propter</span> <span class='ocrx_word' id='word_1_329' title='bbox 2907 1833 3318 1890; x_wconf 77' lang='lat' dir='ltr'>conscientiam</span> <span class='ocrx_word' id='word_1_330' title='bbox 3347 1833 3468 1888; x_wconf 85' lang='lat' dir='ltr'>Dei.</span> <span class='ocrx_word' id='word_1_331' title='bbox 3502 1829 3560 1888; x_wconf 87' lang='lat' dir='ltr'>Si</span> <span class='ocrx_word' id='word_1_332' title='bbox 3587 1845 3705 1903; x_wconf 83' lang='lat' dir='ltr'>pro-</span> 
     </span>
    </p>
   </div>
   <div class='ocr_carea' id='block_1_50' title="bbox 2108 1920 3705 1992">
    <p class='ocr_par' dir='ltr' id='par_1_50' title="bbox 2108 1920 3705 1992">
     <span class='ocr_line' id='line_1_50' title="bbox 2108 1920 3705 1992; baseline -0.002 -15"><span class='ocrx_word' id='word_1_333' title='bbox 2108 1929 2191 1977; x_wconf 91' lang='lat' dir='ltr'>ter</span> <span class='ocrx_word' id='word_1_334' title='bbox 2219 1923 2395 1976; x_wconf 92' lang='lat' dir='ltr'>Deum</span> <span class='ocrx_word' id='word_1_335' title='bbox 2424 1921 2687 1977; x_wconf 89' lang='lat' dir='ltr'>scientem</span> <span class='ocrx_word' id='word_1_336' title='bbox 2728 1921 2931 1976; x_wconf 85' lang='lat' dir='ltr'>bonam</span> <span class='ocrx_word' id='word_1_337' title='bbox 2973 1921 3330 1977; x_wconf 89' lang='lat' dir='ltr'>intentionem</span> <span class='ocrx_word' id='word_1_338' title='bbox 3370 1920 3569 1992; x_wconf 87' lang='lat' dir='ltr'>aliquis</span> <span class='ocrx_word' id='word_1_339' title='bbox 3606 1936 3705 1991; x_wconf 86' lang='lat' dir='ltr'>pa-</span> 
     </span>
    </p>
   </div>
   <div class='ocr_carea' id='block_1_51' title="bbox 2110 2009 3707 2081">
    <p class='ocr_par' dir='ltr' id='par_1_51' title="bbox 2110 2009 3707 2081">
     <span class='ocr_line' id='line_1_51' title="bbox 2110 2009 3707 2081; baseline -0.001 -16"><span class='ocrx_word' id='word_1_340' title='bbox 2110 2010 2251 2066; x_wconf 91' lang='lat' dir='ltr'>tiens</span> <span class='ocrx_word' id='word_1_341' title='bbox 2280 2027 2314 2065; x_wconf 89' lang='lat' dir='ltr'>a</span> <span class='ocrx_word' id='word_1_342' title='bbox 2340 2009 2574 2066; x_wconf 91' lang='lat' dir='ltr'>Domino</span> <span class='ocrx_word' id='word_1_343' title='bbox 2593 2011 2913 2067; x_wconf 87' lang='lat' dir='ltr'>verberatur</span> <span class='ocrx_word' id='word_1_344' title='bbox 2942 2010 3158 2081; x_wconf 90' lang='lat' dir='ltr'>injuste,</span> <span class='ocrx_word' id='word_1_345' title='bbox 3190 2027 3316 2067; x_wconf 91' lang='lat' dir='ltr'>cum</span> <span class='ocrx_word' id='word_1_346' title='bbox 3345 2011 3395 2066; x_wconf 93' lang='lat' dir='ltr'>ei</span> <span class='ocrx_word' id='word_1_347' title='bbox 3414 2010 3557 2066; x_wconf 85' lang='lat' dir='ltr'>bene</span> <span class='ocrx_word' id='word_1_348' title='bbox 3584 2026 3707 2065; x_wconf 87' lang='lat' dir='ltr'>ser-</span> 
     </span>
    </p>
   </div>
   <div class='ocr_carea' id='block_1_52' title="bbox 2111 2099 3710 2172">
    <p class='ocr_par' dir='ltr' id='par_1_52' title="bbox 2111 2099 3710 2172">
     <span class='ocr_line' id='line_1_52' title="bbox 2111 2099 3710 2172; baseline 0 -17"><span class='ocrx_word' id='word_1_349' title='bbox 2111 2100 2241 2167; x_wconf 88' lang='lat' dir='ltr'>viat,</span> <span class='ocrx_word' id='word_1_350' title='bbox 2276 2107 2329 2155; x_wconf 91' lang='lat' dir='ltr'>et</span> <span class='ocrx_word' id='word_1_351' title='bbox 2360 2100 2643 2170; x_wconf 85' lang='lat' dir='ltr'>sustineat,</span> <span class='ocrx_word' id='word_1_352' title='bbox 2667 2099 2723 2155; x_wconf 91' lang='lat' dir='ltr'>id</span> <span class='ocrx_word' id='word_1_353' title='bbox 2753 2108 2838 2155; x_wconf 90' lang='lat' dir='ltr'>est</span> <span class='ocrx_word' id='word_1_354' title='bbox 2863 2101 3015 2157; x_wconf 90' lang='lat' dir='ltr'>leves</span> <span class='ocrx_word' id='word_1_355' title='bbox 3045 2109 3261 2172; x_wconf 88' lang='lat' dir='ltr'>reputet</span> <span class='ocrx_word' id='word_1_356' title='bbox 3290 2100 3561 2166; x_wconf 87' lang='lat' dir='ltr'>tristitias,</span> <span class='ocrx_word' id='word_1_357' title='bbox 3592 2099 3710 2155; x_wconf 67' lang='lat' dir='ltr'>haec</span> 
     </span>
    </p>
   </div>
   <div class='ocr_carea' id='block_1_53' title="bbox 2113 2187 3711 2263">
    <p class='ocr_par' dir='ltr' id='par_1_53' title="bbox 2113 2187 3711 2263">
     <span class='ocr_line' id='line_1_53' title="bbox 2113 2187 3711 2263; baseline 0.001 -20"><span class='ocrx_word' id='word_1_358' title='bbox 2113 2197 2195 2243; x_wconf 89' lang='lat' dir='ltr'>est</span> <span class='ocrx_word' id='word_1_359' title='bbox 2225 2188 2418 2259; x_wconf 88' lang='lat' dir='ltr'>gratia,</span> <span class='ocrx_word' id='word_1_360' title='bbox 2467 2197 2521 2245; x_wconf 90' lang='lat' dir='ltr'>et</span> <span class='ocrx_word' id='word_1_361' title='bbox 2560 2205 2660 2260; x_wconf 92' lang='lat' dir='ltr'>per</span> <span class='ocrx_word' id='word_1_362' title='bbox 2705 2190 2813 2246; x_wconf 87' lang='lat' dir='ltr'>hoc</span> <span class='ocrx_word' id='word_1_363' title='bbox 2860 2187 3086 2246; x_wconf 78' lang='lat' dir='ltr'>eﬁicitur</span> <span class='ocrx_word' id='word_1_364' title='bbox 3112 2197 3306 2263; x_wconf 81' lang='lat' dir='ltr'>gratus</span> <span class='ocrx_word' id='word_1_365' title='bbox 3335 2190 3483 2259; x_wconf 70' lang='lat' dir='ltr'>Deo,‘</span> <span class='ocrx_word' id='word_1_366' title='bbox 3513 2196 3570 2244; x_wconf 88' lang='lat' dir='ltr'>et</span> <span class='ocrx_word' id='word_1_367' title='bbox 3607 2188 3711 2244; x_wconf 89' lang='lat' dir='ltr'>hoc</span> 
     </span>
    </p>
   </div>
   <div class='ocr_carea' id='block_1_54' title="bbox 2113 2277 2666 2350">
    <p class='ocr_par' dir='ltr' id='par_1_54' title="bbox 2113 2277 2666 2350">
     <span class='ocr_line' id='line_1_54' title="bbox 2113 2277 2666 2350; baseline 0 -17"><span class='ocrx_word' id='word_1_368' title='bbox 2113 2277 2281 2349; x_wconf 85' lang='lat' dir='ltr'>exigit</span> <span class='ocrx_word' id='word_1_369' title='bbox 2310 2277 2486 2350; x_wconf 86' lang='lat' dir='ltr'>gratia</span> <span class='ocrx_word' id='word_1_370' title='bbox 2516 2277 2666 2334; x_wconf 87' lang='lat' dir='ltr'>ﬁdei.</span> 
     </span>
    </p>
   </div>
   <div class='ocr_carea' id='block_1_55' title="bbox 2183 2364 3711 2439">
    <p class='ocr_par' dir='ltr' id='par_1_55' title="bbox 2183 2364 3711 2439">
     <span class='ocr_line' id='line_1_55' title="bbox 2183 2364 3711 2439; baseline -0.001 -18"><span class='ocrx_word' id='word_1_371' title='bbox 2183 2367 2416 2422; x_wconf 85' lang='lat' dir='ltr'>Patiens</span> <span class='ocrx_word' id='word_1_372' title='bbox 2445 2367 2679 2437; x_wconf 83' lang='lat' dir='ltr'>injuste.</span> <span class='ocrx_word' id='word_1_373' title='bbox 2713 2366 2771 2421; x_wconf 93' lang='lat' dir='ltr'>Si</span> <span class='ocrx_word' id='word_1_374' title='bbox 2801 2365 3003 2435; x_wconf 90' lang='lat' dir='ltr'>injuste</span> <span class='ocrx_word' id='word_1_375' title='bbox 3048 2365 3312 2438; x_wconf 88' lang='lat' dir='ltr'>patimini,</span> <span class='ocrx_word' id='word_1_376' title='bbox 3349 2365 3581 2439; x_wconf 81' lang='lat' dir='ltr'>gratiam</span> <span class='ocrx_word' id='word_1_377' title='bbox 3611 2364 3711 2420; x_wconf 87' lang='lat' dir='ltr'>Dei</span> 
     </span>
    </p>
   </div>
   <div class='ocr_carea' id='block_1_56' title="bbox 2113 2454 3712 2527">
    <p class='ocr_par' dir='ltr' id='par_1_56' title="bbox 2113 2454 3712 2527">
     <span class='ocr_line' id='line_1_56' title="bbox 2113 2454 3712 2527; baseline -0.002 -16"><span class='ocrx_word' id='word_1_378' title='bbox 2113 2455 2412 2527; x_wconf 89' lang='lat' dir='ltr'>acquiritis.</span> <span class='ocrx_word' id='word_1_379' title='bbox 2441 2456 2582 2509; x_wconf 91' lang='lat' dir='ltr'>Nam</span> <span class='ocrx_word' id='word_1_380' title='bbox 2628 2456 2673 2509; x_wconf 90' lang='lat' dir='ltr'>si</span> <span class='ocrx_word' id='word_1_381' title='bbox 2714 2470 2813 2512; x_wconf 90' lang='lat' dir='ltr'>vos</span> <span class='ocrx_word' id='word_1_382' title='bbox 2850 2454 3090 2510; x_wconf 68' lang='lat' dir='ltr'>suﬂ‘ertis</span> <span class='ocrx_word' id='word_1_383' title='bbox 3136 2455 3408 2527; x_wconf 89' lang='lat' dir='ltr'>patienter</span> <span class='ocrx_word' id='word_1_384' title='bbox 3437 2470 3630 2526; x_wconf 70' lang='lat' dir='ltr'>pmnas</span> <span class='ocrx_word' id='word_1_385' title='bbox 3648 2454 3712 2508; x_wconf 83' lang='lat' dir='ltr'>il-</span> 
     </span>
    </p>
   </div>
   <div class='ocr_carea' id='block_1_57' title="bbox 2112 2539 3714 2612">
    <p class='ocr_par' dir='ltr' id='par_1_57' title="bbox 2112 2539 3714 2612">
     <span class='ocr_line' id='line_1_57' title="bbox 2112 2539 3714 2612; baseline 0 -17"><span class='ocrx_word' id='word_1_386' title='bbox 2112 2540 2247 2596; x_wconf 89' lang='lat' dir='ltr'>latas</span> <span class='ocrx_word' id='word_1_387' title='bbox 2276 2556 2310 2595; x_wconf 91' lang='lat' dir='ltr'>a</span> <span class='ocrx_word' id='word_1_388' title='bbox 2341 2540 2595 2610; x_wconf 89' lang='lat' dir='ltr'>dominis,</span> <span class='ocrx_word' id='word_1_389' title='bbox 2620 2556 2720 2596; x_wconf 90' lang='lat' dir='ltr'>vos</span> <span class='ocrx_word' id='word_1_390' title='bbox 2752 2541 2874 2597; x_wconf 92' lang='lat' dir='ltr'>dico</span> <span class='ocrx_word' id='word_1_391' title='bbox 2895 2548 3191 2612; x_wconf 87' lang='lat' dir='ltr'>peccantes</span> <span class='ocrx_word' id='word_1_392' title='bbox 3220 2540 3459 2596; x_wconf 86' lang='lat' dir='ltr'>nolendo</span> <span class='ocrx_word' id='word_1_393' title='bbox 3488 2539 3714 2595; x_wconf 79' lang='lat' dir='ltr'>obedire</span> 
     </span>
    </p>
   </div>
   <div class='ocr_carea' id='block_1_58' title="bbox 2116 2629 3714 2701">
    <p class='ocr_par' dir='ltr' id='par_1_58' title="bbox 2116 2629 3714 2701">
     <span class='ocr_line' id='line_1_58' title="bbox 2116 2629 3714 2701; baseline -0.001 -17"><span class='ocrx_word' id='word_1_394' title='bbox 2116 2630 2196 2685; x_wconf 89' lang='lat' dir='ltr'>eis</span> <span class='ocrx_word' id='word_1_395' title='bbox 2226 2637 2279 2684; x_wconf 90' lang='lat' dir='ltr'>et</span> <span class='ocrx_word' id='word_1_396' title='bbox 2306 2629 2629 2700; x_wconf 89' lang='lat' dir='ltr'>colaphizati</span> <span class='ocrx_word' id='word_1_397' title='bbox 2657 2630 2728 2684; x_wconf 90' lang='lat' dir='ltr'>ab</span> <span class='ocrx_word' id='word_1_398' title='bbox 2757 2629 2891 2701; x_wconf 90' lang='lat' dir='ltr'>ipsis</span> <span class='ocrx_word' id='word_1_399' title='bbox 2921 2629 3176 2697; x_wconf 89' lang='lat' dir='ltr'>dominis,</span> <span class='ocrx_word' id='word_1_400' title='bbox 3218 2629 3272 2684; x_wconf 88' lang='lat' dir='ltr'>id</span> <span class='ocrx_word' id='word_1_401' title='bbox 3302 2637 3385 2685; x_wconf 90' lang='lat' dir='ltr'>est</span> <span class='ocrx_word' id='word_1_402' title='bbox 3415 2645 3565 2700; x_wconf 72' lang='lat' dir='ltr'>saepe</span> <span class='ocrx_word' id='word_1_403' title='bbox 3594 2645 3714 2685; x_wconf 87' lang='lat' dir='ltr'>cor-</span> 
     </span>
    </p>
   </div>
   <div class='ocr_carea' id='block_1_59' title="bbox 2116 2717 3713 2790">
    <p class='ocr_par' dir='ltr' id='par_1_59' title="bbox 2116 2717 3713 2790">
     <span class='ocr_line' id='line_1_59' title="bbox 2116 2717 3713 2790; baseline -0.001 -16"><span class='ocrx_word' id='word_1_404' title='bbox 2116 2718 2253 2775; x_wconf 87' lang='lat' dir='ltr'>recti</span> <span class='ocrx_word' id='word_1_405' title='bbox 2278 2718 2349 2773; x_wconf 92' lang='lat' dir='ltr'>ab</span> <span class='ocrx_word' id='word_1_406' title='bbox 2376 2718 2504 2790; x_wconf 89' lang='lat' dir='ltr'>illis,</span> <span class='ocrx_word' id='word_1_407' title='bbox 2537 2725 2595 2773; x_wconf 91' lang='lat' dir='ltr'>ut</span> <span class='ocrx_word' id='word_1_408' title='bbox 2622 2734 2725 2790; x_wconf 88' lang='lat' dir='ltr'>per</span> <span class='ocrx_word' id='word_1_409' title='bbox 2753 2718 3017 2790; x_wconf 89' lang='lat' dir='ltr'>colaphos</span> <span class='ocrx_word' id='word_1_410' title='bbox 3047 2718 3121 2773; x_wconf 90' lang='lat' dir='ltr'>ad</span> <span class='ocrx_word' id='word_1_411' title='bbox 3147 2717 3518 2774; x_wconf 89' lang='lat' dir='ltr'>obediendum</span> <span class='ocrx_word' id='word_1_412' title='bbox 3547 2717 3713 2772; x_wconf 87' lang='lat' dir='ltr'>indu-</span> 
     </span>
    </p>
   </div>
   <div class='ocr_carea' id='block_1_60' title="bbox 2117 2806 3717 2881">
    <p class='ocr_par' dir='ltr' id='par_1_60' title="bbox 2117 2806 3717 2881">
     <span class='ocr_line' id='line_1_60' title="bbox 2117 2806 3717 2881; baseline -0.003 -16"><span class='ocrx_word' id='word_1_413' title='bbox 2117 2807 2334 2874; x_wconf 90' lang='lat' dir='ltr'>camini,</span> <span class='ocrx_word' id='word_1_414' title='bbox 2368 2824 2488 2879; x_wconf 68' lang='lat' dir='ltr'>qua:</span> <span class='ocrx_word' id='word_1_415' title='bbox 2515 2807 2692 2881; x_wconf 87' lang='lat' dir='ltr'>gratia</span> <span class='ocrx_word' id='word_1_416' title='bbox 2739 2807 2843 2863; x_wconf 90' lang='lat' dir='ltr'>erit</span> <span class='ocrx_word' id='word_1_417' title='bbox 2884 2807 3043 2864; x_wconf 90' lang='lat' dir='ltr'>vobis</span> <span class='ocrx_word' id='word_1_418' title='bbox 3092 2807 3257 2864; x_wconf 79' lang='lat' dir='ltr'>inde?</span> <span class='ocrx_word' id='word_1_419' title='bbox 3284 2806 3453 2876; x_wconf 87' lang='lat' dir='ltr'>Nihil,</span> <span class='ocrx_word' id='word_1_420' title='bbox 3485 2814 3717 2879; x_wconf 89' lang='lat' dir='ltr'>propter</span> 
     </span>
    </p>
   </div>
   <div class='ocr_carea' id='block_1_61' title="bbox 2117 2896 2758 2968">
    <p class='ocr_par' dir='ltr' id='par_1_61' title="bbox 2117 2896 2758 2968">
     <span class='ocr_line' id='line_1_61' title="bbox 2117 2896 2758 2968; baseline 0.002 -17"><span class='ocrx_word' id='word_1_421' title='bbox 2117 2896 2222 2953; x_wconf 91' lang='lat' dir='ltr'>hoc</span> <span class='ocrx_word' id='word_1_422' title='bbox 2250 2896 2531 2968; x_wconf 85' lang='lat' dir='ltr'>accipietis</span> <span class='ocrx_word' id='word_1_423' title='bbox 2559 2913 2593 2952; x_wconf 91' lang='lat' dir='ltr'>a</span> <span class='ocrx_word' id='word_1_424' title='bbox 2623 2897 2758 2952; x_wconf 93' lang='lat' dir='ltr'>Deo.</span> 
     </span>
    </p>
   </div>
   <div class='ocr_carea' id='block_1_62' title="bbox 2180 2984 3719 3059">
    <p class='ocr_par' dir='ltr' id='par_1_62' title="bbox 2180 2984 3719 3059">
     <span class='ocr_line' id='line_1_62' title="bbox 2180 2984 3719 3059; baseline -0.001 -17"><span class='ocrx_word' id='word_1_425' title='bbox 2180 2987 2463 3043; x_wconf 60' lang='lat' dir='ltr'>Vanam.</span> <span class='ocrx_word' id='word_1_426' title='bbox 2490 3016 2560 3026; x_wconf 95' lang='lat'>—</span> <span class='ocrx_word' id='word_1_427' title='bbox 2574 2986 2640 3041; x_wconf 91' lang='lat' dir='ltr'>In</span> <span class='ocrx_word' id='word_1_428' title='bbox 2661 2986 2761 3043; x_wconf 90' lang='lat' dir='ltr'>hoc</span> <span class='ocrx_word' id='word_1_429' title='bbox 2783 2988 2937 3043; x_wconf 87' lang='lat' dir='ltr'>enim</span> <span class='ocrx_word' id='word_1_430' title='bbox 2958 2988 3161 3044; x_wconf 85' lang='lat' dir='ltr'>vocati.</span> <span class='ocrx_word' id='word_1_431' title='bbox 3194 2985 3427 3041; x_wconf 63' lang='lat' dir='ltr'>Multum~</span> <span class='ocrx_word' id='word_1_432' title='bbox 3442 2984 3719 3059; x_wconf 84' lang='lat' dir='ltr'>gloriﬁcat</span> 
     </span>
    </p>
   </div>
   <div class='ocr_carea' id='block_1_63' title="bbox 2118 3073 3721 3147">
    <p class='ocr_par' dir='ltr' id='par_1_63' title="bbox 2118 3073 3721 3147">
     <span class='ocr_line' id='line_1_63' title="bbox 2118 3073 3721 3147; baseline -0.001 -16"><span class='ocrx_word' id='word_1_433' title='bbox 2118 3074 2483 3131; x_wconf 88' lang='lat' dir='ltr'>conditionem</span> <span class='ocrx_word' id='word_1_434' title='bbox 2512 3090 2813 3140; x_wconf 89' lang='lat' dir='ltr'>servorum,</span> <span class='ocrx_word' id='word_1_435' title='bbox 2849 3090 2988 3146; x_wconf 92' lang='lat' dir='ltr'>quos</span> <span class='ocrx_word' id='word_1_436' title='bbox 3008 3073 3414 3131; x_wconf 84' lang='lat' dir='ltr'>benefacientes</span> <span class='ocrx_word' id='word_1_437' title='bbox 3435 3082 3489 3130; x_wconf 89' lang='lat' dir='ltr'>et</span> <span class='ocrx_word' id='word_1_438' title='bbox 3508 3074 3721 3147; x_wconf 87' lang='lat' dir='ltr'>absque</span> 
     </span>
    </p>
   </div>
   <div class='ocr_carea' id='block_1_64' title="bbox 491 3148 3720 3236">
    <p class='ocr_par' dir='ltr' id='par_1_64' title="bbox 491 3148 3720 3236">
     <span class='ocr_line' id='line_1_64' title="bbox 491 3148 3720 3236; baseline -0.001 -16"><span class='ocrx_word' id='word_1_439' title='bbox 491 3165 665 3220; x_wconf 73' lang='lat' dir='ltr'>Vnus.</span> <span class='ocrx_word' id='word_1_440' title='bbox 701 3168 787 3219; x_wconf 86' lang='grc'>13.</span> <span class='ocrx_word' id='word_1_441' title='bbox 808 3193 872 3206; x_wconf 94' lang='grc'><strong><em>-</em></strong></span> <span class='ocrx_word' id='word_1_442' title='bbox 909 3163 1155 3235; x_wconf 88' lang='lat' dir='ltr'>Subjecti</span> <span class='ocrx_word' id='word_1_443' title='bbox 1184 3163 1362 3235; x_wconf 84' lang='lat' dir='ltr'>igitur</span> <span class='ocrx_word' id='word_1_444' title='bbox 1384 3167 1559 3221; x_wconf 83' lang='lat' dir='ltr'>estote</span> <span class='ocrx_word' id='word_1_445' title='bbox 1582 3164 1739 3221; x_wconf 85' lang='lat' dir='ltr'>omni</span> <span class='ocrx_word' id='word_1_446' title='bbox 1759 3164 2026 3219; x_wconf 71' lang='lat' dir='ltr'>humana:</span> <span class='ocrx_word' id='word_1_447' title='bbox 2045 3148 2091 3209; x_wconf 79' lang='grc' dir='ltr'>Ο</span> <span class='ocrx_word' id='word_1_448' title='bbox 2118 3164 2277 3236; x_wconf 90' lang='lat' dir='ltr'>culpa</span> <span class='ocrx_word' id='word_1_449' title='bbox 2306 3163 2627 3235; x_wconf 88' lang='lat' dir='ltr'>vapulantes</span> <span class='ocrx_word' id='word_1_450' title='bbox 2657 3179 2691 3219; x_wconf 89' lang='lat' dir='ltr'>a</span> <span class='ocrx_word' id='word_1_451' title='bbox 2719 3163 2953 3220; x_wconf 89' lang='lat' dir='ltr'>dominis</span> <span class='ocrx_word' id='word_1_452' title='bbox 2981 3163 3297 3220; x_wconf 89' lang='lat' dir='ltr'>crudelibus</span> <span class='ocrx_word' id='word_1_453' title='bbox 3316 3208 3330 3231; x_wconf 96' lang='lat'>,</span> <span class='ocrx_word' id='word_1_454' title='bbox 3365 3172 3418 3220; x_wconf 90' lang='lat' dir='ltr'>et</span> <span class='ocrx_word' id='word_1_455' title='bbox 3446 3162 3720 3236; x_wconf 87' lang='lat' dir='ltr'>improbis</span> 
     </span>
    </p>
   </div>
   <div class='ocr_carea' id='block_1_65' title="bbox 421 3253 2018 3326">
    <p class='ocr_par' dir='ltr' id='par_1_65' title="bbox 421 3253 2018 3326">
     <span class='ocr_line' id='line_1_65' title="bbox 421 3253 2018 3326; baseline -0.003 -16"><span class='ocrx_word' id='word_1_456' title='bbox 421 3258 699 3310; x_wconf 71' lang='lat' dir='ltr'>creatura:</span> <span class='ocrx_word' id='word_1_457' title='bbox 723 3256 955 3326; x_wconf 82' lang='lat' dir='ltr'>prapter</span> <span class='ocrx_word' id='word_1_458' title='bbox 982 3254 1180 3322; x_wconf 88' lang='lat' dir='ltr'>Deum,</span> <span class='ocrx_word' id='word_1_459' title='bbox 1213 3254 1327 3308; x_wconf 89' lang='lat' dir='ltr'>sive</span> <span class='ocrx_word' id='word_1_460' title='bbox 1346 3254 1481 3325; x_wconf 88' lang='lat' dir='ltr'>regi,</span> <span class='ocrx_word' id='word_1_461' title='bbox 1499 3261 1601 3309; x_wconf 91' lang='lat' dir='ltr'>etc.</span> <span class='ocrx_word' id='word_1_462' title='bbox 1624 3253 1692 3307; x_wconf 89' lang='lat' dir='ltr'>Et</span> <span class='ocrx_word' id='word_1_463' title='bbox 1710 3260 1769 3307; x_wconf 91' lang='lat' dir='ltr'>ut</span> <span class='ocrx_word' id='word_1_464' title='bbox 1788 3267 2018 3309; x_wconf 91' lang='lat' dir='ltr'>conver-</span> 
     </span>
    </p>
   </div>
   <div class='ocr_carea' id='block_1_66' title="bbox 424 3340 2020 3412">
    <p class='ocr_par' dir='ltr' id='par_1_66' title="bbox 424 3340 2020 3412">
     <span class='ocr_line' id='line_1_66' title="bbox 424 3340 2020 3412; baseline -0.001 -15"><span class='ocrx_word' id='word_1_465' title='bbox 424 3342 560 3398; x_wconf 89' lang='lat' dir='ltr'>satio</span> <span class='ocrx_word' id='word_1_466' title='bbox 588 3349 770 3397; x_wconf 76' lang='lat' dir='ltr'>v‘estra</span> <span class='ocrx_word' id='word_1_467' title='bbox 799 3341 1051 3396; x_wconf 91' lang='lat' dir='ltr'>omnibus</span> <span class='ocrx_word' id='word_1_468' title='bbox 1076 3340 1302 3412; x_wconf 89' lang='lat' dir='ltr'>placeat,</span> <span class='ocrx_word' id='word_1_469' title='bbox 1324 3357 1434 3397; x_wconf 91' lang='lat' dir='ltr'>non</span> <span class='ocrx_word' id='word_1_470' title='bbox 1454 3341 1722 3396; x_wconf 89' lang='lat' dir='ltr'>resistatis</span> <span class='ocrx_word' id='word_1_471' title='bbox 1754 3340 1915 3411; x_wconf 87' lang='lat' dir='ltr'>alicui</span> <span class='ocrx_word' id='word_1_472' title='bbox 1935 3340 2020 3396; x_wconf 91' lang='lat' dir='ltr'>di-</span> 
     </span>
    </p>
   </div>
   <div class='ocr_carea' id='block_1_67' title="bbox 400 3429 2017 3504">
    <p class='ocr_par' dir='ltr' id='par_1_67' title="bbox 400 3429 2017 3504">
     <span class='ocr_line' id='line_1_67' title="bbox 400 3429 2017 3504; baseline -0.001 -18"><span class='ocrx_word' id='word_1_473' title='bbox 400 3431 609 3504; x_wconf 83' lang='lat' dir='ltr'>gnitati</span> <span class='ocrx_word' id='word_1_474' title='bbox 639 3429 934 3497; x_wconf 90' lang='lat' dir='ltr'>hominum,</span> <span class='ocrx_word' id='word_1_475' title='bbox 967 3430 1127 3486; x_wconf 89' lang='lat' dir='ltr'>alicui</span> <span class='ocrx_word' id='word_1_476' title='bbox 1174 3446 1446 3502; x_wconf 69' lang='lat' dir='ltr'>personae,</span> <span class='ocrx_word' id='word_1_477' title='bbox 1500 3431 1660 3486; x_wconf 91' lang='lat' dir='ltr'>alicui</span> <span class='ocrx_word' id='word_1_478' title='bbox 1691 3429 2017 3502; x_wconf 90' lang='lat' dir='ltr'>principatui</span> 
     </span>
    </p>
   </div>
   <div class='ocr_carea' id='block_1_68' title="bbox 418 3518 2017 3591">
    <p class='ocr_par' dir='ltr' id='par_1_68' title="bbox 418 3518 2017 3591">
     <span class='ocr_line' id='line_1_68' title="bbox 418 3518 2017 3591; baseline -0.003 -14"><span class='ocrx_word' id='word_1_479' title='bbox 418 3520 505 3577; x_wconf 91' lang='lat' dir='ltr'>cui</span> <span class='ocrx_word' id='word_1_480' title='bbox 530 3520 680 3578; x_wconf 89' lang='lat' dir='ltr'>Deus</span> <span class='ocrx_word' id='word_1_481' title='bbox 708 3535 807 3575; x_wconf 90' lang='lat' dir='ltr'>vos</span> <span class='ocrx_word' id='word_1_482' title='bbox 830 3518 987 3574; x_wconf 88' lang='lat' dir='ltr'>subdi</span> <span class='ocrx_word' id='word_1_483' title='bbox 1017 3518 1198 3584; x_wconf 89' lang='lat' dir='ltr'>voluit,</span> <span class='ocrx_word' id='word_1_484' title='bbox 1234 3519 1355 3591; x_wconf 90' lang='lat' dir='ltr'>quia</span> <span class='ocrx_word' id='word_1_485' title='bbox 1397 3535 1506 3575; x_wconf 92' lang='lat' dir='ltr'>non</span> <span class='ocrx_word' id='word_1_486' title='bbox 1534 3527 1617 3575; x_wconf 92' lang='lat' dir='ltr'>est</span> <span class='ocrx_word' id='word_1_487' title='bbox 1646 3522 1890 3591; x_wconf 86' lang='lat' dir='ltr'>potestas</span> <span class='ocrx_word' id='word_1_488' title='bbox 1911 3518 2017 3573; x_wconf 92' lang='lat' dir='ltr'>nisi</span> 
     </span>
    </p>
   </div>
   <div class='ocr_carea' id='block_1_69' title="bbox 402 3606 2017 3680">
    <p class='ocr_par' dir='ltr' id='par_1_69' title="bbox 402 3606 2017 3680">
     <span class='ocr_line' id='line_1_69' title="bbox 402 3606 2017 3680; baseline 0.001 -18"><span class='ocrx_word' id='word_1_489' title='bbox 402 3623 447 3662; x_wconf 73' lang='lat' dir='ltr'>&#39;a</span> <span class='ocrx_word' id='word_1_490' title='bbox 476 3610 610 3674; x_wconf 91' lang='lat' dir='ltr'>Deo,</span> <span class='ocrx_word' id='word_1_491' title='bbox 645 3616 698 3663; x_wconf 89' lang='lat' dir='ltr'>et</span> <span class='ocrx_word' id='word_1_492' title='bbox 726 3608 817 3680; x_wconf 92' lang='lat' dir='ltr'>qui</span> <span class='ocrx_word' id='word_1_493' title='bbox 845 3607 1096 3679; x_wconf 88' lang='lat' dir='ltr'>potestati</span> <span class='ocrx_word' id='word_1_494' title='bbox 1140 3606 1358 3675; x_wconf 90' lang='lat' dir='ltr'>resistit,</span> <span class='ocrx_word' id='word_1_495' title='bbox 1409 3608 1510 3663; x_wconf 94' lang='lat' dir='ltr'>Dei</span> <span class='ocrx_word' id='word_1_496' title='bbox 1557 3607 1885 3664; x_wconf 89' lang='lat' dir='ltr'>ordinationi</span> <span class='ocrx_word' id='word_1_497' title='bbox 1922 3623 2017 3663; x_wconf 91' lang='lat' dir='ltr'>re-</span> 
     </span>
    </p>
   </div>
   <div class='ocr_carea' id='block_1_70' title="bbox 420 3696 2018 3769">
    <p class='ocr_par' dir='ltr' id='par_1_70' title="bbox 420 3696 2018 3769">
     <span class='ocr_line' id='line_1_70' title="bbox 420 3696 2018 3769; baseline 0.001 -18"><span class='ocrx_word' id='word_1_498' title='bbox 420 3697 581 3752; x_wconf 88' lang='lat' dir='ltr'>sistit.</span> <span class='ocrx_word' id='word_1_499' title='bbox 614 3697 685 3752; x_wconf 90' lang='lat' dir='ltr'>Et</span> <span class='ocrx_word' id='word_1_500' title='bbox 706 3705 1007 3753; x_wconf 84' lang='lat' dir='ltr'>creaturam</span> <span class='ocrx_word' id='word_1_501' title='bbox 1052 3712 1149 3768; x_wconf 90' lang='lat' dir='ltr'>per</span> <span class='ocrx_word' id='word_1_502' title='bbox 1188 3704 1373 3768; x_wconf 89' lang='lat' dir='ltr'>partes</span> <span class='ocrx_word' id='word_1_503' title='bbox 1405 3697 1626 3769; x_wconf 84' lang='lat' dir='ltr'>exponit</span> <span class='ocrx_word' id='word_1_504' title='bbox 1653 3696 1866 3765; x_wconf 82' lang='lat' dir='ltr'>dicens,</span> <span class='ocrx_word' id='word_1_505' title='bbox 1902 3698 2018 3752; x_wconf 84' lang='lat' dir='ltr'>sive</span> 
     </span>
    </p>
   </div>
   <div class='ocr_carea' id='block_1_71' title="bbox 421 3787 708 3858">
    <p class='ocr_par' dir='ltr' id='par_1_71' title="bbox 421 3787 708 3858">
     <span class='ocr_line' id='line_1_71' title="bbox 421 3787 708 3858; baseline 0 -16"><span class='ocrx_word' id='word_1_506' title='bbox 421 3787 570 3858; x_wconf 83' lang='lat' dir='ltr'>Regi,</span> <span class='ocrx_word' id='word_1_507' title='bbox 603 3794 708 3842; x_wconf 89' lang='lat' dir='ltr'>etc.</span> 
     </span>
    </p>
   </div>
   <div class='ocr_carea' id='block_1_72' title="bbox 492 3890 2018 3965">
    <p class='ocr_par' dir='ltr' id='par_1_72' title="bbox 492 3890 2018 3965">
     <span class='ocr_line' id='line_1_72' title="bbox 492 3890 2018 3965; baseline -0.002 -18"><span class='ocrx_word' id='word_1_508' title='bbox 492 3893 663 3949; x_wconf 73' lang='lat' dir='ltr'>Vrsas.</span> <span class='ocrx_word' id='word_1_509' title='bbox 698 3893 784 3947; x_wconf 79' lang='grc'>14.</span> <span class='ocrx_word' id='word_1_510' title='bbox 815 3922 884 3934; x_wconf 88' lang='lat'>--</span> <span class='ocrx_word' id='word_1_511' title='bbox 937 3894 1224 3965; x_wconf 83' lang='lat' dir='ltr'>Tanquam</span> <span class='ocrx_word' id='word_1_512' title='bbox 1269 3893 1337 3948; x_wconf 90' lang='lat' dir='ltr'>ab</span> <span class='ocrx_word' id='word_1_513' title='bbox 1380 3909 1440 3949; x_wconf 90' lang='lat' dir='ltr'>eo</span> <span class='ocrx_word' id='word_1_514' title='bbox 1487 3894 1698 3948; x_wconf 85' lang='lat' dir='ltr'>missis.</span> <span class='ocrx_word' id='word_1_515' title='bbox 1746 3890 2018 3947; x_wconf 90' lang='lat' dir='ltr'>Multoties</span> 
     </span>
    </p>
   </div>
   <div class='ocr_carea' id='block_1_73' title="bbox 423 3980 2017 4052">
    <p class='ocr_par' dir='ltr' id='par_1_73' title="bbox 423 3980 2017 4052">
     <span class='ocr_line' id='line_1_73' title="bbox 423 3980 2017 4052; baseline -0.001 -16"><span class='ocrx_word' id='word_1_516' title='bbox 423 3981 576 4036; x_wconf 90' lang='lat' dir='ltr'>Deus</span> <span class='ocrx_word' id='word_1_517' title='bbox 625 3980 866 4051; x_wconf 88' lang='lat' dir='ltr'>aliquem</span> <span class='ocrx_word' id='word_1_518' title='bbox 932 3981 1133 4035; x_wconf 89' lang='lat' dir='ltr'>malum</span> <span class='ocrx_word' id='word_1_519' title='bbox 1181 3980 1526 4052; x_wconf 83' lang='lat' dir='ltr'>tyrannidem</span> <span class='ocrx_word' id='word_1_520' title='bbox 1578 3995 1839 4036; x_wconf 90' lang='lat' dir='ltr'>exercere</span> <span class='ocrx_word' id='word_1_521' title='bbox 1888 3996 2017 4051; x_wconf 90' lang='lat' dir='ltr'>per-</span> 
     </span>
    </p>
   </div>
   <div class='ocr_carea' id='block_1_74' title="bbox 421 4067 2017 4140">
    <p class='ocr_par' dir='ltr' id='par_1_74' title="bbox 421 4067 2017 4140">
     <span class='ocr_line' id='line_1_74' title="bbox 421 4067 2017 4140; baseline 0.001 -18"><span class='ocrx_word' id='word_1_522' title='bbox 421 4068 599 4138; x_wconf 91' lang='lat' dir='ltr'>mittit,</span> <span class='ocrx_word' id='word_1_523' title='bbox 631 4075 688 4124; x_wconf 90' lang='lat' dir='ltr'>ut</span> <span class='ocrx_word' id='word_1_524' title='bbox 718 4075 771 4123; x_wconf 92' lang='lat' dir='ltr'>et</span> <span class='ocrx_word' id='word_1_525' title='bbox 801 4067 927 4123; x_wconf 89' lang='lat' dir='ltr'>mali</span> <span class='ocrx_word' id='word_1_526' title='bbox 954 4067 1378 4135; x_wconf 88' lang='lat' dir='ltr'>confundantur,</span> <span class='ocrx_word' id='word_1_527' title='bbox 1426 4074 1479 4124; x_wconf 91' lang='lat' dir='ltr'>et</span> <span class='ocrx_word' id='word_1_528' title='bbox 1526 4068 1653 4124; x_wconf 92' lang='lat' dir='ltr'>boni</span> <span class='ocrx_word' id='word_1_529' title='bbox 1682 4068 1859 4140; x_wconf 87' lang='lat' dir='ltr'>magis</span> <span class='ocrx_word' id='word_1_530' title='bbox 1884 4083 2017 4140; x_wconf 90' lang='lat' dir='ltr'>pro-</span> 
     </span>
    </p>
   </div>
   <div class='ocr_carea' id='block_1_75' title="bbox 422 4156 639 4213">
    <p class='ocr_par' dir='ltr' id='par_1_75' title="bbox 422 4156 639 4213">
     <span class='ocr_line' id='line_1_75' title="bbox 422 4156 639 4213; baseline -0.005 0"><span class='ocrx_word' id='word_1_531' title='bbox 422 4156 639 4213; x_wconf 89' lang='lat' dir='ltr'>bentur.</span> 
     </span>
    </p>
   </div>
   <div class='ocr_carea' id='block_1_76' title="bbox 493 4245 2021 4316">
    <p class='ocr_par' dir='ltr' id='par_1_76' title="bbox 493 4245 2021 4316">
     <span class='ocr_line' id='line_1_76' title="bbox 493 4245 2021 4316; baseline -0.002 -13"><span class='ocrx_word' id='word_1_532' title='bbox 493 4245 579 4303; x_wconf 82' lang='lat' dir='ltr'>Ad</span> <span class='ocrx_word' id='word_1_533' title='bbox 608 4245 939 4302; x_wconf 85' lang='lat' dir='ltr'>vindictam.</span> <span class='ocrx_word' id='word_1_534' title='bbox 990 4245 1214 4316; x_wconf 77' lang='lat' dir='ltr'>(BEDA.)</span> <span class='ocrx_word' id='word_1_535' title='bbox 1260 4245 1375 4301; x_wconf 87' lang='lat' dir='ltr'>Hoc</span> <span class='ocrx_word' id='word_1_536' title='bbox 1421 4245 1570 4311; x_wconf 89' lang='lat' dir='ltr'>dicit,</span> <span class='ocrx_word' id='word_1_537' title='bbox 1602 4254 1917 4301; x_wconf 88' lang='lat' dir='ltr'>nontamen</span> <span class='ocrx_word' id='word_1_538' title='bbox 1944 4245 2021 4301; x_wconf 89' lang='lat' dir='ltr'>ita</span> 
     </span>
    </p>
   </div>
   <div class='ocr_carea' id='block_1_77' title="bbox 420 4332 2015 4409">
    <p class='ocr_par' dir='ltr' id='par_1_77' title="bbox 420 4332 2015 4409">
     <span class='ocr_line' id='line_1_77' title="bbox 420 4332 2015 4409; baseline -0.001 -18"><span class='ocrx_word' id='word_1_539' title='bbox 420 4334 569 4409; x_wconf 88' lang='lat' dir='ltr'>quod</span> <span class='ocrx_word' id='word_1_540' title='bbox 599 4351 816 4406; x_wconf 89' lang='lat' dir='ltr'>semper</span> <span class='ocrx_word' id='word_1_541' title='bbox 841 4332 951 4402; x_wconf 83' lang='lat' dir='ltr'>ﬁat,</span> <span class='ocrx_word' id='word_1_542' title='bbox 983 4334 1081 4389; x_wconf 92' lang='lat' dir='ltr'>sed</span> <span class='ocrx_word' id='word_1_543' title='bbox 1111 4350 1232 4406; x_wconf 85' lang='lat' dir='ltr'>quae</span> <span class='ocrx_word' id='word_1_544' title='bbox 1268 4350 1392 4389; x_wconf 91' lang='lat' dir='ltr'>esse</span> <span class='ocrx_word' id='word_1_545' title='bbox 1440 4334 1637 4390; x_wconf 89' lang='lat' dir='ltr'>debeat</span> <span class='ocrx_word' id='word_1_546' title='bbox 1670 4334 1810 4390; x_wconf 88' lang='lat' dir='ltr'>actio</span> <span class='ocrx_word' id='word_1_547' title='bbox 1841 4335 2015 4403; x_wconf 90' lang='lat' dir='ltr'>ducis,</span> 
     </span>
    </p>
   </div>
   <div class='ocr_carea' id='block_1_78' title="bbox 421 4422 2022 4496">
    <p class='ocr_par' dir='ltr' id='par_1_78' title="bbox 421 4422 2022 4496">
     <span class='ocr_line' id='line_1_78' title="bbox 421 4422 2022 4496; baseline 0 -16"><span class='ocrx_word' id='word_1_548' title='bbox 421 4424 738 4496; x_wconf 80' lang='lat' dir='ltr'>simpliciter</span> <span class='ocrx_word' id='word_1_549' title='bbox 777 4431 974 4489; x_wconf 88' lang='lat' dir='ltr'>narrat,</span> <span class='ocrx_word' id='word_1_550' title='bbox 1029 4422 1123 4494; x_wconf 93' lang='lat' dir='ltr'>qui</span> <span class='ocrx_word' id='word_1_551' title='bbox 1164 4423 1380 4478; x_wconf 88' lang='lat' dir='ltr'>etiamsi</span> <span class='ocrx_word' id='word_1_552' title='bbox 1424 4423 1598 4479; x_wconf 88' lang='lat' dir='ltr'>bonos</span> <span class='ocrx_word' id='word_1_553' title='bbox 1628 4424 1878 4491; x_wconf 86' lang='lat' dir='ltr'>damnat;</span> <span class='ocrx_word' id='word_1_554' title='bbox 1911 4440 2022 4480; x_wconf 92' lang='lat' dir='ltr'>non</span> 
     </span>
    </p>
   </div>
   <div class='ocr_carea' id='block_1_79' title="bbox 2118 3251 3482 3326">
    <p class='ocr_par' dir='ltr' id='par_1_79' title="bbox 2118 3251 3482 3326">
     <span class='ocr_line' id='line_1_79' title="bbox 2118 3251 3482 3326; baseline -0.001 -17"><span class='ocrx_word' id='word_1_555' title='bbox 2118 3253 2349 3309; x_wconf 69' lang='lat' dir='ltr'>affirmat</span> <span class='ocrx_word' id='word_1_556' title='bbox 2375 3253 2676 3309; x_wconf 90' lang='lat' dir='ltr'>imitatores</span> <span class='ocrx_word' id='word_1_557' title='bbox 2708 3269 2830 3309; x_wconf 90' lang='lat' dir='ltr'>esse</span> <span class='ocrx_word' id='word_1_558' title='bbox 2861 3253 3160 3310; x_wconf 68' lang='lat' dir='ltr'>Dominica:</span> <span class='ocrx_word' id='word_1_559' title='bbox 3188 3251 3482 3326; x_wconf 90' lang='lat' dir='ltr'>passionis.</span> 
     </span>
    </p>
   </div>
   <div class='ocr_carea' id='block_1_80' title="bbox 2196 3341 3723 3415">
    <p class='ocr_par' dir='ltr' id='par_1_80' title="bbox 2196 3341 3723 3415">
     <span class='ocr_line' id='line_1_80' title="bbox 2196 3341 3723 3415; baseline -0.002 -16"><span class='ocrx_word' id='word_1_560' title='bbox 2196 3345 2337 3413; x_wconf 87' lang='lat' dir='ltr'>Quia</span> <span class='ocrx_word' id='word_1_561' title='bbox 2366 3347 2423 3399; x_wconf 87' lang='lat' dir='ltr'>et</span> <span class='ocrx_word' id='word_1_562' title='bbox 2452 3344 2727 3399; x_wconf 83' lang='lat' dir='ltr'>Christus.</span> <span class='ocrx_word' id='word_1_563' title='bbox 2771 3342 2992 3415; x_wconf 72' lang='grc' dir='ltr'>(ΒΕυΑ.)</span> <span class='ocrx_word' id='word_1_564' title='bbox 3037 3344 3173 3399; x_wconf 91' lang='lat' dir='ltr'>Cum</span> <span class='ocrx_word' id='word_1_565' title='bbox 3222 3359 3381 3415; x_wconf 90' lang='lat' dir='ltr'>supra</span> <span class='ocrx_word' id='word_1_566' title='bbox 3410 3341 3723 3413; x_wconf 87' lang='lat' dir='ltr'>specialiter</span> 
     </span>
    </p>
   </div>
   <div class='ocr_carea' id='block_1_81' title="bbox 2119 3431 3722 3499">
    <p class='ocr_par' dir='ltr' id='par_1_81' title="bbox 2119 3431 3722 3499">
     <span class='ocr_line' id='line_1_81' title="bbox 2119 3431 3722 3499; baseline 0 -12"><span class='ocrx_word' id='word_1_567' title='bbox 2119 3447 2328 3499; x_wconf 89' lang='lat' dir='ltr'>servos,</span> <span class='ocrx_word' id='word_1_568' title='bbox 2353 3448 2497 3488; x_wconf 91' lang='lat' dir='ltr'>nunc</span> <span class='ocrx_word' id='word_1_569' title='bbox 2528 3439 2693 3487; x_wconf 91' lang='lat' dir='ltr'>totam</span> <span class='ocrx_word' id='word_1_570' title='bbox 2740 3432 3043 3488; x_wconf 89' lang='lat' dir='ltr'>Ecclesiam</span> <span class='ocrx_word' id='word_1_571' title='bbox 3085 3432 3301 3486; x_wconf 90' lang='lat' dir='ltr'>instruit</span> <span class='ocrx_word' id='word_1_572' title='bbox 3330 3439 3388 3486; x_wconf 93' lang='lat' dir='ltr'>ut</span> <span class='ocrx_word' id='word_1_573' title='bbox 3418 3431 3585 3486; x_wconf 88' lang='lat' dir='ltr'>etiam</span> <span class='ocrx_word' id='word_1_574' title='bbox 3616 3431 3722 3487; x_wconf 87' lang='lat' dir='ltr'>do-</span> 
     </span>
    </p>
   </div>
   <div class='ocr_carea' id='block_1_82' title="bbox 2119 3520 3722 3594">
    <p class='ocr_par' dir='ltr' id='par_1_82' title="bbox 2119 3520 3722 3594">
     <span class='ocr_line' id='line_1_82' title="bbox 2119 3520 3722 3594; baseline 0.001 -19"><span class='ocrx_word' id='word_1_575' title='bbox 2119 3521 2280 3576; x_wconf 91' lang='lat' dir='ltr'>minis</span> <span class='ocrx_word' id='word_1_576' title='bbox 2310 3521 2364 3575; x_wconf 91' lang='lat' dir='ltr'>in</span> <span class='ocrx_word' id='word_1_577' title='bbox 2396 3521 2719 3577; x_wconf 91' lang='lat' dir='ltr'>memoriam</span> <span class='ocrx_word' id='word_1_578' title='bbox 2748 3529 2987 3590; x_wconf 91' lang='lat' dir='ltr'>revocet,</span> <span class='ocrx_word' id='word_1_579' title='bbox 3030 3521 3162 3594; x_wconf 90' lang='lat' dir='ltr'>quid</span> <span class='ocrx_word' id='word_1_580' title='bbox 3189 3537 3287 3593; x_wconf 92' lang='lat' dir='ltr'>pro</span> <span class='ocrx_word' id='word_1_581' title='bbox 3317 3537 3511 3577; x_wconf 90' lang='lat' dir='ltr'>eorum</span> <span class='ocrx_word' id='word_1_582' title='bbox 3542 3520 3722 3577; x_wconf 85' lang='lat' dir='ltr'>salute</span> 
     </span>
    </p>
   </div>
   <div class='ocr_carea' id='block_1_83' title="bbox 2116 3610 3253 3682">
    <p class='ocr_par' dir='ltr' id='par_1_83' title="bbox 2116 3610 3253 3682">
     <span class='ocr_line' id='line_1_83' title="bbox 2116 3610 3253 3682; baseline -0.001 -17"><span class='ocrx_word' id='word_1_583' title='bbox 2116 3610 2204 3665; x_wconf 88' lang='lat' dir='ltr'>vel</span> <span class='ocrx_word' id='word_1_584' title='bbox 2232 3610 2553 3665; x_wconf 88' lang='lat' dir='ltr'>liberatione</span> <span class='ocrx_word' id='word_1_585' title='bbox 2584 3627 2713 3664; x_wconf 92' lang='lat' dir='ltr'>suus</span> <span class='ocrx_word' id='word_1_586' title='bbox 2742 3619 2927 3666; x_wconf 89' lang='lat' dir='ltr'>auctor</span> <span class='ocrx_word' id='word_1_587' title='bbox 2956 3610 3253 3682; x_wconf 88' lang='lat' dir='ltr'>pertulerit.</span> 
     </span>
    </p>
   </div>
   <div class='ocr_carea' id='block_1_84' title="bbox 2190 3698 3717 3771">
    <p class='ocr_par' dir='ltr' id='par_1_84' title="bbox 2190 3698 3717 3771">
     <span class='ocr_line' id='line_1_84' title="bbox 2190 3698 3717 3771; baseline -0.001 -16"><span class='ocrx_word' id='word_1_588' title='bbox 2190 3700 2360 3755; x_wconf 71' lang='lat' dir='ltr'>Vsus.</span> <span class='ocrx_word' id='word_1_589' title='bbox 2376 3702 2539 3756; x_wconf 76' lang='lat'>23.—</span> <span class='ocrx_word' id='word_1_590' title='bbox 2558 3698 2829 3754; x_wconf 87' lang='lat' dir='ltr'>Tradebat</span> <span class='ocrx_word' id='word_1_591' title='bbox 2853 3703 3048 3755; x_wconf 84' lang='lat' dir='ltr'>autem</span> <span class='ocrx_word' id='word_1_592' title='bbox 3069 3698 3362 3771; x_wconf 87' lang='lat' dir='ltr'>judicanti</span> <span class='ocrx_word' id='word_1_593' title='bbox 3388 3714 3446 3755; x_wconf 84' lang='lat' dir='ltr'>se</span> <span class='ocrx_word' id='word_1_594' title='bbox 3474 3698 3717 3771; x_wconf 66' lang='lat' dir='ltr'>injuste.</span> 
     </span>
    </p>
   </div>
   <div class='ocr_carea' id='block_1_85' title="bbox 2118 3786 3725 3859">
    <p class='ocr_par' dir='ltr' id='par_1_85' title="bbox 2118 3786 3725 3859">
     <span class='ocr_line' id='line_1_85' title="bbox 2118 3786 3725 3859; baseline 0 -18"><span class='ocrx_word' id='word_1_595' title='bbox 2118 3786 2231 3842; x_wconf 92' lang='lat' dir='ltr'>Illis</span> <span class='ocrx_word' id='word_1_596' title='bbox 2254 3787 2625 3858; x_wconf 88' lang='lat' dir='ltr'>judicantibus</span> <span class='ocrx_word' id='word_1_597' title='bbox 2655 3787 2958 3844; x_wconf 91' lang='lat' dir='ltr'>secundum</span> <span class='ocrx_word' id='word_1_598' title='bbox 3005 3787 3258 3857; x_wconf 88' lang='lat' dir='ltr'>injustam</span> <span class='ocrx_word' id='word_1_599' title='bbox 3295 3786 3500 3859; x_wconf 83' lang='lat' dir='ltr'>legem,</span> <span class='ocrx_word' id='word_1_600' title='bbox 3536 3794 3725 3859; x_wconf 87' lang='lat' dir='ltr'>utpote</span> 
     </span>
    </p>
   </div>
   <div class='ocr_carea' id='block_1_86' title="bbox 2109 3875 3727 3946">
    <p class='ocr_par' dir='ltr' id='par_1_86' title="bbox 2109 3875 3727 3946">
     <span class='ocr_line' id='line_1_86' title="bbox 2109 3875 3727 3946; baseline 0.001 -17"><span class='ocrx_word' id='word_1_601' title='bbox 2109 3876 2288 3946; x_wconf 90' lang='lat' dir='ltr'>justus</span> <span class='ocrx_word' id='word_1_602' title='bbox 2319 3875 2605 3932; x_wconf 87' lang='lat' dir='ltr'>exsistens.</span> <span class='ocrx_word' id='word_1_603' title='bbox 2639 3875 2785 3944; x_wconf 89' lang='lat' dir='ltr'>Sive,</span> <span class='ocrx_word' id='word_1_604' title='bbox 2816 3876 3062 3931; x_wconf 91' lang='lat' dir='ltr'>tradebat</span> <span class='ocrx_word' id='word_1_605' title='bbox 3093 3877 3209 3931; x_wconf 92' lang='lat' dir='ltr'>Deo</span> <span class='ocrx_word' id='word_1_606' title='bbox 3239 3875 3386 3931; x_wconf 88' lang='lat' dir='ltr'>Patri</span> <span class='ocrx_word' id='word_1_607' title='bbox 3415 3875 3621 3945; x_wconf 86' lang='lat' dir='ltr'>injuste</span> <span class='ocrx_word' id='word_1_608' title='bbox 3645 3876 3727 3946; x_wconf 85' lang='lat' dir='ltr'>jn-</span> 
     </span>
    </p>
   </div>
   <div class='ocr_carea' id='block_1_87' title="bbox 2118 3963 3724 4037">
    <p class='ocr_par' dir='ltr' id='par_1_87' title="bbox 2118 3963 3724 4037">
     <span class='ocr_line' id='line_1_87' title="bbox 2118 3963 3724 4037; baseline -0.001 -18"><span class='ocrx_word' id='word_1_609' title='bbox 2118 3963 2380 4034; x_wconf 88' lang='lat' dir='ltr'>dicantes,</span> <span class='ocrx_word' id='word_1_610' title='bbox 2416 3965 2471 4019; x_wconf 91' lang='lat' dir='ltr'>id</span> <span class='ocrx_word' id='word_1_611' title='bbox 2501 3972 2582 4020; x_wconf 91' lang='lat' dir='ltr'>est</span> <span class='ocrx_word' id='word_1_612' title='bbox 2620 3981 2715 4020; x_wconf 89' lang='lat' dir='ltr'>eos</span> <span class='ocrx_word' id='word_1_613' title='bbox 2747 3964 2839 4036; x_wconf 90' lang='lat' dir='ltr'>qui</span> <span class='ocrx_word' id='word_1_614' title='bbox 2868 3982 2993 4021; x_wconf 89' lang='lat' dir='ltr'>cum</span> <span class='ocrx_word' id='word_1_615' title='bbox 3022 3964 3355 4037; x_wconf 90' lang='lat' dir='ltr'>nequissime</span> <span class='ocrx_word' id='word_1_616' title='bbox 3385 3964 3724 4021; x_wconf 85' lang='lat' dir='ltr'>condemna-</span> 
     </span>
    </p>
   </div>
   <div class='ocr_carea' id='block_1_88' title="bbox 2117 4052 3725 4125">
    <p class='ocr_par' dir='ltr' id='par_1_88' title="bbox 2117 4052 3725 4125">
     <span class='ocr_line' id='line_1_88' title="bbox 2117 4052 3725 4125; baseline 0.001 -18"><span class='ocrx_word' id='word_1_617' title='bbox 2117 4052 2345 4119; x_wconf 91' lang='lat' dir='ltr'>bant,et</span> <span class='ocrx_word' id='word_1_618' title='bbox 2374 4053 2496 4110; x_wconf 90' lang='lat' dir='ltr'>neci</span> <span class='ocrx_word' id='word_1_619' title='bbox 2527 4053 2644 4122; x_wconf 90' lang='lat' dir='ltr'>ejus</span> <span class='ocrx_word' id='word_1_620' title='bbox 2692 4053 2982 4121; x_wconf 87' lang='lat' dir='ltr'>instabant,</span> <span class='ocrx_word' id='word_1_621' title='bbox 3031 4062 3088 4109; x_wconf 92' lang='lat' dir='ltr'>ut</span> <span class='ocrx_word' id='word_1_622' title='bbox 3138 4053 3407 4125; x_wconf 90' lang='lat' dir='ltr'>supplicia</span> <span class='ocrx_word' id='word_1_623' title='bbox 3439 4063 3725 4109; x_wconf 88' lang='lat' dir='ltr'>sumentes</span> 
     </span>
    </p>
   </div>
   <div class='ocr_carea' id='block_1_89' title="bbox 2117 4142 3723 4215">
    <p class='ocr_par' dir='ltr' id='par_1_89' title="bbox 2117 4142 3723 4215">
     <span class='ocr_line' id='line_1_89' title="bbox 2117 4142 3723 4215; baseline 0 -18"><span class='ocrx_word' id='word_1_624' title='bbox 2117 4142 2445 4197; x_wconf 88' lang='lat' dir='ltr'>erudiantur.</span> <span class='ocrx_word' id='word_1_625' title='bbox 2484 4142 2677 4215; x_wconf 89' lang='lat' dir='ltr'>Tangit</span> <span class='ocrx_word' id='word_1_626' title='bbox 2723 4142 3098 4215; x_wconf 89' lang='lat' dir='ltr'>evangelicam</span> <span class='ocrx_word' id='word_1_627' title='bbox 3126 4142 3469 4214; x_wconf 89' lang='lat' dir='ltr'>parabolam,</span> <span class='ocrx_word' id='word_1_628' title='bbox 3507 4142 3605 4197; x_wconf 91' lang='lat' dir='ltr'>ubi</span> <span class='ocrx_word' id='word_1_629' title='bbox 3635 4142 3723 4197; x_wconf 89' lang='lat' dir='ltr'>di-</span> 
     </span>
    </p>
   </div>
   <div class='ocr_carea' id='block_1_90' title="bbox 2116 4230 3726 4305">
    <p class='ocr_par' dir='ltr' id='par_1_90' title="bbox 2116 4230 3726 4305">
     <span class='ocr_line' id='line_1_90' title="bbox 2116 4230 3726 4305; baseline 0.001 -19"><span class='ocrx_word' id='word_1_630' title='bbox 2116 4231 2257 4287; x_wconf 89' lang='lat' dir='ltr'>citur</span> <span class='ocrx_word' id='word_1_631' title='bbox 2284 4231 2431 4302; x_wconf 89' lang='lat' dir='ltr'>quod</span> <span class='ocrx_word' id='word_1_632' title='bbox 2459 4230 2583 4302; x_wconf 91' lang='lat' dir='ltr'>pius</span> <span class='ocrx_word' id='word_1_633' title='bbox 2612 4238 2820 4302; x_wconf 91' lang='lat' dir='ltr'>pastor,</span> <span class='ocrx_word' id='word_1_634' title='bbox 2842 4231 3048 4287; x_wconf 89' lang='lat' dir='ltr'>relictis</span> <span class='ocrx_word' id='word_1_635' title='bbox 3068 4232 3367 4305; x_wconf 88' lang='lat' dir='ltr'>nonaginta</span> <span class='ocrx_word' id='word_1_636' title='bbox 3386 4247 3595 4287; x_wconf 86' lang='lat' dir='ltr'>novem</span> <span class='ocrx_word' id='word_1_637' title='bbox 3616 4232 3726 4288; x_wconf 85' lang='lat' dir='ltr'>ovi-</span> 
     </span>
    </p>
   </div>
   <div class='ocr_carea' id='block_1_91' title="bbox 2117 4319 3725 4392">
    <p class='ocr_par' dir='ltr' id='par_1_91' title="bbox 2117 4319 3725 4392">
     <span class='ocr_line' id='line_1_91' title="bbox 2117 4319 3725 4392; baseline 0.001 -18"><span class='ocrx_word' id='word_1_638' title='bbox 2117 4319 2220 4374; x_wconf 91' lang='lat' dir='ltr'>bus</span> <span class='ocrx_word' id='word_1_639' title='bbox 2250 4319 2306 4373; x_wconf 93' lang='lat' dir='ltr'>in</span> <span class='ocrx_word' id='word_1_640' title='bbox 2325 4320 2560 4385; x_wconf 92' lang='lat' dir='ltr'>deserto,</span> <span class='ocrx_word' id='word_1_641' title='bbox 2595 4319 2803 4375; x_wconf 88' lang='lat' dir='ltr'>venerit</span> <span class='ocrx_word' id='word_1_642' title='bbox 2845 4320 3063 4376; x_wconf 88' lang='lat' dir='ltr'>visitare</span> <span class='ocrx_word' id='word_1_643' title='bbox 3111 4337 3277 4375; x_wconf 90' lang='lat' dir='ltr'>unam</span> <span class='ocrx_word' id='word_1_644' title='bbox 3308 4337 3429 4392; x_wconf 68' lang='lat' dir='ltr'>quae</span> <span class='ocrx_word' id='word_1_645' title='bbox 3458 4321 3725 4392; x_wconf 86' lang='lat' dir='ltr'>perierat.</span> 
     </span>
    </p>
   </div>
   <div class='ocr_carea' id='block_1_92' title="bbox 2191 4407 3728 4482">
    <p class='ocr_par' dir='ltr' id='par_1_92' title="bbox 2191 4407 3728 4482">
     <span class='ocr_line' id='line_1_92' title="bbox 2191 4407 3728 4482; baseline 0.001 -18"><span class='ocrx_word' id='word_1_646' title='bbox 2191 4410 2363 4464; x_wconf 74' lang='lat' dir='ltr'>Vnus.</span> <span class='ocrx_word' id='word_1_647' title='bbox 2394 4411 2481 4465; x_wconf 73' lang='lat'>25.</span> <span class='ocrx_word' id='word_1_648' title='bbox 2508 4410 2665 4464; x_wconf 85' lang='lat' dir='ltr'>—Et</span> <span class='ocrx_word' id='word_1_649' title='bbox 2691 4410 3028 4481; x_wconf 84' lang='lat' dir='ltr'>episcopum.</span> <span class='ocrx_word' id='word_1_650' title='bbox 3062 4409 3163 4465; x_wconf 87' lang='lat' dir='ltr'>Vel</span> <span class='ocrx_word' id='word_1_651' title='bbox 3184 4408 3550 4479; x_wconf 89' lang='lat' dir='ltr'>visitatorem,</span> <span class='ocrx_word' id='word_1_652' title='bbox 3579 4407 3728 4482; x_wconf 87' lang='lat' dir='ltr'>quod</span> 
     </span>
    </p>
   </div>
   <div class='ocr_carea' id='block_1_93' title="bbox 421 4496 2016 4585">
    <p class='ocr_par' dir='ltr' id='par_1_93' title="bbox 421 4512 2016 4585">
     <span class='ocr_line' id='line_1_93' title="bbox 421 4512 2016 4585; baseline -0.001 -15"><span class='ocrx_word' id='word_1_653' title='bbox 421 4514 604 4570; x_wconf 90' lang='lat' dir='ltr'>minus</span> <span class='ocrx_word' id='word_1_654' title='bbox 634 4513 705 4569; x_wconf 89' lang='lat' dir='ltr'>ad</span> <span class='ocrx_word' id='word_1_655' title='bbox 730 4513 947 4569; x_wconf 90' lang='lat' dir='ltr'>laudem</span> <span class='ocrx_word' id='word_1_656' title='bbox 990 4527 1180 4568; x_wconf 89' lang='lat' dir='ltr'>eorum</span> <span class='ocrx_word' id='word_1_657' title='bbox 1225 4513 1460 4583; x_wconf 89' lang='lat' dir='ltr'>pertinet</span> <span class='ocrx_word' id='word_1_658' title='bbox 1506 4512 1652 4584; x_wconf 91' lang='lat' dir='ltr'>quod</span> <span class='ocrx_word' id='word_1_659' title='bbox 1690 4513 1822 4585; x_wconf 87' lang='lat' dir='ltr'>agit,</span> <span class='ocrx_word' id='word_1_660' title='bbox 1856 4514 1903 4568; x_wconf 93' lang='lat' dir='ltr'>si</span> <span class='ocrx_word' id='word_1_661' title='bbox 1933 4530 2016 4584; x_wconf 89' lang='lat' dir='ltr'>pa-</span> 
     </span>
    </p>
   </div>
   <div class='ocr_carea' id='block_1_94' title="bbox 2130 4496 3727 4585">
    <p class='ocr_par' dir='ltr' id='par_1_94' title="bbox 2130 4496 3727 4569">
     <span class='ocr_line' id='line_1_94' title="bbox 2130 4496 3727 4569; baseline 0.001 -18"><span class='ocrx_word' id='word_1_662' title='bbox 2130 4496 2268 4553; x_wconf 89' lang='lat' dir='ltr'>idem</span> <span class='ocrx_word' id='word_1_663' title='bbox 2315 4504 2416 4552; x_wconf 87' lang='lat' dir='ltr'>est.</span> <span class='ocrx_word' id='word_1_664' title='bbox 2464 4496 2772 4569; x_wconf 90' lang='lat' dir='ltr'>Episcopus</span> <span class='ocrx_word' id='word_1_665' title='bbox 2815 4498 2978 4567; x_wconf 90' lang='lat' dir='ltr'>enim,</span> <span class='ocrx_word' id='word_1_666' title='bbox 3016 4497 3071 4552; x_wconf 91' lang='lat' dir='ltr'>id</span> <span class='ocrx_word' id='word_1_667' title='bbox 3115 4506 3198 4553; x_wconf 90' lang='lat' dir='ltr'>est</span> <span class='ocrx_word' id='word_1_668' title='bbox 3242 4498 3727 4569; x_wconf 89' lang='lat' dir='ltr'>superintendens,</span> 
     </span>
    </p>
   </div>
   <div class='ocr_carea' id='block_1_95' title="bbox 420 4601 2021 4673">
    <p class='ocr_par' dir='ltr' id='par_1_95' title="bbox 420 4601 2021 4673">
     <span class='ocr_line' id='line_1_95' title="bbox 420 4601 2021 4673; baseline 0 -16"><span class='ocrx_word' id='word_1_669' title='bbox 420 4603 618 4657; x_wconf 90' lang='lat' dir='ltr'>tienter</span> <span class='ocrx_word' id='word_1_670' title='bbox 642 4602 1044 4673; x_wconf 89' lang='lat' dir='ltr'>improbitatem</span> <span class='ocrx_word' id='word_1_671' title='bbox 1082 4602 1199 4672; x_wconf 91' lang='lat' dir='ltr'>ejus</span> <span class='ocrx_word' id='word_1_672' title='bbox 1228 4602 1458 4658; x_wconf 88' lang='lat' dir='ltr'>tolerant</span> <span class='ocrx_word' id='word_1_673' title='bbox 1484 4601 1633 4668; x_wconf 91' lang='lat' dir='ltr'>boni,</span> <span class='ocrx_word' id='word_1_674' title='bbox 1667 4609 1719 4657; x_wconf 90' lang='lat' dir='ltr'>et</span> <span class='ocrx_word' id='word_1_675' title='bbox 1749 4603 2021 4673; x_wconf 89' lang='lat' dir='ltr'>sapienter</span> 
     </span>
    </p>
   </div>
   <div class='ocr_carea' id='block_1_96' title="bbox 410 4690 1878 4762">
    <p class='ocr_par' dir='ltr' id='par_1_96' title="bbox 410 4690 1878 4762">
     <span class='ocr_line' id='line_1_96' title="bbox 410 4690 1878 4762; baseline -0.003 -15"><span class='ocrx_word' id='word_1_676' title='bbox 410 4691 542 4762; x_wconf 81' lang='lat' dir='ltr'>ejus</span> <span class='ocrx_word' id='word_1_677' title='bbox 571 4690 781 4746; x_wconf 67' lang='lat' dir='ltr'>astutiae</span> <span class='ocrx_word' id='word_1_678' title='bbox 810 4690 1081 4746; x_wconf 90' lang='lat' dir='ltr'>resistunt.</span> <span class='ocrx_word' id='word_1_679' title='bbox 1874 4700 1878 4704; x_wconf 88' lang='lat'>&#39;</span> 
     </span>
    </p>
   </div>
   <div class='ocr_carea' id='block_1_97' title="bbox 505 4804 2020 4874">
    <p class='ocr_par' dir='ltr' id='par_1_97' title="bbox 505 4804 2020 4874">
     <span class='ocr_line' id='line_1_97' title="bbox 505 4804 2020 4874; baseline -0.005 -10"><span class='ocrx_word' id='word_1_680' title='bbox 505 4807 675 4864; x_wconf 77' lang='lat' dir='ltr'>Vnus.</span> <span class='ocrx_word' id='word_1_681' title='bbox 698 4804 783 4861; x_wconf 82' lang='grc'><strong>15.</strong></span> <span class='ocrx_word' id='word_1_682' title='bbox 804 4806 1135 4862; x_wconf 81' lang='lat' dir='ltr'>—-l.audem</span> <span class='ocrx_word' id='word_1_683' title='bbox 1164 4822 1289 4862; x_wconf 87' lang='lat' dir='ltr'>vero</span> <span class='ocrx_word' id='word_1_684' title='bbox 1322 4806 1769 4874; x_wconf 89' lang='lat' dir='ltr'>bonorum.Quia</span> <span class='ocrx_word' id='word_1_685' title='bbox 1801 4807 1881 4862; x_wconf 84' lang='lat' dir='ltr'>sic</span> <span class='ocrx_word' id='word_1_686' title='bbox 1913 4807 2020 4861; x_wconf 88' lang='lat' dir='ltr'>est.</span> 
     </span>
    </p>
   </div>
   <div class='ocr_carea' id='block_1_98' title="bbox 426 4894 2024 4967">
    <p class='ocr_par' dir='ltr' id='par_1_98' title="bbox 426 4894 2024 4967">
     <span class='ocr_line' id='line_1_98' title="bbox 426 4894 2024 4967; baseline -0.004 -15"><span class='ocrx_word' id='word_1_687' title='bbox 426 4895 566 4952; x_wconf 86' lang='lat' dir='ltr'>Vere</span> <span class='ocrx_word' id='word_1_688' title='bbox 595 4896 690 4967; x_wconf 92' lang='lat' dir='ltr'>pii,</span> <span class='ocrx_word' id='word_1_689' title='bbox 724 4895 989 4967; x_wconf 88' lang='lat' dir='ltr'>quidquid</span> <span class='ocrx_word' id='word_1_690' title='bbox 1020 4895 1189 4950; x_wconf 89' lang='lat' dir='ltr'>duces</span> <span class='ocrx_word' id='word_1_691' title='bbox 1220 4902 1402 4967; x_wconf 89' lang='lat' dir='ltr'>agant,</span> <span class='ocrx_word' id='word_1_692' title='bbox 1434 4894 1651 4950; x_wconf 90' lang='lat' dir='ltr'>laudem</span> <span class='ocrx_word' id='word_1_693' title='bbox 1681 4909 2024 4966; x_wconf 89' lang='lat' dir='ltr'>consequun-</span> 
     </span>
    </p>
   </div>
   <div class='ocr_carea' id='block_1_99' title="bbox 426 4982 2027 5055">
    <p class='ocr_par' dir='ltr' id='par_1_99' title="bbox 426 4982 2027 5055">
     <span class='ocr_line' id='line_1_99' title="bbox 426 4982 2027 5055; baseline -0.002 -17"><span class='ocrx_word' id='word_1_694' title='bbox 426 4991 512 5038; x_wconf 91' lang='lat' dir='ltr'>tur</span> <span class='ocrx_word' id='word_1_695' title='bbox 542 5001 556 5038; x_wconf 91' lang='lat'><strong>:</strong></span> <span class='ocrx_word' id='word_1_696' title='bbox 591 4984 715 5055; x_wconf 90' lang='lat' dir='ltr'>quia</span> <span class='ocrx_word' id='word_1_697' title='bbox 744 4984 851 5038; x_wconf 94' lang='lat' dir='ltr'>hoc</span> <span class='ocrx_word' id='word_1_698' title='bbox 880 4982 994 5037; x_wconf 90' lang='lat' dir='ltr'>vult</span> <span class='ocrx_word' id='word_1_699' title='bbox 1024 4984 1209 5049; x_wconf 86' lang='lat' dir='ltr'>Deus,</span> <span class='ocrx_word' id='word_1_700' title='bbox 1244 4983 1335 5054; x_wconf 86' lang='lat' dir='ltr'>qui</span> <span class='ocrx_word' id='word_1_701' title='bbox 1375 4983 1539 5037; x_wconf 87' lang='lat' dir='ltr'>etiam</span> <span class='ocrx_word' id='word_1_702' title='bbox 1576 4983 1735 5037; x_wconf 90' lang='lat' dir='ltr'>malis</span> <span class='ocrx_word' id='word_1_703' title='bbox 1774 4983 1940 5038; x_wconf 91' lang='lat' dir='ltr'>utitur</span> <span class='ocrx_word' id='word_1_704' title='bbox 1970 4982 2027 5036; x_wconf 91' lang='lat' dir='ltr'>in</span> 
     </span>
    </p>
   </div>
   <div class='ocr_carea' id='block_1_100' title="bbox 427 5070 2023 5138">
    <p class='ocr_par' dir='ltr' id='par_1_100' title="bbox 427 5070 2023 5138">
     <span class='ocr_line' id='line_1_100' title="bbox 427 5070 2023 5138; baseline 0 -13"><span class='ocrx_word' id='word_1_705' title='bbox 427 5070 653 5137; x_wconf 90' lang='lat' dir='ltr'>bonum,</span> <span class='ocrx_word' id='word_1_706' title='bbox 694 5071 839 5125; x_wconf 91' lang='lat' dir='ltr'>unde</span> <span class='ocrx_word' id='word_1_707' title='bbox 885 5078 938 5125; x_wconf 91' lang='lat' dir='ltr'>et</span> <span class='ocrx_word' id='word_1_708' title='bbox 978 5086 1078 5125; x_wconf 89' lang='lat' dir='ltr'>vos</span> <span class='ocrx_word' id='word_1_709' title='bbox 1122 5071 1347 5125; x_wconf 89' lang='lat' dir='ltr'>utamini</span> <span class='ocrx_word' id='word_1_710' title='bbox 1391 5072 1550 5127; x_wconf 87' lang='lat' dir='ltr'>etiam</span> <span class='ocrx_word' id='word_1_711' title='bbox 1579 5071 1685 5126; x_wconf 90' lang='lat' dir='ltr'>illis</span> <span class='ocrx_word' id='word_1_712' title='bbox 1716 5071 1769 5127; x_wconf 93' lang='lat' dir='ltr'>in</span> <span class='ocrx_word' id='word_1_713' title='bbox 1799 5072 2023 5138; x_wconf 89' lang='lat' dir='ltr'>bonum,</span> 
     </span>
    </p>
   </div>
   <div class='ocr_carea' id='block_1_101' title="bbox 432 5157 2032 5230">
    <p class='ocr_par' dir='ltr' id='par_1_101' title="bbox 432 5157 2032 5230">
     <span class='ocr_line' id='line_1_101' title="bbox 432 5157 2032 5230; baseline 0.002 -17"><span class='ocrx_word' id='word_1_714' title='bbox 432 5157 547 5213; x_wconf 89' lang='lat' dir='ltr'>sive</span> <span class='ocrx_word' id='word_1_715' title='bbox 578 5158 707 5213; x_wconf 91' lang='lat' dir='ltr'>boni</span> <span class='ocrx_word' id='word_1_716' title='bbox 737 5159 851 5214; x_wconf 88' lang='lat' dir='ltr'>sive</span> <span class='ocrx_word' id='word_1_717' title='bbox 880 5158 1010 5213; x_wconf 89' lang='lat' dir='ltr'>mali</span> <span class='ocrx_word' id='word_1_718' title='bbox 1045 5159 1170 5223; x_wconf 86' lang='lat' dir='ltr'>sint,</span> <span class='ocrx_word' id='word_1_719' title='bbox 1202 5162 1480 5230; x_wconf 79' lang='lat' dir='ltr'>facientes</span> <span class='ocrx_word' id='word_1_720' title='bbox 1521 5161 1899 5217; x_wconf 84' lang='lat' dir='ltr'>obmutescere</span> <span class='ocrx_word' id='word_1_721' title='bbox 1928 5162 2032 5216; x_wconf 84' lang='lat' dir='ltr'>im-</span> 
     </span>
    </p>
   </div>
   <div class='ocr_carea' id='block_1_102' title="bbox 434 5246 2029 5323">
    <p class='ocr_par' dir='ltr' id='par_1_102' title="bbox 434 5246 2029 5323">
     <span class='ocr_line' id='line_1_102' title="bbox 434 5246 2029 5323; baseline 0.001 -21"><span class='ocrx_word' id='word_1_722' title='bbox 434 5246 803 5320; x_wconf 87' lang='lat' dir='ltr'>prudentium</span> <span class='ocrx_word' id='word_1_723' title='bbox 816 5248 1108 5303; x_wconf 87' lang='lat' dir='ltr'>hominum</span> <span class='ocrx_word' id='word_1_724' title='bbox 1122 5249 1526 5319; x_wconf 87' lang='lat' dir='ltr'>ignorantiam.</span> <span class='ocrx_word' id='word_1_725' title='bbox 1543 5251 1609 5305; x_wconf 91' lang='lat' dir='ltr'>Ut</span> <span class='ocrx_word' id='word_1_726' title='bbox 1631 5265 1848 5323; x_wconf 85' lang='lat' dir='ltr'>quoquo</span> <span class='ocrx_word' id='word_1_727' title='bbox 1866 5249 2029 5304; x_wconf 92' lang='lat' dir='ltr'>modo</span> 
     </span>
    </p>
   </div>
   <div class='ocr_carea' id='block_1_103' title="bbox 434 5335 2026 5408">
    <p class='ocr_par' dir='ltr' id='par_1_103' title="bbox 434 5335 2026 5408">
     <span class='ocr_line' id='line_1_103' title="bbox 434 5335 2026 5408; baseline 0.001 -17"><span class='ocrx_word' id='word_1_728' title='bbox 434 5336 514 5392; x_wconf 89' lang='lat' dir='ltr'>eis</span> <span class='ocrx_word' id='word_1_729' title='bbox 544 5336 598 5390; x_wconf 90' lang='lat' dir='ltr'>in</span> <span class='ocrx_word' id='word_1_730' title='bbox 627 5335 829 5391; x_wconf 92' lang='lat' dir='ltr'>bonum</span> <span class='ocrx_word' id='word_1_731' title='bbox 860 5336 1103 5404; x_wconf 90' lang='lat' dir='ltr'>utamini,</span> <span class='ocrx_word' id='word_1_732' title='bbox 1124 5345 1176 5392; x_wconf 92' lang='lat' dir='ltr'>et</span> <span class='ocrx_word' id='word_1_733' title='bbox 1194 5354 1295 5408; x_wconf 88' lang='lat' dir='ltr'>per</span> <span class='ocrx_word' id='word_1_734' title='bbox 1324 5354 1420 5393; x_wconf 89' lang='lat' dir='ltr'>eos</span> <span class='ocrx_word' id='word_1_735' title='bbox 1446 5338 1660 5393; x_wconf 87' lang='lat' dir='ltr'>laudem</span> <span class='ocrx_word' id='word_1_736' title='bbox 1690 5338 2026 5405; x_wconf 89' lang='lat' dir='ltr'>mereamini,</span> 
     </span>
    </p>
   </div>
   <div class='ocr_carea' id='block_1_104' title="bbox 433 5424 2031 5498">
    <p class='ocr_par' dir='ltr' id='par_1_104' title="bbox 433 5424 2031 5498">
     <span class='ocr_line' id='line_1_104' title="bbox 433 5424 2031 5498; baseline 0 -17"><span class='ocrx_word' id='word_1_737' title='bbox 433 5441 535 5482; x_wconf 89' lang='lat' dir='ltr'>nec</span> <span class='ocrx_word' id='word_1_738' title='bbox 576 5424 680 5497; x_wconf 89' lang='lat' dir='ltr'>ipsi</span> <span class='ocrx_word' id='word_1_739' title='bbox 726 5425 1001 5481; x_wconf 88' lang='lat' dir='ltr'>inveniant</span> <span class='ocrx_word' id='word_1_740' title='bbox 1045 5426 1175 5496; x_wconf 92' lang='lat' dir='ltr'>quid</span> <span class='ocrx_word' id='word_1_741' title='bbox 1217 5426 1272 5480; x_wconf 93' lang='lat' dir='ltr'>in</span> <span class='ocrx_word' id='word_1_742' title='bbox 1311 5427 1466 5481; x_wconf 92' lang='lat' dir='ltr'>vobis</span> <span class='ocrx_word' id='word_1_743' title='bbox 1509 5428 1849 5498; x_wconf 87' lang='lat' dir='ltr'>vituperent,</span> <span class='ocrx_word' id='word_1_744' title='bbox 1902 5428 2031 5482; x_wconf 92' lang='lat' dir='ltr'>dum</span> 
     </span>
    </p>
   </div>
   <div class='ocr_carea' id='block_1_105' title="bbox 434 5514 2032 5589">
    <p class='ocr_par' dir='ltr' id='par_1_105' title="bbox 434 5514 2032 5589">
     <span class='ocr_line' id='line_1_105' title="bbox 434 5514 2032 5589; baseline -0.002 -16"><span class='ocrx_word' id='word_1_745' title='bbox 434 5516 594 5573; x_wconf 87' lang='lat' dir='ltr'>etiam</span> <span class='ocrx_word' id='word_1_746' title='bbox 625 5515 773 5587; x_wconf 92' lang='lat' dir='ltr'>ipsos</span> <span class='ocrx_word' id='word_1_747' title='bbox 805 5514 1080 5570; x_wconf 89' lang='lat' dir='ltr'>honoratis</span> <span class='ocrx_word' id='word_1_748' title='bbox 1123 5522 1176 5570; x_wconf 91' lang='lat' dir='ltr'>et</span> <span class='ocrx_word' id='word_1_749' title='bbox 1220 5515 1485 5586; x_wconf 89' lang='lat' dir='ltr'>patimini,</span> <span class='ocrx_word' id='word_1_750' title='bbox 1515 5517 1765 5589; x_wconf 90' lang='lat' dir='ltr'>quamvis</span> <span class='ocrx_word' id='word_1_751' title='bbox 1796 5516 1903 5571; x_wconf 89' lang='lat' dir='ltr'>sint</span> <span class='ocrx_word' id='word_1_752' title='bbox 1932 5516 2032 5572; x_wconf 88' lang='lat' dir='ltr'>im-</span> 
     </span>
    </p>
   </div>
   <div class='ocr_carea' id='block_1_106' title="bbox 431 5605 642 5660">
    <p class='ocr_par' dir='ltr' id='par_1_106' title="bbox 431 5605 642 5660">
     <span class='ocr_line' id='line_1_106' title="bbox 431 5605 642 5660; baseline 0 0"><span class='ocrx_word' id='word_1_753' title='bbox 431 5605 642 5660; x_wconf 88' lang='lat' dir='ltr'>mundi.</span> 
     </span>
    </p>
   </div>
   <div class='ocr_carea' id='block_1_107' title="bbox 502 5693 2032 5767">
    <p class='ocr_par' dir='ltr' id='par_1_107' title="bbox 502 5693 2032 5767">
     <span class='ocr_line' id='line_1_107' title="bbox 502 5693 2032 5767; baseline 0.001 -19"><span class='ocrx_word' id='word_1_754' title='bbox 502 5693 674 5750; x_wconf 73' lang='lat' dir='ltr'>Vsus.</span> <span class='ocrx_word' id='word_1_755' title='bbox 710 5696 796 5749; x_wconf 87' lang='grc'><strong>16.</strong></span> <span class='ocrx_word' id='word_1_756' title='bbox 833 5725 895 5736; x_wconf 88' lang='grc'><strong>-</strong></span> <span class='ocrx_word' id='word_1_757' title='bbox 943 5694 1064 5750; x_wconf 83' lang='grc' dir='ltr'>Νοη</span> <span class='ocrx_word' id='word_1_758' title='bbox 1111 5694 1272 5767; x_wconf 85' lang='lat' dir='ltr'>quasi</span> <span class='ocrx_word' id='word_1_759' title='bbox 1318 5694 1597 5751; x_wconf 85' lang='lat' dir='ltr'>velamen.</span> <span class='ocrx_word' id='word_1_760' title='bbox 1643 5693 1866 5765; x_wconf 65' lang='grc' dir='ltr'>(Βεολ.)</span> <span class='ocrx_word' id='word_1_761' title='bbox 1908 5694 2032 5750; x_wconf 92' lang='lat' dir='ltr'>Non</span> 
     </span>
    </p>
   </div>
   <div class='ocr_carea' id='block_1_108' title="bbox 2128 4585 3736 4660">
    <p class='ocr_par' dir='ltr' id='par_1_108' title="bbox 2128 4585 3736 4660">
     <span class='ocr_line' id='line_1_108' title="bbox 2128 4585 3736 4660; baseline 0.001 -19"><span class='ocrx_word' id='word_1_762' title='bbox 2128 4587 2255 4658; x_wconf 88' lang='lat' dir='ltr'>quia</span> <span class='ocrx_word' id='word_1_763' title='bbox 2285 4587 2434 4643; x_wconf 87' lang='lat' dir='ltr'>oculi</span> <span class='ocrx_word' id='word_1_764' title='bbox 2462 4585 2687 4643; x_wconf 84' lang='lat' dir='ltr'>Domini</span> <span class='ocrx_word' id='word_1_765' title='bbox 2734 4602 2904 4660; x_wconf 82' lang='lat' dir='ltr'>super</span> <span class='ocrx_word' id='word_1_766' title='bbox 2945 4589 3143 4656; x_wconf 78' lang='lat' dir='ltr'>iustos,</span> <span class='ocrx_word' id='word_1_767' title='bbox 3194 4590 3252 4643; x_wconf 90' lang='lat' dir='ltr'>et</span> <span class='ocrx_word' id='word_1_768' title='bbox 3292 4603 3462 4643; x_wconf 81' lang='lat' dir='ltr'>aures</span> <span class='ocrx_word' id='word_1_769' title='bbox 3504 4590 3635 4659; x_wconf 81' lang='lat' dir='ltr'>eius</span> <span class='ocrx_word' id='word_1_770' title='bbox 3670 4587 3736 4642; x_wconf 73' lang='lat' dir='ltr'>in</span> 
     </span>
    </p>
   </div>
   <div class='ocr_carea' id='block_1_109' title="bbox 2126 4675 3609 4747">
    <p class='ocr_par' dir='ltr' id='par_1_109' title="bbox 2126 4675 3609 4747">
     <span class='ocr_line' id='line_1_109' title="bbox 2126 4675 3609 4747; baseline -0.001 -16"><span class='ocrx_word' id='word_1_771' title='bbox 2126 4690 2317 4747; x_wconf 86' lang='lat' dir='ltr'>preces</span> <span class='ocrx_word' id='word_1_772' title='bbox 2346 4690 2561 4731; x_wconf 88' lang='lat' dir='ltr'>eorum.</span> <span class='ocrx_word' id='word_1_773' title='bbox 2592 4675 2682 4745; x_wconf 90' lang='lat' dir='ltr'>Et,</span> <span class='ocrx_word' id='word_1_774' title='bbox 2722 4675 2977 4731; x_wconf 85' lang='lat' dir='ltr'>Visitavit</span> <span class='ocrx_word' id='word_1_775' title='bbox 3005 4691 3108 4733; x_wconf 88' lang='lat' dir='ltr'>nos</span> <span class='ocrx_word' id='word_1_776' title='bbox 3138 4676 3327 4733; x_wconf 86' lang='lat' dir='ltr'>oriens</span> <span class='ocrx_word' id='word_1_777' title='bbox 3355 4692 3429 4731; x_wconf 73' lang='lat' dir='ltr'>ea:</span> <span class='ocrx_word' id='word_1_778' title='bbox 3458 4677 3609 4735; x_wconf 87' lang='lat' dir='ltr'>alto.</span> 
     </span>
    </p>
   </div>
   <div class='ocr_carea' id='block_1_110' title="bbox 2743 4844 3099 4901">
    <p class='ocr_par' dir='ltr' id='par_1_110' title="bbox 2743 4844 3099 4901">
     <span class='ocr_line' id='line_1_110' title="bbox 2743 4844 3099 4901; baseline -0.003 0"><span class='ocrx_word' id='word_1_779' title='bbox 2743 4844 2969 4901; x_wconf 76' lang='lat' dir='ltr'>CAPUT</span> <span class='ocrx_word' id='word_1_780' title='bbox 3004 4845 3099 4900; x_wconf 85' lang='lat' dir='ltr'>III.</span> 
     </span>
    </p>
   </div>
   <div class='ocr_carea' id='block_1_111' title="bbox 2200 4984 3747 5052">
    <p class='ocr_par' dir='ltr' id='par_1_111' title="bbox 2200 4984 3747 5052">
     <span class='ocr_line' id='line_1_111' title="bbox 2200 4984 3747 5052; baseline 0.003 -12"><span class='ocrx_word' id='word_1_781' title='bbox 2200 4984 2371 5040; x_wconf 76' lang='lat' dir='ltr'>Vnus.</span> <span class='ocrx_word' id='word_1_782' title='bbox 2406 4987 2457 5039; x_wconf 88' lang='lat'>3.</span> <span class='ocrx_word' id='word_1_783' title='bbox 2483 5014 2552 5024; x_wconf 92' lang='lat'><strong>—</strong></span> <span class='ocrx_word' id='word_1_784' title='bbox 2588 4984 2840 5052; x_wconf 83' lang='lat' dir='ltr'>Quarum</span> <span class='ocrx_word' id='word_1_785' title='bbox 2868 5003 2983 5043; x_wconf 90' lang='lat' dir='ltr'>non</span> <span class='ocrx_word' id='word_1_786' title='bbox 3013 4987 3108 5042; x_wconf 86' lang='lat' dir='ltr'>sit.</span> <span class='ocrx_word' id='word_1_787' title='bbox 3144 4984 3292 5042; x_wconf 93' lang='lat' dir='ltr'>Ordo</span> <span class='ocrx_word' id='word_1_788' title='bbox 3320 4984 3628 5042; x_wconf 88' lang='lat' dir='ltr'>verborum</span> <span class='ocrx_word' id='word_1_789' title='bbox 3660 4994 3747 5044; x_wconf 80' lang='lat' dir='ltr'>est</span> 
     </span>
    </p>
   </div>
   <div class='ocr_carea' id='block_1_112' title="bbox 2128 5071 3749 5147">
    <p class='ocr_par' dir='ltr' id='par_1_112' title="bbox 2128 5071 3749 5147">
     <span class='ocr_line' id='line_1_112' title="bbox 2128 5071 3749 5147; baseline 0.003 -20"><span class='ocrx_word' id='word_1_790' title='bbox 2128 5071 2231 5127; x_wconf 89' lang='lat' dir='ltr'>iste</span> <span class='ocrx_word' id='word_1_791' title='bbox 2264 5090 2277 5126; x_wconf 93' lang='lat'><strong>:</strong></span> <span class='ocrx_word' id='word_1_792' title='bbox 2312 5087 2544 5144; x_wconf 89' lang='lat' dir='ltr'>quarum</span> <span class='ocrx_word' id='word_1_793' title='bbox 2576 5074 2750 5130; x_wconf 92' lang='lat' dir='ltr'>cultus</span> <span class='ocrx_word' id='word_1_794' title='bbox 2784 5091 2895 5131; x_wconf 90' lang='lat' dir='ltr'>non</span> <span class='ocrx_word' id='word_1_795' title='bbox 2936 5076 3003 5129; x_wconf 89' lang='lat' dir='ltr'>sit</span> <span class='ocrx_word' id='word_1_796' title='bbox 3042 5074 3382 5147; x_wconf 89' lang='lat' dir='ltr'>capillatura,</span> <span class='ocrx_word' id='word_1_797' title='bbox 3411 5083 3510 5130; x_wconf 86' lang='lat' dir='ltr'>aut</span> <span class='ocrx_word' id='word_1_798' title='bbox 3540 5092 3749 5132; x_wconf 87' lang='lat' dir='ltr'>aurum</span> 
     </span>
    </p>
   </div>
   <div class='ocr_carea' id='block_1_113' title="bbox 2131 5161 3755 5229">
    <p class='ocr_par' dir='ltr' id='par_1_113' title="bbox 2131 5161 3755 5229">
     <span class='ocr_line' id='line_1_113' title="bbox 2131 5161 3755 5229; baseline 0.004 -13"><span class='ocrx_word' id='word_1_799' title='bbox 2131 5161 2498 5229; x_wconf 90' lang='lat' dir='ltr'>circumdans,</span> <span class='ocrx_word' id='word_1_800' title='bbox 2531 5171 2621 5217; x_wconf 89' lang='lat' dir='ltr'>aut</span> <span class='ocrx_word' id='word_1_801' title='bbox 2650 5179 2759 5219; x_wconf 92' lang='lat' dir='ltr'>non</span> <span class='ocrx_word' id='word_1_802' title='bbox 2791 5164 2859 5218; x_wconf 91' lang='lat' dir='ltr'>sit</span> <span class='ocrx_word' id='word_1_803' title='bbox 2889 5164 3067 5220; x_wconf 90' lang='lat' dir='ltr'>cultus</span> <span class='ocrx_word' id='word_1_804' title='bbox 3096 5164 3560 5220; x_wconf 87' lang='lat' dir='ltr'>vestimentorum</span> <span class='ocrx_word' id='word_1_805' title='bbox 3594 5165 3755 5221; x_wconf 86' lang='lat' dir='ltr'>indu-</span> 
     </span>
    </p>
   </div>
   <div class='ocr_carea' id='block_1_114' title="bbox 2130 5250 3754 5324">
    <p class='ocr_par' dir='ltr' id='par_1_114' title="bbox 2130 5250 3754 5324">
     <span class='ocr_line' id='line_1_114' title="bbox 2130 5250 3754 5324; baseline 0.004 -20"><span class='ocrx_word' id='word_1_806' title='bbox 2130 5250 2319 5317; x_wconf 86' lang='lat' dir='ltr'>menti,</span> <span class='ocrx_word' id='word_1_807' title='bbox 2351 5251 2406 5305; x_wconf 92' lang='lat' dir='ltr'>id</span> <span class='ocrx_word' id='word_1_808' title='bbox 2427 5260 2530 5317; x_wconf 91' lang='lat' dir='ltr'>est,</span> <span class='ocrx_word' id='word_1_809' title='bbox 2565 5268 2676 5307; x_wconf 92' lang='lat' dir='ltr'>non</span> <span class='ocrx_word' id='word_1_810' title='bbox 2705 5252 2810 5307; x_wconf 90' lang='lat' dir='ltr'>sint</span> <span class='ocrx_word' id='word_1_811' title='bbox 2840 5252 3030 5308; x_wconf 82' lang='lat' dir='ltr'>festiva</span> <span class='ocrx_word' id='word_1_812' title='bbox 3077 5253 3401 5309; x_wconf 87' lang='lat' dir='ltr'>vestimenta</span> <span class='ocrx_word' id='word_1_813' title='bbox 3427 5254 3647 5324; x_wconf 88' lang='lat' dir='ltr'>quibus</span> <span class='ocrx_word' id='word_1_814' title='bbox 3668 5255 3754 5309; x_wconf 92' lang='lat' dir='ltr'>in-</span> 
     </span>
    </p>
   </div>
   <div class='ocr_carea' id='block_1_115' title="bbox 2131 5340 3756 5400">
    <p class='ocr_par' dir='ltr' id='par_1_115' title="bbox 2131 5340 3756 5400">
     <span class='ocr_line' id='line_1_115' title="bbox 2131 5340 3756 5400; baseline 0.004 -7"><span class='ocrx_word' id='word_1_815' title='bbox 2131 5340 2387 5394; x_wconf 88' lang='lat' dir='ltr'>duantur.</span> <span class='ocrx_word' id='word_1_816' title='bbox 2421 5340 2528 5396; x_wconf 92' lang='lat' dir='ltr'>Sed</span> <span class='ocrx_word' id='word_1_817' title='bbox 2550 5341 2618 5395; x_wconf 89' lang='lat' dir='ltr'>sit</span> <span class='ocrx_word' id='word_1_818' title='bbox 2645 5342 2800 5398; x_wconf 87' lang='lat' dir='ltr'>vobis</span> <span class='ocrx_word' id='word_1_819' title='bbox 2826 5350 3049 5397; x_wconf 89' lang='lat' dir='ltr'>ornatus</span> <span class='ocrx_word' id='word_1_820' title='bbox 3090 5343 3253 5399; x_wconf 92' lang='lat' dir='ltr'>homo</span> <span class='ocrx_word' id='word_1_821' title='bbox 3291 5341 3478 5398; x_wconf 91' lang='lat' dir='ltr'>cordis</span> <span class='ocrx_word' id='word_1_822' title='bbox 3512 5343 3756 5400; x_wconf 88' lang='lat' dir='ltr'>interior</span> 
     </span>
    </p>
   </div>
   <div class='ocr_carea' id='block_1_116' title="bbox 2133 5428 3758 5504">
    <p class='ocr_par' dir='ltr' id='par_1_116' title="bbox 2133 5428 3758 5504">
     <span class='ocr_line' id='line_1_116' title="bbox 2133 5428 3758 5504; baseline 0.004 -21"><span class='ocrx_word' id='word_1_823' title='bbox 2133 5428 2234 5484; x_wconf 90' lang='lat' dir='ltr'>soli</span> <span class='ocrx_word' id='word_1_824' title='bbox 2265 5430 2382 5485; x_wconf 93' lang='lat' dir='ltr'>Deo</span> <span class='ocrx_word' id='word_1_825' title='bbox 2428 5437 2608 5496; x_wconf 90' lang='lat' dir='ltr'>notus,</span> <span class='ocrx_word' id='word_1_826' title='bbox 2658 5430 3162 5502; x_wconf 89' lang='lat' dir='ltr'>incorruptibilitate</span> <span class='ocrx_word' id='word_1_827' title='bbox 3212 5430 3429 5503; x_wconf 90' lang='lat' dir='ltr'>spiritus</span> <span class='ocrx_word' id='word_1_828' title='bbox 3464 5434 3758 5504; x_wconf 48' lang='lat' dir='ltr'>{spiritus</span> 
     </span>
    </p>
   </div>
   <div class='ocr_carea' id='block_1_117' title="bbox 2133 5518 3755 5595">
    <p class='ocr_par' dir='ltr' id='par_1_117' title="bbox 2133 5518 3755 5595">
     <span class='ocr_line' id='line_1_117' title="bbox 2133 5518 3755 5595; baseline 0.004 -22"><span class='ocrx_word' id='word_1_829' title='bbox 2133 5518 2254 5574; x_wconf 91' lang='lat' dir='ltr'>dico</span> <span class='ocrx_word' id='word_1_830' title='bbox 2286 5518 2454 5589; x_wconf 90' lang='lat' dir='ltr'>quieti</span> <span class='ocrx_word' id='word_1_831' title='bbox 2478 5519 2546 5574; x_wconf 89' lang='lat' dir='ltr'>ab</span> <span class='ocrx_word' id='word_1_832' title='bbox 2577 5518 2985 5593; x_wconf 87' lang='lat' dir='ltr'>impugnatione</span> <span class='ocrx_word' id='word_1_833' title='bbox 3004 5519 3261 5576; x_wconf 84' lang='lat' dir='ltr'>vitiorum</span> <span class='ocrx_word' id='word_1_834' title='bbox 3292 5528 3344 5575; x_wconf 88' lang='lat' dir='ltr'>et</span> <span class='ocrx_word' id='word_1_835' title='bbox 3375 5521 3651 5595; x_wconf 86' lang='lat' dir='ltr'>modesti,</span> <span class='ocrx_word' id='word_1_836' title='bbox 3684 5540 3755 5580; x_wconf 89' lang='lat' dir='ltr'>ne</span> 
     </span>
    </p>
   </div>
   <div class='ocr_carea' id='block_1_118' title="bbox 2133 5607 3759 5686">
    <p class='ocr_par' dir='ltr' id='par_1_118' title="bbox 2133 5607 3759 5686">
     <span class='ocr_line' id='line_1_118' title="bbox 2133 5607 3759 5686; baseline 0.005 -25"><span class='ocrx_word' id='word_1_837' title='bbox 2133 5607 2432 5679; x_wconf 84' lang='lat' dir='ltr'>superbiat,</span> <span class='ocrx_word' id='word_1_838' title='bbox 2467 5608 2559 5680; x_wconf 90' lang='lat' dir='ltr'>qui</span> <span class='ocrx_word' id='word_1_839' title='bbox 2588 5608 2710 5664; x_wconf 88' lang='lat' dir='ltr'>talis</span> <span class='ocrx_word' id='word_1_840' title='bbox 2741 5608 2979 5681; x_wconf 86' lang='lat' dir='ltr'>spiritus,</span> <span class='ocrx_word' id='word_1_841' title='bbox 3013 5610 3117 5665; x_wconf 91' lang='lat' dir='ltr'>etsi</span> <span class='ocrx_word' id='word_1_842' title='bbox 3148 5608 3459 5666; x_wconf 87' lang='lat' dir='ltr'>hominibus</span> <span class='ocrx_word' id='word_1_843' title='bbox 3494 5627 3620 5669; x_wconf 90' lang='lat' dir='ltr'>non</span> <span class='ocrx_word' id='word_1_844' title='bbox 3655 5629 3759 5686; x_wconf 79' lang='lat' dir='ltr'>pa-</span> 
     </span>
    </p>
   </div>
   <div class='ocr_carea' id='block_1_119' title="bbox 2133 5696 3291 5770">
    <p class='ocr_par' dir='ltr' id='par_1_119' title="bbox 2133 5696 3291 5770">
     <span class='ocr_line' id='line_1_119' title="bbox 2133 5696 3291 5770; baseline 0.002 -19"><span class='ocrx_word' id='word_1_845' title='bbox 2133 5703 2227 5762; x_wconf 88' lang='lat' dir='ltr'>tet,</span> <span class='ocrx_word' id='word_1_846' title='bbox 2262 5703 2443 5753; x_wconf 89' lang='lat' dir='ltr'>tamen</span> <span class='ocrx_word' id='word_1_847' title='bbox 2464 5696 2521 5752; x_wconf 89' lang='lat' dir='ltr'>in</span> <span class='ocrx_word' id='word_1_848' title='bbox 2547 5706 2843 5770; x_wconf 90' lang='lat' dir='ltr'>conspectu</span> <span class='ocrx_word' id='word_1_849' title='bbox 2872 5697 2976 5754; x_wconf 92' lang='lat' dir='ltr'>Dei</span> <span class='ocrx_word' id='word_1_850' title='bbox 3004 5705 3089 5755; x_wconf 91' lang='lat' dir='ltr'>est</span> <span class='ocrx_word' id='word_1_851' title='bbox 3118 5698 3291 5755; x_wconf 90' lang='lat' dir='ltr'>dives.</span> 
     </span>
    </p>
   </div>
  </div>
