3964 6178
399 285 505 339 685

1360 278 1627 336 GLOSSA
1666 276 2077 335 ORDINARIA.
2112 306 2180 316 —
2207 275 2426 332 EPIST.
2461 276 2483 329 Ι
2512 274 2735 331 PETRI.

3589 278 3693 331 686

471 407 644 461 Vens.
674 407 729 461 '7.
754 436 824 447 —
849 407 977 463 Viri.
1012 403 1182 474 Quasi
1216 406 1359 462 dicat
1393 422 1406 461 :
1440 406 1579 462 sicut
1607 406 1843 477 prmccpi
1871 402 2078 463 uxo—A
2108 400 2265 455 bonis
2311 399 2467 472 quasi
2507 400 2575 455 de
2623 397 3081 467 malefactoribus,
3135 396 3450 454 imminente
3494 398 3698 454 diluvio

404 495 574 563 ribus,
623 503 682 550 ut
730 512 832 567 per
880 503 1121 551 sanctam
1152 495 1623 552 conversationem
1656 511 1810 550 suam
1838 495 2006 551 lucri-
2108 489 2599 545 confundebantur.

405 583 611 640 faciant
637 585 885 655 maritos,
934 591 988 639 et
1017 585 1254 640 serviant
1283 584 1409 651 illis,
1463 584 1711 639 similiter
1752 583 2009 656 praecipio

406 673 589 743 vobis,
622 689 656 730 0
688 672 811 743 viri,
869 680 927 727 ut
955 690 1053 744 per
1079 683 1317 729 vestram
1347 674 1818 729 conversationem
1848 673 2009 728 lucri-

410 762 542 817 ﬁant
570 762 852 830 mulieres,
887 769 939 817 et
970 763 1238 819 custodite
1270 780 1380 834 eas,
1413 779 1511 819 vos
1541 763 1664 819 dico
1713 778 1836 818 cum
1878 763 2005 833 illis,

411 852 697 908 reddendo
729 853 991 922 debitum,
1027 853 1417 908 cohabitantes.
1460 853 1527 906 Et
1559 853 1661 907 hoc
1711 851 2010 907 secundum

409 941 821 1012 conscientiam,
855 958 964 997 non
992 942 1048 995 in
1076 941 1427 1012 passiombus
1458 940 1737 1005 desiderii,
1759 941 1855 995 sed
1872 940 2013 996 sicut

413 1029 591 1085 Deum
619 1030 973 1103 intelligimus
1000 1029 1159 1098 velle,
1213 1029 1422 1086 scilicet
1460 1037 1516 1084 ut
1546 1029 1822 1103 generetis
1871 1028 2011 1084 ﬁlios

415 1118 473 1173 in
501 1118 707 1175 cultum
735 1119 896 1183 unius
925 1119 1043 1189 Dei,
1076 1134 1175 1175 vos
1203 1118 1327 1174 dico
1356 1118 1729 1190 impertientes
1748 1119 2014 1172 honorem

416 1208 644 1264 vasculo
671 1207 947 1275 muliebri,
978 1209 1135 1280 quasi
1167 1208 1474 1277 inﬁrmiori,
1509 1216 1563 1263 et
1592 1208 1647 1262 in
1676 1208 1940 1277 vestibus,
1961 1214 2017 1262 et

415 1297 472 1352 in
503 1296 622 1351 aliis
650 1297 981 1353 necessariis
1013 1297 1092 1351 eis
1122 1298 1475 1368 providentes
1510 1315 1523 1352 :
1559 1305 1613 1354 ct
1643 1298 1688 1351 si
1718 1296 2046 1369 aliquandO'

416 1384 591 1458 placet
619 1385 727 1440 illis
759 1401 792 1441 a
822 1386 968 1441 coitu
991 1401 1232 1452 cessare,
1254 1385 1550 1457 impendite
1581 1387 1866 1455 honorem,
1888 1385 2018 1457 quia

417 1474 751 1530 inﬁrmiores
780 1482 920 1529 sunt.
958 1475 1257 1546 Impendite
1289 1476 1448 1530 etiam
1477 1483 1736 1547 tanquam
1766 1476 2016 1530 cohaere-

415 1564 579 1619 dibus
608 1564 802 1637 gratiae
830 1563 887 1617 in
915 1564 1173 1634 praesenti
1202 1563 1344 1619 datae
1374 1580 1407 1618 a
1436 1565 1573 1633 Deo,
1606 1571 1660 1619 et
1678 1564 1801 1619 vita}
1821 1563 2018 1619 dandae

416 1651 476 1706 in
504 1650 708 1719 futuro,
742 1651 828 1708 vel
858 1652 982 1708 vitae
1010 1668 1112 1723 pro
1142 1653 1317 1726 gratia
1336 1653 1550 1708 danda}.

2180 579 2349 633 Vens.
2387 581 2472 632 19.
2495 607 2564 619 -
2588 578 2651 632 In
2680 593 2923 633 carcere.
2955 578 3087 647 (lo.)
3117 576 3223 646 Qui
3253 575 3449 631 habent
3479 590 3699 631 sensum

2111 666 2462 723 obscuratum
2505 666 2763 736 tenebris,
2813 666 3008 721 merito
3049 666 3211 721 etiam
3240 666 3295 721 in
3325 667 3430 722 hac
3456 666 3567 722 vita
3612 665 3701 718 di-

2111 764 2306 812 cuntur
2353 770 2579 811 carcere
2608 754 2821 823 inclusi,
2873 762 2928 809 et
2955 754 3011 808 in
3040 755 3142 810 hoc
3187 754 3431 810 interiori
3478 769 3705 810 carcere

2112 844 2310 899 mentis
2339 843 2597 915 operibus
2629 843 2840 912 injustis
2870 851 3183 916 gravantur,
3218 843 3393 899 donec
3420 858 3585 899 carne
3618 857 3707 898 so-

2111 933 2209 989 luti
2239 934 2295 988 in
2325 933 2626 988 exteriores
2658 934 2906 987 tenebras
2935 932 3289 1003 projiciantur
3309 940 3529 989 internae
3557 932 3706 987 dam-

2115 1022 2371 1078 nationis.
2404 1022 2615 1076 Habent
2645 1029 2697 1076 et
2719 1022 2849 1091 justi
2876 1022 2964 1077 hic
2994 1037 3296 1089 carcerem,
3346 1021 3445 1077 sed
3479 1021 3707 1077 tribula-

2115 1112 2342 1180 tionum,
2377 1109 2593 1181 reprobi
2621 1127 2750 1166 vero
2781 1111 3054 1167 vitiorum.

2185 1227 2357 1281 Vnns.
2389 1228 2553 1282 20.—
2564 1225 2792 1294 Quando
2808 1226 3213 1299 exspectabant
3226 1226 3326 1281 Dei
3338 1226 3708 1298 patientiam.

2117 1314 2250 1369 Cum
2296 1314 2553 1385 patientia
2597 1314 2697 1370 Dei
2744 1314 2996 1369 invitaret
3038 1314 3161 1369 illos
3200 1314 3271 1368 ad
3315 1313 3709 1385 paenitentiam,

2117 1419 2354 1474 parcens
2385 1403 2491 1457 illis
2510 1420 2609 1475 per
2628 1411 2841 1459 centum
2866 1418 3040 1458 annos
3060 1403 3257 1475 quibus
3276 1404 3392 1457 Noe
3414 1401 3720 1457 :ediﬁcabat

2119 1508 2323 1563 arcam,
2377 1509 2476 1564 per
2521 1510 2682 1564 quam
2725 1492 3113 1547 ostendebatur
3142 1492 3268 1564 quid
3298 1491 3537 1546 futurum
3566 1497 3716 1545 esset

2121 1581 2178 1636 in
2208 1582 2433 1637 mundo.
2466 1582 2573 1653 Ipsi
2605 1597 2741 1655 ergo
2770 1597 2879 1636 non
2908 1582 3199 1636 utebantur
3227 1580 3483 1651 patientia
3512 1579 3613 1635 Dei
3642 1578 3709 1633 ad
3758 1638 3763 1643 ,

2116 1670 2510 1741 paenitentiam,
2546 1672 2645 1726 sed
2680 1670 3067 1742 exspectabant
3105 1685 3224 1724 eam
3256 1669 3408 1741 quasi
3438 1676 3583 1723 esset
3613 1667 3715 1722 du-

491 1768 660 1823 Vnns.
694 1770 747 1823 9.
782 1798 853 1808 -—
881 1769 1002 1824 Non
1033 1768 1349 1825 reddentes.
1390 1769 1515 1824 Non
1563 1767 1741 1824 solum
1789 1766 2017 1824 cesseus
2044 1764 2097 1824 B
2120 1768 2309 1813 ratura
2338 1775 2577 1831 semper.
2629 1760 2759 1815 Noe.
2808 1760 2926 1814 Noe
2965 1759 3349 1830 interpretatur
3375 1757 3612 1829 requies,
3665 1762 3719 1811 et

421 1858 658 1913 reddere
688 1857 891 1912 malum
918 1873 1019 1929 pro
1047 1857 1214 1926 malo,
1247 1857 1344 1913 sed
1375 1858 1541 1913 etiam
1578 1874 1679 1930 pro
1725 1856 2015 1913 maledicto

421 1945 548 2002 date
565 1946 1019 2003 benedictionem.

497 2036 639 2104 Quia
663 2036 728 2091 in
760 2035 879 2092 hoc.
906 2036 1127 2107 (ΒΕυΔ.)
1146 2034 1289 2103 Quia
1316 2035 1673 2107 prohibuerat
1700 2035 1897 2091 malum
1915 2049 2017 2106 pro

419 2123 568 2179 malo
624 2125 875 2193 reddere,
937 2132 1065 2195 etc.,
1123 2140 1298 2198 usque
1355 2124 1428 2180 ad
1483 2141 1583 2180 nos
1640 2141 1857 2196 quoque
1916 2140 2017 2194 pro

420 2213 671 2284 ipsorum
715 2213 889 2267 salute
944 2212 1133 2283 (quam
1181 2213 1568 2283 precabamur)
1607 2229 1869 2268 coronam
1928 2228 2019 2269 ac-

424 2310 699 2373 cepturos.
728 2303 796 2359 Ut
821 2301 1286 2358 benedictionem.
1315 2302 1541 2357 Dicente
1557 2302 1774 2371 judice:
1806 2302 2012 2369 Venite,

428 2390 707 2446 benedicti
730 2391 919 2447 Patris
935 2391 1353 2463 mei,possidere
1371 2408 1609 2463 regnum
1624 2390 1822 2461 (Matth
1834 2390 2016 2459 .xxv).

424 2478 527 2535 Vel
583 2478 906 2551 intelligitur
962 2477 1289 2546 benedictio,
1332 2494 1440 2551 qua
1499 2479 1669 2534 sancti
1725 2479 1781 2533 in
1836 2477 2021 2533 futura

424 2567 538 2623 vita
557 2566 886 2623 benedicent
916 2567 1110 2623 Deum.
1145 2566 1305 2636 Quod
1337 2583 1472 2640 ergo
1508 2567 1737 2640 quisque
1766 2567 1821 2621 in
1837 2566 2019 2622 futuro

423 2657 615 2712 venire
645 2656 938 2723 desiderat,
971 2657 1075 2712 hoc
1104 2656 1158 2710 in
1189 2657 1444 2727 praesenti
1472 2655 1723 2711 meditari
1770 2664 1823 2710 et
1852 2671 2020 2729 agere

428 2752 660 2819 satagat,
693 2745 1026 2801 conditorem
1058 2753 1112 2800 et
1142 2744 1367 2800 fratrem
1395 2745 1705 2810 benedicat,
1756 2752 1808 2800 et
1839 2760 1899 2800 se
1945 2744 2019 2799 di-

424 2851 592 2908 gnum
619 2834 856 2890 fraterna
884 2833 1262 2891 benedictione
1294 2835 1505 2889 reddat.

496 2924 668 2979 Vens.
700 2926 786 2979 13.
819 2954 889 2963 -
914 2925 985 2979 Et
1012 2924 1134 2995 quis
1155 2927 1259 2978 est.
1304 2923 1525 2994 (BEDA.)
1565 2922 1696 2977 Ideo
1745 2921 1959 2977 debetis
1987 2938 2018 2977 a

426 3012 571 3068 malo
601 3012 883 3068 declinare
913 3019 965 3067 et
994 3011 1175 3067 facere
1204 3011 1424 3082 bonum,
1460 3009 1588 3082 quia
1634 3026 1794 3066 nemo
1841 3018 2022 3082 potest

2117 1847 2389 1921 signiﬁcat
2438 1848 2715 1904 Christum
2763 1848 2857 1920 qui
2903 1847 2996 1903 dat
3045 1848 3156 1902 suis
3194 1845 3444 1902 ﬁdelibus
3473 1845 3717 1918 requiem

2117 1936 2439 1991 animarum.

2194 2026 2331 2081 Cum
2362 2026 2746 2097 fabricaretur
2772 2041 2926 2081 arca.
2962 2023 3183 2095 (ΒΕΒΑ.)
3215 2022 3365 2079 Sicut
3394 2036 3522 2079 arca
3540 2021 3718 2077 fabri-

2118 2121 2236 2170 cata
2284 2123 2365 2171 est
2412 2115 2481 2170 de
2524 2114 2688 2187 lignis
2717 2113 2988 2187 levigatis,
3023 2113 3102 2169 sic
3131 2112 3383 2169 Ecclesia
3424 2112 3494 2168 de
3541 2112 3716 2168 colle-

2119 2203 2297 2257 ctione
2320 2202 2560 2257 tidelium
2581 2204 2889 2257 animarum
2924 2220 2938 2256 :
2972 2209 3026 2257 et
3055 2201 3191 2257 sicut
3219 2209 3480 2273 pereunte
3509 2201 3713 2256 mundo

2119 2291 2278 2361 pauci
2309 2291 2443 2345 salvi
2471 2290 2596 2346 facti
2628 2299 2750 2345 sunt
2796 2308 2894 2362 per
2936 2306 3136 2362 aquam
3171 2308 3184 2344 :
3218 2290 3297 2345 sic
3326 2291 3397 2344 ad
3423 2305 3717 2361 compara-

2120 2380 2322 2434 tionem
2350 2380 2694 2450 pereuntium
2729 2396 2927 2451 parvus
2966 2387 3049 2435 est
3089 2379 3388 2435 electorum
3434 2394 3713 2449 numerus,

2121 2468 2250 2539 quia
2297 2476 2526 2541 augusta
2574 2476 2656 2523 est
2701 2468 2788 2525 via
2815 2484 2935 2540 quae
2965 2468 3112 2524 ducit
3139 2468 3211 2523 ad
3238 2467 3425 2534 vitam,
3478 2475 3531 2524 et
3557 2466 3718 2540 pauci

2122 2563 2247 2611 sunt
2277 2557 2371 2628 qui
2400 2556 2678 2613 inveniunt
2708 2572 2850 2612 eam.

2192 2671 2363 2725 Vens.
2395 2674 2484 2728 21.
2518 2701 2587 2709 -
2620 2670 2770 2738 Quod
2790 2674 2847 2726 et
2866 2686 2958 2727 vos
2977 2670 3185 2726 similis
3200 2660 3419 2743 formas.
3443 2669 3718 2741 Baptisma

2122 2757 2251 2815 facit
2282 2759 2481 2829 salvos,
2514 2758 2779 2830 baptisma
2810 2758 2934 2815 dico
2964 2760 3171 2816 similis
3191 2762 3409 2831 formw,
3434 2758 3491 2815 id
3511 2767 3593 2815 est
3620 2776 3722 2831 per

2124 2848 2304 2903 omnia
2332 2848 2689 2903 assimilatum
2717 2848 2795 2902 illi
2825 2864 2982 2914 arca},
3035 2848 3161 2919 quia
3192 2848 3456 2921 quidquid
3482 2847 3560 2904 ibi
3591 2864 3717 2905 car-

2125 2936 2335 3006 naliter,
2368 2937 2456 2993 hic
2487 2936 2839 3008 spiritualiter
2868 2936 3098 3010 geritur.

2195 3020 2315 3083 Non
2336 3026 2528 3082 carnis
2548 3026 2838 3098 depositio,
2863 3034 2966 3082 etc.
2990 3026 3114 3081 Non
3134 3025 3258 3082 dico
3277 3023 3430 3081 illum
3459 3024 3726 3097 baptisma

428 3118 525 3157 VOS
554 3102 838 3156 retrahere
866 3116 900 3155 α
934 3101 1098 3167 bono.
1147 3117 1248 3157 nec
1285 3117 1315 3155 θ
1362 3116 1582 3167 corona.
1630 3099 1674 3155 Si
1722 3100 2086 3185 Ρθΐείείθΐθα
2121 3114 2350 3185 salvare,
2383 3114 2473 3169 ubi
2504 3123 2714 3170 tantum
2740 3123 2824 3171 est
2852 3116 3121 3188 depositio
3151 3116 3400 3172 sordium
3427 3116 3641 3182 carnis,
3665 3114 3723 3170 id

426 3190 725 3257 volueritis,
758 3190 868 3246 imo
899 3198 1124 3261 prosunt
1155 3190 1283 3244 dum
1314 3206 1513 3246 nocere
1544 3188 1747 3246 volunt.

499 3280 671 3334 Vens.
706 3280 793 3334 14.
844 3310 914 3319 -
949 3281 1223 3336 Timorem
1280 3284 1492 3334 autem.
1541 3279 1603 3332 In
1650 3277 1829 3333 futuro
1873 3278 2023 3333 eritis

431 3368 592 3433 beati,
624 3367 681 3422 in
740 3367 996 3439 praesenti
1054 3375 1234 3422 autem
1282 3384 1355 3424 ne
1403 3368 1715 3424 timueritis
1764 3370 2024 3425 timorem

431 3474 643 3524 eorum,
678 3456 733 3512 id
764 3465 847 3512 est
877 3456 969 3511 illa
1000 3474 1121 3529 qua:
1151 3456 1302 3512 ineis
1321 3456 1740 3529 possuntvideri
1761 3457 2020 3528 timenda,

432 3555 487 3601 ut
515 3555 596 3603 est
627 3545 785 3619 regia
814 3554 1079 3618 potestas,
1114 3554 1166 3601 et
1192 3546 1521 3616 hujusmodi.

501 3663 673 3718 Vens.
692 3665 779 3718 15.
795 3693 863 3704 --
879 3665 1183 3719 Dominum
1198 3668 1411 3720 autem.
1433 3662 1782 3718 Sanctitatem
1799 3661 2021 3729 Christi;

431 3767 593 3825 quam
637 3752 706 3806 sit
735 3751 1302 3823 incomprehensibilis
1349 3751 1559 3824 gloriae,
1604 3751 1794 3807 intimo
1842 3750 2023 3807 cordis

429 3839 623 3898 aﬁ'ectu
652 3841 955 3910 intuemini,
991 3850 1044 3896 et
1065 3840 1145 3897 sic
1174 3841 1351 3923 ipsum
1381 3841 1656 3897 Christum
1686 3838 2051 3896 sanctiﬁcata.

430 3931 485 3985 in
514 3931 690 3997 vobis,
724 3939 779 3986 ut
808 3947 920 3987 non
949 3946 983 3985 a
1011 3930 1294 3996 memoria,
1326 3945 1437 3985 non
1464 3930 1531 3984 ab
1563 3945 1751 3985 amore
1781 3929 2018 3984 recedat.

431 4017 535 4089 Qui
563 4020 707 4076 hanc
737 4019 1072 4075 sanctitatem
1100 4034 1208 4074 non
1237 4019 1564 4085 considerat,
1614 4017 1795 4073 deﬁcit
1822 4018 1893 4073 ad
1940 4017 2023 4071 in-

430 4108 593 4162 sidias
622 4108 813 4164 hostis.
849 4108 1015 4165 Omni
1038 4108 1314 4180 poscenti.
1336 4106 1551 4162 Volenti
1570 4115 1754 4162 mutuo
1770 4106 2022 4178 accipere

435 4197 783 4253 rationabiles
813 4196 1091 4268 pecunias,
1128 4212 1236 4252 non
1266 4211 1551 4269 negemus.
1596 4196 1751 4252 Unde
1780 4195 1982 4250 Paulus
2006 4212 2020 4250 ε

433 4286 500 4341 In
531 4287 817 4359 sapientia
845 4287 1129 4341 ambulate
1153 4288 1387 4358 propter
1417 4302 1505 4341 eos
1549 4286 1645 4358 qui
1689 4286 1830 4357 foris
1863 4287 2019 4351 sunt,

436 4375 679 4431 scientes
702 4376 967 4448 quomodo
988 4378 1239 4447 oporteat
1262 4376 1501 4446 singulis
1523 4374 1869 4446 responderi.
1917 4374 2025 4428 Fo-

2128 3212 2212 3259 est
2238 3204 2330 3258 ubi
2359 3219 2484 3259 caro
2513 3212 2718 3259 tantum
2746 3203 2977 3259 abluitur
3006 3204 3241 3260 exterius
3284 3204 3454 3276 (quod
3482 3203 3726 3259 haeretici

2123 3293 2468 3365 habuerunt),
2478 3294 2574 3349 sed
2585 3293 2679 3347 ubi
2691 3302 2773 3349 est
2786 3295 3157 3367 interrogatio
3165 3310 3327 3367 pura;-
3336 3294 3715 3361 conscientiae,

2124 3382 2179 3436 id
2199 3390 2300 3447 est,
2320 3382 2413 3435 ubi
2434 3382 2805 3454 interrogatur
2821 3391 2873 3438 et
2894 3382 3171 3456 exigitura
3185 3382 3415 3455 baptista
3435 3382 3575 3438 bona
3592 3396 3718 3437 con-

2125 3471 2351 3528 scientia
2379 3470 2686 3541 baptizandi
2720 3488 2733 3525 :
2770 3471 2897 3543 quia
2924 3471 3028 3527 tale
3059 3471 3326 3543 baptisma
3357 3471 3551 3541 salvat,
3574 3470 3723 3526 aliud

2124 3559 2358 3625 occidit;
2408 3559 2764 3633 interrogatio
2794 3560 2933 3615 facta
2962 3568 3043 3614 est
3070 3560 3302 3615 tendens
3330 3560 3387 3614 in
3417 3561 3610 3628 Deum,
3661 3567 3722 3614 ut

2122 3664 2225 3719 per
2254 3648 2453 3702 bonam
2481 3648 2867 3705 conscientiam
2905 3664 3072 3727 unum
3103 3648 3364 3703 efﬁciatur
3392 3663 3517 3704 cum
3547 3649 3684 3703 Deo.

2195 3756 2365 3810 Vens.
2390 3760 2479 3813 23.
2494 3756 2903 3827 —Deglutiens
2923 3759 3183 3811 mortem.
3200 3755 3421 3827 (BEDA.)
3440 3754 3599 3823 Quod
3619 3754 3721 3809 de-

2122 3843 2403 3917 glutimus,
2435 3843 2647 3917 agimus
2690 3852 2749 3899 ut
2792 3843 2846 3898 in
2885 3843 3210 3915 corporibus
3249 3843 3451 3898 nostris
3501 3860 3719 3899 assum-

2120 3940 2273 4004 ptum
2310 3949 2575 4005 nusquam
2618 3941 2807 4004 pareat
2839 3951 2853 3987 :
2887 3932 3153 3988 Dominus
3193 3931 3271 3987 sic
3310 3940 3543 3988 mortem
3590 3931 3719 3987 fun-

2123 4021 2268 4076 ditus
2319 4022 2676 4093 consumpsit,
2735 4030 2794 4077 ut
2846 4021 2981 4077 nihil
3040 4030 3228 4078 contra
3283 4038 3345 4077 se
3389 4021 3613 4088 valeret,
3664 4029 3719 4076 et

2124 4120 2376 4167 manente
2407 4111 2590 4182 specie
2617 4112 2731 4168 veri
2760 4112 3038 4184 corporis,
3090 4110 3310 4167 abesset
3337 4110 3492 4166 labes
3520 4111 3717 4182 priscae

2124 4199 2455 4273 fragilitatis.
2504 4200 2663 4270 Quod
2692 4201 2853 4257 etiam
2886 4201 3043 4257 nobis
3072 4200 3420 4273 promittitur,
3453 4200 3598 4255 unde
3627 4199 3724 4254 ad-

2125 4289 2220 4355 dit,
2246 4293 2311 4344 ut
2338 4294 2394 4345 et
2413 4308 2514 4347 nos
2537 4292 2667 4345 vita:
2685 4294 2913 4346 (eterna:
2933 4290 3176 4346 haeredes
3196 4290 3561 4361 e/ﬁceremur.
3585 4287 3721 4344 Sub-

2113 4380 2286 4449 jectis
2317 4379 2423 4434 sibi
2452 4380 2688 4451 angelis.
2735 4379 2959 4450 Semper
2988 4379 3214 4449 angelos
3244 4377 3520 4446 subjectos
3550 4375 3723 4432 fuisse

432 4463 507 4517 ris
537 4465 681 4519 enim
713 4463 1052 4533 exsistentes,
1084 4464 1141 4519 id
1169 4471 1253 4519 cst
1279 4463 1519 4519 nondum
1551 4463 1687 4519 ﬁdes
1707 4463 1893 4519 volunt
1919 4462 2023 4517 ali-
2042 4492 2095 4555 D
2125 4466 2259 4521 Filio
2296 4467 2396 4521 Dei
2432 4483 2542 4521 non
2584 4467 2908 4536 dubitamus,
2951 4468 3049 4521 sed
3085 4466 3174 4521 hic
3216 4466 3340 4521 ideo
3371 4465 3721 4534 subjectionis

433 4553 562 4625 quid
590 4568 928 4626 cognoscere
958 4554 1026 4608 de
1056 4569 1153 4624 spe
1182 4569 1303 4624 quae
1333 4552 1388 4607 in
1417 4552 1572 4608 vobis
1602 4561 1702 4608 est.
1746 4551 1854 4621 Qui
1891 4567 2024 4623 ergo

433 4642 807 4699 ecclesiastico
863 4650 1065 4713 praeest
1103 4642 1439 4716 magisterio,
1492 4643 1685 4698 doceat
1731 4642 2019 4713 patientes,

431 4731 675 4787 obstruat
712 4731 1059 4787 resultantes.

498 4840 687 4896 Vens-
707 4842 795 4894 16.
826 4870 896 4880 -
925 4839 1030 4897 Sed
1058 4856 1187 4895 cum
1216 4838 1520 4894 modestiae.
1544 4838 1602 4891 In
1621 4816 2025 4908 ipsadoctrinaa

430 4929 659 4985 scientia
687 4930 1000 5001 qualitatem
1030 4927 1263 4984 docendi
1290 4936 1475 4983 monet
1504 4926 1797 4996 observari,
1830 4934 1886 4982 ut
1913 4927 2023 4981 hu-

429 5018 631 5074 militas
660 5025 713 5074 et
740 5018 973 5075 vivendo
1002 5025 1056 5073 et
1079 5016 1353 5089 loquendo
1381 5023 1734 5072 monstretur.

396 5136 399 5139 '
501 5125 671 5189 Vens;
708 5125 796 5181 17.
818 5154 889 5165 -
910 5125 1104 5180 Melius
1136 5128 1237 5179 est.
1263 5123 1568 5194 (Bnna.)lta
1587 5122 1801 5178 debetis
1816 5121 2022 5178 calum-

427 5213 670 5269 niatores
697 5212 806 5285 pati
836 5222 889 5269 et
916 5211 1271 5279 cOnt‘undere,
1306 5221 1432 5282 etc.,
1465 5228 1639 5286 usque
1666 5212 1739 5268 ad
1767 5227 2021 5267 remove-

429 5310 517 5358 tur
546 5310 600 5359 et
627 5311 845 5359 aeternae
873 5302 1063 5357 ultioni
1090 5309 1451 5373 praeparatur.

496 5419 670 5476 Vnns.
705 5423 792 5475 18.
824 5449 895 5459 -
919 5418 1156 5490 ΟῙῙθννει
1183 5420 1309 5475 Deo.
1335 5417 1466 5489 (11).)
1489 5416 1626 5485 Quia
1647 5416 1808 5472 etiam
1828 5424 1955 5472 tunc
1976 5415 2023 5471 si

426 5510 517 5582 qui
548 5510 619 5565 ad
645 5508 1087 5581 praedicationem
1122 5506 1333 5563 Domini
1368 5513 1548 5578 (quam
1576 5522 1677 5577 per
1694 5506 1861 5561 vitam
1890 5504 2023 5561 ﬁde-

424 5597 556 5654 lium
582 5597 1014 5670 praetendebant)
1045 5597 1272 5652 credere
1290 5595 1612 5663 voluissent,
1644 5592 1792 5666 ipsos
1821 5594 2022 5651 olferre

423 5687 540 5745 Deo
570 5687 713 5743 Patri
752 5686 1044 5759 gaudebat.
1095 5686 1152 5742 Si
1193 5685 1286 5758 qui
1329 5693 1509 5741 autem
1550 5684 1907 5742 detrahebant
1950 5683 2022 5741 de

2123 4556 2386 4623 meminit,
2435 4564 2495 4610 ut
2524 4564 2860 4626 assumptum
2891 4554 3272 4609 humanitatem
3319 4554 3395 4609 ita
3436 4554 3493 4609 in
3530 4570 3719 4610 resur-

2123 4645 2366 4701 rectione
2422 4645 2763 4699 sublimatum
2807 4651 3151 4713 monstraret,
3198 4643 3343 4715 quod
3373 4643 3521 4699 omni
3550 4658 3720 4717 ange-

2122 4734 2241 4790 licae
2291 4733 2568 4806 dignitatis
2614 4733 2868 4804 potentiae
2914 4732 3254 4805 prmferatur.
3302 4732 3479 4803 Unde,
3523 4735 3719 4792 omnia

2121 4823 2418 4895 subjecisti.
2440 4823 2541 4879 sub
2566 4822 2800 4895 pedibus
2829 4824 2950 4895 ejus
2978 4824 3152 4893 (Psal.
3186 4821 3329 4893 VIII).

2743 4990 2965 5047 CAPUT
3002 4990 3093 5048 IV.

2191 5134 2363 5189 Vens.
2397 5137 2448 5188 1.
2480 5163 2551 5175 -
2583 5134 2725 5202 Quia
2752 5134 2847 5207 qui
2875 5150 3094 5207 passus.
3128 5133 3351 5205 (Binum
3381 5133 3487 5205 Qui
3517 5135 3715 5193 timore

2116 5223 2441 5293 judiciorum
2472 5223 2775 5279 coelestium
2824 5223 3073 5279 carnales
3117 5223 3173 5278 in
3216 5233 3397 5281 mente
3452 5225 3720 5298 concupi-

2124 5312 2359 5369 scentias
2406 5313 2687 5386 extinguit,
2736 5313 2850 5383 jam
2907 5313 3102 5367 similis
3158 5315 3375 5371 Christo
3431 5313 3710 5382 cruciﬁxo,

2122 5402 2276 5474 quasi
2302 5410 2549 5457 mortuus
2579 5402 2814 5458 existens
2843 5402 3100 5474 peccatis.
3135 5404 3237 5459 Dei
3256 5412 3462 5459 tantum
3491 5401 3714 5459 servitio

2121 5490 2271 5547 vivit.

2191 5594 2362 5650 Vens.
2381 5595 2433 5649 4.
2457 5623 2528 5634 -
2541 5594 3021 5667 Blasphemantes.
3043 5595 3172 5667 (10.)
3188 5595 3252 5649 Et
3271 5593 3316 5648 si
3334 5592 3714 5664 blasphemant

2119 5698 2219 5741 vos
2250 5690 2574 5757 segregatos
2602 5700 2634 5739 a
2661 5683 2893 5756 perﬁdia
2922 5699 3040 5751 sua,
3090 5690 3272 5739 tamen
3317 5681 3373 5737 in
3416 5686 3713 5740 conversa-
