3964 6178
228 232 333 286 687

227 452 439 508 rantur,
472 451 525 498 et
555 441 719 497 fidem
751 441 1154 513 quodammodo
1186 448 1538 500 venerantur.

301 551 471 606 Vnus.
506 552 558 604 6.
581 579 652 590 —
667 552 904 620 Propter
925 550 1024 604 hoc
1044 549 1198 603 enim
1215 551 1273 602 et
1291 548 1530 603 mortuis
1555 547 1828 618 evangeli-

229 643 426 694 zatu'm
444 642 548 694 est.
569 638 790 710 (BEDA.)
812 638 980 691 Tanta
1000 651 1130 691 cura
1150 644 1232 690 est
1255 638 1371 691 Deo
1390 651 1492 692 nos
1507 633 1827 691 mortiﬁcari

231 743 417 797 carne,
451 735 580 794 etc.,
613 743 784 800 usque
813 725 887 782 ad
917 732 972 780 ut
1001 725 1142 780 ratio
1159 724 1406 796 ipsorum
1436 725 1655 780 damnet
1683 724 1829 779 mala

227 815 289 871 in
318 816 520 888 impiis.
1291 869 1294 872 .

302 923 472 979 Vens.
503 924 557 977 ’7.
589 951 660 962 —
691 921 975 978 Omnium.
1015 919 1157 990 Quia
1186 921 1400 976 dixerat
1427 921 1484 975 in
1505 919 1712 990 judicio
1735 919 1830 989 ju-

231 1011 494 1069 dicandos
523 1009 676 1066 vivos
706 1019 757 1066 et
786 1017 1054 1079 mortuos,
1104 1025 1175 1066 ne
1206 1009 1327 1082 quis
1358 1009 1697 1064 blandiretur
1726 1007 1830 1063 sibi

229 1101 299 1156 de
349 1098 742 1172 longinquitate
771 1097 936 1153 futuri
973 1098 1162 1168 judicii
1185 1141 1200 1166 ,
1259 1097 1506 1154 consulte
1551 1099 1828 1164 admonet,

233 1188 362 1260 quia
390 1187 491 1243 etsi
521 1187 764 1242 incertus
809 1188 1075 1243 adventus
1106 1195 1190 1242 est
1218 1187 1446 1242 extremi
1477 1185 1828 1254 discriminis,

231 1285 414 1333 tamen
463 1285 674 1333 certum
716 1284 800 1332 est
843 1276 1095 1332 omnibus
1145 1276 1292 1349 quod
1338 1275 1394 1330 in
1437 1277 1542 1332 hac
1587 1275 1692 1330 vita
1739 1274 1832 1330 diu

234 1366 534 1422 subsistere
567 1366 876 1437 nequimus.

312 1455 543 1526 Vigilate
573 1457 636 1510 in
666 1455 1033 1511 orationibus.
1057 1454 1278 1525 (ΒΕΒΑ.)
1299 1454 1382 1508 Ne
1402 1453 1613 1508 animus
1629 1451 1832 1524 aliquid

235 1543 438 1616 cogitet
485 1552 687 1614 praeter
733 1543 789 1598 id
836 1543 1014 1597 solum
1065 1543 1211 1614 quod
1257 1551 1527 1613 precatur.
1587 1541 1722 1596 Cum
1764 1541 1833 1595 ad

234 1632 504 1688 orandum
535 1640 760 1698 stamus,
811 1631 988 1687 omnis
1031 1631 1267 1686 carnalis
1299 1631 1556 1704 cogitatio
1586 1630 1828 1694 absistat,

762 225 1166 283 WALAFRIDI
1193 225 1436 284 STRABI
1465 225 1665 282 FULD.
1688 223 1861 282 MON.
1893 223 2045 282 OPP.
2077 223 2252 282 PARS
2283 226 2324 281 ι.
2344 256 2412 268 -
2438 177 2910 283 THEOLOGICA.

227 356 373 410 tione
403 362 586 409 vestra
615 369 785 424 opera
807 352 1032 422 justitia:
1081 360 1133 407 et
1180 351 1396 422 pietatis
1444 350 1692 406 videntes
1722 351 1828 404 mi-
1857 351 1912 412 Α

3427 233 3530 286 688

2004 349 2204 428 (Λυσι.)
2247 349 2498 419 Quaeritis
2547 367 2765 406 causam
2804 366 2971 422 quare
3014 351 3194 419 justus
3224 353 3312 407 vix
3341 352 3395 406 in
3428 353 3526 408 Dei

1919 445 2126 516 judicio
2176 443 2360 498 salvus
2405 456 2528 495 esse
2565 440 2756 510 possit,
2804 448 2857 494 et
2901 440 3242 512 quare?nisi
3272 441 3401 512 quia
3428 441 3526 496 Dei

1921 534 2187 603 justitiam
2229 538 2436 586 tantam
2481 544 2603 582 esse
2653 535 2859 582 certum
2911 537 3023 594 est,
3071 528 3342 584 interdum
3409 546 3527 601 qua:

1927 623 2175 677 videntur
2201 620 2256 674 in
2289 618 2597 674 hominibus
2627 625 2816 672 nostro
2841 617 3046 685 judicio
3095 634 3218 672 esse
3243 618 3412 687 justa,
3449 619 3528 688 ju-

1927 711 2069 767 dicio
2101 710 2200 765 Dei
2228 706 2573 763 inveniuntur
2597 705 2810 774 injusta,
2831 705 3131 761 secundum
3160 706 3324 761 illud:
3359 708 3528 765 Homo

1927 799 2078 857 videt
2100 801 2164 854 in
2191 798 2360 869 facie,
2379 798 2525 852 Deus
2539 799 2732 850 autem
2759 795 3130 852 intueturcor
3157 795 3209 867 (Ι
3233 796 3516 867 Reg.xvt).

2001 895 2225 967 (BEDA.)
2255 895 2380 949 Non
2409 900 2492 947 est
2521 891 2854 947 laboriosum
2885 891 3002 948 Deo
3026 891 3267 947 liberare
3288 892 3523 961 justum;

1930 985 2029 1041 sed
2057 993 2116 1040 ut
2144 982 2464 1040 ostendatur
2507 980 2654 1052 quod
2700 981 2894 1036 merito
2933 980 3093 1036 fuerit
3131 981 3390 1036 damnata
3415 989 3531 1037 tota

1931 1075 2164 1129 humana
2193 1079 2400 1141 natura,
2431 1085 2541 1124 non
2567 1069 2682 1126 vult
2725 1067 2885 1124 facile
2927 1069 2997 1124 de
3039 1077 3189 1125 tanto
3218 1070 3362 1125 malo
3411 1069 3530 1141 ipse

1931 1163 2080 1218 Deus
2116 1161 2352 1217 liberare
2397 1166 2667 1230 :propter
2709 1158 2856 1230 quod
2897 1165 2949 1214 et
2995 1167 3224 1229 peccata
3271 1158 3532 1230 proclivia

1933 1259 2056 1306 sunt
2087 1259 2140 1306 et
2171 1249 2450 1305 laboriosa
2472 1247 2699 1316 justitia,
2725 1247 2825 1301 nisi
2849 1246 3183 1302 amantibus:
3215 1247 3313 1304 sed
3343 1247 3531 1304 chari-

1931 1348 2016 1396 tas
2047 1356 2169 1412 quae
2204 1337 2454 1394 homines
2483 1343 2729 1391 amantes
2759 1334 2907 1401 facit,
2941 1352 3007 1390 ex
3036 1335 3151 1391 Deo
3183 1345 3284 1392 est.

2003 1429 2172 1484 Vnus.
2209 1431 2294 1482 19.
2327 1457 2396 1466 -
2421 1424 2823 1482 Commendent
2871 1427 3095 1480 animos
3131 1442 3284 1491 suas,
3320 1433 3426 1481 ctc.
3461 1425 3531 1481 Et

1934 1515 2061 1587 quia
2091 1515 2276 1586 incipit
2300 1514 2565 1584 judicium
2590 1529 2621 1568 a
2651 1513 2814 1568 domo
2832 1513 3068 1578 Domini,
3112 1522 3164 1568 et
3192 1531 3295 1584 per
3323 1514 3531 1570 multas

1933 1605 2304 1660 tribulationes
2331 1611 2541 1673 oportet
2566 1601 2778 1674 ingredi
2809 1602 2864 1655 in
2913 1619 3139 1675 regnum
3172 1601 3292 1669 Dei,
3344 1602 3528 1674 itaque

234 1720 460 1776 intentio
491 1721 674 1777 cordis
723 1690 941 1776 sincera
985 1721 1161 1777 Deum
1207 1735 1318 1776 non
1346 1690 1482 1776 sbno
1511 1719 1682 1786 vocis,
1733 1690 1832 1774 sed
1851 1713 1903 1772 Β
1934 1693 2038 1786 Ῑῗοθ
2067 1700 2236 1786 res“!
2261 1692 2366 1786 illis
2386 1690 2628 1786 ΡθδδΨίῆ
2652 1707 2665 1786 ξ
2690 1698 2747 1744 ιη
2767 1690 2986 1760 quando
3006 1690 3288 1786 Ρεῗίωξλξυτ
3325 1707 3528 1748 δθθυη·

238 1825 403 1865 sensu
433 1809 598 1864 animi
626 1817 761 1865 oret.

309 1899 479 1954 Vens.
507 1903 556 1954 8.
577 1928 647 1938 —
666 1899 1018 1954 Charitatem
1034 1899 1368 1954 continuam
1392 1897 1680 1953 habentes.
1705 1895 1838 1966 (11).)

239 1985 345 2056 Qui
370 2003 472 2058 per
500 1986 823 2043 charitatem
846 1985 1156 2057 proximum
1174 1994 1380 2054 monet,
1401 1986 1668 2056 increpat,
1704 1993 1833 2052 etc.,

239 2092 415 2149 usque
444 2075 517 2132 ad
546 2074 793 2148 quamvis
822 2074 878 2129 in
906 2074 1185 2146 publicum
1213 2091 1324 2131 non
1353 2089 1572 2147 semper
1599 2073 1834 2146 ostendi,

239 2173 438 2236 potest.

313 2254 485 2309 Vnus.
521 2255 608 2307 11.
639 2282 709 2292 -
739 2253 800 2309 Si
817 2255 942 2326 quis
964 2253 1231 2326 loquitur.
1261 2251 1319 2307 Si
1339 2252 1460 2324 quis
1481 2250 1838 2325 habetfscien-

237 2343 369 2398 tiam
411 2341 690 2414 loquendi,
737 2357 848 2396 non
889 2341 1012 2410 sibi,
1065 2341 1162 2397 sed
1192 2342 1308 2397 Deo
1351 2341 1576 2412 imputet
1609 2361 1623 2398 :
1656 2343 1840 2397 timeat

239 2447 308 2488 ne
337 2438 535 2502 praeter
561 2430 893 2487 voluntatem
924 2430 1045 2500 Dei,
1093 2430 1180 2486 vel
1209 2431 1585 2487 auctoritatem
1616 2441 1836 2488 sancta-

239 2537 362 2575 rum
408 2519 836 2591 Scripturarum,
886 2520 974 2577 vel
1016 2528 1217 2590 praeter
1263 2520 1566 2588 utilitatem,
1614 2521 1836 2578 fratrem

240 2609 460 2678 doceat,
491 2625 596 2665 nec
625 2610 770 2680 quod
800 2609 1092 2665 dicendum
1123 2617 1225 2674 est,
1257 2616 1451 2665 taceat.

309 2700 367 2756 Si
397 2699 518 2771 quis
548 2701 866 2754 ministrat.
891 2699 1110 2769 (BEDA.)
1132 2699 1267 2754 Cum
1287 2699 1465 2754 omnia
1494 2699 1635 2755 bene
1665 2707 1720 2754 et
1750 2715 1836 2755 sc-

235 2787 474 2844 cundum
504 2787 833 2843 voluntatem
863 2788 979 2857 ejus
1011 2787 1270 2852 feceritis,
1303 2804 1411 2842 non
1442 2789 1636 2843 vestris
1667 2786 1834 2843 meri-

235 2877 326 2946 tis,
377 2876 472 2931 sed
506 2877 690 2948 gratiae
721 2878 838 2946 ejus
867 2876 1196 2945 attribuatis,
1248 2885 1306 2932 ut
1333 2877 1425 2931 alii
1458 2877 1703 2932 videntes
1733 2893 1834 2931 ve-

233 2973 346 3020 stra
375 2965 519 3020 bona
550 2981 739 3036 opera,
790 2963 1095 3037 glorificent
1140 2965 1355 3020 Patrem
1385 2973 1628 3021 vestrum
1657 2965 1749 3037 qui
1779 2965 1835 3020 in

233 3053 391 3110 cmlis
423 3062 524 3109 est.

305 3161 475 3216 Vens.
503 3163 589 3217 12.
611 3189 681 3200 -—
701 3159 1050 3226 Charissimi,
1082 3163 1279 3216 nolite.
1305 3160 1361 3215 Si
1382 3160 1626 3232 patimini
1657 3159 1840 3216 fervo-

243 3265 361 3304 rem
390 3247 796 3302 tribulationum
818 3264 940 3318 quat
962 3257 1154 3304 contra
1173 3249 1434 3304 rationem
1455 3249 1756 3304 inferuntur
1771 3250 1840 3304 ad

247 3345 485 3392 vestram
504 3327 884 3407 probationem
901 3345 954 3391 et
973 3337 1224 3408 gloriam,
1248 3354 1359 3394 non
1378 3338 1502 3393 ideo
1522 3338 1722 3409 putetis
1743 3355 1842 3393 vos

248 3442 371 3481 esse
401 3425 616 3480 exsules
637 3440 670 3480 a
696 3425 957 3480 membris
977 3425 1196 3492 Christi,
1220 3435 1273 3481 et
1292 3426 1459 3482 nolite
1479 3426 1666 3481 mirari
1686 3427 1755 3482 de
1776 3427 1842 3481 il-

246 3514 368 3568 latis
397 3513 573 3579 malis,
599 3521 653 3568 ut
673 3531 773 3584 per
801 3513 896 3568 illa
925 3521 1090 3569 tentet
1111 3531 1207 3570 vos
1228 3515 1376 3570 Deus
1392 3523 1445 3570 et
1462 3515 1678 3586 probet,
1713 3515 1840 3587 quia

240 3603 522 3674 antiquum
551 3610 604 3657 et
632 3601 890 3674 frequens
921 3611 1003 3658 est
1033 3603 1238 3660 electos
1259 3604 1359 3660 Dei
1386 3619 1489 3676 pro
1518 3612 1722 3660 aeterna
1750 3619 1839 3660 sa-

236 3691 347 3746 lute
379 3691 434 3745 in
463 3692 719 3762 prazsenti
751 3691 980 3748 adversa
1011 3692 1140 3764 pati.

303 3798 473 3852 Vens.
513 3800 597 3853 14.
646 3829 714 3837 -
764 3801 922 3854 Beati
969 3801 1152 3867 eritis,
1205 3807 1310 3855 etc.
1360 3799 1464 3869 Qui
1507 3800 1707 3871 patitur
1734 3817 1837 3871 pro

230 3887 450 3942 nomine
481 3885 703 3950 Christi,
738 3887 962 3953 beatus;
1011 3904 1122 3943 non
1161 3889 1307 3943 enim
1347 3889 1558 3944 debetis
1604 3891 1835 3945 credere

231 3975 376 4046 quod
429 3975 547 4030 sine
599 3976 1039 4030 remuneratione
1089 3977 1388 4046 patiamini,
1439 3977 1577 4033 sicut
1621 3979 1700 4032 illi
1743 3978 1833 4050 qui

227 4079 330 4134 pro
382 4063 495 4116 suis
547 4062 844 4118 sceleribus
891 4064 1188 4133 patiuntur,
1239 4074 1294 4118 et
1333 4065 1484 4120 inviti
1513 4067 1830 4137 puniuntur.

308 4153 558 4224 Spiritus
577 4153 697 4222 ejus
720 4168 889 4223 super
909 4169 1000 4208 vos
1017 4154 1334 4224 requiescit.
1361 4153 1465 4222 Qui
1487 4155 1834 4225 requiescent

231 4257 398 4311 super
428 4256 526 4296 vos
555 4239 843 4310 patientes,
878 4247 928 4294 et
958 4240 1012 4294 in
1042 4243 1298 4310 praesenti
1329 4259 1393 4296 ex
1413 4251 1564 4312 parte
1595 4244 1662 4298 ad
1693 4245 1833 4299 bene

232 4327 590 4400 operandum,
625 4336 678 4384 et
707 4327 764 4382 in
793 4327 973 4384 futuro
994 4329 1236 4400 perfecte
1257 4331 1327 4385 ad
1348 4333 1827 4386 remunerandum.

305 4436 474 4490 Vens.
510 4437 596 4490 17.
629 4465 697 4476 -
732 4435 1006 4503 Quoniam
1039 4439 1280 4508 tempus,
1313 4444 1417 4492 etc.
1452 4438 1672 4507 (BEDA.)
1702 4438 1831 4494 Ideo
1861 4436 1914 4497 D
2003 4467 2172 4522 VERS.

234 4524 548 4596 patiendum
592 4531 677 4578 est
726 4539 827 4594 pro
865 4523 1084 4580 nomine
1115 4525 1332 4594 Christi,
1385 4533 1514 4592 etc.,
1561 4543 1734 4599 usque
1763 4527 1836 4583 ad

235 4612 453 4684 reprobi
483 4629 612 4668 vero
643 4629 786 4669 nunc
814 4613 1032 4669 ducunt
1061 4614 1125 4668 in
1167 4613 1323 4670 bonis
1368 4615 1488 4670 suis
1529 4615 1646 4671 dies
1683 4632 1831 4684 suos,

238 4705 294 4757 et
324 4703 387 4757 in
411 4705 626 4774 puncto
656 4701 729 4757 ad
758 4703 992 4773 inferna
1017 4703 1357 4759 descendent
1387 4705 1524 4775 (Job.
1558 4704 1704 4776 xxt).

311 4816 480 4871 Vens.
517 4819 602 4871 18.
635 4847 704 4856 -
732 4819 802 4872 Et
830 4816 879 4872 si
913 4819 1119 4886 justus,
1145 4826 1249 4874 etc.
1274 4818 1405 4890 (10.)
1425 4819 1506 4875 De
1525 4819 1835 4876 Proverbiis

239 4905 344 4961 hoc
373 4913 648 4976 sumptum
679 4914 761 4960 est
785 4906 938 4974 juxta
957 4915 1194 4961 veterem
1225 4907 1538 4963 editionem.
1560 4911 1620 4962 In
1650 4916 1836 4965 nostra

243 5009 364 5064 quae
394 4994 692 5048 secundum
713 4994 1036 5050 Hebraicam
1056 4995 1357 5059 veritatem,
1382 4997 1453 5050 ita
1474 5006 1556 5051 est
1589 5016 1602 5052 :
1637 4999 1694 5055 Si
1711 5001 1836 5054 Jus-

247 5085 336 5137 tus
351 5083 412 5136 in
426 5086 578 5166 terra
590 5084 813 5153 recipit,
833 5087 1042 5154 quanto
1057 5085 1234 5155 magis
1251 5087 1460 5156 impius
1472 5091 1527 5140 et
1536 5091 1838 5159 peccator?

243 5169 304 5224 Id
335 5177 437 5235 est,
471 5169 517 5222 si
545 5177 693 5224 tanta
720 5179 802 5223 est
828 5170 1095 5243 fragilitas
1124 5173 1346 5227 moralis
1376 5175 1517 5240 vita},
1537 5183 1594 5229 ut
1624 5192 1726 5231 nec
1750 5177 1837 5246 ju-

243 5258 310 5313 sti
359 5257 579 5328 quidem
627 5257 827 5328 (quiin
855 5260 995 5315 ccnlo
1025 5261 1323 5316 coronandi
1350 5265 1496 5333 sunt)
1540 5265 1679 5320 hanc
1720 5265 1838 5322 sine

243 5344 682 5401 tribulationibus
723 5354 950 5416 propter
995 5348 1446 5406 innumerabilem
1492 5352 1689 5408 vitiatae
1735 5371 1837 5409 na-

242 5444 380 5491 turae
423 5434 603 5490 labem
645 5443 924 5490 transeant
956 5453 968 5490 :
1003 5447 1202 5508 quanto
1229 5440 1404 5513 magis
1446 5442 1500 5495 hi
1539 5443 1630 5514 qui
1672 5443 1837 5499 caele-

240 5524 338 5578 stis
368 5522 562 5597 gloriae
591 5532 717 5580 sunt
743 5530 1009 5596 exsortes,
1053 5534 1263 5583 certum
1309 5529 1675 5589 damnationis
1724 5549 1838 5590 suae

243 5619 518 5690 perpetuae
549 5613 772 5671 exitium
802 5621 1048 5686 spectant
1067 5613 1080 5668 l

1935 1782 2063 1836 dum
2095 1781 2242 1853 quod
2271 1782 2420 1836 Deus
2448 1779 2582 1844 vult,
2615 1778 2668 1834 id
2689 1786 2772 1834 est
2798 1787 3024 1850 propter
3045 1779 3336 1849 justitiam,
3375 1796 3530 1836 com-

1935 1871 2194 1926 mendent
2221 1869 2428 1924 animas
2459 1883 2586 1922 suas
2620 1867 2756 1936 Deo,
2790 1866 2864 1921 nil
2890 1867 2959 1922 de
3015 1883 3074 1922 se
3112 1877 3524 1939 przesumentes,

1936 1966 1993 2013 ut
2019 1967 2074 2014 et
2102 1958 2192 2014 hic
2237 1957 2538 2014 secundum
2586 1955 2733 2028 quod
2769 1955 2902 2023 vult,
2935 1964 3146 2027 purget,
3183 1966 3234 2012 et
3263 1958 3318 2012 in
3349 1958 3530 2014 futuro

1935 2045 2232 2114 beatiﬁcet,
2264 2047 2388 2118 quia
2418 2043 2595 2100 ﬁdelis
2624 2051 2708 2100 est
2741 2043 2885 2099 bona
2940 2045 3218 2101 reddendo
3246 2046 3356 2102 illis
3394 2063 3532 2119 quos

1936 2137 2158 2193 creavit.
2195 2135 2474 2192 Patiuutur
2495 2133 2617 2190 dico
2661 2133 2726 2188 in
2773 2134 3100 2206 benefactis,
3151 2152 3263 2192 non
3308 2144 3533 2208 propter

1935 2233 2180 2297 peccata.

2586 2310 2811 2367 CAPUT
2837 2311 2901 2367 V.

2004 2419 2175 2475 Vnus.
2195 2423 2322 2474 1.-
2335 2419 2612 2474 Seniores.
2632 2417 2766 2472 Cum
2797 2433 2962 2488 supra
2993 2417 3252 2476 distincte
3284 2419 3530 2476 monuis-

1937 2516 2019 2564 set
2047 2507 2251 2563 liberos
2275 2515 2330 2562 et
2377 2521 2587 2572 servos,
2635 2505 2782 2560 viros
2835 2514 2888 2561 et
2918 2506 3065 2578 ipsas
3096 2509 3376 2576 mulieres,
3407 2517 3534 2581 post

1935 2597 2312 2667 interpositam
2357 2610 2701 2652 communem
2762 2594 3208 2666 exhortationem,
3257 2599 3338 2656 sic
3394 2599 3531 2655 allo-

1935 2686 2118 2757 quitur
2145 2701 2306 2741 senes
2337 2692 2391 2740 et
2415 2685 2664 2753 juvenes.

2007 2775 2387 2830 Vaas.2.-Non
2411 2776 2618 2828 coacte.
2637 2770 2812 2825 Nolite
2833 2772 3134 2843 praedicare
3148 2776 3525 2849 Evangelium,

1935 2870 1993 2918 ut
2019 2863 2088 2919 de
2116 2862 2416 2935 Evangelio
2430 2861 2614 2917 vivere
2629 2859 2869 2930 possitis,
2885 2863 2980 2917 sed
2991 2868 3301 2935 spontanee
3323 2883 3522 2922 secun-

1934 2953 2069 3008 dum
2097 2954 2295 3018 Deum,
2328 2951 2382 3004 id
2414 2958 2495 3004 est
2523 2957 2728 3003 tantum
2759 2948 2949 3004 intuitu
2969 2968 3222 3022 supernae
3240 2956 3526 3011 mercedis.

1862 3075 1912 3138 C
2008 3042 2176 3097 Vens.
2212 3045 2265 3097 5.
2299 3070 2366 3081 ——-
2402 3039 2680 3138 Similiter
2708 3038 3106 3097 adolescentes.
3140 3043 3363 3114 (BEDA.)
3383 3045 3530 3100 Post-

1941 3147 2104 3204 quam
2135 3131 2395 3199 seniores,
2432 3126 2704 3200 quomodo
2732 3139 3048 3198 praeessent,
3083 3140 3211 3197 etc.,
3254 3150 3428 3206 usque
3459 3134 3530 3190 ad

1939 3221 2195 3278 continuo
2216 3217 2546 3292 generaliter
2576 3216 2918 3272 admonendo
2948 3219 3162 3275 subdit:

2015 3311 2215 3366 Omnes
2227 3312 2418 3364 autem
2436 3308 2676 3363 invicem
2697 3309 3080 3366 humilitatem
3096 3310 3410 3378 insinuate,
3443 3328 3532 3368 se-

1939 3415 2037 3454 nes
2065 3399 2286 3470 quidem
2315 3398 2582 3468 docendo,
2610 3400 2838 3468 juvenes
2876 3406 3056 3453 autem
3087 3399 3492 3472 subsequendo.

2008 3488 2178 3542 Vnus.
2213 3490 2265 3542 6.
2297 3517 2370 3527 —
2397 3488 2816 3544 Humiliamini.
2848 3488 3068 3558 (BEDA.)
3098 3487 3232 3557 Quae
3260 3489 3331 3543 sit
3349 3491 3532 3562 gratia

1937 3593 2099 3649 quam
2124 3578 2270 3631 Deus
2289 3575 2502 3632 confert
2531 3577 2842 3647 humilibus,
2877 3585 3003 3646 etc.,
3036 3594 3209 3650 usque
3235 3579 3310 3634 ad
3339 3579 3529 3652 sequi-

1893 3703 1896 3706 -
1935 3673 2026 3720 tur
2052 3681 2294 3737 congrua
2322 3680 2536 3721 merces
2565 3665 2924 3720 exaltationis.

2008 3755 2178 3809 Vnus.
2213 3759 2265 3809 8.
2286 3756 2650 3827 —Tanquam
2679 3755 2761 3810 leo
2782 3757 3030 3825 rugiens,
3054 3763 3157 3811 etc.
3191 3755 3342 3812 Sicut
3370 3757 3527 3829 rugi-

1937 3850 2022 3898 tus
2051 3843 2226 3898 leonis
2257 3843 2480 3914 impedit
2519 3859 2698 3911 aures,
2732 3859 2800 3898 ne
2830 3843 2994 3896 alium
3021 3859 3215 3898 sonum
3237 3845 3528 3916 excipiant,

1936 3930 2014 3987 sic
2057 3931 2305 3986 diabolus
2354 3930 2594 3985 fidelium
2656 3939 2865 3985 mentes
2905 3932 3178 3997 terrendo,
3238 3941 3292 3988 et
3348 3934 3532 3989 illicita

1935 4020 2301 4093 suggerendo,
2335 4037 2365 4073 a
2395 4019 2479 4074 via
2508 4019 2769 4088 veritatis,
2801 4035 2870 4074 ne
2915 4035 3107 4076 vocem
3166 4021 3366 4076 Christi
3423 4038 3530 4079 au-

1935 4115 2101 4179 diant,
2136 4115 2351 4170 avertit.

2007 4201 2171 4255 Vnus.
2205 4204 2258 4255 9.
2293 4201 2633 4258 -Scientes.
2667 4200 2887 4271 (BEDA.)
2917 4201 3085 4258 Tanto
3112 4203 3378 4272 majorem
3425 4205 3531 4259 ha-

1931 4289 2055 4344 bete
2085 4287 2354 4354 fiduciam,
2379 4296 2507 4356 etc.,
2541 4304 2712 4361 usque
2743 4287 2815 4343 ad
2842 4288 3044 4359 pudeat
3073 4306 3171 4347 vos
3223 4291 3373 4348 solos
3411 4310 3530 4366 prae

1931 4378 2182 4433 omnibus
2212 4393 2320 4434 non
2348 4394 2513 4448 posse
2541 4376 2672 4448 pati.

2200 4469 2285 4523 12.
2318 4468 2620 4541 —-Scripsi.
2655 4464 2843 4536 Vobis,
2874 4469 3066 4541 inquit,
3099 4471 3305 4542 scripsi
3336 4485 3444 4525 non
3464 4477 3532 4524 ut

1933 4555 2231 4625 imperans,
2263 4555 2360 4610 sed
2390 4555 2686 4615 obsecrans
2736 4569 2788 4617 et
2825 4567 3140 4617 contestans
3199 4559 3523 4614 auctoritate

1935 4644 2330 4714 Scripturarum
2383 4645 2523 4702 hanc
2552 4663 2674 4704 esse
2699 4667 2882 4706 veram
2910 4649 3140 4723 gratiam
3169 4663 3330 4719 quam
3386 4648 3532 4702 scri-

1934 4733 2116 4794 bendo
2144 4732 2401 4803 praedico,
2436 4735 2561 4806 quia
2590 4754 2702 4793 non
2729 4748 2813 4795 est
2840 4740 2896 4794 in
2926 4739 3032 4794 alio
3059 4737 3242 4808 aliquo
3275 4736 3438 4805 salus,
3473 4736 3531 4790 in

1936 4838 2044 4893 quo
2072 4830 2285 4892 oportet
2314 4838 2412 4878 vos
2445 4825 2623 4882 salvos
2653 4826 2772 4884 fieri
2853 4828 2971 4894 Vel,
3005 4827 3307 4883 obsecrans
3335 4841 3453 4891 vos,
3467 4833 3531 4882 ut

1932 4912 2072 4966 hanc
2093 4911 2320 4983 gratiam
2347 4911 2403 4965 in
2432 4930 2539 4984 qua
2569 4917 2740 4986 statis,
2777 4925 2829 4971 et
2859 4933 2966 4989 qua
2994 4916 3185 4971 imbuti
3216 4915 3367 4983 estis,
3400 4931 3526 4970 esse

1935 4999 2144 5054 faciatis
2173 5015 2358 5055 veram
2397 5003 2626 5071 gratiam
2658 5014 2894 5060 vestram
2933 5015 2984 5061 et
3013 5005 3241 5060 teneatis
3273 5012 3330 5057 ut
3357 5001 3523 5074 profi-

1937 5089 2168 5144 cientem
2197 5089 2370 5143 vobis.
2395 5088 2498 5158 Qui
2537 5093 2769 5164 gratiam
2800 5095 3004 5165 spernit
3034 5109 3142 5148 non
3173 5091 3405 5165 gratiam
3427 5091 3530 5146 mi-

1936 5177 2176 5245 nuit,sed
2203 5178 2346 5234 hanc
2366 5194 2476 5233 non
2506 5196 2684 5249 suam,
2720 5182 2775 5238 id
2805 5192 2888 5240 est
2916 5198 3025 5238 non
3057 5182 3162 5237 sibi
3189 5181 3375 5238 utilem
3405 5181 3534 5236 red-

1937 5265 2034 5321 dit.

2007 5355 2176 5410 VERS.
2212 5359 2298 5412 13.
2327 5385 2403 5398 -
2431 5359 2495 5414 In
2524 5360 2819 5432 Babylone.
2851 5361 3072 5432 (BEDA.)
3110 5360 3342 5416 Romam
3372 5368 3532 5416 vocat

1936 5443 2264 5514 Babylonem
2291 5455 2510 5518 propter
2551 5449 2925 5504 confusionem
2980 5448 3295 5520 multiplicis
3351 5449 3528 5505 idolo-

1931 5531 2116 5598 latriae,
2147 5542 2276 5595 etc..
2308 5552 2480 5610 usque
2506 5537 2578 5594 ad
2618 5554 2883 5610 pressura
2911 5538 3114 5595 diaboli
3172 5554 3280 5596 non
3335 5546 3520 5612 potest

1937 5638 2060 5678 esse
2089 5639 2364 5680 1111111111118.
