3968 6176
391 321 492 372 689

1347 318 1617 378 GLOSSA
1647 319 2056 378 ORDINARIA.
2088 350 2157 363 -
2186 321 2402 379 EPIST.
2437 323 2485 378 II
2517 323 2737 380 PETRI.

3587 336 3688 389 690

395 477 3678 508 mm

1463 539 1922 661 EPlSTOLA
1983 589 2050 660 II
2108 589 2195 660 B.
2263 589 2567 662 PETRI.

910 892 1406 950 ARGUMENTUM
1431 937 1443 950 .

457 1017 642 1074 Simon
692 1016 885 1072 Petrus
929 1031 1030 1087 per
1075 1016 1238 1072 fidem
1285 1017 1413 1073 huic
1460 1017 1663 1074 mundo
1709 1017 1982 1090 sapientes

387 1113 631 1161 mortuos
663 1121 789 1161 esse
816 1105 1074 1172 declarat,
1099 1105 1415 1178 eisdemque
1442 1106 1660 1178 pietatis
1689 1116 1886 1180 quanta
1916 1109 1986 1164 sit

386 1194 706 1268 magnitudo
737 1193 858 1250 luce
887 1195 1007 1266 ipsa
1036 1194 1238 1250 clarius
1266 1194 1588 1251 manifestat.

909 1336 1138 1392 CAPUT
1177 1337 1464 1393 PRIMUM.

463 1460 635 1516 Vnus.
662 1463 712 1516 1.
735 1490 805 1501 -
823 1461 1038 1518 Simon.
1063 1461 1284 1531 (BEDA.)
1301 1462 1462 1516 Istam
1485 1461 1692 1517 eisdem
1715 1462 1912 1534 quibus
1933 1470 1987 1518 et

384 1549 614 1621 primam
646 1549 834 1605 scribit
865 1550 1166 1620 epistolam,
1200 1558 1328 1617 etc.,
1361 1568 1532 1624 usque
1563 1551 1636 1607 ad
1665 1568 1774 1606 non
1804 1568 1986 1609 cesse-

382 1646 525 1705 runt,
560 1638 830 1694 haereticis
859 1655 967 1694 non
999 1639 1213 1694 cedant.

452 1728 658 1784 Servus
688 1732 744 1784 et
774 1729 1090 1801 Apostolus.
1137 1728 1558 1785 Commendatur
1585 1745 1816 1802 persona
1847 1730 1984 1786 scri-

383 1815 584 1872 bentis.

456 1905 829 1978 Cowqualem.
854 1904 1074 1978 (BEDA.)
1090 1904 1408 1978 Coznquales
1429 1906 1531 1961 sibi
1553 1908 1853 1980 cognoscit,
1877 1924 1984 1964 non

383 2009 486 2064 pro
521 1994 962 2061 circumcisione,
995 1995 1093 2050 sed
1125 1995 1253 2067 quia
1283 1995 1472 2050 eadem
1505 2012 1665 2068 quam
1696 1997 1800 2068 ipsi
1829 2012 1986 2054 acce-

388 2091 587 2154 perant
617 2083 813 2138 Christi
844 2084 1074 2156 gratiam
1107 2091 1159 2140 et
1186 2083 1347 2139 fidem
1394 2093 1446 2140 et
1492 2086 1633 2142 hanc
1677 2103 1778 2157 per
1823 2102 1988 2158 opera

384 2172 734 2228 exercebant.
770 2174 835 2227 In
855 2174 1110 2244 justitia.
1145 2175 1295 2228 Hanc
1321 2174 1581 2243 justitiam
1613 2191 1721 2230 non
1751 2176 1982 2230 humana

384 2261 678 2332 prudentia
704 2261 927 2332 reperit,
950 2277 1052 2317 nec
1080 2261 1218 2334 legis
1247 2262 1508 2318 institutio
1534 2263 1736 2332 docuit,

385 2357 495 2404 ster
526 2349 772 2404 Salvator
801 2351 855 2404 in
883 2351 1186 2422 Evangelio
1215 2352 1451 2406 ostendit
1484 2370 1497 2406 :
1530 2354 1650 2408 Nisi
1669 2355 1985 2410 abundave-

382 2440 463 2494 rit
478 2440 711 2509 iustitia
734 2444 919 2494 vestra
937 2441 1068 2512 plus
1087 2458 1253 2513 quam
1272 2441 1586 2496 scribarum
1607 2447 1664 2498 et
1681 2444 1986 2500 Pharisazo-

384 2541 536 2589 rum,
558 2542 674 2580 non
696 2525 989 2580 intrabitis
1012 2528 1074 2580 in
1095 2528 1336 2598 regnum
1359 2529 1625 2583 caelorum
1656 2529 1874 2599 (Matth.
1899 2531 1979 2599 v).

453 2609 628 2663 Vnus.
648 2613 702 2666 2.
726 2640 796 2649 -
819 2610 1013 2665 Gratia
1035 2611 1199 2665 vobis.
1221 2611 1442 2682 (BEDA.)
1466 2612 1522 2665 In
1538 2611 1716 2682 prima
1744 2613 1985 2684 Epistola

389 2697 610 2768 scripsit
649 2699 1110 2770 multiplicetur;
1144 2698 1199 2752 in
1242 2701 1361 2769 hac,
1394 2700 1778 2774 adimpleatur
1806 2722 1823 2757 :
1857 2703 1986 2774 quia

383 2785 529 2841 illam
561 2786 962 2857 incipientibus,
995 2788 1138 2843 hanc
1165 2787 1582 2858 perfectioribus
1612 2789 1817 2845 scribit.
1841 2791 1984 2845 Mul-

383 2875 662 2946 tiplicatur
691 2875 872 2948 gratia
918 2875 1057 2931 bene
1087 2874 1500 2946 proﬁcientibus
1537 2877 1593 2932 in
1620 2880 1725 2935 hac
1753 2879 1860 2934 vita
1889 2895 1987 2950 per

381 2962 565 3031 ﬁdem,
609 2964 998 3035 adimplebitur
1042 2965 1486 3036 pervenientibus
1533 2967 1586 3021 in
1616 2968 1721 3023 alia
1749 2969 1858 3024 vita
1888 2985 1989 3039 per

380 3053 641 3124 speciem.
690 3054 846 3109 Unde
895 3053 1062 3122 addit,
1118 3055 1181 3109 in
1212 3056 1528 3127 cognitione
1561 3058 1679 3123 Dei,
1731 3057 1785 3112 id
1817 3065 1900 3112 est
1927 3065 1986 3112 ut

381 3143 623 3199 noscatis
653 3159 822 3198 unum
851 3158 1042 3201 verum
1073 3143 1266 3211 Deum,
1318 3151 1372 3200 et
1400 3161 1560 3216 quem
1608 3145 1754 3201 misit
1798 3147 1983 3202 Jesum

382 3231 681 3287 Christum.

458 3330 639 3385 Vnus.
669 3332 721 3385 3.
745 3359 815 3370 -—
846 3331 1119 3401 Quomodo
1140 3333 1352 3388 omnia.
1381 3329 1512 3404 (11).)
1533 3331 1612 3386 Ita
1630 3330 1989 3403 adimpleatur

388 3419 566 3490 gratia
597 3419 820 3486 Christi,
853 3428 981 3490 etc.,
1014 3437 1188 3494 usque
1217 3423 1288 3477 ad
1316 3421 1413 3477 sed
1442 3419 1688 3476 inﬁmos
1718 3430 1771 3476 et
1801 3421 1984 3494 inglo-

381 3504 488 3560 rios
518 3519 621 3560 sua
649 3505 844 3560 virtute
872 3506 1143 3577 reparavit
1173 3515 1224 3562 et
1251 3505 1445 3579 gloria.

1997 899 2052 958 Α
2155 899 2326 953 Vnus.
2361 902 2412 953 9.
2447 929 2516 938 —
2550 900 2736 956 Caecus
2766 905 2852 958 est
2881 908 2937 958 et
2967 919 3147 960 manu
3178 909 3427 962 tentans.
3460 907 3683 979 (BEDA.)

2087 985 2290 1042 Oculus
2320 987 2620 1054 scientiam,
2646 1005 2839 1044 manus
2869 992 3236 1062 operationem
3257 993 3526 1068 designat,
3553 1005 3683 1068 etc.,

2085 1092 2259 1148 usque
2288 1075 2361 1131 ad
2391 1077 2652 1146 praescire
2683 1079 2962 1150 nequibat,
2995 1080 3200 1136 incidit.

2160 1163 2502 1220 Oblivionem
2523 1167 2824 1238 accipiens.
2851 1166 3082 1236 Quando
3099 1171 3262 1226 homo
3284 1170 3353 1226 de
3381 1181 3607 1243 peccato
3627 1174 3683 1228 in

2085 1260 2368 1322 peccatum
2400 1253 2563 1323 cadit,
2590 1253 2804 1309 videtur
2832 1256 3032 1311 oblitus
3062 1259 3203 1328 pacti
3253 1259 3398 1332 quod
3446 1260 3500 1316 in
3546 1262 3683 1334 bap-

2084 1339 2245 1396 tismo
2275 1356 2400 1396 cum
2429 1341 2546 1395 Deo
2576 1342 2712 1398 iniit.

2159 1430 2329 1484 Vnus.
2361 1434 2444 1484 10.
2470 1462 2539 1470 -
2571 1432 2688 1486 Non
2717 1433 3020 1505 peccabitis
3051 1436 3374 1508 aliquando.
3399 1437 3457 1492 ld
3481 1446 3582 1506 est,
3615 1439 3684 1495 ad

2087 1518 2249 1573 vitam
2266 1526 2528 1573 aeternam
2549 1520 2844 1592 attingetis,
2864 1522 2955 1576 ubi
2976 1524 3208 1594 amplius
3238 1541 3345 1580 non
3366 1527 3680 1596 peccabitis.

2087 1607 2183 1662 Vel
2215 1608 2519 1662 criminalia
2549 1608 2806 1674 vitabitis,
2831 1627 2951 1680 quae
2983 1612 3074 1683 qui
3107 1613 3299 1684 egerit,
3324 1631 3432 1669 non
3463 1615 3686 1671 habebit

2086 1696 2456 1751 hmreditatem
2505 1696 2560 1751 in
2608 1713 2781 1769 regno
2830 1698 3064 1769 Christi,
3111 1717 3141 1755 a
3190 1702 3386 1773 quibus
3428 1703 3684 1759 immunis

2081 1785 2305 1853 juvante
2335 1785 2567 1840 Domino
2597 1795 2901 1855 permanet,
2955 1788 3046 1860 qui
3095 1791 3420 1860 supradictis
3468 1791 3684 1848 virtuti-

2087 1873 2189 1927 bus
2217 1890 2277 1929 se
2306 1874 2718 1945 mancipaverit.
2741 1874 2869 1930 Sine
2891 1877 3193 1932 venialibus
3214 1895 3345 1934 vero
3361 1879 3541 1935 nullus
3562 1897 3685 1937 esse

2086 1969 2282 2033 potest.
3071 1959 3080 1970 ²

2161 2053 2331 2107 Vnus.
2361 2053 2418 2106 11
2435 2082 2523 2107 ,-
2545 2053 2633 2110 Sic
2651 2055 2824 2110 enim.
2847 2055 3068 2125 (BEDA.)
3089 2056 3342 2111 Ezechiel
3363 2055 3594 2129 loquens
3618 2059 3686 2115 de

2088 2139 2318 2196 aediﬁcio
2345 2140 2398 2194 in
2429 2151 2611 2197 monte
2643 2143 2956 2210 constituto,
2989 2151 3116 2212 etc.,
3150 2161 3325 2218 usque
3361 2145 3454 2215 ad,
3504 2151 3560 2202 et
3597 2147 3684 2202 vi-

1761 2229 1858 2319 séd
1889 2229 2052 2320 ho_B
2088 2229 2310 2320 debitur
2338 2232 2485 2285 Deus
2516 2231 2747 2287 deorum
2778 2234 2841 2286 in
2871 2233 3003 2289 Sion
3033 2233 3207 2302 (Psal.
3237 2235 3502 2306 Lxxxnl).

2156 2319 2324 2371 Vnus.
2362 2321 2447 2374 12.
2471 2350 2540 2358 -
2568 2322 2661 2375 Vos
2692 2321 2968 2392 incipiam
2998 2338 3217 2395 semper
3247 2339 3596 2380 commonere
3618 2325 3686 2380 de

2084 2406 2192 2461 his.
2227 2407 2295 2462 Ut
2325 2406 2394 2460 sit
2425 2408 2581 2462 vobis
2609 2408 2862 2463 introitus
2892 2418 3085 2480 patens
3115 2411 3184 2464 ad
3234 2412 3428 2466 Sancta
3459 2421 3680 2468 sancto-

2083 2511 2224 2564 rum,
2259 2494 2452 2549 iterum
2483 2504 2536 2551 et
2565 2496 2762 2552 iterum
2792 2498 3028 2553 monebo
3058 2514 3176 2568 vos,
3201 2505 3253 2552 et
3270 2515 3489 2570 semper
3509 2516 3606 2555 ero
3629 2501 3682 2556 in

2082 2584 2412 2656 inctnptione
2437 2628 2450 2651 ,
2507 2585 2636 2657 quia
2690 2602 2966 2658 nunquam
3016 2587 3118 2641 erit
3167 2586 3291 2641 ﬁnis
3339 2587 3673 2658 monitionis.

2085 2671 2241 2740 Quod
2273 2689 2408 2747 ergo
2439 2689 2547 2729 non
2568 2683 2650 2730 est
2677 2673 2808 2729 mihi
2828 2675 3044 2746 pigrum
3062 2675 3261 2746 saepius
3282 2675 3499 2745 iterare,
3525 2677 3682 2733 vobis

2083 2776 2192 2815 non
2225 2761 2292 2815 sit
2321 2778 2614 2817 onerosum
2643 2763 2842 2834 saepius
2871 2764 3079 2820 audire.

2155 2852 2226 2906 Et
2244 2851 2466 2923 quidem
2482 2852 2742 2907 scientes.
2760 2853 2982 2922 (BEDA.)
2994 2853 3178 2922 Quare
3190 2853 3304 2908 vult
3319 2869 3544 2926 monere
3560 2853 3683 2910 illos

2083 2938 2175 3010 qui
2208 2939 2399 3004 sciunt,
2421 2946 2473 2993 et
2501 2937 2808 2994 continuati
2826 2942 2994 2995 sunt?
3024 2943 3153 2997 Ideo
3184 2941 3390 2998 scilicet
3417 2949 3475 2997 ut
3504 2942 3686 2999 scien-

2083 3027 2215 3082 tiam
2245 3044 2407 3099 quam
2436 3028 2658 3097 habent,
2691 3029 2950 3099 operibus
2980 3039 3291 3101 exerceant,
3315 3040 3368 3086 et
3398 3031 3684 3088 vanitatem

2084 3117 2236 3186 cujus
2267 3117 2559 3187 praesentia
2589 3115 2897 3172 confirmati
2936 3127 3076 3190 sunt,
3127 3117 3235 3174 fixa
3270 3127 3453 3176 mente
3499 3127 3684 3176 custo-

2083 3205 2248 3270 diant,
2283 3221 2350 3260 ne
2383 3205 2603 3276 quando
2631 3222 2733 3276 per
2779 3206 3073 3279 magistros
3117 3207 3326 3264 erroris
3373 3207 3624 3265 excidant
3650 3224 3686 3265 ει

2083 3291 2432 3363 simplicitate
2460 3301 2514 3349 et
2543 3293 2792 3349 castitate
2821 3293 2969 3351 ﬁdei.

2154 3407 2326 3463 Vnus.
2345 3411 2504 3463 13.-
2523 3409 2752 3465 Iustum
2771 3413 2985 3477 autem,
3001 3418 3105 3466 etc.
3130 3409 3258 3466 Ideo
3276 3411 3532 3479 monebo,
3557 3410 3686 3484 quia

2077 3495 2284 3565 justum
2311 3496 2562 3566 arbitror,
2595 3514 2694 3568 per
2724 3499 2828 3553 hoc
2859 3499 3006 3570 quod
3035 3499 3300 3554 Dominus
3331 3499 3567 3574 benigne
3588 3515 3684 3556 vo-

445 3602 618 3656 Vnus.
645 3603 696 3656 4.
721 3632 791 3642 -
815 3603 1061 3658 Maxima
1083 3607 1139 3659 et
1154 3606 1407 3676 pretiosa
1421 3604 1577 3660 nobis
1594 3606 1874 3678 promissa
1897 3604 1963 3660 do
2016 3621 2065 3686 α
2087 3586 2230 3685 calfit
2256 3602 2366 3686 ῐξξθν
2408 3593 2462 3641 ει
2491 3585 2875 3686 θίξηδῐξτιανίί»-
2903 3594 2959 3686 εξ
3002 3587 3140 3686 “KQS
3187 3586 3516 3686 οοοθπῐξθοΐθ
3561 3603 3684 3646 πιο-

381 3691 560 3746 navit.
597 3690 656 3744 Id
687 3699 770 3745 est
797 3690 962 3746 vitam
991 3700 1254 3748 aeternam
1286 3709 1450 3764 quam
1469 3709 1568 3764 per
1587 3693 1701 3762 ejus
1721 3687 1986 3768 cognitio:

381 3794 502 3834 nem
535 3795 961 3851 consequamur.
995 3781 1094 3836 Vel
1124 3797 1244 3853 qum
1273 3781 1523 3853 promisit
1552 3782 1730 3852 nobis,
1763 3783 1832 3838 de
1861 3798 1985 3841 con-

383 3869 639 3924 versione
670 3869 902 3924 aliorum
933 3886 1035 3940 per
1063 3887 1183 3937 nos,
1234 3869 1320 3926 vel
1370 3872 1438 3926 de
1485 3871 1724 3926 adventu
1755 3871 1986 3943 Spiritus

387 3957 582 4023 sancti,
616 3957 701 4012 vel
732 3958 802 4013 de
831 3958 1073 4029 potentia
1100 3959 1486 4016 miraculorum
1517 3960 1757 4016 donavit.

451 4046 623 4101 Vnus.
649 4049 700 4101 5.
726 4077 794 4087 -
819 4048 1136 4104 Ministrate
1167 4051 1230 4105 in
1258 4050 1388 4119 ﬁde.
1421 4050 1642 4120 (BEDA.)
1661 4051 1784 4105 Non
1805 4049 1983 4105 solum

388 4131 610 4207 fugiatis
640 4135 1135 4206 concupiscentiam
1184 4137 1390 4208 mundi,
1441 4146 1571 4204 etc.,
1605 4154 1782 4211 usque
1811 4138 1882 4194 ad
1912 4155 1981 4195 ne

382 4221 494 4278 sitis
523 4223 722 4279 molles
753 4232 805 4280 et
833 4224 1105 4282 dissoluti.

450 4313 621 4368 Vnus.
647 4317 698 4368 6.
722 4344 791 4355 ——
813 4314 877 4369 In
906 4315 1148 4371 scientia
1176 4318 1370 4371 autem
1390 4315 1820 4373 abstinentiam.
1847 4315 1976 4388 (11).)

378 4399 507 4456 Cum
538 4401 683 4457 bona
714 4402 894 4458 facere
924 4403 1241 4470 didiceritis,
1294 4421 1391 4477 spe
1435 4405 1558 4461 vitae
1606 4413 1824 4460 aeternae
1850 4421 1976 4463 mox

381 4505 412 4543 a
439 4490 598 4546 malis
632 4491 922 4562 abstinete,
947 4500 999 4546 et
1029 4493 1081 4545 in
1105 4493 1433 4566 cogitatione
1455 4502 1506 4549 et
1538 4494 1592 4549 in
1621 4509 1807 4566 Opere,
1831 4510 1900 4548 ne
1920 4494 1975 4548 in

379 4593 610 4635 vacuum
641 4579 869 4635 scientia
900 4581 1201 4638 caelestium
1232 4583 1409 4649 cedat,
1433 4581 1480 4638 si
1510 4599 1570 4639 se
1600 4583 1670 4639 ab
1700 4583 1976 4639 illecebris

379 4668 561 4724 saeculi
593 4667 790 4740 aliquis
820 4684 930 4724 non
959 4679 1230 4728 coerceat.

447 4757 617 4812 Vnus.
653 4759 706 4814 ’7.
750 4788 819 4798 -—
858 4759 922 4815 In
947 4761 1160 4831 pietate
1189 4764 1399 4816 autem.
1433 4761 1564 4832 (Ιυ.)
1595 4761 1720 4816 Non
1748 4760 1973 4817 alterius

379 4844 456 4899 rei
485 4845 679 4901 intuitu
709 4845 925 4916 pietatis
955 4863 1126 4918 opera
1173 4848 1500 4904 adversariis
1531 4849 1727 4904 vestris
1755 4850 1972 4920 impen-

379 4931 536 4999 datis,
569 4934 673 4989 nisi
703 4933 952 4990 fraternae
982 4936 1308 5004 dilectionis,
1359 4945 1417 4992 ut
1459 4954 1560 5009 pro
1607 4937 1686 4994 eis
1717 4938 1884 4994 oretis
1913 4945 1972 4994 ut

377 5030 779 5092 convertantur,
815 5025 908 5096 qui
937 5025 1186 5081 doctrina
1221 5034 1406 5082 vestra
1452 5027 1540 5083 vel
1584 5027 1970 5100 increpationi-

377 5108 475 5165 bus
505 5112 695 5167 nolunt
725 5114 987 5170 converti.

443 5200 611 5256 Vnus.
628 5203 890 5258 8.-Hcec
909 5203 1064 5258 enim
1087 5206 1139 5259 si
1159 5205 1456 5274 vobiscum,
1483 5212 1586 5262 etc.
1612 5205 1742 5261 Ideo
1763 5207 1882 5262 haec
1900 5214 1979 5263 te-

378 5295 496 5344 nete
528 5297 580 5344 et
608 5289 728 5345 aliis
755 5291 1079 5359 ministrate,
1105 5292 1232 5364 quia
1261 5293 1376 5348 hazc
1399 5293 1576 5348 omnia
1608 5294 1653 5348 si
1681 5295 1859 5350 adsint
1886 5311 1977 5352 vo-

376 5375 456 5431 bis
486 5378 542 5432 in
570 5377 766 5434 affectu
796 5379 998 5450 cordis,
1024 5390 1076 5435 et
1106 5381 1267 5436 etiam
1290 5391 1564 5452 superent,
1592 5383 1646 5438 id
1665 5391 1747 5438 est
1777 5383 1973 5439 adver-

1999 4984 2052 5045 D

2087 3674 2220 3741 nuit,
2255 3675 2445 3731 dicens
2478 3691 2490 3729 :
2529 3676 2812 3746 Conﬁrma
2840 3677 3053 3747 fratres
3082 3679 3224 3745 tuos,
3277 3677 3546 3733 suscitare
3581 3693 3682 3733 vos

2086 3762 2244 3834 quasi
2272 3761 2606 3820 dormientes
2635 3763 2706 3818 ad
2734 3763 2852 3818 haec
2872 3763 3150 3834 praedicta,
3173 3780 3390 3836 semper
3417 3764 3686 3821 exsistens

2083 3852 2140 3908 in
2169 3852 2568 3908 commonendo
2601 3851 2882 3908 sollicitus.

2153 3941 2324 3996 Vnus.
2362 3941 2448 3996 14.
2482 3970 2551 3981 -
2580 3943 2865 4014 Depositio
2896 3941 3246 3998 tabernaculi
3285 3943 3417 3998 mei.
3458 3941 3681 4014 (BEDA.)

2081 4029 2314 4085 Pulchre
2343 4044 2451 4084 non
2479 4038 2734 4096 mortem,
2771 4030 2869 4085 sed
2899 4029 3292 4101 depositionem
3342 4040 3519 4101 vocat,
3552 4031 3681 4102 quia

2080 4118 2160 4175 sic
2190 4126 2272 4174 est
2300 4117 2514 4173 famulis
2558 4118 2658 4174 Dei
2701 4117 2884 4175 carnis
2932 4119 3234 4176 retinacula
3276 4135 3491 4186 eruere,
3543 4119 3682 4176 sicut

2080 4207 2378 4263 viatoribus
2409 4206 2655 4264 confecto
2684 4207 2878 4264 itinere
2907 4208 3131 4264 domum
3158 4208 3432 4280 propriam
3461 4223 3562 4280 pro
3591 4208 3680 4263 ba-

2079 4295 2337 4351 bitatione
2369 4296 2706 4352 tabernaculi
2735 4297 2908 4364 adire,
2943 4297 3083 4354 sicut
3110 4297 3302 4368 positis
3344 4297 3401 4351 in
3449 4295 3677 4368 expedi-

2077 4385 2223 4440 tione
2248 4393 2517 4457 prostrato
2547 4385 2704 4441 hoste
2733 4387 2802 4440 ad
2830 4385 3060 4458 patriam
3089 4385 3287 4441 redire.

2148 4483 2317 4538 Vnus.
2354 4486 2440 4538 15.
2473 4513 2542 4523 -
2569 4484 2713 4540 Dabo
2743 4487 2937 4540 autem
2965 4498 3213 4556 operam.
3248 4481 3390 4550 Quia
3419 4481 3525 4538 cito
3556 4498 3676 4537 sum

2075 4572 2419 4640 transiturus,
2452 4570 2576 4627 ideo
2606 4571 2824 4625 interim
2853 4572 2982 4626 dum
3011 4571 3154 4639 vivo,
3188 4570 3331 4626 dabo
3362 4585 3584 4642 operam
3616 4579 3678 4626 ut

2074 4676 2170 4717 vos
2201 4659 2532 4732 frequenter,
2567 4659 2774 4715 scilicet
2804 4659 3017 4731 quoties
3054 4659 3330 4714 instabunt
3377 4660 3587 4731 pseudo
3621 4669 3676 4716 et

2073 4749 2255 4805 volent
2301 4764 2398 4803 vos
2447 4749 2761 4802 abstrahere
2786 4789 2800 4818 ,
2850 4747 3093 4803 habeatis
3139 4749 3256 4804 haec
3305 4748 3361 4802 in
3409 4750 3672 4805 memoria

2073 4846 2196 4910 post
2225 4837 2431 4893 obitum
2459 4853 2662 4906 meum,
2697 4836 2912 4908 quando
2959 4853 3047 4892 me
3076 4845 3402 4908 praesentem
3431 4854 3540 4894 non
3568 4840 3670 4893 ha-

2073 4926 2269 4983 bebitis
2311 4925 2614 4995 doctorem,
2658 4941 2768 4980 non
2810 4926 3051 4998 quolibet
3092 4925 3256 4981 modo
3299 4927 3524 4994 habere,
3573 4929 3672 4984 sed

2074 5017 2145 5072 ita
2173 5023 2230 5070 ut
2259 5016 2451 5071 horum
2480 5015 2798 5071 memoriam
2828 5014 3037 5072 faciatis
3081 5031 3249 5088 opere
3295 5015 3667 5089 adimplendo,

2077 5113 2130 5160 et
2156 5105 2292 5160 alios
2323 5105 2592 5161 docendo.

2148 5197 2281 5252 Post
2308 5196 2540 5262 obitum,
2560 5201 2665 5251 etc.
2685 5191 2879 5250 Obitus
2895 5192 3088 5250 dicitur
3117 5202 3430 5252 sanctorum
3448 5195 3668 5268 quando

2081 5292 2279 5340 exeunt
2308 5284 2528 5340 obviam
2559 5298 2781 5355 sponso.

2133 5387 2303 5440 Vnus.
2324 5389 2482 5441 16.—
2496 5388 2614 5442 Non
2631 5388 2786 5442 enim
2798 5386 3054 5442 indoctus
3066 5385 3310 5458 fabulas,
3327 5393 3432 5441 etc.
3449 5385 3672 5457 (BnnA.)

378 5480 493 5520 sum
542 5467 793 5522 vitiorum
839 5468 981 5523 bella
1028 5471 1430 5540 prmi/aluerint,
1477 5486 1586 5525 non
1629 5487 1726 5526 vos
1774 5489 1973 5528 vacuos
2073 5473 2173 5529 Hic
2204 5483 2255 5528 et
2285 5491 2528 5547 paganos
2558 5474 2727 5547 tangit
2744 5483 2796 5530 et
2821 5475 3129 5531 haereticos.
3152 5473 3376 5546 Pagani,
3404 5473 3670 5544 quidquid

380 5554 660 5612 virtutibus
691 5557 1019 5613 constituent
1051 5559 1105 5612 in
1134 5560 1239 5616 hoc
1267 5559 1489 5628 szeculo,
1531 5560 1618 5613 vel
1649 5560 1765 5614 sine
1796 5566 1971 5616 tructu
2073 5578 2168 5618 eos
2198 5563 2524 5628 delectabat,
2546 5563 2680 5618 deos
2696 5564 2970 5636 appellare
2986 5580 3095 5617 non
3117 5563 3424 5615 timuerunt.
3447 5561 3674 5616 Haereti-

379 5641 432 5696 in
461 5643 657 5700 futuro.
1220 5639 1223 5641 ’
2079 5652 2147 5718 ci,
2181 5651 2423 5723 acceptis
2457 5651 2559 5708 Dei
2588 5655 2699 5709 veri
2730 5661 3022 5724 mysterus,
3043 5652 3109 5705 de
3127 5658 3330 5704 caetero
3349 5665 3456 5704 non
3476 5649 3676 5704 divinis
