3964 6178
276 292 374 349 691

847 283 1257 341 WALAFRIDI
1278 281 1524 339 STRABI
1545 281 1744 338 FULD.
1775 278 1931 339 MON
1959 279 2111 337 OPP.
2145 280 2324 337 PARS
2354 281 2378 336 Ι
2407 309 2476 322 --
2495 277 2969 338 THEOLOGICA.

3479 286 3582 343 693

286 410 584 495 Scripturis
628 410 936 476 attendere,
982 409 1081 464 sed
1124 407 1302 479 potius
1344 407 1415 462 ad
1458 421 1681 461 sensum
1724 420 1881 462 erro-
1906 410 2032 474 Aet
2060 420 2184 462 cum
2212 406 2332 462 loca
2359 404 2596 461 incendii
2623 406 2973 476 postmodum
3002 406 3198 462 Mortui
3228 406 3397 464 maris
3427 408 3585 465 undis

293 493 458 559 neum
487 501 586 555 has
605 500 750 554 male
786 496 1191 569 interpretando
1222 493 1518 550 transferre
1545 495 1882 551 studuerunt.

366 590 472 649 Sed
500 590 880 663 speculatores
900 588 1064 658 facti,
1090 593 1194 641 etc.
1220 582 1650 657 Transﬁguratio
1670 585 1889 640 Domini

292 686 346 735 et
376 679 598 735 claritas
628 678 744 747 ejus
790 676 1006 748 signum
1052 682 1171 729 erat
1212 674 1631 729 resurrectionis
1676 690 1788 730 suae
1834 682 1887 730 et

296 776 519 825 nostrae.
553 768 658 822 Per
685 766 862 821 Eliam
890 764 981 835 qui
1011 780 1136 819 cum
1162 779 1227 818 eo
1259 763 1529 834 apparuit,
1568 762 1888 835 intelligitur

289 854 621 913 resurrectio
650 870 840 909 eorum
872 852 963 925 qui
992 851 1211 907 fuerunt
1239 860 1365 909 ante
1394 852 1596 926 legem.
1620 853 1723 907 Per
1742 853 1887 922 Moy-

288 962 405 1013 sen,
441 960 628 1001 eorum
660 942 753 1014 qui
782 942 883 996 sub
912 942 1035 1013 lege
1060 960 1074 1008 ;
1105 958 1205 1012 per
1232 941 1473 1012 Petrum,
1516 948 1568 995 et
1596 941 1881 1008 Iacobum,

286 1043 339 1091 et
364 1037 648 1099 Joannem,
684 1047 872 1087 eorum
904 1031 997 1103 qui
1028 1031 1129 1085 sub
1159 1030 1353 1101 gratia.
1385 1030 1504 1097 Vel,
1528 1046 1629 1101 per
1658 1032 1884 1101 Moysen

282 1130 555 1179 mortuum
585 1128 945 1189 mortuorum,
977 1136 1077 1191 per
1106 1120 1259 1176 vivos
1291 1119 1556 1175 vivorum.

350 1225 520 1280 VERS.
556 1226 643 1279 19.
676 1253 745 1264 --
784 1224 854 1278 Et
898 1223 1164 1279 habemus
1196 1222 1527 1292 ﬁrmiorem.
1572 1218 1732 1290 Quod
1771 1220 1883 1276 dixi

280 1313 457 1381 vobis,
490 1327 601 1369 non
628 1320 711 1368 est
740 1311 1071 1377 fabulosum,
1106 1310 1204 1366 sed
1233 1318 1464 1376 certum,
1513 1317 1567 1364 et
1609 1325 1720 1366 non
1758 1317 1881 1365 tan-

280 1412 393 1460 tum
420 1402 508 1458 his
539 1401 714 1475 signis
744 1400 1094 1469 declaratum,
1129 1399 1227 1455 sed
1259 1400 1423 1454 etiam
1464 1398 1534 1453 ad
1582 1400 1880 1454 confirma-

275 1492 481 1547 tionem
509 1498 713 1547 nostra)
754 1488 1158 1561 praedicationis
1206 1488 1473 1544 habemus
1500 1487 1882 1558 propheticum

279 1595 591 1638 sermonem
604 1579 780 1635 David
806 1597 818 1633 :
843 1578 1116 1635 Dominus
1136 1578 1288 1633 dixit
1309 1577 1381 1633 ad
1401 1592 1509 1643 me,
1528 1577 1705 1633 Filius
1722 1592 1880 1633 meus

278 1686 335 1728 es
366 1674 431 1727 tu
461 1670 636 1741 (Psal.
660 1669 744 1740 ιι),
769 1675 898 1734 etc.,
923 1666 1220 1721 ﬁrmiorem
1239 1666 1382 1721 inter
1403 1665 1539 1721 alios
1559 1665 1873 1737 prophetas,

277 1758 403 1831 quia
433 1758 636 1815 clarius
664 1756 786 1813 aliis
815 1757 884 1812 de
914 1756 1132 1811 Christo
1161 1755 1521 1827 prophetavit.

352 1848 455 1905 Cui
475 1847 807 1918 benefacitis
824 1844 1202 1902 attendentes.
1227 1844 1450 1915 (ΒεοΑ.)
1472 1845 1541 1900 Ut
1561 1843 1742 1900 lucem
1757 1858 1880 1914 pos-

284 1936 403 1992 sitis
430 1935 638 1991 habere
665 1933 926 1999 scientia},
958 1941 1087 2000 etc.,
1120 1949 1295 2006 usque
1319 1933 1392 1988 ad
1421 1933 1493 1987 ad
1523 1932 1886 2004 comparatio-

281 2041 410 2082 nem
437 2023 632 2080 futurae
660 2023 785 2079 vita:
813 2023 1039 2078 lucerna
1065 2022 1393 2094 indigemus.

350 2123 524 2178 Vens.
547 2124 635 2178 20.
661 2151 731 2161 —
757 2122 867 2177 Hoc
896 2121 1150 2192 primum
1170 2119 1581 2191 intelligentes.
1608 2118 1883 2175 Attendite

274 2210 594 2285 prophetico
636 2209 896 2275 sermoni,
949 2224 1077 2264 nam
1118 2224 1149 2264 a
1178 2210 1295 2264 Deo
1340 2216 1442 2263 est.
1497 2207 1656 2277 Quod
1702 2215 1884 2279 potest

270 2299 493 2373 probari
539 2316 637 2371 per
678 2300 812 2364 hoc,
865 2298 1011 2370 quod
1058 2297 1348 2369 prophetia
1390 2313 1500 2353 non
1548 2305 1633 2351 est
1683 2297 1883 2352 talibus

272 2388 457 2447 verbis
484 2395 539 2445 et
567 2388 661 2444 tali
702 2386 867 2443 modo
909 2386 1198 2443 locutionis
1243 2385 1466 2457 scripta,
1516 2386 1663 2457 quali
1714 2393 1880 2442 utun-

270 2486 358 2535 tur
402 2478 653 2534 homines
700 2476 758 2531 in
801 2475 1073 2532 locutione
1121 2490 1240 2541 sua,
1290 2482 1344 2530 et
1385 2474 1533 2546 quali
1579 2475 1875 2532 saeculares

270 2567 556 2639 scripturae
583 2572 707 2621 sunt
735 2565 1051 2637 compositae
1098 2571 1152 2620 et
1192 2564 1578 2635 interpretatus.
1631 2566 1700 2620 Et
1755 2580 1883 2622 vere

272 2671 384 2714 non
414 2663 498 2713 est
535 2655 735 2713 locutio
780 2655 1169 2726 prOphetarum
1218 2654 1517 2710 secundum
1567 2670 1741 2720 suam,
1794 2653 1880 2710 vel

273 2744 607 2802 audientium
649 2744 1005 2810 voluntatem,
1052 2742 1151 2798 sed
1201 2743 1499 2799 secundum
1540 2740 1878 2800 voluntatem

275 2834 511 2907 Spiritus
543 2833 719 2890 sancti
747 2832 842 2905 qui
871 2832 1197 2905 loquebatur
1226 2832 1283 2886 in
1312 2831 1438 2886 illis.

340 2951 512 3006 Vens.
534 2953 596 3008 21
610 2979 701 3006 .--
720 2950 841 3007 Non
862 2949 1017 3006 enim
1035 2948 1330 3005 voluntate
1356 2949 1630 3005 humana.
1652 2946 1830 3020 (ΒεοΑ
1844 2961 1884 3033 .)

277 3039 424 3097 Sicut
451 3038 507 3094 in
533 3046 801 3112 potestate
828 3038 1218 3110 prophetarum
1247 3052 1357 3092 non
1386 3044 1502 3092 erat
1532 3053 1750 3109 semper
1780 3038 1886 3092 ha-

1989 494 2306 561 contexerit,
2341 510 2561 551 servare
2590 494 2766 551 adhuc
2796 494 2962 551 voluit
3003 496 3447 568 circumpositam
3492 515 3585 553 re-

1988 585 2204 656 gionem
2235 583 2433 655 prisca:
2461 583 2699 656 speciem
2718 600 2915 655 poenae.
2933 585 3245 640 Nascuntur
3264 586 3409 641 enim
3427 602 3587 658 poma

1985 674 2367 748 pulcherrima,
2394 690 2513 744 quae
2543 681 2594 729 et
2623 673 2822 729 edendi
2837 674 3187 745 cupiditatem
3217 675 3588 746 spectantibus

1988 770 2272 834 generant.
2303 762 2360 817 Si
2391 777 2603 833 carpas,
2637 761 2893 818 fatiscunt
2935 771 2987 817 et
3036 764 3387 819 resolvuntur
3415 764 3473 819 in
3502 766 3585 822 ci-

1986 867 2195 917 nerem,
2230 849 2547 923 fumumque
2576 851 2802 906 excitant
2837 851 2994 923 quasi
3036 852 3213 907 adhuc
3240 854 3485 909 ardeant.
3520 854 3587 911 In

1987 941 2255 996 cinerem.
2309 940 2458 1011 Ignis
2508 938 2597 1011 qui
2643 940 2952 995 Sodomitas
2993 941 3164 997 semel
3202 943 3451 1013 punivit,
3504 944 3583 998 si-

1986 1027 2208 1096 gniﬁcat
2250 1029 2396 1101 quod
2440 1028 2592 1099 impii
2633 1028 2751 1085 sine
2805 1028 2913 1085 ﬁne
2955 1038 3079 1085 sunt
3128 1031 3365 1102 passuri.
3424 1031 3584 1101 Quod

1984 1124 2129 1171 terra
2158 1116 2566 1189 fumigabunda,
2603 1118 2749 1190 quod
2778 1117 2987 1174 fructus
3034 1118 3388 1189 pulcherrimi
3430 1121 3584 1176 cine-

1984 1221 2100 1261 rem
2144 1205 2289 1261 intus
2334 1206 2536 1262 habent
2582 1215 2637 1262 et
2682 1206 2933 1275 fetorem,
2979 1207 3153 1263 innuit
3195 1208 3323 1283 quia
3364 1211 3587 1267 dilectio

1984 1294 2232 1362 carnalis,
2252 1294 2352 1350 etsi
2379 1295 2555 1350 stultis
2573 1295 2796 1365 arridet,
2819 1296 2895 1351 nil
2912 1304 3095 1353 tamen
3126 1298 3181 1353 in
3218 1298 3584 1355 invisibilibus

1981 1383 2087 1437 nisi
2114 1383 2420 1440 incendium
2454 1383 2557 1439 sibi
2586 1393 2891 1453 reservant,
2925 1386 3011 1441 vel
3043 1394 3101 1441 ut
3130 1385 3310 1443 fumus
3337 1397 3585 1444 tormen-

1982 1478 2157 1528 torum
2184 1472 2265 1529 eis
2294 1472 2351 1527 in
2381 1473 2583 1529 saecula
2614 1474 2936 1530 saeculorum
2965 1477 3247 1533 ascendat.

2051 1585 2221 1641 Vens.
2254 1586 2307 1640 '7.
2342 1614 2411 1626 —
2440 1588 2577 1642 Loth
2605 1603 2953 1659 oppressum.
2999 1588 3221 1660 (ΒευΑ.)
3251 1589 3585 1647 Cruciabant

1974 1675 2181 1743 justum
2211 1674 2398 1747 iniqua
2426 1675 2798 1746 proximorum
2846 1675 2988 1732 facta
3017 1685 3070 1733 et
3098 1678 3265 1746 dicta,
3299 1696 3421 1752 quae
3451 1696 3578 1737 cer-

1900 1769 1954 1829 B
1982 1780 2139 1830 nens,
2184 1763 2463 1835 corrigere
2510 1780 2621 1820 non
2661 1765 2894 1835 valebat,
2940 1766 3057 1837 ipse
3097 1776 3275 1823 autem
3321 1768 3380 1823 in
3425 1769 3583 1825 bonis

1983 1851 2193 1908 actibus
2222 1869 2281 1908 se
2311 1854 2645 1909 reservabat.
2678 1855 2792 1909 Nec
2820 1854 2971 1922 visis,
3019 1856 3107 1912 vel
3135 1857 3333 1913 auditis
3362 1858 3583 1930 ﬂagitiis

1984 1958 2044 1997 se
2087 1941 2350 1998 fuscabat.
2398 1942 2606 1999 Dicitur
2650 1942 2780 1998 item
2826 1943 2962 2011 visu,
3010 1945 3099 2001 vel
3142 1946 3325 2002 auditu
3361 1947 3578 2016 justus;

1984 2031 2111 2103 quia
2140 2030 2274 2085 nihil
2304 2031 2358 2085 in
2404 2031 2499 2087 illo
2542 2032 2816 2100 videbant,
2868 2033 3002 2088 nihil
3045 2035 3115 2091 de
3154 2051 3239 2105 eo
3264 2036 3576 2105 audiebant,

1981 2119 2086 2174 nisi
2116 2120 2262 2192 quod
2291 2120 2597 2192 pertinebat
2626 2122 2695 2177 ad
2718 2121 3002 2192 justitiam.
3233 2104 3248 2118 ’

2055 2218 2223 2273 Vens.
2260 2221 2312 2272 9.
2346 2249 2416 2259 —
2444 2220 2688 2292 Iniquos.
2718 2220 2931 2276 Pseudo
2972 2228 3025 2276 et
3054 2237 3239 2277 eorum
3285 2238 3572 2296 sequaces,

1983 2315 2037 2363 et
2067 2306 2192 2362 ideo
2222 2307 2388 2363 nolite
2417 2324 2513 2363 eos
2542 2308 2719 2380 sequi.

2054 2397 2119 2452 In
2149 2395 2298 2453 diem
2308 2397 2537 2469 judicii.
2562 2397 2783 2470 (ΒΕοΑ.)
2803 2398 2875 2453 Et
2903 2406 3027 2454 ante
3058 2398 3204 2455 diem
3214 2401 3405 2471 judicii
3421 2401 3580 2458 soluti

1983 2500 2213 2557 corpore
2239 2502 2429 2557 poenas
2462 2486 2634 2555 luunt,
2667 2494 2719 2542 et
2749 2487 2805 2541 in
2826 2486 3032 2557 judicio
3061 2489 3317 2561 graviora
3354 2506 3578 2563 exspec-

1982 2583 2113 2642 tant,
2148 2574 2367 2647 quando
2396 2591 2628 2647 corpore
2658 2582 2709 2631 et
2738 2576 2919 2632 anima
2948 2577 3355 2634 cruciabuntur.

2056 2691 2225 2746 Vens.
2262 2694 2348 2746 11.
2383 2720 2452 2732 —-
2486 2692 2581 2749 Ubi
2610 2694 2821 2764 angeli.
2856 2694 2938 2749 Ibi
2967 2694 3354 2751 cruciabuntur
3390 2696 3576 2769 iniqui,

1983 2779 2075 2835 ubi
2106 2780 2289 2853 angeli
2319 2779 2466 2848 mali,
2485 2780 2578 2853 qui
2596 2781 2748 2853 prius
2768 2789 2959 2838 contra
2974 2783 3148 2840 Deum
3178 2785 3578 2856 superbierant,

1984 2876 2038 2924 et
2064 2869 2191 2925 inde
2220 2869 2394 2941 puniti
2424 2878 2568 2936 sunt,
2593 2870 2707 2939 jam
2735 2886 2846 2927 non
2871 2879 3108 2942 portant,
3142 2873 3240 2929 sed
3266 2874 3451 2945 potius
3478 2875 3577 2929 ab-

1977 2957 2170 3027 jiciunt
2211 2958 2475 3027 judicium
2523 2958 2875 3030 superbiendi
2915 2969 3105 3017 contra
3148 2962 3325 3018 Deum
3372 2980 3387 3017 :
3435 2964 3577 3035 quod

1986 3055 2067 3103 est
2097 3048 2429 3104 exsecrabile
2466 3048 2731 3105 adversus
2761 3049 2993 3121 seipsos,
3027 3049 3151 3122 quia
3179 3067 3279 3122 pro
3328 3052 3426 3109 illo
3455 3068 3582 3124 gra-

275 3129 405 3186 bere
453 3128 697 3200 spiritum
717 3169 731 3194 ,
777 3143 998 3198 semper
1042 3125 1221 3181 futura
1266 3126 1570 3197 pmdicere
1604 3144 1618 3180 :
1652 3126 1727 3182 ita
1768 3141 1878 3181 non
1899 3134 1948 3197 α
1982 3136 2122 3193 vim-
2167 3137 2465 3208 puniumur
2484 3180 2497 3202 ,
2542 3144 2595 3192 et
2641 3136 2813 3192 tem-iii
2859 3138 3233 3212 magnitudine
3272 3156 3575 3212 pugnarum,

274 3225 389 3273 erat
417 3216 703 3288 potestatis
731 3231 919 3271 eorum
961 3222 1020 3269 ut
1047 3230 1382 3287 quaecunque
1430 3214 1650 3282 vellent,
1701 3215 1874 3271 doce-

274 3313 417 3374 rent,
450 3305 548 3361 sed
577 3320 645 3360 ea
672 3304 787 3360 sola
816 3304 1072 3361 dicebant
1118 3318 1239 3376 quae
1267 3320 1299 3359 a
1330 3302 1518 3375 spiritu
1550 3304 1872 3359 didicerant.

270 3394 400 3451 Haec
426 3392 556 3470 ideq
580 3393 852 3463 dicuntur,
875 3409 945 3450 ne
973 3393 1095 3467 quis
1115 3394 1184 3450 ad
1211 3392 1424 3450 libitum
1449 3409 1605 3451 suum
1637 3393 1877 3465 Scriptu-

273 3498 367 3540 ras
394 3490 655 3557 exponat.

829 3649 1057 3708 CAPUT
1083 3650 1160 3706 Il.

325 3786 341 3805 ⁸
361 3794 533 3851 Vatis.
556 3797 606 3849 1.
628 3822 699 3835 -—
726 3792 1126 3851 Perditionem.
1158 3792 1350 3849 Merito
1377 3791 1738 3865 perditionem
1777 3793 1883 3861 sibi

272 3884 554 3951 inducunt,
584 3883 677 3957 qui
704 3883 1127 3955 Redemptorem
1176 3899 1335 3937 suum
1378 3891 1611 3955 negant,
1653 3883 1742 3939 vel
1770 3899 1880 3939 non

275 3973 493 4044 qualem
509 3971 715 4027 veritas
738 3971 994 4038 ostendit,
1012 3972 1109 4027 sed
1129 3971 1342 4043 qualem
1364 3970 1467 4024 sibi
1506 3971 1609 4042 ipsi
1643 3970 1876 4044 ﬁngunt,

275 4061 594 4134 praedicant.
614 4061 990 4132 Etpr0pterea
1014 4060 1177 4116 alieni
1198 4074 1233 4115 a
1263 4061 1644 4131 Redemptore,
1667 4061 1741 4116 nil
1758 4075 1879 4117 cer-

276 4150 384 4207 tius
413 4164 578 4222 quam
608 4148 827 4205 foveam
852 4156 1187 4220 exspectant.

351 4257 521 4313 Vens.
553 4260 607 4314 2.
630 4286 701 4296 -
736 4256 829 4312 Via
848 4257 1107 4312 veritatis
1128 4255 1622 4329 blasphemabitur.
1658 4254 1880 4328 (BEDA.)

276 4346 381 4401 Per
410 4346 696 4402 haereticos
725 4361 834 4400 non
869 4344 1044 4399 solum
1076 4344 1131 4398 in
1161 4343 1240 4398 eis
1270 4360 1406 4416 quos
1422 4360 1534 4399 suae
1564 4344 1761 4399 haeresi
1794 4360 1879 4401 se-

1975 3226 2086 3294 jam
2115 3225 2183 3281 ab
2210 3226 2305 3281 illo
2329 3225 2534 3296 judicio
2564 3226 2976 3297 praesumptioni
3004 3228 3273 3284 desistunt
3305 3246 3320 3283 :
3349 3230 3450 3287 sed
3493 3231 3579 3285 isti

1979 3314 2150 3387 iniqui
2178 3314 2420 3371 nondum
2464 3314 2751 3370 desistunt.
2804 3315 2903 3371 Vel
2945 3317 3346 3389 torquebuntur
3385 3318 3480 3388 ibi,
3524 3319 3578 3374 id

1981 3411 2065 3460 est
2095 3404 2239 3475 apud
2268 3404 2443 3459 Deum
2473 3420 2486 3458 :
2518 3404 2612 3458 ubi
2643 3403 2825 3475 angeli
2854 3419 2964 3460 non
2992 3404 3141 3475 boni,
3163 3421 3274 3463 non
3289 3407 3574 3475 sustinent,

1980 3489 2079 3545 sed
2108 3487 2383 3544 vindicant
2413 3487 2460 3543 si
2490 3486 2621 3560 quid
2650 3488 2988 3544 exsecrabile
3004 3497 3195 3546 contra
3209 3490 3335 3547 illos
3356 3490 3570 3548 dicitur.

2050 3596 2224 3652 Vens.
2258 3597 2344 3650 13.
2363 3595 2757 3651 —Mercedem
2787 3596 3110 3667 injustitice.
3142 3596 3367 3671 (ΒευΑ.)
3404 3598 3466 3654 Id
3496 3606 3577 3655 est

1978 3698 2193 3757 pinnam
2219 3698 2318 3755 pro
2345 3683 2506 3739 malis
2535 3684 2811 3755 operibus,
2858 3691 2913 3741 et
2958 3684 3194 3741 maxime
3220 3685 3300 3741 illi
3332 3686 3428 3759 qui
3455 3703 3577 3744 cum

1979 3771 2313 3844 corruptioni
2360 3772 2539 3830 carnis
2596 3772 2869 3841 serviant,
2926 3781 2980 3829 et
3035 3775 3254 3831 vesanis
3295 3783 3577 3833 teneantur

1980 3862 2261 3918 erroribus
2280 3906 2294 3929 ,
2341 3862 2812 3918 conversationem
2853 3862 3122 3932 justorum
3163 3863 3571 3935 blasphemant,

1980 3960 2033 4008 et
2062 3952 2143 4007 eis
2173 3952 2266 4024 qui
2296 3966 2488 4007 sanum
2517 3951 2750 4022 sapiunt,
2784 3952 3079 4008 detrahere
3107 3968 3217 4009 non
3245 3963 3485 4010 cessant.

2049 4058 2219 4113 Vens.
2253 4060 2340 4113 17.
2374 4088 2443 4098 -
2472 4059 2542 4113 Hi
2570 4062 2728 4114 sunt.
2758 4058 2882 4113 Non
2912 4066 3037 4113 sunt
3064 4059 3311 4115 imitandi
3340 4061 3575 4131 pseudo-

1979 4147 2227 4218 apostoli,
2261 4145 2385 4218 quia
2412 4145 2535 4202 licet
2564 4147 2852 4202 videantur
2894 4148 3076 4216 utiles,
3120 4148 3257 4204 nihil
3299 4157 3478 4207 tamen
3521 4150 3573 4205 in

1977 4232 2057 4287 eis
2087 4240 2170 4287 est
2198 4231 2301 4286 nisi
2331 4232 2544 4287 vanitas
2574 4239 2627 4287 et
2656 4231 3016 4288 immunditia.

2047 4348 2218 4403 Vens.
2250 4351 2426 4402 l8.—
2455 4347 2718 4420 Superba.
2771 4347 3018 4419 Superbe
3061 4348 3305 4405 dicentes
3349 4365 3411 4405 se
3454 4364 3573 4405 esse

277 4435 471 4491 ductos
499 4433 751 4501 associat,
776 4434 873 4488 sed
905 4434 959 4488 in
990 4433 1069 4488 eis
1090 4448 1306 4505 quoque
1328 4448 1465 4505 quos
1493 4449 1594 4504 per
1622 4433 1943 4508 impuris-ﬁ
1972 4438 2168 4508 justos,
2204 4434 2452 4508 quamvis
2487 4436 2555 4490 sit
2598 4451 2819 4507 vanum,
2865 4436 3156 4493 carnaliter
3197 4438 3574 4494 desiderantes

271 4524 409 4579 sima
438 4522 573 4579 facta
603 4539 701 4579 sua
730 4530 785 4579 et
813 4522 1081 4579 sacriﬁcia
1121 4521 1210 4578 vel
1250 4522 1509 4594 mysteria
1538 4523 1872 4579 exsecranda
1896 4497 1948 4558 D
1979 4534 2032 4582 et
2074 4526 2349 4581 luxuriose
2394 4525 2640 4580 viventes
2688 4524 2968 4596 pelliciunt
3025 4541 3120 4581 eos
3164 4526 3256 4598 qui
3300 4527 3572 4598 paululum

274 4629 396 4685 quae
438 4612 677 4679 faciunt,
727 4612 783 4667 in
828 4612 1011 4668 odium
1057 4611 1353 4667 Christiani
1397 4611 1633 4667 nominis
1681 4611 1871 4668 conci-

274 4708 424 4767 tant,
480 4700 915 4757 existimantibus
970 4701 1235 4772 imperitis
1290 4717 1481 4756 omnes
1536 4700 1872 4756 Christianos

272 4789 583 4859 hujusmodi
614 4789 833 4862 ﬂagitiis
865 4790 1220 4862 mancipatos,
1242 4790 1332 4846 via
1362 4789 1603 4846 veritatis
1624 4790 1875 4862 blasphe-

276 4878 414 4934 mari
444 4880 598 4936 solet.

348 4966 516 5022 Vens.
553 4968 603 5022 4.
638 4998 708 5009 -
736 4969 794 5024 Si
836 4969 992 5024 enim
1019 4970 1165 5024 Deus
1195 4969 1431 5041 angelis.
1478 4969 1608 5042 (11).)
1640 4967 1697 5024 Si
1726 4968 1872 5024 Deus

275 5061 553 5126 apostatas
579 5056 804 5129 angelos
834 5056 1056 5111 traditos
1086 5056 1263 5128 poenis
1292 5057 1506 5127 inferni,
1540 5066 1667 5126 etc.,
1702 5073 1875 5131 usque

275 5144 348 5202 ad
377 5143 432 5198 in
461 5143 646 5215 abyssi
674 5143 943 5215 profunda
972 5152 1097 5199 sunt
1122 5144 1277 5217 rapti.

351 5242 522 5297 Vens.
558 5244 608 5296 5.
645 5271 713 5281 —
747 5241 1024 5313 Originali
1041 5245 1270 5300 mundo.
1304 5244 1433 5316 (11).)
1464 5244 1614 5300 Idem
1642 5243 1874 5299 mundus

273 5338 356 5388 est
381 5337 506 5402 post
536 5329 800 5385 diluvium
849 5331 939 5401 qui
971 5340 1022 5387 et
1053 5340 1199 5402 ante,
1246 5340 1374 5403 etc.,
1420 5350 1595 5407 usque
1625 5333 1698 5389 ad
1741 5333 1875 5404 justi

277 5418 511 5494 gloriam
541 5418 665 5474 vitae
682 5419 923 5490 perpetis
956 5420 1242 5492 accipient.

352 5509 523 5566 Vens.
557 5510 609 5565 6.
630 5539 699 5549 -
727 5510 799 5565 Et
817 5509 1092 5565 civitates.
1119 5510 1213 5564 Hae
1242 5510 1489 5565 civitates
1517 5510 1806 5582 dupliciter
1820 5509 1876 5565 in

278 5600 464 5673 ignem
493 5598 898 5669 suntredactae,
934 5598 1063 5670 quia
1093 5606 1145 5653 et
1174 5598 1351 5670 primo
1398 5615 1489 5655 eas
1532 5616 1633 5671 per
1682 5599 1874 5656 incen-

280 5687 430 5745 dium
458 5703 583 5745 cum
628 5687 1004 5759 adjacentibus
1050 5687 1213 5747 terris
1258 5688 1316 5745 in
1355 5689 1595 5747 cinerem
1638 5689 1873 5763 redegit,

1974 4614 2274 4689 refugerint
2302 4631 2332 4668 a
2361 4613 2600 4685 peccatis
2625 4633 2639 4680 ;
2673 4613 2764 4685 qui
2795 4629 2918 4670 cum
2948 4613 3153 4670 similes
3191 4616 3272 4670 eis
3302 4624 3447 4682 sunt,
3492 4624 3571 4671 ta-

1973 4721 2097 4760 men
2146 4704 2489 4775 aliquatenus
2538 4702 2810 4757 declinant
2849 4718 3041 4758 eorum
3087 4703 3423 4771 societatem,
3465 4712 3517 4760 et
3541 4721 3571 4759 a

1973 4793 2214 4865 peccatis
2254 4792 2593 4864 aliquatenus
2640 4790 2933 4846 abstinent.
2996 4793 3061 4847 In
3104 4792 3400 4851 desideriis
3452 4810 3572 4849 car-

1974 4884 2086 4950 nis,
2120 4889 2224 4938 etc.
2258 4880 2571 4935 Immundus
2601 4888 2684 4935 est
2712 4879 2889 4935 omnis
2920 4880 3012 4953 qui
3044 4881 3240 4936 exaltat
3268 4897 3368 4938 cor
3396 4898 3569 4950 suum,

1975 4979 2033 5026 ut
2061 4971 2153 5043 qui
2182 4970 2455 5041 paululum
2488 4969 2785 5041 refugerint
2817 4986 2847 5024 a
2874 4969 3140 5041 peccatis,
3187 4970 3259 5026 ad
3302 4986 3463 5027 suum
3483 4986 3570 5027 re-

1975 5067 2258 5116 vertantur
2292 5074 2535 5114 errorem
2566 5066 2619 5113 et
2648 5058 2902 5113 studeant
2926 5058 2983 5112 in
3011 5058 3241 5114 luxuria.

2046 5158 2216 5213 VERS.
2248 5160 2337 5214 20.
2371 5187 2437 5196 —
2453 5155 2513 5212 Si
2541 5157 2718 5223 enim,
2742 5164 2868 5226 etc.,
2892 5156 3214 5228 cognitione
3236 5158 3467 5215 Domini
3482 5174 3573 5214 no-

1976 5248 2085 5303 stri
2115 5250 2172 5301 et
2185 5233 2493 5302 Sizlvatoris
2520 5246 2652 5300 Iesu
2673 5244 2900 5313 Christi,
2927 5252 3032 5300 etc.
3058 5243 3115 5299 Si
3131 5242 3405 5318 fugientes
3426 5246 3575 5303 coin-

1975 5330 2341 5404 quinationem
2392 5336 2442 5384 et
2486 5329 2683 5384 animae
2727 5335 2781 5382 et
2839 5328 3089 5399 corporis
3133 5345 3296 5401 quam
3338 5329 3573 5385 mundus

1976 5418 2261 5485 immittit;
2307 5433 2494 5473 rursus
2535 5416 2797 5488 implicati
2845 5416 3006 5488 (sicut
3054 5425 3180 5473 ante
3224 5418 3571 5490 baptismum)

1978 5516 2302 5580 superantur
2329 5506 2395 5561 ab
2427 5506 2535 5560 illis
2564 5505 3114 5577 coinquinationibus,
3154 5516 3382 5579 apparet
3427 5508 3570 5579 quod

1976 5597 2120 5655 facta
2172 5604 2293 5652 sunt
2336 5595 2639 5667 posteriora
2691 5610 2882 5650 eorum
2924 5595 3200 5651 deteriora
3250 5595 3569 5669 prioribus:

1979 5687 2102 5762 quia
2130 5685 2306 5760 magis
2336 5683 2613 5744 offendunt
2642 5684 2818 5742 Deum
2862 5700 3023 5758 quam
3067 5692 3194 5744 ante
3221 5684 3567 5761 baptismum,
