3964 6178
295 207 411 262 693

1370 200 1643 259 GLOSSA
1672 198 2081 259 ORDINARIA.
2116 230 2186 242 —
2213 201 2481 257 EPIST.I
2512 158 2729 258 ιοΑΝξ

3514 206 3619 262 69ι

299 339 358 386 et
407 330 650 400 majores
697 343 892 401 poenas
935 328 1209 401 patientur
1231 370 1245 395 ,
1291 327 1416 401 quia
1458 328 1752 385 mendaces
1793 334 1917 383 sunt
1937 324 1993 384 A
2097 327 2265 381 Vens.
2300 330 2352 382 9.
2383 358 2453 369 —
2484 327 2603 384 Non
2632 327 2823 383 tardat
2861 327 3153 384 Dominus.
3189 328 3257 384 Et
3286 328 3409 401 quia
3436 329 3623 386 omnia

312 419 723 491 promissiones
750 418 910 474 factae
939 418 993 473 in
1021 417 1306 489 baptismo.

386 509 563 564 Vens.
584 511 752 565 22.-—
771 509 1188 579 Contigitenim
1203 506 1344 563 illis.
1378 504 1673 578 (BenA.)ln
1692 505 1920 560 Prover-

304 596 421 652 biis
479 612 605 653 cum
667 595 1008 667 expositione
1056 596 1292 666 positum
1337 602 1437 665 est,
1480 602 1610 661 etc.,
1641 610 1814 666 usque
1845 593 1919 650 ad

305 692 438 744 ante
466 685 568 742 Dei
599 684 788 742 oculos
818 684 1072 741 sordidas
1102 684 1252 756 ipsas
1281 683 1442 740 etiam
1471 683 1742 754 lacrymas
1772 681 1916 739 facit.

938 855 1163 911 CAPUT
1202 856 1295 910 Ill.

380 1001 565 1056 Vens.
608 1002 658 1055 1.
692 1029 761 1039 —
789 999 946 1055 Hanc
975 1013 1100 1054 ecce
1138 997 1304 1053 vobis.
1364 994 1535 1065 Quasi
1577 994 1726 1051 dicat
1758 1012 1771 1050 :
1800 994 1923 1050 Jam

307 1088 483 1144 aliam
512 1086 817 1159 Epistolam
848 1086 1040 1157 scripsi
1071 1085 1141 1141 ad
1179 1084 1528 1156 repellendos
1572 1084 1821 1155 pseudo;
1869 1091 1924 1139 et

301 1186 365 1233 ut
418 1193 598 1233 meam
640 1191 894 1247 magnam
937 1174 1360 1231 sollicitudinem
1398 1173 1556 1229 vobis
1602 1172 1883 1229 ostendam
1907 1214 1922 1239 ,

308 1282 447 1323 ecce
475 1281 580 1337 pro
610 1265 804 1321 eadem
839 1278 1005 1320 causa
1033 1264 1178 1319 hanc
1203 1262 1368 1319 etiam
1397 1261 1694 1319 secundam
1738 1260 1923 1318 scribo

316 1354 649 1426 Epistolam.

390 1444 569 1499 Vens.
601 1447 655 1500 2.
688 1471 757 1483 —
792 1443 859 1500 Ut
886 1456 1179 1498 memores.
1232 1439 1292 1496 Id
1322 1447 1406 1496 est
1425 1447 1482 1495 ut
1511 1455 1614 1512 per
1641 1437 1766 1494 illas
1794 1437 1922 1510 Epi-

318 1532 496 1587 stolas
525 1530 644 1587 sitis
672 1546 948 1586 memores
990 1545 1177 1587 eorum
1220 1529 1448 1585 verbum
1490 1545 1613 1601 quae
1656 1543 1762 1601 ego
1804 1527 1923 1599 ipSe

302 1636 563 1693 praesens
612 1619 841 1692 praadixi
892 1619 1068 1675 vobis.
1126 1618 1441 1684 Verborum,
1489 1616 1614 1673 dico
1660 1626 1920 1688 accepto-

310 1686 459 1777 rum,
493 1728 529 1765 a
558 1686 776 1765 sanctis
802 1708 1091 1781 prophetis
1121 1724 1242 1780 quae
1270 1706 1587 1762 auctoritate
1608 1686 1920 1762 sanctorum
1943 1686 1996 1747 Β

316 1799 716 1871 prophetarum
745 1796 1148 1863 continuantur,
1183 1803 1236 1851 et
1266 1795 1383 1850 sitis
1410 1810 1685 1850 memores
1715 1809 1926 1865 praece-

310 1896 534 1960 ptorum
564 1894 878 1942 sanctorum
909 1887 1288 1958 apostolorum
1318 1904 1336 1939 :
1367 1900 1436 1939 ne
1482 1891 1759 1954 praecepta
1804 1898 1923 1955 quae

314 1976 492 2032 sancti
522 1975 756 2048 apostoli
786 1974 1055 2032 dederunt
1083 1974 1260 2041 vobis,
1293 1972 1572 2029 dimittatis
1600 1987 1701 2043 pro
1732 1972 1928 2043 praedi-

312 2064 534 2122 catione
562 2064 785 2121 illorum
814 2062 1046 2135 pseudo,
1081 2070 1135 2118 et
1164 2079 1284 2133 quae
1304 2064 1588 2135 praecepta
1609 2068 1732 2116 sunt
1759 2060 1925 2116 etiam

311 2157 546 2212 Domini
576 2159 632 2211 et
661 2154 969 2211 Salvatoris
998 2152 1120 2225 quia
1148 2150 1265 2225 ipse
1298 2149 1582 2217 Dominus,
1634 2149 1725 2222 qui
1774 2149 1922 2205 venit

318 2244 543 2301 salvare
571 2259 694 2312 nos,
727 2243 845 2299 haec
872 2249 1147 2315 praecepta
1176 2240 1402 2297 instituit
1430 2247 1485 2296 et
1518 2255 1739 2296 servare
1768 2255 1915 2312 pra:-

320 2333 488 2405 cepit.

389 2422 568 2478 Vens.
603 2424 656 2477 5.
689 2450 758 2461 —
786 2420 970 2476 Latet.
994 2418 1214 2491 (BEDA.)
1246 2417 1376 2474 Ideo
1406 2416 1593 2475 dicunt
1622 2416 1804 2473 omnia
1833 2431 1928 2472 eo-

315 2512 448 2567 dem
477 2509 644 2567 modo
673 2524 1051 2581 perseverare,
1082 2516 1211 2577 etc.,
1243 2523 1417 2581 usque
1438 2507 1511 2564 ad
1528 2507 1584 2562 in
1613 2506 1758 2563 diem
1781 2505 1928 2576 judi-

315 2601 386 2657 cii
422 2607 478 2657 et
507 2598 833 2672 perditionis
862 2598 1149 2670 impiorum
1179 2596 1478 2652 hominum.

389 2689 567 2745 Vens.
603 2692 654 2744 8.
689 2718 760 2729 —
791 2689 974 2746 Unum
1002 2703 1129 2744 vero
1150 2687 1268 2743 hoc.
1319 2684 1572 2741 Probabo
1602 2683 1748 2757 quod
1772 2683 1925 2755 judi-

312 2781 467 2837 cium
496 2794 624 2849 vere
656 2778 778 2843 erit,
842 2776 1081 2833 ostendit
1128 2790 1291 2849 quam
1335 2773 1523 2830 efﬁcax
1569 2773 1805 2830 futurum
1838 2773 1923 2829 sit.

317 2870 378 2926 Si
411 2846 614 2925 dicitur
642 2866 800 2923 vobis
828 2883 859 2921 a
889 2866 1099 2938 pseudo
1133 2846 1161 2920 τ’
1180 2863 1339 2934 Quod
1368 2863 1530 2920 vultis
1574 2861 1803 2935 potestis
1839 2861 1927 2918 fa-

315 2973 469 3024 cere,
507 2956 636 3029 quia
669 2964 875 3012 tantum
907 2962 1121 3025 tempus
1150 2961 1321 3010 restat
1365 2968 1541 3025 usque
1568 2953 1641 3007 ad
1669 2951 1814 3008 diem
1835 2951 1928 3021 ju-

2016 415 2182 482 videt,
2233 416 2461 487 potestis
2512 418 2740 472 credere
2783 418 2929 488 quod
2978 416 3242 471 Dominus
3288 433 3399 472 non
3443 419 3623 474 tardat

2018 506 2305 575 promissis
2334 505 2644 576 implendis,
2678 506 2806 577 quia
2835 506 3076 561 nondum
3121 513 3205 561 est
3255 513 3471 577 tempus
3510 520 3619 578 quo

2017 594 2289 665 implenda
2329 595 2592 665 implebit.
2637 595 2746 650 Sed
2794 595 2918 650 ideo
2964 593 3166 657 differt,
3218 603 3277 649 ut
3318 595 3619 650 electorum

2020 700 2307 753 summam,
2342 700 2503 756 quam
2534 683 2801 754 praevidit,
2834 684 2988 755 prius
3016 684 3328 755 adimpleat,
3374 685 3520 741 unde
3561 684 3620 740 in

2017 772 2352 843 Apocalypsi
2377 790 2391 827 :
2416 775 2487 828 Et
2499 773 2718 828 dictum
2738 777 2823 828 est
2842 773 2982 838 illis,
3004 777 3071 828 ut
3089 775 3507 846 requiescerent
3525 773 3619 830 ad-

2022 862 2130 916 huc
2158 862 2441 917 modicum
2474 865 2713 934 tempus,
2739 861 2913 917 donec
2942 863 3337 935 compleantur
3364 864 3627 919 conservi

2023 966 2217 1005 eorum
2247 950 2433 1022 (Apoc.
2467 950 2567 1020 Vl).

2095 1038 2264 1093 Vens.
2304 1042 2389 1093 10.
2413 1039 2635 1094 -ϐωιὶ
2664 1054 2887 1109 magno.
2925 1039 3078 1105 C(Bli,
3113 1037 3168 1093 id
3215 1045 3299 1094 est
3327 1038 3538 1107 sancti;
3576 1038 3626 1094 si

2023 1126 2151 1198 quid
2183 1141 2316 1199 ergo
2347 1126 2403 1180 in
2434 1126 2514 1180 eis
2542 1127 2891 1199 purgandum
2921 1135 3023 1194 est,
3056 1142 3155 1198 per
3181 1126 3368 1201 ignem
3413 1142 3627 1199 purga-

2022 1215 2190 1270 bitur.

2093 1305 2408 1360 Elementa.
2435 1303 2657 1374 (Deum)
2682 1302 2947 1372 Quatuor,
2972 1303 3171 1377 quibus
3190 1303 3429 1360 mundus
3448 1303 3630 1362 consi-

2026 1392 2137 1459 stit,
2172 1400 2302 1459 etc.,
2335 1409 2508 1463 usque
2538 1392 2611 1448 ad
2638 1400 2691 1448 et
2709 1408 2808 1464 per
2839 1393 3142 1465 temporale
3172 1392 3499 1467 supplicium
3519 1392 3629 1450 sol-

2023 1488 2220 1537 ventur
2249 1480 2303 1536 in
2332 1480 2548 1536 melius.

2095 1571 2266 1627 Vens.
2318 1574 2406 1626 13.
2453 1600 2523 1611 —
2563 1572 2735 1628 Novas
2792 1587 2919 1628 vero
2967 1572 3149 1629 ccelos.
3192 1570 3327 1644 (10.)
3380 1571 3507 1627 Non
3549 1570 3629 1628 ait

2025 1660 2187 1729 alios,
2222 1659 2320 1716 sed
2349 1667 2565 1715 veteres
2594 1668 2648 1715 et
2675 1659 2931 1733 antiquos
2961 1660 3017 1715 in
3045 1660 3241 1716 melius
3279 1668 3627 1717 commutan-

2029 1749 2150 1815 dos,
2178 1756 2306 1814 etc.,
2341 1765 2515 1822 usque
2543 1749 2615 1804 ad
2644 1749 2913 1805 habemus
2949 1756 3004 1805 et
3043 1749 3100 1805 in
3135 1748 3415 1821 prophetis
3448 1764 3461 1805 :
3495 1750 3624 1807 Lua:

2030 1838 2280 1893 lucerna:
2306 1854 2424 1893 non
2456 1838 2660 1893 lucebit
2689 1838 2767 1894 ibi
2794 1840 3041 1911 amplius
3080 1839 3211 1908 (Isa.
3244 1838 3398 1908 uv).

2099 1952 2271 2007 Vens.
2303 1953 2389 2007 14.
2413 1982 2484 1992 —
2504 1952 2755 2024 Satagite
2774 1953 3139 2009 immaculati
3158 1957 3215 2008 et
3233 1954 3517 2009 inviolati.
3535 1953 3632 2010 llas

2029 2049 2152 2096 sunt
2180 2032 2384 2114 vigiliae
2414 2041 2484 2096 de
2515 2041 2712 2113 quibus
2742 2041 2940 2097 dicitur
2972 2057 2985 2096 :
3019 2043 3179 2098 Beati
3207 2043 3354 2098 servi
3373 2043 3468 2099 illi
3495 2059 3628 2116 quos

2026 2147 2153 2187 cum
2186 2131 2404 2186 venerit
2430 2131 2719 2197 Dominus,
2763 2132 3048 2187 invenerit
3074 2132 3394 2203 vigilantes.
3434 2130 3633 2203 Vigilat

2026 2218 2119 2291 qui
2147 2235 2207 2275 se
2236 2234 2270 2273 a
2306 2218 2559 2275 sordibus
2605 2219 2903 2275 immunem
2932 2220 3188 2286 custodit,
3229 2220 3321 2292 qui
3371 2228 3630 2293 quantum

2027 2308 2082 2363 in
2113 2323 2174 2364 se
2204 2314 2307 2373 est,
2331 2323 2455 2363 cum
2487 2307 2741 2363 omnibus
2770 2308 3083 2364 hominibus
3101 2323 3295 2380 pacem
3319 2309 3507 2376 habet,
3535 2308 3629 2382 qui

2027 2412 2221 2453 omnes
2250 2396 2536 2452 illecebras
2564 2396 2745 2452 carnis
2778 2396 2999 2467 spiritus
3037 2396 3290 2470 regimini
3319 2397 3523 2468 subdit,
3572 2396 3628 2453 in

2032 2485 2215 2556 seipso
2243 2500 2376 2557 pace
2405 2483 2722 2541 felicissima
2750 2492 2927 2540 utens.

2101 2574 2272 2630 Vens.
2307 2577 2395 2630 15.
2418 2603 2488 2615 —
2519 2576 2719 2630 Frater
2746 2577 2956 2631 noster.
2989 2574 3214 2645 (Βκωι.)
3257 2573 3485 2630 Paulum
3516 2572 3624 2630 illis

2027 2662 2320 2733 scripsisse
2347 2661 2498 2728 dicit,
2528 2662 2585 2716 in
2611 2677 2720 2734 quo
2762 2662 3018 2731 ostendit,
3068 2669 3196 2732 etc.,
3249 2678 3424 2736 usque
3452 2663 3527 2720 ad
3572 2670 3627 2720 et

2027 2767 2129 2823 per
2155 2752 2258 2807 has
2286 2767 2347 2808 se
2375 2752 2445 2807 ad
2471 2749 2777 2823 profectum
2806 2750 3059 2808 excitent.

2098 2868 2267 2923 Vens.
2303 2868 2390 2923 16.
2424 2897 2493 2907 —
2521 2867 2806 2939 Dimcilia.
2826 2867 2888 2921 In
2914 2866 3173 2938 Epistolis
3197 2866 3347 2922 Pauli
3375 2883 3500 2939 quae
3528 2867 3626 2924 de-

2025 2963 2323 3027 pravantur
2350 2955 2421 3010 ab
2447 2955 2740 3020 haereticis,
2762 2963 2891 3021 etc.,
2915 2972 3089 3029 usque
3116 2953 3190 3011 ad
3222 2955 3442 3027 quidam
3473 2955 3626 3012 luxu-

312 3046 444 3105 dieii
502 3046 649 3120 quod
699 3061 767 3100 ex
807 3042 1206 3117 longinquitate
1251 3041 1513 3114 temporis
1560 3041 1733 3112 judex
1783 3040 1993 3114 scirec
2024 3045 2120 3101 riae
2150 3044 2306 3100 frena
2332 3043 2600 3111 laxantes,
2632 3051 2686 3099 et
2714 3043 2821 3100 alia
2847 3043 3031 3111 multa,
3062 3051 3168 3100 etc.

316 3136 494 3192 multa
524 3150 636 3191 non
669 3133 904 3205 poterit;
937 3148 1048 3188 non
1078 3131 1315 3188 credatis
1354 3131 1453 3198 eis,
1492 3130 1617 3203 quia
1666 3128 1929 3202 quidquid

317 3232 505 3297 potest
534 3222 655 3279 ﬁeri
682 3221 831 3277 mille
861 3222 1039 3289 annis,
1085 3220 1158 3275 ita
1204 3219 1372 3287 videt,
1422 3219 1561 3275 sicut
1603 3218 1739 3275 illud
1783 3218 1929 3291 quod

314 3315 377 3370 ﬁt
406 3327 519 3370 una
548 3312 659 3368 die.
692 3312 756 3376 Si.
779 3310 968 3367 dicunt
1001 3328 1015 3365 :
1052 3309 1198 3365 Mille
1228 3306 1411 3379 annis,
1457 3307 1773 3380 paenitendo
1819 3323 1931 3363 non

2102 3137 2442 3207 Depravant.
2463 3132 2685 3204 (BEDA.)
2705 3132 2901 3187 Nullus
2933 3132 3143 3189 Veteris
3171 3132 3258 3188 vel
3284 3131 3426 3189 Novi
3440 3132 3627 3189 Testa-

2029 3223 2199 3279 menti
2228 3222 2367 3277 liber
2395 3229 2479 3278 est
2507 3220 2565 3276 in
2594 3237 2702 3293 quo
2731 3220 2973 3278 haeretici
3003 3220 3205 3293 aliquid
3224 3236 3333 3278 non
3353 3228 3628 3293 perverte-

2036 3311 2165 3378 rint,
2197 3310 2284 3367 vel
2313 3310 2601 3377 demendo,
2632 3309 2722 3366 vel
2749 3310 3022 3376 addendo,
3054 3310 3142 3366 vel
3170 3310 3451 3367 mutando.
3492 3309 3630 3367 Uni-

317 3400 694 3475 assequemini
712 3400 927 3457 veniam
949 3398 1286 3456 delectorum
1311 3416 1327 3467 ;
1357 3412 1469 3454 non
1489 3396 1728 3455 credatis
1761 3412 1774 3451 :
1806 3395 1935 3469 quia
2036 3416 2161 3458 cum
2189 3399 2487 3457 remedium
2513 3398 2766 3470 indoctis,
2787 3398 2977 3454 humili
3006 3399 3291 3456 stabilitate
3310 3400 3475 3457 verba
3500 3399 3631 3457 doc-

318 3508 464 3549 unus
500 3490 622 3547 dies
651 3505 800 3546 vera:
828 3488 1162 3562 poenitentiae
1189 3496 1394 3544 tantum
1422 3487 1566 3544 valet
1578 3487 1650 3543 ad
1675 3484 1925 3542 salutem.

324 3587 592 3655 quantum
618 3578 767 3636 mille
793 3578 940 3647 anni,
967 3578 1107 3635 sicut
1135 3578 1356 3634 latroni.

395 3670 557 3727 Sicut
582 3669 744 3726 mille
762 3669 924 3725 anni.
947 3668 1169 3739 (Deum)
1188 3669 1251 3723 In
1279 3664 1558 3740 agnitione
1586 3662 1784 3721 divinat
1813 3662 1924 3720 vir-

318 3759 471 3829 tutis,
504 3767 636 3826 etc.,
667 3774 841 3833 usque
871 3758 944 3815 ad
972 3757 1117 3814 unde
1148 3765 1204 3814 et
1231 3763 1377 3815 recte
1405 3755 1751 3830 subiungitur
1784 3770 1797 3811 :

2030 3496 2211 3545 torum
2240 3488 2483 3544 auditum
2512 3488 2779 3559 praebere,
2804 3503 2966 3560 quam
2995 3487 3341 3544 stabilitatem
3372 3487 3498 3560 quia
3528 3488 3631 3546 ha-

2024 3576 2182 3634 retici
2210 3593 2320 3632 non
2349 3577 2567 3640 habent,
2609 3582 2771 3632 vento
2814 3576 3086 3648 superbiae
3115 3576 3274 3649 quasi
3302 3576 3464 3648 palea
3488 3576 3625 3634 levis

2024 3666 2095 3722 de
2140 3665 2390 3723 Ecclesia
2446 3664 2704 3723 tolluntur
2724 3704 2740 3735 ,
2796 3663 2867 3722 ad
2921 3680 3076 3720 suam
3128 3664 3374 3736 ipsorum
3426 3665 3619 3738 perdi-

2024 3754 2245 3811 tionem.

1359 4068 1817 4144 EPISTOLA
1880 4068 1915 4140 Ι
1968 4066 2055 4140 Β.
2094 4065 2518 4141 JOANNIS.

865 4353 1379 4412 ARGUMENTUM.

394 4462 683 4518 Rationem
712 4461 883 4530 verbi,
915 4471 968 4518 et
995 4462 1139 4535 quod
1182 4464 1330 4518 Deus
1376 4461 1494 4535 ipse
1543 4462 1612 4517 sit
1658 4461 1916 4530 charitas,

324 4550 649 4621 manifestat,
684 4561 737 4608 et
767 4568 1095 4608 susurrones
1133 4550 1356 4607 fratrum
1401 4567 1505 4609 nec
1535 4553 1710 4607 Deum
1755 4551 1917 4622 scire,

324 4656 427 4695 nec
455 4641 576 4712 pios
605 4638 723 4697 ﬁeri
752 4658 916 4713 posse
948 4658 1189 4713 eousque
1219 4642 1493 4709 dissertet,
1527 4650 1585 4697 ut
1611 4658 1734 4697 esse
1764 4656 1920 4698 com-

324 4729 522 4801 probet
551 4730 872 4799 homicidas,
906 4747 972 4787 eo
999 4731 1144 4804 quod
1182 4730 1366 4788 odium
1414 4731 1483 4786 sit
1528 4729 1921 4789 interfectionis

323 4833 560 4875 0008810.

849 4943 1076 5001 CAPUT
1106 4944 1395 5001 PRIMUM.

397 5058 568 5116 Vens.
600 5063 649 5114 1.
682 5089 753 5099 —
797 5060 949 5127 Quod
993 5061 1109 5132 fuit
1146 5061 1213 5115 ab
1250 5060 1437 5117 initio.
1472 5061 1533 5116 In
1561 5069 1775 5127 natura,
1827 5078 1923 5119 seu

324 5163 459 5204 vero
488 5163 612 5203 esse
640 5148 886 5215 Deitatis,
937 5149 1079 5216 quod
1108 5149 1447 5218 audivimus,
1498 5167 1597 5222 per
1623 5152 1826 5223 -legem
1871 5160 1925 5208 et

325 5238 640 5308 pr0phetas,
672 5238 815 5311 quod
854 5238 1115 5309 vidimus,
1157 5238 1489 5294 sensibiliter
1518 5241 1792 5296 hominem
1821 5257 1922 5297 ve-

326 5326 586 5392 nientem,
605 5327 748 5400 quod
766 5330 1180 5400 perspeximus,
1206 5328 1552 5384 Divinitatem
1579 5331 1924 5386 advertentes

321 5416 381 5470 in
396 5415 637 5482 homine,
656 5420 713 5471 et
730 5433 936 5472 manus
956 5421 1471 5484 contrectaverunt,
1493 5418 1559 5474 de
1586 5420 1743 5475 Verbo
1764 5422 1923 5477 vitae:

324 5520 434 5561 non
483 5503 706 5560 fortuitu
752 5506 1155 5562 consentientes
1203 5506 1253 5561 ei
1299 5506 1390 5578 qui
1437 5506 1491 5561 in
1539 5522 1702 5563 carne
1750 5508 1919 5575 visus,

327 5593 427 5650 sed
455 5608 581 5650 cum
611 5592 777 5649 multa
806 5595 1235 5653 contrectatione
1263 5595 1575 5670 Scripturas
1620 5596 1923 5669 perhiben-

1939 4355 1992 4416 D
2023 4361 2105 4409 tes
2134 4351 2503 4409 testimonium
2538 4353 2607 4409 de
2637 4353 2758 4424 ipso
2787 4353 2992 4409 Verbo.
3050 4350 3209 4423 Quod
3254 4352 3388 4409 vidit
3426 4350 3622 4425 aliquis

2022 4442 2268 4498 nuntiare
2307 4450 2486 4514 potest
2530 4442 2671 4512 aliis,
2696 4442 2840 4515 quod
2860 4440 3103 4514 perfecte
3129 4440 3476 4513 conspexerit
3505 4441 3611 4497 ali-

2024 4533 2260 4605 quando,
2295 4548 2404 4587 non
2430 4540 2608 4603 potest
2638 4531 2909 4602 explicare
2939 4530 3143 4586 verbis.

2096 4622 2265 4677 Vens.
2298 4625 2351 4678 2.
2394 4651 2463 4661 —
2512 4621 2757 4678 Vidimus
2806 4628 2859 4675 et
2904 4628 3071 4675 testes
3119 4636 3325 4676 sumus.
3371 4619 3619 4676 Vidimus

2025 4718 2078 4765 et
2108 4708 2400 4766 incredulis
2451 4708 2832 4764 annuntiantes
2865 4715 3135 4779 martyres
3184 4707 3361 4764 effecti
3406 4725 3614 4763 sumus.

2024 4800 2453 4855 Annuntiamus
2488 4798 2651 4853 vobis.
2674 4798 2762 4854 Sic
2790 4814 2893 4870 per
2920 4813 3015 4852 eos
3042 4797 3346 4853 audivimus
3373 4814 3494 4866 nos,
3521 4797 3618 4853 sed

2024 4904 2135 4945 non
2163 4888 2416 4954 vidimus,
2465 4903 2573 4943 non
2620 4887 2801 4943 minus
2849 4896 3033 4943 tamen
3078 4885 3267 4943 felices
3312 4902 3478 4959 quam
3517 4886 3616 4955 illi,

2025 4977 2149 5050 quia
2179 4977 2436 5048 scriptum
2467 4984 2548 5033 est
2581 4995 2595 5031 :
2628 4977 2787 5033 Beati
2816 4979 2911 5051 qui
2930 4993 3044 5033 non
3066 4975 3333 5032 viderunt
3360 4980 3417 5032 et
3442 4977 3621 5034 credi-

2024 5066 2231 5122 derunt
2262 5068 2417 5135 (Luc.
2452 5065 2639 5138 xxxv).

2096 5156 2264 5210 Vens.
2302 5158 2353 5210 5.
2385 5186 2455 5195 —-
2485 5158 2555 5210 Et
2586 5156 2702 5211 haec
2732 5158 2818 5211 est
2848 5155 3238 5211 annuntiatio.
3272 5152 3457 5224 Quare
3489 5155 3625 5210 Ver-

2023 5243 2150 5297 bum
2196 5259 2327 5299 caro
2374 5242 2619 5299 factum?
2659 5243 2788 5315 quid
2831 5243 2963 5299 novi
3005 5244 3181 5299 attulit
3225 5244 3481 5299 mundo?
3515 5243 3625 5298 Cur

2024 5332 2171 5387 venit
2200 5333 2359 5403 pati?
2387 5334 2510 5388 Non
2540 5333 2737 5387 frustra
2768 5331 2883 5400 fuit,
2904 5334 3026 5388 vide
3057 5334 3186 5406 quid
3207 5334 3374 5389 voluit
3402 5334 3621 5396 docere,

2024 5424 2156 5494 quia
2184 5425 2330 5478 Deus
2366 5423 2469 5477 lux
2516 5426 2618 5478 est.
2664 5423 2779 5478 Hac
2826 5422 3090 5478 sententia
3133 5422 3331 5477 divinae
3378 5419 3623 5490 puritatis

2026 5510 2409 5566 excellentiam
2440 5520 2723 5579 monstrat,
2758 5528 2922 5584 quam
2952 5512 3150 5566 imitari
3172 5512 3443 5580 jubemur.
3487 5507 3627 5564 Hinc

2027 5599 2309 5657 Manichaei
2337 5599 2684 5659 confutantur
2712 5601 2824 5674 qui
2868 5601 2970 5658 Dei
3011 5609 3261 5657 naturam
3302 5614 3337 5652 a
3376 5595 3626 5670 principe
