3964 6178
319 188 421 241 695

842 181 1250 237 VVALAFRIDI
1279 181 1521 237 STRABI
1553 180 1752 237 FULD.
1787 178 1960 235 MON.
1994 178 2147 236 OPP.
2183 179 2359 237 PARS
2388 180 2430 234 Ι.
2465 206 2534 222 --
2565 177 3036 237 THEOLOGICA.

3527 187 3648 240 696

334 310 686 367 tenebrarum
707 309 893 365 dicunt
909 308 1052 362 bello
1073 307 1270 362 victam
1317 315 1368 360 et
1389 306 1649 396 vitiatam.
1677 307 1921 396 Anniun-
1950 306 2005 366 A
2034 323 2243 378 Eadem
2268 331 2350 378 est
2389 338 2589 378 novum
2618 323 2956 389 mandatum,
3005 323 3133 396 quia
3177 324 3418 380 tenebris
3448 325 3665 396 ejectis

329 403 564 466 tiamus,
599 409 703 454 etc.
730 397 1104 468 Applicuimus
1123 412 1222 450 nos
1247 414 1259 448 :
1285 396 1354 449 ad
1378 396 1552 450 lucem
1575 395 1664 448 lux
1687 395 1845 448 nobis
1864 394 1932 448 ir-

331 490 584 545 radiavit.
620 489 882 542 Tenebrze
912 502 1150 550 eramus,
1185 485 1348 538 modo
1378 501 1477 554 per
1509 485 1686 538 lucem
1717 485 1808 537 lux
1839 501 1932 537 su-

331 596 474 646 mus,
507 587 560 632 et
589 578 728 632 alios
758 576 1146 639 illuminamus,
1199 575 1327 628 dum
1373 581 1602 644 peccata
1648 572 1841 627 dimitti
1877 580 1931 628 et

336 668 592 724 tenebras
622 666 816 736 expelli
848 665 1177 718 nuntiamus.

401 758 571 811 Vens.
596 760 645 810 6.
672 786 739 794 —
769 756 827 809 Si
856 754 1193 808 dixerimus.
1222 753 1498 807 Hactenus
1529 751 1930 807 commendatio

334 845 576 916 epistolae
601 863 614 909 ;
646 844 734 899 hic
762 842 999 897 ostendit
1028 842 1259 912 qualiter
1288 842 1528 897 charitas
1557 842 1625 895 sit
1654 841 1927 895 habenda.

335 936 406 989 Et
435 936 495 989 in
519 925 778 997 tenebris,
815 940 917 986 etc.
953 930 1315 984 Persistentes
1345 930 1398 984 in
1420 930 1679 1000 peccatis,
1715 938 1766 984 et
1797 929 1932 983 alios

336 1023 696 1079 obscurantes
716 1036 825 1076 non
846 1028 1230 1090 computantur
1246 1019 1301 1072 in
1316 1019 1578 1073 membris
1596 1019 1710 1087 ejus
1726 1036 1740 1085 ;
1756 1017 1898 1072 unde
1916 1036 1930 1072 :

341 1112 470 1180 Qua:
491 1111 786 1167 conventio
805 1110 1016 1165 Christi
1037 1110 1108 1163 ad
1128 1110 1308 1163 Belial
1330 1112 1352 1162 .9
1379 1124 1501 1180 qua:
1528 1109 1764 1163 societas
1789 1108 1932 1163 lucis

336 1200 409 1255 ad
440 1201 693 1255 tenebras
728 1203 750 1254 ?
779 1199 856 1267 (Il
887 1201 1008 1263 Cor,
1040 1198 1142 1265 Vl.)

402 1314 573 1368 Vens.
607 1316 660 1368 7.
694 1343 763 1354 -
794 1314 851 1369 Si
882 1315 1075 1367 autem
1104 1313 1166 1366 in
1208 1311 1348 1368 luce.
1403 1310 1601 1364 Sumus
1645 1309 1853 1374 mundi,
1889 1309 1934 1364 si

333 1402 679 1458 ambulamus
707 1401 762 1456 in
792 1401 932 1466 luce,
967 1401 1063 1454 sed
1095 1409 1278 1454 tamen
1307 1415 1416 1453 non
1447 1399 1711 1453 debemus
1739 1407 1935 1468 putare

332 1508 453 1557 nos,
517 1491 757 1561 quandiu
812 1490 1062 1558 vivimus,
1123 1488 1344 1543 omnino
1403 1504 1566 1558 posse
1613 1503 1646 1541 a
1693 1488 1934 1557 peccatis

330 1580 603 1635 mundari.
639 1580 795 1635 Sicut
825 1583 881 1634 et
912 1581 1048 1650 ipse,
1083 1586 1183 1632 etc.
1220 1579 1366 1631 Deus
1400 1576 1453 1630 in
1487 1577 1608 1631 luce
1639 1592 1763 1630 esse
1793 1577 1933 1632 dici-

2031 413 2365 468 desiderium
2396 428 2551 468 novae
2581 411 2718 468 lucis
2749 412 3000 468 infundit.

2102 503 2273 558 Vens.
2301 507 2352 556 8.
2378 532 2447 542 —
2472 503 2621 570 Quod
2643 519 2836 557 verum
2857 507 2962 558 est.
2998 502 3312 558 Secundum
3344 505 3488 575 quod
3523 519 3658 575 pro-

2030 591 2177 646 misit
2205 608 2305 662 per
2334 591 2773 646 observationem
2821 591 3207 646 mandatorum
3238 593 3338 648 Dei
3368 594 3438 647 ad
3468 592 3660 663 ipsius

2031 680 2397 752 cognitionem
2446 689 2497 734 et
2545 679 2890 734 dilectionem
2935 680 3230 750 perveniri.
3287 683 3354 736 Et
3395 683 3456 736 in
3499 684 3658 753 ipso.

2032 765 2248 824 Christo
2277 769 2576 839 impletum,
2607 769 2734 840 quia
2761 768 3000 823 obedivit
3031 769 3174 823 Patri
3199 786 3372 840 usque
3394 771 3465 825 ad
3491 785 3661 825 mor-

2031 866 2142 912 tem
2174 875 2186 910 :
2223 866 2274 911 et
2304 857 2426 912 ideo
2476 857 2812 930 glorificatus
2861 866 2961 913 est.
2994 859 3063 912 Et
3094 860 3158 914 in
3188 859 3356 915 vobis.
3399 858 3663 927 Quorum

2033 946 2254 1018 quidam
2299 947 2413 1015 jam
2461 962 2562 1016 per
2605 947 2708 1001 hoc
2753 963 2877 1001 cum
2927 947 3044 1002 Deo
3073 947 3396 1019 gloriantur,
3429 956 3479 1003 et
3512 964 3663 1004 vere

2033 1044 2114 1090 est
2143 1051 2345 1089 novum
2377 1037 2509 1107 quia
2539 1036 2780 1091 tenebrae
2801 1035 2913 1104 jam
2947 1038 3328 1092 transierunt.
3376 1037 3664 1092 Tenebrae

2031 1125 2100 1178 ad
2130 1131 2372 1178 veterem
2418 1123 2695 1178 hominem
2741 1123 3038 1195 pertinent,
3073 1124 3164 1179 lux
3180 1141 3310 1181 vero
3340 1126 3408 1180 ad
3438 1141 3660 1180 novum

2034 1212 2334 1267 hominem.

2105 1302 2274 1356 Vens.
2293 1301 2716 1369 9.—Quidicit,
2739 1310 2844 1358 etc.
2870 1303 3209 1358 Determinat
3242 1303 3385 1374 quod
3415 1304 3667 1358 manda-

2034 1399 2144 1444 tum
2174 1390 2422 1460 accipiat,
2457 1391 2510 1444 id
2543 1399 2624 1445 est
2656 1392 2996 1460 charitatem,
3031 1401 3085 1447 et
3130 1391 3359 1464 qualiter
3398 1394 3663 1449 charitas

2034 1479 2152 1549 ipsa
2183 1481 2434 1534 habenda
2465 1479 2549 1545 sit,
2585 1479 2792 1535 scilicet
2821 1481 3040 1536 dilectio
3073 1481 3171 1535 Dei
3203 1489 3254 1536 et
3283 1482 3541 1552 proximi.

2104 1569 2274 1622 Vens.
2313 1572 2398 1634 10,
2427 1573 2512 1623 11.
2539 1599 2607 1608 —-
2633 1569 2736 1637 Qui
2765 1569 2952 1640 diligit
2973 1573 3219 1640 fratrem
3250 1588 3434 1637 suum,
3469 1581 3562 1626 est
3598 1572 3662 1626 in

327 1678 435 1735 tur,
468 1669 595 1739 quia
625 1683 832 1722 summa
873 1667 1088 1721 bonitas
1136 1666 1228 1720 ubi
1277 1664 1547 1736 proﬁcere
1594 1665 1775 1719 valeat
1821 1681 1931 1719 non
1959 1672 2013 1731 Β
2035 1657 2238 1712 lumine
2286 1657 2527 1713 scientiae
2559 1666 2611 1712 et
2642 1657 2977 1728 Operationis
3011 1676 3024 1712 :
3060 1659 3156 1713 sed
3195 1662 3290 1731 qui
3317 1660 3432 1715 odit
3463 1665 3557 1716 est
3590 1663 3662 1716 in

330 1758 560 1822 invenit,
594 1759 757 1812 homo
788 1757 844 1810 in
873 1757 994 1811 luce
1026 1755 1424 1826 ambulat,quia
1455 1754 1713 1810 virtutum
1743 1755 1931 1825 operi-

333 1847 434 1902 bus
463 1847 533 1900 ad
561 1847 792 1900 meliora
820 1844 1056 1916 proficit.

411 1937 583 1990 Vens.
617 1940 667 1988 8.
702 1965 771 1974 —
790 1935 848 1989 Si
878 1935 1217 1999 dixerimus,
1253 1940 1356 1987 etc.
1392 1931 1475 1986 Illi
1505 1931 1669 1986 etiam
1695 1947 1804 1987 non
1835 1933 1933 1987 ha-

330 2025 458 2080 bent
488 2023 808 2079 charitatem
849 2023 940 2093 qui
969 2023 1036 2076 de
1069 2021 1277 2075 meritis
1327 2022 1706 2092 superbientes
1755 2039 1814 2076 se
1844 2022 1932 2076 di-

330 2121 459 2168 cunt
488 2129 610 2168 esse
639 2112 890 2166 mundos.
941 2113 1234 2166 [labe-mus.
1289 2110 1413 2164 Non
1443 2110 1536 2176 ait,
1589 2111 1884 2166 habuimus
1914 2131 1934 2166 :

327 2218 396 2257 ne
425 2201 564 2257 forte
593 2201 661 2256 de
692 2200 980 2271 praeteritis
1012 2199 1216 2256 dictum
1246 2199 1544 2254 videretur.

403 2301 573 2355 Vens.
607 2302 658 2353 9.
693 2328 762 2339 —
793 2300 1066 2354 Remittat
1108 2297 1266 2356 nobis
1316 2303 1568 2368 peccata.
1616 2297 1699 2351 Ea
1729 2313 1849 2368 quae
1879 2297 1933 2350 in

327 2388 487 2444 nobis
517 2396 641 2443 sunt
669 2388 948 2460 graviora,
1001 2394 1162 2443 vocat
1210 2395 1451 2458 peccata,
1485 2394 1537 2441 at
1568 2387 1800 2454 minora,
1833 2403 1934 2458 ap-

328 2478 497 2549 pellat
525 2477 884 2548 iniquitatem.

399 2567 569 2621 Vens.
598 2569 682 2620 10.
707 2595 778 2606 -
797 2565 1135 2621 Mendacem.
1173 2565 1333 2621 Solus
1367 2566 1514 2621 Deus
1545 2581 1612 2619 ex
1643 2582 1702 2619 se
1732 2579 1930 2621 verax:

329 2657 493 2712 homo
523 2672 590 2710 ex
619 2656 734 2711 Deo
765 2671 950 2720 verax,
979 2671 1045 2709 ex
1077 2671 1135 2709 se
1166 2655 1420 2709 mendax.
1475 2654 1818 2725 Impossibile
1853 2661 1936 2709 est

333 2744 629 2816 quemlibet
657 2752 903 2799 sanctum
930 2744 1227 2815 aliquando
1258 2760 1367 2798 non
1399 2743 1598 2800 cadere
1620 2744 1676 2797 in
1696 2743 1937 2797 minimis

329 2833 592 2904 peccatis.
624 2834 740 2888 Nec
762 2833 893 2901 justi
924 2849 1047 2889 esse
1078 2832 1366 2899 desistunt,
1403 2833 1528 2904 quia
1567 2832 1720 2888 ocius
1751 2832 1934 2904 opitu-

332 2921 481 2979 lante
508 2923 624 2978 Deo
660 2929 976 2995 resurgunt.

961 3088 1184 3145 CAPUT
1223 3089 1287 3143 II.

407 3233 578 3288 Vens.
602 3236 653 3287 1.
678 3261 746 3272 -
767 3231 953 3287 Filioli
972 3233 1104 3301 mei,
1130 3232 1244 3286 haec
1266 3230 1465 3298 scribo,
1490 3237 1594 3287 etc.
1627 3230 1710 3285 Ne
1738 3231 1937 3287 malam

334 3321 684 3378 securitatem
735 3319 1047 3387 assumatis,
1098 3319 1382 3375 audientes
1428 3336 1526 3376 vos
1557 3335 1592 3376 a
1621 3321 1737 3376 Deo
1781 3337 1939 3376 mun-

336 3411 478 3478 dari,
513 3411 610 3465 sed
641 3409 827 3464 utilem
857 3409 1108 3464 timorem
1137 3409 1406 3464 habeatis.
1441 3409 1499 3466 Si
1530 3410 1654 3482 quis
1684 3426 1942 3483 peccave-

340 3503 441 3556 rit.
475 3499 532 3555 Si
562 3516 628 3554 ex
657 3499 893 3553 humana
922 3497 1217 3571 fragilitate
1247 3515 1356 3554 non
1386 3499 1613 3569 potestis
1645 3499 1823 3554 omnia
1853 3499 1938 3554 vi-

337 3589 412 3644 tia
442 3603 660 3655 cavere,
711 3589 835 3644 date
881 3603 1102 3659 operam
1132 3596 1188 3642 ut
1219 3587 1408 3642 saltem
1458 3589 1669 3657 majora
1699 3596 1751 3642 et
1779 3603 1941 3659 aper-

341 3679 483 3734 tiora
512 3677 770 3743 caveatis,
804 3685 862 3733 ut
891 3693 1001 3732 non
1031 3678 1405 3748 apprehendat
1455 3693 1554 3734 vos
1581 3677 1805 3732 tentatio
1835 3678 1940 3732 nisi

336 3767 594 3822 humana.
646 3765 806 3835 Quod
856 3767 900 3822 si
949 3766 1071 3838 quis
1120 3767 1284 3822 etiam
1340 3775 1464 3837 post
1514 3767 1940 3822 admonitionem

345 3871 524 3912 meam
554 3856 832 3922 ceciderit,
865 3872 976 3911 non
1005 3856 1279 3926 desperet.
1314 3857 1674 3912 Advocatum.
1706 3856 1830 3911 Non
1860 3864 1944 3910 est

341 3947 641 4001 advocatus
669 3945 773 4000 nisi
805 3961 927 4000 eum
957 3945 1300 4000 vocantibus.
1354 3945 1688 4015 Displiceant
1716 3953 1944 4015 peccata

341 4033 459 4102 tibi,
507 4034 686 4090 clama
720 4051 732 4087 :
767 4041 820 4088 et
849 4034 965 4104 ipse
1016 4035 1165 4088 audit
1195 4043 1248 4088 et
1296 4033 1511 4088 liberat.
1567 4037 1812 4089 Iustum.
1842 4035 1942 4088 Ju-

345 4130 461 4177 stus
493 4123 790 4178 advocatus
820 4122 1047 4191 injustas
1076 4138 1272 4179 causas
1301 4139 1410 4177 non
1441 4122 1685 4193 suscipit,
1736 4123 1829 4194 qui
1860 4131 1947 4177 ta-

336 4227 463 4267 men
485 4211 664 4281 justos
693 4227 795 4266 nos
823 4210 1078 4267 defendet
1106 4211 1163 4266 in
1185 4211 1408 4281 judicio,
1445 4212 1491 4266 si
1521 4227 1623 4268 nos
1661 4227 1806 4268 nunc
1835 4227 1934 4268 ac-

335 4317 591 4358 cusamus
617 4299 866 4369 injustos.

2037 1747 2280 1802 tenebris
2315 1746 2662 1818 ignorantiae,
2697 1755 2749 1801 et
2778 1764 2877 1817 per
2908 1748 3079 1818 ipsam
3125 1747 3486 1820 ignorantiam
3516 1766 3660 1804 am-

2034 1835 2219 1888 bulant
2249 1835 2317 1889 de
2348 1835 2477 1890 vitio
2508 1836 2563 1888 in
2593 1835 2803 1900 vitium,
2835 1840 2892 1892 et
2920 1837 3120 1904 nescit,
3155 1835 3211 1890 id
3241 1845 3322 1891 est
3369 1853 3478 1891 non
3514 1855 3661 1909 pro-

2035 1924 2200 1991 videt,
2234 1941 2336 1996 quo
2369 1929 2502 1992 eat,-
2533 1933 2584 1978 et
2614 1925 2681 1978 ad
2716 1940 2880 1996 quam
2909 1940 3126 1996 poenam
3178 1925 3526 1996 recipiendus
3554 1927 3657 1983 sit.

2035 2013 2155 2077 Vel,
2189 2015 2373 2068 nescit
2404 2030 2507 2086 quo
2559 2017 2668 2079 eat,
2702 2013 2756 2067 id
2787 2022 2866 2068 est
2911 2013 3130 2086 ignorat
3176 2013 3318 2068 viam
3365 2031 3471 2086 qua
3501 2031 3659 2072 con—

2041 2110 2288 2157 vertatur
2316 2101 2384 2156 ad
2407 2102 2622 2168 melius,
2647 2111 2698 2156 et
2721 2103 2822 2157 hoc
2852 2118 2960 2156 non
2991 2103 3135 2167 ideo,
3168 2103 3323 2174 quasi
3344 2103 3426 2157 via
3448 2115 3659 2176 aperta

2038 2206 2145 2244 non
2168 2190 2253 2256 sit,
2282 2191 2378 2244 sed
2400 2193 2531 2263 quia
2563 2192 2803 2246 tenebraz
2827 2191 3246 2247 obcwcaverunt
3275 2194 3461 2248 oculos
3492 2197 3650 2266 ejus,

2037 2279 2183 2350 quia
2212 2279 2414 2334 lumine
2445 2280 2640 2334 Christi
2671 2281 2935 2335 recedens
2957 2281 3199 2350 peccatis
3229 2289 3282 2335 et
3313 2282 3520 2337 carnali
3541 2300 3656 2339 vo-

2036 2367 2240 2438 luptate
2272 2369 2347 2424 ita
2371 2369 2725 2440 przepeditur,
2757 2377 2817 2424 ut
2847 2369 3060 2425 etiamsi
3081 2369 3284 2426 bonum
3305 2371 3508 2438 videat,
3531 2389 3658 2429 non

2037 2466 2220 2513 tamen
2249 2466 2596 2529 exsequatur.

2109 2557 2280 2610 Vens.
2299 2556 2647 2612 12.—Scribo
2663 2556 2828 2622 vobis,
2853 2565 2958 2612 etc.
2983 2557 3255 2627 Przeponit
3273 2573 3495 2614 causam
3517 2575 3653 2631 qua:

2035 2652 2221 2714 posset
2251 2660 2348 2699 eos
2377 2645 2698 2700 abstrahere
2729 2645 2799 2699 ab
2827 2661 3011 2701 amore
3057 2647 3266 2715 mundi,
3298 2647 3426 2718 quia
3456 2648 3651 2718 bapti-

2037 2732 2172 2787 zatis
2226 2733 2282 2786 in
2337 2733 2555 2788 nomine
2631 2733 2831 2788 Christi
2887 2742 2940 2789 et
2995 2734 3373 2790 invocantibus
3441 2751 3655 2791 nomen

2037 2821 2257 2887 Christi,
2315 2822 2657 2877 dimittuntur
2713 2831 2956 2893 peccata,
3008 2839 3143 2896 ergo
3202 2824 3418 2879 Christo
3462 2826 3652 2898 magis

2036 2911 2424 2965 adhzerendum
2457 2920 2538 2965 est
2568 2927 2731 2983 quam
2762 2912 2982 2967 mundo.
3018 2914 3226 2969 Filioli.
3260 2914 3469 2979 Patres,
3503 2915 3651 2971 ado-

1962 3034 2011 3097 Ο
2040 3000 2331 3097 lescentes,
2357 3001 2608 3070 juvenes.
2643 3001 2772 3097 Ideo
2803 2999 2896 3055 filii
2930 3019 2943 3056 :
2978 3001 3106 3097 quia
3131 3002 3478 3057 remittuntur
3506 3019 3650 3074 pec-

2041 3098 2182 3145 cata.
2216 3089 2342 3144 Ideo
2371 3097 2574 3160 patres,
2609 3088 2737 3160 quia
2764 3089 3100 3163 cognovistis
3128 3090 3369 3163 antiqua.
3405 3092 3534 3148 Ideo
3558 3093 3652 3161 ju-

2050 3195 2236 3245 venes,
2270 3178 2395 3250 quia
2425 3178 2610 3245 fortes,
2644 3179 2772 3251 quia
2800 3178 3026 3234 vicistis.

2110 3295 2280 3349 Vens.
2315 3297 2400 3351 13.
2433 3324 2502 3334 -
2531 3293 2942 3351 Adolescentes.
2993 3295 3393 3352 Adolescentia
3423 3305 3644 3369 tempus

2036 3392 2263 3454 prapter
2293 3383 2565 3439 incentiva
2595 3383 2774 3439 carnis
2817 3384 3084 3440 lubricum
3109 3404 3124 3452 ;
3158 3385 3257 3440 sed
3286 3395 3516 3456 propter
3546 3401 3646 3441 ro-

2037 3472 2142 3526 bur
2186 3471 2359 3527 zetatis
2408 3471 2589 3527 habile
2635 3473 2934 3539 certamini,
2968 3482 3022 3528 et
3060 3473 3116 3528 hi
3163 3482 3494 3530 tentamenta
3545 3493 3649 3531 vo-

2040 3561 2306 3631 luptatum
2334 3561 2488 3617 verbi
2516 3561 2618 3617 Dei
2648 3577 2836 3618 amore
2865 3563 3132 3630 vicerunt,
3156 3571 3207 3619 et
3228 3565 3644 3634 persecutiones

2041 3660 2373 3721 contempsei
2388 3659 2503 3706 unt.

2115 3768 2286 3823 Vens.
2311 3768 2396 3822 14.
2421 3797 2490 3807 —
2512 3769 2583 3822 Et
2608 3767 2844 3824 vicistis.
2875 3769 3248 3824 Trahebantur
3273 3775 3405 3827 tunc
3435 3777 3648 3842 tempo-

2043 3856 2122 3910 ris
2143 3856 2372 3925 juvenes
2403 3857 2795 3912 consuetudine
2825 3857 2895 3912 ad
2917 3857 3164 3929 lupanar,
3188 3860 3285 3915 sed
3306 3859 3396 3915 isti
3418 3861 3654 3917 viriliter

2045 3945 2352 4000 resistendo
2381 3945 2687 4000 vincebant.

2121 4049 2289 4102 Vens.
2325 4050 2410 4102 15.
2442 4077 2512 4088 --
2541 4049 2724 4104 Nolite
2768 4049 2998 4121 diligere
3059 4050 3361 4107 mundum.
3427 4050 3650 4108 Utimini

2049 4136 2252 4191 mundo
2283 4136 2351 4191 ad
2382 4137 2780 4205 necessitatem,
2816 4138 2911 4192 sed
2958 4154 3067 4192 non
3115 4139 3324 4212 diligite
3354 4141 3426 4194 ad
3459 4158 3651 4212 super-

2049 4225 2322 4280 fluitatem.
2355 4225 2425 4279 Et
2453 4225 2635 4280 carnis
2674 4241 2857 4281 curam
2886 4243 2956 4281 ne
2986 4225 3222 4282 feceritis
3250 4229 3305 4282 in
3335 4229 3647 4286 desideriis.

2055 4315 2238 4370 Nolite
2269 4315 2502 4385 diligere
2532 4316 2830 4370 mundum.
2862 4315 3042 4372 Unum
3091 4331 3188 4372 cor
3235 4318 3376 4372 duos
3408 4318 3516 4374 sibi
3546 4319 3647 4374 ad-

407 4409 814 4464 Vens.3.—Et
830 4409 893 4464 in
913 4408 1013 4464 hoc
1033 4409 1263 4464 scimus.
1289 4407 1441 4464 Scire
1460 4407 1548 4463 vel
1567 4423 1924 4480 cognoscere,
1974 4405 2028 4466 D
2059 4403 2330 4459 versarios
2376 4417 2593 4458 amores
2633 4419 2745 4459 non
2790 4404 2948 4475 capit.
3000 4405 3246 4461 Radicati
3277 4406 3330 4460 in
3363 4408 3646 4475 charitate,

337 4512 445 4552 non
477 4513 692 4568 semper
738 4503 964 4568 propter
1009 4495 1254 4552 notitiam
1303 4496 1520 4563 dicitur,
1573 4497 1670 4552 sed
1717 4506 1940 4568 propter

338 4588 766 4658 experimentum
815 4594 868 4642 et
914 4585 1171 4641 unionem
1219 4585 1442 4641 alterius
1490 4585 1588 4640 rei.
1643 4587 1940 4660 Cognosci-

341 4691 463 4730 mus
494 4675 667 4730 Deum
699 4675 918 4747 quando
961 4675 1179 4731 unimur
1209 4675 1278 4731 ei.
1313 4674 1417 4743 Qui
1447 4675 1524 4730 sic
1555 4676 1749 4742 noscit,
1781 4692 1940 4730 man-

341 4765 470 4819 data
492 4763 607 4832 ejus
629 4773 832 4819 servat.
859 4765 918 4821 Si
938 4766 1211 4820 mandata
1232 4766 1354 4838 ejus
1374 4766 1744 4821 observamus.
1767 4765 1948 4821 Debe-

341 4869 464 4908 mus
522 4852 873 4926 fragilitatem
928 4861 1170 4908 nostram
1227 4853 1524 4920 attendere,
1575 4854 1838 4910 debemus
1887 4855 1943 4910 in

340 4942 580 5013 peccatis
611 4943 934 4999 advocatum
975 4959 1241 5014 quaerere,
1291 4943 1436 5015 quod
1467 4951 1524 4997 ut
1571 4943 1942 5014 impetremus,

339 5029 408 5083 de
455 5031 825 5086 custodiendis
872 5031 1137 5085 mandatis
1186 5032 1520 5097 laboremus,
1571 5048 1670 5104 per
1714 5049 1836 5104 quae
1874 5032 1944 5088 ad

344 5117 712 5190 cognitionem
744 5119 914 5190 ipsius
944 5121 1174 5175 venitur.

415 5225 587 5280 Vens.
620 5227 671 5280 4.
705 5255 773 5266 -
807 5227 914 5292 Qui
944 5227 1081 5282 dicit
1110 5243 1168 5283 se
1199 5242 1378 5294 nosse,
1412 5237 1514 5284 etc.
1548 5228 1672 5285 Non
1718 5236 1801 5284 est
1829 5243 1946 5284 ma-

346 5331 515 5388 gnum
544 5329 711 5367 unum
742 5315 915 5369 Deum
945 5329 1128 5382 nosse,
1172 5332 1296 5372 cum
1329 5325 1382 5372 et
1411 5318 1689 5373 daemones
1721 5319 1948 5373 credant

351 5413 402 5460 et
430 5401 872 5459 contremiscant.

420 5493 589 5548 Vens.
615 5495 665 5548 7.
692 5523 761 5534 —
782 5494 905 5550 Men
925 5494 1263 5550 mandatum
1295 5511 1520 5552 novum.
1555 5495 1763 5551 Eadem
1777 5495 1951 5552 chari-

343 5603 431 5650 tas
461 5594 777 5651 mandatum
810 5601 962 5650 vetus
994 5601 1094 5661 est,
1121 5592 1243 5665 quia
1274 5594 1343 5650 ab
1375 5594 1526 5651 initio
1549 5596 1944 5652 commendata.

2043 4507 2208 4563 super
2239 4493 2378 4548 hanc
2408 4491 2647 4548 radicem
2678 4493 2811 4547 nihil
2842 4493 3140 4561 aedificetis,
3192 4494 3294 4549 nisi
3334 4496 3484 4566 quod
3513 4512 3648 4552 con-

2041 4581 2189 4636 venit
2218 4581 2484 4647 charitati,
2539 4582 2666 4652 quia
2713 4597 2823 4637 non
2871 4584 3099 4654 potestis
3148 4583 3362 4640 duobus
3410 4585 3645 4641 dominis

2044 4670 2268 4726 servire.
2323 4670 2471 4726 Sicut
2514 4670 2731 4726 dilectio
2762 4670 2862 4726 Dei
2909 4670 3030 4726 fons
3073 4673 3313 4728 omnium
3360 4674 3640 4742 virtutum,

2043 4757 2117 4815 ita
2146 4759 2364 4815 dilectio
2395 4759 2582 4814 mundi
2613 4759 2855 4814 omnium
2884 4761 3161 4817 vitiorum.

2117 4876 2286 4930 Vens.
2319 4879 2405 4931 16.
2427 4906 2496 4916 -
2517 4875 2691 4932 Omne
2720 4876 2862 4949 quod
2882 4881 2968 4933 est
2989 4879 3051 4932 in
3081 4879 3312 4934 mundo.
3343 4879 3569 4950 (BEDA.)
3590 4878 3645 4933 Id

2046 4973 2127 5019 est
2153 4983 2165 5019 :
2200 4963 2405 5020 Omnes
2435 4965 2730 5021 dilectores
2759 4966 2969 5033 mundi,
3003 4966 3135 5021 nihil
3164 4967 3368 5022 habent
3396 4968 3506 5023 nisi
3533 4969 3644 5024 haec

2043 5055 2167 5120 tria,
2203 5053 2420 5125 quibus,
2442 5062 2572 5121 etc.,
2596 5071 2768 5128 usque
2790 5055 2862 5112 ad
2881 5054 3052 5111 noluit
3082 5055 3265 5112 extolli
3287 5073 3454 5129 super
3474 5071 3645 5132 regna

2045 5143 2253 5198 mundi.

2117 5242 2289 5296 Vens.
2325 5243 2410 5295 17.
2443 5272 2513 5282 -
2547 5241 2653 5309 Qui
2695 5246 2888 5298 autem
2934 5243 3076 5314 facit
3121 5244 3495 5311 voluntatem,
3543 5253 3642 5301 etc.

2047 5331 2160 5386 Hoc
2193 5329 2353 5386 etiam
2384 5331 2546 5386 modo
2576 5339 2753 5402 potest
2792 5331 2982 5386 haberi
3023 5332 3281 5400 charitas,
3316 5333 3361 5388 si
3390 5334 3642 5389 nimirum

2048 5420 2196 5474 nullo
2243 5419 2497 5475 instinctu
2544 5421 2629 5475 hae
2670 5420 2930 5476 eticorum
2980 5420 3175 5490 dejecti
3224 5423 3355 5477 estis
3395 5437 3428 5476 a
3459 5421 3567 5478 ﬁde
3595 5432 3646 5478 et

2051 5508 2264 5565 caeteris
2296 5525 2416 5581 quae
2443 5517 2565 5564 sunt
2594 5509 2714 5565 Dei.
2756 5510 2824 5564 Et
2875 5518 2931 5564 ut
2979 5525 3100 5565 eam
3149 5511 3401 5578 teneatis,
3432 5527 3646 5583 perma—

2049 5607 2214 5656 neant
2245 5599 2300 5656 in
2331 5598 2485 5655 vobis
2517 5615 2637 5672 quae
2669 5599 2895 5657 audistis
2929 5601 2995 5655 ab
3017 5599 3189 5658 initio.
