3964 6178
259 245 368 299 697

1209 239 1482 296 GLOSSA
1513 239 1922 296 ORDINARIA.
1955 268 2024 280 —
2050 238 2268 295 EPIST.
2328 240 2350 294 Ι
2405 237 2602 295 JOAN.

3466 243 3570 297 69B

333 385 510 440 Vens.
546 387 632 439 18.
668 413 738 424 -
768 383 976 449 Filioli,
1011 383 1317 439 novissima
1348 383 1485 438 hora
1507 387 1611 438 est.
1642 383 1860 453 Etpro-

1989 365 2107 420 Ecce
2137 364 2228 420 hic
2257 363 2657 431 Christus,ecce
2687 363 2814 430 illic,
2849 379 2918 419 ne
2949 363 3310 433 credideritis,
3339 365 3437 420 sed
3465 365 3572 421 hoc

257 481 458 545 pterea
513 472 726 528 debetis
783 473 1102 543 persistere,
1163 472 1290 544 quia
1341 472 1496 526 multi
1546 481 1670 526 sunt
1700 471 1858 526 Anti-
1957 453 2103 525 (ἰυοά
2133 453 2202 545 δῙξ
2236 453 2498 545 3P0§t91i5
2530 453 2779 545 “Nisus;
2814 461 3012 545 tePete-
3046 454 3305 545 3511981."
3339 455 3482 510 Filio
3513 458 3568 509 εί

258 563 455 619 christi
484 563 572 634 qui
609 579 707 616 vos
738 563 924 617 volunt
955 563 1237 616 seducere.
1271 563 1428 616 Sicut
1458 563 1698 616 audistis
1729 563 1860 634 quia

261 653 657 708 Antichristus
677 651 850 707 venit.
884 650 1018 705 Cum
1037 659 1237 722 quanto
1268 651 1413 705 enim
1440 651 1645 721 impetu
1678 659 1730 704 et
1752 658 1864 704 ter-

260 756 389 795 rore
448 740 676 794 audistis
735 747 1020 795 venturum
1077 739 1490 808 Antichristum,
1549 754 1667 794 cum
1715 747 1864 794 tanta

260 829 524 884 violentia
555 837 604 884 et
635 829 722 883 isti
765 828 1006 884 veniunt.
1049 829 1110 883 In
1140 829 1426 884 undecima
1474 829 1606 883 hora
1654 845 1861 900 sumus,

258 918 413 974 venit
445 918 692 974 Salvator
719 918 777 972 in
815 933 998 983 carne,
1034 925 1087 972 et
1128 926 1380 974 secutura
1411 925 1494 972 est
1532 917 1701 988 pestis
1748 919 1864 972 An-

259 1007 520 1073 tichristi,
555 1007 648 1078 qui
699 1007 975 1078 przeconia
1032 1006 1222 1061 salutis
1270 1008 1570 1079 impugnet,
1627 1007 1720 1078 qui
1777 1007 1865 1061 vi-

260 1111 429 1152 neam
488 1110 653 1167 quam
709 1095 954 1150 Christus
1013 1095 1210 1151 excolit
1266 1097 1544 1166 exstirpet,
1608 1104 1660 1151 et
1708 1096 1867 1165 hujus

260 1184 592 1258 nequissimi
648 1184 838 1256 capitis
887 1185 998 1254 jam
1047 1185 1214 1240 multa
1282 1186 1525 1240 membra
1587 1185 1868 1256 praamissa

257 1282 409 1343 sunt,
431 1289 463 1328 a
493 1274 690 1346 quibus
721 1274 1024 1329 cavendum
1055 1281 1156 1340 est,
1193 1273 1319 1346 quia
1341 1275 1452 1344 jam
1476 1274 1720 1328 imminet
1743 1273 1867 1329 ﬁnis

259 1363 491 1428 saeculi;
523 1362 608 1418 vel
629 1364 936 1418 novissima
977 1364 1132 1431 hora,
1193 1363 1249 1418 id
1306 1371 1388 1418 est
1446 1363 1638 1417 similis
1685 1363 1872 1417 novis-

258 1451 438 1516 simae,
465 1451 656 1505 similis
685 1459 768 1506 est
807 1451 922 1506 haec
952 1451 1257 1521 persecutio
1316 1451 1392 1508 illi
1425 1451 1640 1506 futurae.
1709 1452 1870 1508 Nunc

266 1541 614 1597 Antichristi
643 1541 832 1596 multi.
865 1539 1177 1594 Antichristi
1210 1548 1334 1594 sunt
1365 1556 1555 1595 omnes
1603 1541 1866 1608 haretici,

266 1645 465 1684 omnes
482 1629 572 1700 qui
603 1626 764 1682 ﬁdem
795 1644 957 1700 quam
1005 1627 1328 1683 conﬁtentur
1359 1629 1540 1683 verbis
1592 1629 1876 1684 destruunt

261 1718 515 1782 actibus;
546 1733 737 1772 omnes
768 1716 981 1771 Christo
1035 1717 1316 1786 contrarii,
1368 1717 1457 1790 qui
1505 1726 1733 1772 venturo
1763 1733 1862 1774 suo
1883 1729 1936 1788 Β

263 1806 430 1876 capiti
458 1805 826 1861 testimonium
854 1805 1109 1875 reddunt,
1141 1807 1263 1878 quia
1296 1807 1615 1877 mysterium
1664 1806 1868 1878 iniqui-

272 1895 405 1949 tatis
425 1895 539 1964 jam
566 1902 822 1965 operatur
851 1894 904 1948 in
933 1893 1060 1949 illis.

344 2011 495 2064 Vens
529 2012 614 2064 19.
648 2037 718 2049 -
746 2009 834 2063 Ex
865 2007 1021 2063 nobis
1049 2009 1404 2080 prodierunt,
1431 2017 1533 2065 etc.
1567 2010 1717 2065 Licet
1766 2010 1873 2063 sint

266 2099 424 2154 multi
447 2097 782 2163 Antichristi,
816 2113 924 2151 non
982 2105 1162 2152 tamen
1193 2115 1289 2152 vos
1349 2107 1544 2154 terreat
1573 2099 1618 2152 si
1658 2099 1728 2154 ad
1780 2101 1873 2168 ju-

267 2189 552 2244 daismum
576 2188 661 2242 vel
682 2186 1060 2259 paganismum
1091 2187 1384 2257 redierunt,
1412 2205 1516 2244 non
1539 2189 1662 2243 ideo
1678 2189 1874 2259 putetis

261 2278 586 2334 Ecclesiam
618 2293 684 2331 ex
714 2277 817 2331 hoc
845 2276 954 2346 pati
989 2275 1209 2347 aliquod
1231 2278 1486 2332 damnum
1511 2297 1525 2345 ;
1555 2278 1680 2350 quia
1726 2279 1770 2332 si
1809 2294 1874 2332 ex

270 2367 438 2422 nobis
491 2367 756 2432 exierunt,
808 2371 989 2419 tamen
1026 2381 1135 2420 non
1185 2375 1336 2421 erant
1385 2367 1542 2421 nobis
1591 2366 1871 2422 veraciter.

269 2458 399 2512 Non
429 2456 726 2526 potuissent
756 2453 946 2526 egredi
987 2452 1089 2508 nisi
1128 2465 1312 2510 essent
1343 2456 1555 2510 Christo
1599 2455 1872 2512 contrarii.

269 2545 380 2614 Qui
419 2561 528 2601 non
558 2553 639 2600 est
671 2543 884 2599 Christo
932 2543 1251 2613 contrarius,
1303 2545 1357 2598 in
1401 2561 1630 2615 corpore
1678 2544 1877 2599 Christi

259 2644 472 2690 manet.
506 2635 596 2690 Sic
628 2644 752 2688 sunt
781 2631 890 2688 ﬁcti
945 2635 1002 2688 in
1059 2633 1309 2689 Ecclesia
1361 2634 1634 2704 quomodo
1687 2637 1878 2687 humo-

263 2740 360 2779 res
398 2723 527 2777 mali
559 2723 613 2777 in
635 2739 894 2794 corpore;
927 2725 1146 2798 quando
1205 2730 1544 2786 evomuntur,
1609 2725 1877 2778 relevetur

279 2829 524 2883 corpus;
555 2813 632 2867 sic
665 2814 880 2884 quando
910 2821 1109 2869 exeunt
1157 2811 1303 2876 mali,
1364 2811 1634 2866 relevetur
1683 2812 1875 2866 Eccle-

264 2903 371 2958 sia.
413 2903 518 2958 Sed
542 2907 606 2958 ut
633 2903 948 2974 manifesti.
984 2901 1132 2956 Multi
1181 2901 1271 2971 qui
1319 2917 1428 2955 non
1486 2908 1606 2955 sunt
1666 2919 1728 2954 ex
1778 2916 1877 2954 no-

264 2992 354 3046 bis
379 2990 650 3061 accipiunt
679 2992 961 3048 nobiscum
1000 2998 1336 3046 sacramenta
1368 2989 1589 3054 Christi,
1624 2991 1720 3043 sed
1766 2997 1876 3043 ten-

267 3080 404 3136 tatio
433 3079 625 3149 probat
645 3080 770 3152 quia
791 3096 901 3136 non
927 3087 1052 3135 sunt
1074 3097 1139 3135 ex
1169 3079 1348 3134 nobis.
1375 3077 1603 3148 Quando
1632 3078 1737 3132 illis
1759 3086 1876 3132 ten-

265 3169 409 3224 tatio
441 3168 667 3234 venerit,
713 3169 868 3241 quasi
926 3169 1215 3226 occasione
1271 3167 1418 3223 venti
1465 3168 1648 3223 volant
1705 3166 1868 3237 foras,

268 3257 412 3330 quia
444 3273 618 3330 grana
647 3273 755 3312 non
784 3267 956 3314 erant.
993 3257 1198 3314 Omnes
1228 3265 1356 3312 tunc
1411 3256 1687 3322 volabunt,
1747 3271 1872 3312 cum

268 3361 409 3402 area
439 3346 726 3403 Dominica
754 3347 983 3418 coeperit
1003 3346 1250 3402 ventilari
1279 3346 1335 3400 in
1365 3345 1454 3400 die
1477 3345 1687 3414 judicii.
1722 3345 1870 3412 Ideo,

270 3434 628 3506 permittente
656 3435 800 3504 Deo,
853 3435 1073 3506 quidam
1125 3442 1249 3489 ante
1280 3433 1523 3488 ultimam
1569 3432 1872 3488 dissensio-

270 3539 399 3580 nem
434 3532 631 3579 exeunt
663 3524 732 3579 de
761 3524 1032 3589 Ecclesia,
1065 3523 1413 3578 ostendentes
1453 3538 1513 3576 se
1543 3537 1651 3576 non
1707 3521 1873 3576 fuisse

270 3613 344 3669 de
379 3628 616 3683 corpore
647 3613 866 3682 Christi,
905 3620 964 3666 ut
994 3629 1095 3684 per
1124 3613 1228 3668 hoc
1257 3610 1541 3666 manifeste
1586 3611 1870 3676 clarescat,

269 3702 540 3773 quoniam
572 3717 678 3756 non
709 3709 834 3756 sunt
863 3717 1054 3770 omnes
1082 3718 1146 3756 ex
1185 3700 1344 3755 nobis
1360 3699 1452 3772 qui
1481 3699 1764 3756 nobiscum
1793 3699 1874 3754 in-

268 3797 354 3844 tra
386 3789 552 3861 positi
584 3799 918 3846 sacramenta
949 3789 1149 3845 Christi
1190 3788 1477 3859 recipiunt,
1511 3795 1564 3842 et
1593 3787 1718 3842 ideo
1765 3803 1872 3843 non

272 3878 437 3933 debet
453 3893 552 3933 vos
583 3893 816 3950 gravare
835 3895 1021 3934 eorum
1052 3877 1338 3949 separatio.

344 3985 515 4040 Vens.
548 3988 637 4042 20.
669 4017 737 4026 —
766 3986 870 4042 Sed
889 4002 980 4041 vos
1011 3985 1340 4041 unctionem
1371 3983 1605 4039 habetis.
1642 3981 1774 4038 Cum
1809 3983 1876 4039 de

271 4075 544 4130 hmretieis
575 4074 906 4145 loqueretur,
963 4081 1189 4144 repente
1241 4073 1308 4128 ad
1349 4088 1479 4128 suos
1537 4087 1870 4138 conversus,

269 4163 403 4219 dicit
441 4178 538 4217 eos
582 4163 783 4217 habere
851 4163 1160 4218 unctionem
1204 4179 1235 4216 a
1267 4163 1484 4229 Sancto,
1506 4169 1563 4216 ut
1605 4177 1636 4215 e
1667 4169 1878 4216 contra-

273 4251 356 4307 rio
405 4251 657 4307 ostendat
707 4231 851 4323 quod
905 4251 1143 4306 haeretici
1183 4259 1237 4305 et
1293 4265 1485 4306 omnes
1567 4249 1881 4305 Antichristi

272 4341 380 4395 sint
409 4340 604 4413 gratia:
635 4339 926 4410 spiritualis
957 4356 1180 4394 munere
1198 4339 1412 4410 privati,
1446 4354 1548 4394 nec
1577 4339 1879 4409 pertineant

272 4430 344 4484 ad
376 4445 504 4485 eum
536 4428 627 4500 qui
669 4429 895 4484 Sanctus
928 4436 1154 4483 vocatur
1211 4445 1242 4481 a
1297 4427 1598 4498 prophetis.
1664 4429 1939 4522 Nostis,D

276 4519 494 4574 omnia.
517 4517 702 4573 Nostis
733 4517 1015 4572 veritatem
1047 4514 1172 4571 ﬁdei
1197 4523 1250 4571 et
1273 4516 1566 4584 vitze,docti
1596 4533 1695 4587 per
1723 4532 1862 4572 unc-

273 4607 483 4663 tionem
513 4606 759 4677 Spiritus,
782 4621 884 4662 nec
912 4621 1050 4677 Opus
1077 4605 1286 4660 habetis
1318 4605 1638 4670 doceri,nisi
1667 4612 1722 4660 ut
1750 4622 1862 4676 per-

271 4695 478 4751 sistatis
508 4695 564 4749 in
593 4710 658 4752 eo
687 4696 832 4767 quod
863 4694 1123 4766 cepistis.

346 4803 522 4856 Vens.
579 4806 666 4859 2i.
727 4833 794 4842 —
832 4803 902 4858 Et
957 4801 1226 4874 quoniam
1272 4817 1436 4857 omne
1489 4800 1870 4857 mendacium.

276 4890 505 4961 (Βεω.)
535 4889 758 4945 Dixerat
777 4906 937 4946 omne
968 4889 1311 4946 mendacium
1340 4904 1447 4945 non
1498 4905 1619 4944 esse
1648 4905 1713 4944 ex
1743 4889 1874 4945 veri-

278 4987 410 5046 tate,
435 4987 564 5044 etc.,
597 4995 769 5052 usque
815 4980 886 5034 ad
935 4978 1176 5034 omnium
1207 4978 1299 5050 qui
1353 4978 1553 5033 Christi
1602 4978 1876 5034 mandatis

278 5069 660 5138 obtemperare
688 5075 1056 5124 contemnunt.

353 5174 526 5229 Vens.
560 5176 648 5230 22.
681 5204 749 5214 —-
775 5175 874 5230 Hic
895 5179 980 5230 est
1002 5174 1412 5243 Antichristus,
1446 5182 1550 5230 etc.
1593 5175 1736 5230 Ecce
1780 5175 1874 5229 ad-

280 5262 472 5318 moniti
503 5278 688 5317 sumus
719 5264 991 5335 quomodo
1021 5279 1416 5334 cognoscamus
1463 5263 1874 5332 Antichristum,

282 5352 510 5417 scilicet,
543 5353 857 5425 quicunque
878 5356 1048 5424 negat
1085 5353 1388 5421 Christum,
1427 5360 1532 5407 etc.
1569 5354 1674 5419 Qui
1712 5359 1879 5425 negat

289 5443 536 5496 Patrem.
571 5440 786 5495 Frustra
818 5441 1102 5497 conﬁtetur
1132 5441 1306 5496 Deum
1330 5443 1539 5496 Patrem
1581 5442 1670 5512 qui
1717 5451 1880 5515 negat

293 5529 504 5594 Filium,
538 5529 629 5601 qui
663 5546 729 5584 ex
760 5531 876 5586 Deo
903 5530 1168 5602 procedit.

361 5645 526 5700 Vens.
560 5648 648 5703 24.
683 5676 750 5688 -—-
785 5647 936 5717 Quod
974 5647 1236 5714 audistis,
1273 5654 1374 5703 etc.
1402 5644 1456 5702 Si
1482 5644 1600 5717 quis
1634 5645 1830 5703 dixerit
1865 5665 1877 5701 :

1962 545 2146 598 Patre.
2182 543 2261 598 Ita
2293 542 2445 597 eritis
2475 543 2723 598 membra
2754 534 2926 597 Patris
2971 550 3022 597 et
3081 542 3217 607 Filii,
3253 550 3310 596 ut
3365 559 3398 596 a
3444 559 3568 598 me-

1960 632 2132 687 moria
2170 640 2220 686 et
2242 632 2577 702 protectione
2609 632 2781 686 Patris
2813 641 2864 686 et
2895 631 3012 685 Filii
3036 647 3144 685 non
3176 631 3454 695 excidatis,
3515 639 3568 687 et

1962 717 2067 772 hoc
2089 716 2302 770 debetis
2332 725 2606 786 appetere,
2643 724 2700 770 ut
2730 716 2846 770 sitis
2876 716 2929 770 in
2962 717 3116 770 Patre
3154 723 3206 770 et
3236 715 3393 782 Filio,
3444 715 3568 787 quia

1961 804 2092 860 inde
2121 805 2429 860 mercedem
2463 804 2890 876 consequemini.

2037 895 2206 949 Vens.
2231 898 2320 950 25.
2344 923 2414 933 —
2447 896 2569 949 Haec
2599 898 2684 949 est
2723 895 3100 966 repromissio.
3147 892 3403 949 Memoria
3432 909 3567 964 pro-

1965 983 2149 1039 missa:
2170 983 2438 1039 mercedis
2459 991 2901 1052 perseverantem
2934 992 2983 1038 te
3015 982 3171 1037 faciat
3197 983 3253 1036 in
3273 997 3458 1054 opere.

2038 1099 2209 1154 Vens.
2241 1101 2332 1155 27.
2365 1130 2434 1139 —
2465 1099 2569 1155 Sed
2597 1101 2746 1154 sicut
2768 1098 2962 1154 unctio
2979 1099 3120 1169 ejus.
3144 1097 3204 1151 Id
3223 1105 3306 1152 est
3337 1097 3566 1168 Spiritus

1971 1195 2208 1254 sanctus,
2244 1188 2397 1255 cujus
2429 1195 2819 1242 sacramentum
2850 1192 2930 1241 est
2960 1187 3013 1240 in
3043 1185 3297 1242 unctione
3329 1185 3527 1242 visibili
3552 1206 3566 1253 ;

1968 1277 2057 1331 vel
2086 1276 2408 1348 intelligitur
2439 1276 2622 1332 unctio
2653 1275 2932 1330 charitatis
2985 1291 3106 1346 quae
3151 1273 3469 1330 diffunditur
3515 1275 3570 1329 in

1971 1366 2233 1422 cordibus
2253 1365 2452 1420 nostris
2483 1380 2580 1435 per
2640 1365 2900 1434 Spiritum
2960 1371 3226 1432 sanctum,
3275 1363 3368 1435 qui
3411 1363 3570 1419 datus

1972 1463 2054 1510 est
2084 1455 2276 1520 nobis;
2311 1471 2432 1525 qua:
2460 1455 2528 1508 ad
2558 1453 2903 1509 observanda
2931 1453 3030 1508 Dei
3050 1453 3297 1506 mandata
3315 1468 3411 1508 cor
3423 1453 3566 1526 quod

1973 1543 2163 1614 implet
2193 1543 2508 1597 inflammat.

2047 1659 2215 1713 Vens.
2249 1663 2412 1714 28.—
2444 1660 2515 1713 Et
2540 1675 2715 1722 nunc,
2739 1658 2924 1726 ﬁlioli,
2968 1662 3214 1713 manete.
3249 1656 3448 1712 Crebra
3469 1657 3569 1712 ite-

1971 1748 2179 1803 ratione
2211 1746 2458 1810 inculcat,
2492 1754 2547 1801 ut
2577 1747 2849 1800 mentibus
2878 1746 3077 1802 arctius
3109 1745 3318 1814 infigat.
3352 1746 3570 1801 Maneto

1971 1839 2131 1893 ineo.
2165 1838 2231 1891 Et
2253 1836 2298 1890 si
2326 1837 2454 1906 quid
2482 1835 2607 1890 boni
2640 1836 2870 1898 habetis,
2931 1835 3007 1888 illi
3039 1842 3208 1889 totum
3241 1842 3296 1889 et
3328 1850 3438 1890 non
3465 1849 3569 1889 vo-

1970 1925 2055 1980 bis
2087 1925 2376 1996 imputate;
2408 1924 2551 1979 mala
2573 1925 2726 1979 vobis
2757 1933 2810 1979 et
2832 1924 3051 1978 diabolo
3071 1923 3351 1994 imputate.

2043 2015 2214 2069 Vens.
2245 2018 2334 2071 29.
2357 2045 2426 2054 —
2459 2013 2672 2079 Omnis,
2703 2022 2804 2067 etc.
2832 2013 3055 2083 (ΒεῡΑ.)
3093 2012 3303 2066 Justitia
3333 2010 3570 2082 perfecta

1974 2103 2063 2158 vix
2093 2111 2176 2158 est
2215 2103 2269 2156 in
2298 2102 2525 2174 angelis,
2564 2110 2692 2166 etc.,
2726 2118 2898 2174 usque
2941 2102 3013 2156 ad
3052 2101 3269 2173 quando
3325 2116 3434 2156 non
3465 2100 3567 2156 erit

1972 2193 2109 2247 lucta
2140 2207 2264 2247 cum
2289 2207 2472 2254 carne,
2509 2191 2604 2246 sed
2637 2190 2941 2260 triumphus
2970 2190 3037 2244 de
3070 2191 3246 2245 hoste.

2045 2283 2133 2335 Ea:
2162 2282 2300 2351 ipso.
2333 2279 2449 2332 Jam
2489 2278 2534 2332 si
2584 2279 2696 2332 nati
2749 2294 2934 2332 sumus
2990 2293 3055 2333 ex
3095 2278 3264 2346 justo,
3311 2275 3571 2346 justitiam

1971 2369 2103 2441 justi
2134 2367 2310 2423 Patris
2341 2367 2496 2438 sequi
2525 2375 2756 2438 Oportet.

2601 2535 2826 2591 CAPUT
2858 2534 2948 2589 III.

2053 2676 2222 2730 Vens.
2253 2679 2303 2731 1.
2328 2706 2396 2714 -
2427 2675 2627 2740 Videte,
2655 2683 2758 2731 etc.
2785 2675 3061 2730 Advertite
3094 2673 3386 2746 diligenter
3404 2690 3576 2748 quan-

1978 2765 2050 2818 tis
2086 2773 2136 2819 et
2168 2764 2416 2836 qualibus
2446 2764 2603 2819 donis
2636 2764 2936 2819 ostenderit
2957 2765 3103 2819 Deus
3124 2780 3251 2834 erga
3274 2781 3372 2820 nos
3400 2773 3578 2835 pater-

1978 2869 2106 2907 nam
2138 2853 2476 2909 charitatem.
2516 2853 2676 2908 Dedit
2706 2853 2849 2907 enim
2882 2861 2940 2906 ut
2978 2853 3031 2906 in
3079 2853 3183 2908 hoc
3223 2853 3422 2909 saeculo
3469 2869 3568 2908 no-

1979 2941 2124 2997 mine
2155 2950 2207 2997 et
2237 2949 2357 2997 actu
2390 2943 2797 2998 nominaremur
2827 2941 2921 2996 ﬁlii
2969 2941 3089 3008 Dei,
3124 2949 3174 2994 et
3205 2941 3259 2994 in
3291 2940 3471 2996 futuro
3501 2942 3574 2996 si-

1980 3048 2121 3097 mus,
2157 3031 2490 3102 possidendo
2520 3029 2919 3086 haereditariam
2947 3029 3353 3085 beatitudinem.
3387 3031 3570 3087 Dedit.

1903 3087 1951 3150 Ο
1974 3121 2058 3176 Ad
2088 3087 2194 3175 hoc
2225 3121 2372 3174 Deus
2393 3119 2540 3175 dedit
2570 3119 2883 3176 charitatem
2913 3127 2969 3173 ut
3000 3135 3122 3174 eum
3183 3134 3363 3174 amare
3401 3135 3574 3174 nove-

1971 3208 2146 3264 rimus
2177 3217 2230 3264 et
2260 3208 2554 3280 possimus,
2603 3224 2712 3263 non
2760 3215 2939 3263 tamen
2983 3216 3041 3262 ut
3089 3207 3370 3263 dominum
3408 3207 3572 3276 servi,

1971 3299 2070 3354 sed
2101 3306 2156 3352 ut
2184 3306 2397 3368 patrem
2445 3296 2560 3353 ﬁlii.
2599 3298 2755 3353 Unde
2787 3296 3023 3352 dicitur:
3061 3297 3337 3370 Quotquot
3384 3301 3578 3353 autem

1971 3391 2309 3459 receperunt
2339 3403 2488 3454 eum,
2537 3386 2692 3442 dedit
2750 3387 2830 3441 eis
2892 3389 3231 3458 potestatem
3275 3386 3425 3456 ﬁlios
3480 3387 3579 3442 Dei

1973 3475 2100 3543 ﬁeri
2129 3476 2313 3544 (Joan.
2351 3475 2412 3544 ι).

2047 3583 2215 3636 Vens.
2245 3586 2299 3638 2.
2333 3611 2402 3622 ——
2433 3581 2565 3636 Filii
2581 3581 2681 3636 Dei
2700 3597 2917 3636 sumus.
2942 3579 3109 3648 Quasi
3140 3579 3284 3636 dicat
3319 3597 3332 3635 :
3364 3581 3503 3637 Esse
3523 3587 3578 3637 et

1973 3671 2081 3727 dici
2112 3671 2253 3725 filios
2276 3671 2394 3736 Dei,
2423 3687 2544 3742 quae
2565 3669 2800 3740 dignitas
2832 3669 2962 3724 est?
2991 3669 3322 3739 respondet:
3359 3669 3576 3726 Charis-

1973 3761 2126 3826 simi,
2160 3777 2316 3815 nunc
2345 3759 2455 3827 ﬁlii
2476 3760 2578 3814 Dei
2606 3775 2822 3814 sumus.
2856 3759 3012 3812 Nunc
3040 3773 3140 3828 per
3169 3757 3428 3813 miracula
3457 3773 3577 3829 qua

1975 3848 2200 3905 facimus
2239 3857 2292 3903 et
2318 3865 2416 3919 per
2442 3847 2731 3918 puritatem
2771 3847 2894 3902 vita
2915 3854 3139 3918 apparet
3185 3847 3332 3918 quod
3389 3861 3578 3901 sumus

1976 3937 2069 3992 ﬁlii
2101 3937 2220 4004 Dei,
2256 3937 2356 3991 sed
2386 3936 2650 4008 quidquid
2672 3945 2755 3991 est
2782 3935 2838 3989 in
2860 3935 3135 4006 prasenti,
3171 3951 3364 4006 parum
3392 3942 3476 3989 est
3504 3935 3572 3989 ad

1977 4035 2289 4097 respectum
2320 4025 2504 4080 futuri.
2541 4027 2766 4082 Similes
2797 4026 2850 4080 ei
2873 4025 3106 4080 erimus.
3140 4023 3274 4079 Cum
3303 4023 3448 4079 enim
3477 4022 3579 4078 im-

1973 4115 2249 4170 mutabilis
2280 4123 2604 4186 azternaeque
2635 4113 2940 4168 Divinitatis
2971 4101 3428 4184 ccintemplatione
3457 4128 3576 4185 per-

1977 4204 2240 4270 fruemur,
2297 4219 2400 4260 nos
2428 4218 2642 4276 quoque
2698 4202 3036 4257 immortales
3081 4210 3134 4258 et
3173 4201 3362 4258 aeterni
3398 4201 3451 4256 in
3482 4200 3576 4256 illo

1977 4293 2180 4348 erimus
2213 4311 2224 4347 :
2258 4308 2367 4349 non
2397 4293 2615 4364 quidem
2648 4291 2790 4347 idem
2840 4291 2984 4363 quod
3017 4290 3153 4362 ipse,
3189 4292 3288 4346 sed
3338 4289 3563 4360 similes,

1979 4381 2367 4454 quiacreatura
2391 4389 2444 4436 et
2474 4382 2541 4435 ad
2570 4380 2977 4436 similitudinem
3033 4380 3147 4448 ejus
3193 4377 3322 4434 facti
3367 4393 3575 4434 sumus.

1973 4471 2250 4538 Quoniam
2272 4470 2577 4526 videbimus
2603 4513 2615 4525 .
2649 4470 2957 4526 Secundum
2989 4468 3134 4539 quod
3164 4468 3404 4539 Verbum
3435 4481 3564 4523 caro

1969 4559 2166 4616 factum
2198 4567 2298 4629 est,
2330 4558 2580 4614 viderunt
2611 4558 2759 4623 mali,
2794 4566 2847 4612 et
2876 4557 2930 4611 in
2955 4556 3161 4625 judicio
3192 4573 3255 4610 su
3275 4563 3333 4610 nt
3363 4554 3537 4610 visuri
3562 4572 3575 4608 :

1972 4648 2070 4703 sed
2099 4648 2372 4720 quomodo
2390 4648 2624 4702 Verbum
2647 4647 2701 4700 in
2728 4644 2992 4717 principio
3025 4652 3137 4700 erat
3163 4645 3310 4716 apud
3339 4645 3574 4713 Patrem,

1969 4737 2228 4794 videbunt
2248 4737 2349 4792 soli
2363 4735 2495 4804 justi
2527 4753 2540 4789 :
2566 4734 2781 4790 tolletur
2801 4733 2996 4804 impius
3019 4749 3087 4789 ne
3106 4733 3290 4789 videat
3339 4732 3573 4806 gloriam

1973 4825 2093 4881 Dei.

2046 4915 2216 4970 Vens.
2250 4917 2300 4968 3.
2333 4943 2402 4953 —
2431 4912 2763 4982 Sanctiﬁcat
2792 4928 2870 4968 se.
2904 4910 3128 4982 (Βεω.)
3155 4911 3280 4966 Non
3309 4908 3478 4964 aufert
3500 4909 3572 4964 li-

1975 5004 2167 5058 herum
2196 5001 2641 5068 arbitrium,dum
2671 4999 2820 5067 dicit,
2852 5009 2976 5067 etc.,
3011 5015 3184 5073 usque
3214 4999 3286 5054 ad
3328 4998 3574 5054 dicentes

1977 5093 2093 5148 Deo
2117 5110 2130 5146 :
2164 5092 2397 5160 Adiutor
2416 5107 2575 5147 meus
2595 5106 2652 5147 es
2698 5094 2782 5155 tu,
2805 5106 2876 5148 ne
2897 5090 3258 5163 derelinquas
3276 5103 3366 5146 me
3395 5089 3572 5159 (Psal.

1979 5183 2164 5252 xxvx).

2051 5297 2220 5352 Vens.
2263 5299 2315 5352 L.
2339 5325 2409 5337 —
2436 5298 2508 5352 Et
2536 5297 2852 5368 peccatum,
2887 5302 2992 5351 etc.
3027 5294 3160 5366 (11).)
3211 5292 3371 5362 Quod
3398 5291 3574 5349 Latini

1981 5386 2254 5458 appellant
2280 5386 2481 5458 legem,
2515 5384 2712 5448 Graeci,
2745 5392 2873 5451 etc.,
2933 5399 3106 5456 usque
3161 5384 3232 5438 ad
3280 5383 3371 5454 qui
3411 5383 3573 5437 inno-

1921 5549 1925 5554 _
1982 5475 2212 5531 centiam
2234 5474 2491 5530 naturalis
2519 5473 2659 5548 legis
2701 5480 3076 5545 corrumpunt,
3109 5468 3574 5543 praevaricationis

1982 5565 2062 5619 rei
2086 5572 2227 5618 sunt.

2059 5655 2225 5709 Vens.
2337 5655 2476 5709 —Et
2506 5654 2682 5710 scitis.
2709 5653 2790 5710 Ne
2823 5667 2922 5708 nos
2962 5650 3077 5722 (qui
3108 5646 3345 5720 peccatis
3377 5653 3430 5702 et
3460 5644 3568 5701 ini-
