3968 6176
379 189 483 243 699

865 185 1272 243 WALAFRIDI
1305 184 1548 242 STRABI
1577 185 1777 241 FULD.
1808 182 1982 242 MON.
2015 182 2168 240 OPP.
2201 183 2379 242 PARS
2408 183 2450 240 Ι.
2487 214 2557 226 -
2583 183 3064 241 THEOLOGICA.

3583 188 3694 243 τοο

376 311 668 385 quitatibus
697 327 882 369 carere
909 328 1019 366 non
1048 311 1360 382 possumus)
1389 311 1458 366 de
1501 311 1673 366 salute
1703 311 1971 382 despere-
2009 309 2234 381 Aponit
2260 310 2328 365 de
2353 309 2632 367 charitatis
2660 309 3015 381 perfectione,
3037 310 3139 365 sub
3170 311 3427 383 exemplo
3473 311 3693 383 passio-

377 417 518 471 mus,
546 400 726 456 subdit
759 402 906 473 quod
935 417 1036 473 per
1066 401 1336 455 Christum
1365 416 1395 454 a
1423 401 1664 471 peccatis
1686 400 1968 457 solvimur.

381 491 505 546 Non
532 490 709 545 solum
737 506 870 562 ergo
899 506 998 560 per
1016 489 1245 561 gratiam
1274 488 1399 544 facti
1430 505 1615 543 sumus
1645 488 1740 543 ﬁlii
1768 489 1887 558 Dei,
1924 496 1978 544 et

383 595 664 651 speramus
703 579 848 651 quod
879 578 929 634 ei
960 577 1164 633 similes
1195 577 1417 646 erimus,
1453 578 1550 633 sed
1580 578 1738 633 etiam
1769 578 1838 633 ab
1868 578 1976 632 ini-

384 669 583 741 quitate
648 668 984 723 liberamur:
1031 666 1156 739 quia
1198 666 1322 722 ideo
1360 668 1627 740 apparuit
1655 671 1721 723 ut
1746 672 1979 741 peccata

386 759 631 823 tolleret,
665 756 733 810 de
758 771 866 827 qua
894 755 1172 827 iniquitate
1200 771 1360 811 nemo
1393 772 1452 810 se
1481 764 1723 812 excuset.

456 863 628 917 Vens.
663 864 714 916 6.
748 892 819 901 —
848 861 952 929 Qui
1004 866 1204 934 peccat
1258 878 1373 917 non
1410 862 1558 918 vidit
1588 879 1736 918 eum.
1786 863 1856 917 Et
1886 860 1978 932 qui

380 958 565 1006 manet
594 950 648 1004 in
679 966 768 1016 eo,
801 966 911 1006 non
938 958 1147 1021 peccat.
1182 952 1248 1004 Et
1276 951 1333 1004 in
1361 951 1466 1007 hoc
1513 968 1677 1007 nemo
1705 968 1796 1006 vos
1815 951 1978 1006 sedu-

379 1043 491 1104 cat,
523 1038 757 1094 dicendo
786 1039 952 1111 quod,
987 1038 1075 1095 vel
1119 1038 1328 1109 justitia
1387 1039 1455 1095 sit
1514 1056 1579 1095 ex
1619 1039 1838 1095 homine
1892 1038 1995 1093 vel'

376 1128 523 1200 quod
550 1144 675 1184 cum
704 1135 937 1199 peccato
984 1129 1158 1199 possit
1187 1128 1384 1200 aliquis
1440 1128 1496 1183 in
1552 1130 1670 1184 Deo
1728 1144 1974 1194 manere,

376 1225 501 1297 quia
531 1232 585 1280 et
613 1225 790 1280 omnis
816 1224 1026 1294 justitia
1056 1242 1120 1281 ex
1151 1225 1287 1295 Deo,
1320 1232 1373 1280 et
1396 1240 1557 1281 omne
1585 1233 1868 1296 peccatum
1912 1242 1979 1281 ex

379 1313 598 1369 diabolo
629 1322 728 1369 est.
1141 1347 1149 1357 ε

448 1403 619 1458 Vens.
651 1404 705 1458 '7.
729 1432 798 1443 —
821 1401 933 1471 Qui
948 1404 1093 1474 facit
1112 1404 1419 1473 iustitiam.
1450 1402 1511 1457 Id
1542 1410 1625 1458 est
1657 1419 1669 1457 :
1702 1402 1792 1475 qui
1814 1402 1981 1458 habet

375 1499 557 1548 actum
582 1491 803 1561 justitiae
825 1499 878 1546 et
905 1491 1281 1557 intentionem,
1308 1491 1489 1561 justus
1516 1491 1736 1563 quidem
1768 1498 1851 1546 est
1880 1491 1978 1546 sed

373 1596 482 1636 non
513 1597 581 1635 ex
620 1596 679 1636 se
705 1597 717 1636 :
752 1581 850 1635 sed
880 1580 1019 1636 sicut
1047 1581 1136 1636 ille
1165 1587 1267 1646 est,
1301 1580 1372 1635 ab
1403 1581 1597 1636 eadem
1629 1580 1812 1636 radice
1837 1596 1975 1651 pro-

2075 399 2160 454 nis
2218 400 2535 455 Dominicee.
2574 400 2729 455 Hanc
2759 400 2950 454 Petrus
2995 408 3251 456 monetur
3296 401 3527 470 habere,
3566 417 3693 457 cum

2075 488 2309 543 Domino
2336 488 2694 560 interroganti
2722 486 3069 559 proﬁteretur
3104 505 3164 545 se
3194 505 3402 555 amare,
3433 490 3525 546 cui
3548 490 3692 546 dici-

2076 585 2163 632 tur
2196 594 2209 631 :
2248 578 2385 633 Cum
2404 582 2597 633 autem
2616 580 2893 645 senueris,
2919 578 3193 634 extendes
3220 595 3426 635 manus
3451 584 3604 645 tuas,
3634 584 3694 635 et

2076 667 2226 722 alius
2250 670 2302 721 te
2318 666 2523 737 cinget,
2571 671 2627 722 et
2662 667 2831 723 ducet
2847 684 2952 740 quo
2975 666 3438 739 tunonfvionan
3459 667 3610 739 xxx).
3631 668 3693 724 In

2078 755 2276 827 quibus
2304 754 2507 822 verbis,
2542 762 2600 810 ut
2627 754 2865 810 animam
2899 772 3001 826 pro
3035 757 3229 811 ovibus
3248 764 3501 827 poneret,
3525 757 3692 813 doce-

2078 843 2251 898 batur.
2268 844 2531 914 Majorem
2544 845 2699 899 enim
2714 846 3058 900 charitatem
3076 861 3241 900 nemo
3256 846 3419 901 habet
3435 863 3609 918 quam
3625 850 3691 902 ut

2095 935 2351 988 animam
2372 950 2536 988 suam
2551 938 2729 1006 ponat
2750 935 2875 1006 quis
2892 951 2994 1005 pro
3020 936 3221 990 amicis
3242 936 3364 989 suis
3386 935 3526 991 Ibid.
3550 935 3674 1006 xv).

2149 1022 2318 1077 Vens.
2357 1024 2443 1075 17.
2475 1053 2545 1062 —
2581 1023 2686 1092 Qui
2708 1023 2988 1092 habuerit,
3013 1031 3124 1079 etc.
3148 1023 3204 1078 Si
3220 1023 3308 1079 vel
3325 1040 3393 1079 ex
3419 1023 3692 1096 temporis

2079 1111 2499 1181 opportunitate,
2524 1111 2611 1166 vel
2641 1128 2707 1166 ex
2742 1112 2976 1166 humana
3006 1112 3321 1168 infirmitate
3354 1128 3466 1167 non
3515 1113 3692 1168 conti-

2079 1200 2224 1272 gerit
2274 1199 2486 1255 animas
2523 1216 2751 1271 ponere,
2801 1201 3065 1256 debemus
3086 1201 3278 1257 saltem
3331 1218 3423 1257 res
3464 1209 3691 1257 nostras

2079 1304 2181 1359 pro
2211 1288 2468 1344 fratribus
2485 1290 2778 1361 deponere,
2812 1298 2866 1345 et
2898 1291 2999 1346 hoc
3028 1298 3109 1346 est
3138 1290 3526 1346 nutrimentum
3547 1292 3684 1347 cha-

2080 1376 2277 1432 ritatis.
2302 1376 2407 1446 Qui
2436 1378 2623 1435 didicit
2654 1395 2773 1435 rem
2793 1394 2950 1435 suam
2970 1379 3123 1447 dare,
3158 1380 3489 1453 quandoque
3520 1388 3685 1452 pote-

2081 1466 2148 1520 rit
2178 1467 2424 1537 seipsum
2454 1467 2748 1538 deponere.

2153 1574 2324 1629 Vens.
2363 1576 2448 1628 18.
2483 1604 2553 1615 —
2582 1576 2789 1641 Filioli,
2823 1591 2940 1631 non
2995 1575 3318 1647 diligamus,
3374 1582 3481 1632 etc.
3542 1575 3688 1645 Quia

371 1670 534 1726 cedit.
558 1669 776 1724 Justitia
806 1669 861 1724 in
889 1669 981 1725 illo
1000 1669 1395 1740 principaliter,
1422 1670 1477 1723 in
1496 1668 1600 1724 isto
1622 1669 1966 1735 secundarie,
1995 1675 2048 1735 Β
2080 1678 2189 1718 non
2207 1670 2290 1719 est
2316 1661 2561 1734 perfecta
2592 1664 2832 1719 Charitas
2860 1663 2915 1717 in
2944 1663 3069 1729 illo;
3104 1664 3194 1735 qui
3225 1679 3334 1719 non
3368 1664 3525 1735 ponit
3551 1665 3679 1720 ani-

372 1758 427 1812 in
457 1759 551 1814 illo
571 1758 913 1828 naturaliter,
944 1759 1000 1814 in
1019 1759 1123 1814 isto
1154 1775 1255 1829 per
1285 1759 1635 1829 adoptionem
1653 1760 1769 1815 Hoc
1797 1759 1975 1830 ipsum

373 1848 522 1918 quod
549 1848 640 1919 qui
666 1847 844 1916 justus
873 1855 956 1902 est
987 1847 1057 1902 ab
1083 1847 1178 1902 illo
1200 1847 1379 1916 justus
1408 1854 1492 1902 est
1526 1888 1538 1901 .

454 1954 624 2008 Vens.
661 1955 887 2009 8.—Ea:
907 1954 1121 2010 diabolo
1151 1958 1238 2008 est
1257 1954 1621 2024 (BEDA.)NOD
1651 1954 1833 2009 carnis
1868 1954 1975 2010 ori-

373 2043 559 2117 ginem
589 2042 858 2110 ducendo,
893 2042 1031 2098 sicut
1058 2042 1389 2098 Manichacus
1420 2042 1607 2111 voluit,
1643 2051 1770 2109 etc.,
1800 2059 1972 2116 usque

372 2133 447 2189 ad
476 2138 633 2187 natus
665 2139 747 2188 est
779 2131 1029 2187 Christus
1050 2132 1233 2198 homo,
1282 2139 1340 2186 ut
1394 2132 1571 2188 solvat
1619 2128 1846 2204 peccata
1877 2133 1973 2188 ho-

376 2221 602 2289 minum,
632 2228 691 2276 ut
718 2220 945 2275 reducat
975 2220 1045 2275 ad
1075 2220 1261 2276 vitam.

444 2328 615 2383 Vens.
649 2330 702 2382 9.
734 2357 805 2368 -
834 2330 1139 2384 Peccatum
1181 2343 1297 2383 non
1342 2328 1506 2399 facit.
1534 2327 1659 2382 Non
1716 2328 1785 2383 de
1824 2327 1973 2383 omni

373 2423 601 2489 peccato
663 2416 792 2472 dicit
824 2434 838 2471 :
868 2416 928 2472 Si
948 2418 1104 2472 enim
1155 2416 1476 2473 dixerimus
1496 2418 1628 2489 quia
1672 2421 1972 2489 peccatum

379 2522 495 2562 non
519 2504 803 2575 habemus,
839 2519 940 2561 nos
959 2507 1106 2578 ipsos
1142 2505 1483 2576 seduci-mus,
1529 2506 1626 2560 sed
1682 2506 1749 2560 de
1795 2506 1970 2561 viola-

377 2594 522 2650 tione
552 2586 851 2662 charitatis,
882 2610 1043 2665 quam
1074 2593 1167 2664 qui
1197 2609 1385 2649 semen
1404 2594 1523 2665 Dei,
1551 2594 1607 2648 id
1628 2601 1711 2650 est
1741 2594 1970 2651 verbum

382 2683 483 2739 Dei
511 2697 618 2756 quo
655 2690 879 2738 renatus
908 2689 1008 2751 est,
1050 2681 1107 2737 in
1137 2699 1197 2738 se
1236 2683 1421 2749 habet,
1476 2683 1815 2740 committere
1859 2699 1971 2739 non

378 2779 578 2845 potest.
613 2772 891 2840 Quoniam
932 2787 1125 2829 semen
1145 2772 1325 2843 ipsius
1345 2777 1450 2829 est.
1470 2773 1644 2827 Verus
1673 2772 1839 2827 Filius
1870 2773 1968 2827 Pa-

368 2861 466 2916 tris
493 2875 602 2917 non
628 2867 814 2932 potest
843 2859 1027 2933 legcm
1047 2859 1338 2916 dimittere.
1369 2860 1479 2917 Lex
1506 2860 1680 2916 Patris
1710 2869 1792 2916 est
1823 2878 1838 2916 :
1867 2860 1967 2916 Di-

365 2949 520 3023 ligite
539 2949 792 3006 invicem.

2077 1766 2225 1806 mam
2251 1768 2350 1822 pro
2370 1751 2649 1818 fratribus,
2681 1752 2769 1808 vel
2819 1751 2913 1824 qui
2951 1752 3143 1808 saltem
3184 1768 3294 1810 non
3348 1753 3443 1808 dat
3503 1769 3682 1824 pecu-

2074 1840 2242 1896 niam.
2267 1842 2418 1914 Ergo
2440 1849 2498 1895 ut
2527 1841 2829 1913 perfectam
2862 1841 3182 1897 charitatem
3210 1841 3479 1909 habeatis,
3513 1842 3684 1911 ﬁlioli

2074 1930 2321 2000 ejusdem
2348 1931 2541 2002 patris.
2576 1932 2697 1986 Non
2726 1931 3029 2002 diligamus
3051 1932 3227 1996 verbo,
3261 1931 3677 2003 nequelingua.

2074 2020 2133 2074 In
2163 2018 2333 2074 verbo
2364 2036 2501 2092 pura
2530 2018 2753 2086 locutio,
2814 2035 2922 2074 non
2951 2035 3120 2090 opus;
3160 2019 3214 2073 in
3262 2019 3449 2090 lingua
3495 2019 3680 2075 multi-

2072 2107 2198 2179 plex
2227 2108 2398 2164 oratio
2430 2107 2771 2181 intelligitur,
2806 2108 2945 2163 sicut
2978 2107 3197 2180 quidam
3238 2123 3383 2179 saepe
3425 2108 3678 2180 repetitis

2075 2196 2415 2252 sermonibus
2443 2195 2699 2253 affectum
2731 2213 2890 2252 suum
2920 2197 3106 2253 volunt
3136 2196 3541 2253 commendare.
3575 2197 3681 2254 Sed

2073 2301 2255 2357 opere.
2292 2284 2431 2355 Quia
2458 2285 2672 2341 etiamsi
2698 2284 2935 2340 fallimur
2954 2285 3008 2340 in
3026 2284 3317 2341 dilectione
3334 2300 3401 2341 ex
3431 2286 3677 2342 humana

2073 2372 2405 2444 infirmitate,
2440 2391 2551 2430 non
2581 2373 2819 2430 fallimur
2844 2374 2902 2429 in
2920 2374 3195 2440 mercede,
3231 2374 3358 2446 quia
3388 2375 3541 2431 Deus
3562 2390 3680 2433 ma-

2066 2462 2155 2531 jor
2186 2471 2267 2518 est
2287 2463 2457 2520 corde
2484 2472 2689 2531 nostro,
2715 2471 2769 2517 et
2796 2463 2944 2519 novit
2981 2478 3091 2535 quo
3125 2462 3240 2519 zelo
3283 2460 3414 2517 ﬁant
3466 2463 3675 2521 omnia.

2070 2553 2144 2608 Et
2184 2553 2440 2607 veritate.
2483 2552 2541 2606 Si
2570 2551 2804 2623 simplici
2851 2551 3150 2608 intentione
3206 2549 3473 2608 beneﬁcia
3502 2567 3679 2622 praes-

2071 2647 2266 2710 temus,
2289 2656 2399 2695 non
2425 2647 2646 2712 propter
2686 2640 3025 2710 jactantiam,
3066 2639 3153 2696 vel
3189 2648 3411 2712 propter
3446 2641 3670 2715 aliquod

2072 2728 2374 2801 temporale
2405 2728 2772 2799 commodum,
2806 2730 2905 2785 sed
2933 2736 3182 2801 respectu
3211 2729 3379 2785 solius
3411 2728 3535 2785 Dei.

2144 2857 2314 2911 Vens.
2350 2860 2435 2912 19.
2470 2887 2543 2899 --
2578 2858 2644 2912 In
2690 2858 2791 2915 hoc
2822 2858 3224 2930 cognoscimus,
3288 2865 3396 2913 etc.
3447 2858 3509 2912 In
3564 2858 3671 2915 hoc

2071 2945 2218 3018 quod
2246 2945 2523 3001 veritatem
2551 2945 2847 3018 diligimus,
2887 2947 3092 3002 scimus
3150 2945 3296 3018 quod
3339 2962 3405 3001 ex
3437 2946 3672 3002 veritate

433 3064 605 3120 Vens.
641 3067 726 3121 12.
748 3093 817 3103 -
841 3064 1116 3133 Quoniam
1146 3079 1313 3135 opera
1342 3065 1463 3135 ejus
1490 3065 1747 3137 maligna
1779 3068 1966 3121 erant.

2076 3050 2279 3104 sumus,
2304 3034 2357 3087 id
2389 3042 2471 3089 est
2498 3035 2702 3090 scimus
2730 3050 2833 3091 nos
2876 3051 2942 3090 ex
3007 3036 3123 3091 Deo
3151 3034 3269 3107 (qui
3309 3042 3394 3090 est
3443 3035 3669 3104 veritas)

368 3151 474 3210 Ubi
502 3159 585 3207 est
604 3151 825 3221 invidia,
858 3167 968 3207 non
998 3160 1082 3207 est
1112 3150 1385 3207 fraternus
1415 3168 1588 3209 amor.
1631 3153 1811 3224 Opera
1839 3152 1970 3209 Cain

371 3241 513 3297 mala
539 3256 648 3296 non
677 3240 828 3308 dicit,
858 3240 961 3295 nisi
980 3240 1239 3296 invidiam
1269 3249 1321 3296 et
1350 3241 1536 3297 odium
1573 3240 1972 3314 fratris.0pera

371 3329 509 3386 Abel
529 3330 675 3400 justa
707 3345 815 3384 non
837 3329 987 3397 dicit,
1037 3328 1142 3385 nisi
1172 3331 1508 3386 charitatem.
1569 3331 1707 3388 Hinc
1750 3332 1965 3388 discer-

358 3427 556 3474 nuntur
583 3417 848 3474 homines.
880 3419 1055 3474 Nemo
1086 3420 1326 3475 attendat
1376 3419 1615 3493 linguas,
1677 3421 1772 3475 sed
1800 3420 1962 3476 facta.

356 3508 462 3565 Cor
488 3508 534 3563 si
560 3523 668 3564 non
699 3507 1000 3564 benefaciat
1028 3524 1129 3579 pro
1153 3507 1413 3564 fratribus
1442 3509 1816 3575 suis,ostendit
1836 3510 1967 3583 quid

368 3598 423 3654 in
469 3613 529 3653 se
567 3597 784 3654 habeat.
819 3597 954 3653 Cain
980 3605 1130 3654 recte
1159 3596 1444 3669 offerebat,
1493 3607 1742 3656 creatura
1798 3599 1965 3655 Crea-

360 3687 488 3754 tori,
551 3687 649 3743 sed
703 3702 814 3744 non
870 3687 1009 3744 bene
1066 3687 1373 3758 dividebat,
1432 3689 1650 3761 quando
1709 3689 1965 3745 credebat

354 3777 575 3849 placere
616 3792 845 3833 munera
904 3792 1026 3848 quas
1079 3775 1347 3833 offerebat
1404 3793 1532 3833 cum
1577 3778 1703 3834 odio
1758 3776 1957 3834 fratris.

363 3866 501 3922 Abel
530 3878 656 3921 cum
681 3865 972 3922 dilectione
1004 3865 1214 3932 obtulit,
1248 3873 1302 3921 et
1340 3866 1566 3937 placuit.

428 3961 599 4016 Vens.
636 3961 723 4014 14.
755 3990 825 4001 -—
845 3961 952 4016 Nos
981 3962 1212 4029 scimus,
1239 3969 1342 4017 etc.
1374 3962 1550 4017 Nemo
1568 3961 1637 4017 de
1668 3960 1961 4018 virtutibus

356 4067 417 4107 se
438 4049 579 4106 falso
609 4049 853 4115 extollat,
910 4065 1073 4105 nemo
1101 4066 1324 4106 suarum
1353 4049 1553 4106 virium
1580 4057 1959 4123 paupertatem

354 4140 500 4196 ultra
528 4139 751 4195 modum
803 4144 1030 4194 metuat.
1092 4138 1194 4209 Qui
1226 4138 1452 4196 fratrem
1480 4139 1676 4213 diligit,
1710 4149 1959 4211 apertum

358 4229 451 4285 dat
474 4229 758 4299 judicium,
805 4228 935 4300 quia
973 4228 1044 4283 ad
1088 4236 1293 4285 sortem
1342 4229 1615 4299 justorum
1663 4229 1953 4300 pertineat.

366 4312 553 4376 Manet
593 4319 657 4375 in
691 4321 893 4375 morte.
929 4317 1051 4372 Vita
1097 4318 1281 4373 carnis
1336 4318 1537 4385 anima,
1593 4318 1704 4374 vita
1762 4318 1958 4377 anima:

2067 3123 2205 3179 hanc
2235 3138 2421 3179 veram
2442 3123 2790 3180 dilectionem
2802 3124 3028 3189 habere,
3062 3131 3114 3178 et
3138 3140 3205 3179 ex
3236 3124 3334 3179 hac
3365 3123 3665 3181 dilectione

2071 3212 2274 3268 scimus
2303 3228 2404 3267 nos
2433 3228 2555 3268 esse
2576 3212 2631 3266 in
2659 3220 2979 3284 conspectu,
3006 3211 3061 3266 id
3099 3219 3184 3267 est
3209 3213 3520 3283 promereri
3551 3214 3669 3283 ejus

2066 3309 2437 3371 conspectum,
2472 3309 2525 3356 et
2553 3300 2608 3355 in
2638 3302 2740 3357 hac
2761 3301 2921 3357 etiam
2938 3301 3235 3357 suademus
3261 3300 3423 3356 corda
3452 3309 3669 3370 nostra,

2064 3389 2134 3445 ad
2161 3390 2384 3445 meliora
2400 3405 2566 3461 opera
2596 3390 2974 3463 excogitanda.
3008 3393 3079 3447 Et
3108 3392 3172 3446 in
3201 3393 3531 3462 conspectu,
3554 3397 3664 3447 etc.

2066 3478 2127 3533 ld
2182 3487 2298 3545 est,
2359 3478 2497 3535 tales
2543 3478 2911 3550 cogitationes
2968 3479 3131 3535 corda
3200 3486 3387 3534 nostra
3460 3479 3672 3535 habere

2072 3567 2399 3633 suademus,
2450 3583 2572 3640 quae
2603 3567 2802 3623 divinis
2861 3567 2968 3622 sint
3018 3567 3201 3641 dignae
3255 3566 3668 3639 conspectibus.

2065 3654 2272 3711 Omnes
2298 3656 2441 3711 enim
2472 3656 2563 3728 qui
2590 3655 2796 3727 aliquid
2826 3655 3011 3713 facere
3051 3656 3367 3728 disponunt,
3402 3655 3477 3711 ad
3519 3655 3671 3712 idem

2062 3742 2266 3800 factum
2295 3744 2664 3801 meditandum
2692 3745 2862 3801 corda
2919 3760 3019 3800 sua
3054 3761 3116 3800 se
3171 3751 3497 3802 convertere
3538 3760 3670 3800 sua-

2061 3834 2211 3889 dent.
2245 3834 2353 3890 Sed
2382 3834 2475 3905 qui
2503 3834 2647 3889 mala
2697 3834 2919 3908 cogitat,
2953 3834 3000 3889 si
3028 3842 3237 3906 posset,
3270 3835 3389 3889 Deo
3417 3834 3666 3890 occulta-

2061 3929 2174 3978 ret:
2197 3922 2287 3993 qui
2316 3938 2443 3978 vero
2473 3923 2634 3990 bona,
2666 3923 2722 3978 hi
2750 3922 3007 3979 facillime
3034 3923 3294 3979 cordibus
3315 3922 3578 3993 suadent,
3610 3931 3670 3978 ut

2061 4012 2376 4083 conspectui
2404 4011 2504 4068 Dei
2532 4010 2777 4083 patefieri
2805 4012 3139 4080 desiderent,
3197 4012 3345 4084 quod
3381 4019 3467 4069 est
3519 4011 3669 4068 indi-

2056 4100 2205 4157 cium
2234 4116 2449 4173 magna;
2477 4100 2842 4173 perfectionis,
2866 4117 2989 4159 cum
3007 4117 3104 4158 sua
3122 4101 3371 4174 operatio
3390 4100 3483 4158 vel
3502 4101 3668 4176 cogi-

2062 4196 2204 4245 tatus
2241 4206 2272 4245 a
2301 4191 2419 4247 Deo
2445 4191 2645 4262 gaudet
2666 4190 2858 4247 videri.

2129 4324 2300 4380 Vens.
2332 4326 2422 4381 20.
2454 4355 2524 4365 -
2554 4325 2829 4394 Quoniam
2876 4326 2926 4381 si
2954 4323 3406 4397 reprehenderit.
3452 4325 3521 4379 Et
3563 4323 3667 4379 hoc

364 4408 541 4473 Deus;
574 4408 821 4478 corporis
849 4422 1000 4462 mors
1030 4407 1277 4463 amittere
1298 4407 1547 4479 spiritum
1568 4426 1582 4473 ;
1603 4408 1796 4463 anima:
1816 4424 1961 4463 mors
1990 4405 2043 4466 D
2065 4429 2324 4486 magnum
2353 4421 2436 4469 est
2451 4414 2597 4486 quod
2627 4431 2725 4485 per
2750 4413 3098 4470 dilectionem
3128 4413 3203 4467 ita
3232 4412 3466 4467 mundas
3494 4413 3667 4469 habe-

357 4496 609 4552 amittere
638 4498 831 4553 Deum.
869 4495 974 4565 Qui
1003 4512 1139 4570 ergo
1193 4512 1292 4569 per
1318 4496 1505 4553 odium
1535 4496 1716 4552 fratris
1765 4497 1959 4552 amittit

362 4586 561 4654 Deum,
594 4585 789 4640 amittit
816 4585 1001 4641 vitam.

434 4693 608 4747 Vens.
635 4694 719 4746 15.
751 4723 821 4733 --
842 4690 955 4761 Qui
984 4693 1101 4749 odit
1130 4694 1396 4764 fratrem.
1422 4691 1527 4762 Qui
1557 4709 1621 4748 ex
1654 4693 1781 4749 odio
1811 4692 1957 4749 inse-

357 4781 543 4856 quitur
578 4780 799 4837 fratrem
828 4790 1091 4853 provocat
1122 4782 1192 4836 ad
1230 4781 1370 4837 iram
1424 4790 1477 4838 et
1505 4782 1855 4849 discordiam,
1907 4789 1959 4836 et

364 4870 444 4927 sic
475 4879 738 4943 quantum
766 4871 834 4925 ad
864 4886 924 4927 se
951 4870 1148 4926 occidit
1178 4887 1303 4926 eum
1359 4871 1415 4926 in
1471 4871 1672 4927 anima.
1735 4871 1791 4927 Si
1837 4871 1959 4942 quis

366 4968 681 5016 contemnat
709 4960 895 5014 odium
949 4959 1144 5027 fratris,
1202 4976 1311 5015 non
1342 4967 1651 5017 contemnet
1680 4960 1736 5014 in
1791 4960 1958 5015 corde

352 5064 454 5104 suo
487 5048 870 5104 homicidium?
899 5048 1023 5103 Non
1054 5057 1236 5105 movet
1264 5066 1458 5105 manus
1488 5050 1555 5104 ad
1573 5049 1953 5118 occidendum,

351 5144 406 5194 et
436 5136 709 5191 homicida
732 5137 850 5206 jam
880 5144 1094 5192 tenetur
1127 5155 1140 5191 :
1175 5137 1304 5193 vivit
1337 5139 1445 5207 ille,
1489 5146 1542 5194 et
1569 5138 1672 5195 iste
1703 5137 1958 5195 interfec-

352 5233 441 5281 tor
465 5225 757 5294 judicatur.
792 5227 911 5282 Non
933 5226 1098 5282 habet
1128 5229 1305 5283 vitam
1333 5231 1629 5287 wternam.
1681 5229 1741 5283 In
1770 5243 1960 5299 perpe-

350 5323 524 5381 tuum,
560 5313 696 5369 Cum
728 5314 865 5368 Cain
893 5314 1242 5370 damnabitur
1270 5316 1362 5388 qui
1391 5317 1497 5373 hoc
1548 5332 1754 5390 genere
1783 5317 1958 5373 homi-

348 5404 476 5462 cidii
506 5410 739 5469 tenetur,
771 5410 828 5458 ut
859 5403 1131 5458 discordet
1152 5419 1184 5459 a
1213 5403 1492 5471 fratribus,

426 5503 597 5558 Vens.
636 5505 721 5556 16.
754 5532 824 5542 —
845 5502 911 5557 In
931 5501 1030 5557 hoc
1069 5503 1470 5573 cognoscimus,
1505 5512 1609 5560 etc.
1643 5502 1958 5574 Praspositis

348 5590 533 5650 multis
564 5591 864 5650 rationibus
892 5591 961 5648 de
993 5590 1241 5648 habenda
1269 5591 1549 5661 charitate,
1583 5592 1806 5650 tandem
1830 5609 1961 5665 sup-

2058 4519 2180 4557 mus
2210 4502 2589 4575 cogitationes,
2621 4503 2768 4574 quod
2783 4503 2898 4557 Deo
2928 4518 3023 4557 eas
3044 4501 3295 4569 volumus
3316 4501 3616 4559 ostendere
3648 4519 3662 4555 :

1964 4597 1981 4610 ‘
2060 4592 2186 4663 quia
2214 4592 2425 4646 etiamsi
2456 4591 2787 4647 conscientia
2814 4593 3094 4647 accusaret
3112 4607 3213 4647 nos
3240 4590 3385 4646 intus
3414 4598 3468 4646 et
3500 4590 3664 4646 vellet

2058 4680 2228 4736 latere
2259 4681 2452 4745 Deum,
2484 4680 2610 4751 quia
2638 4696 2749 4735 non
2776 4680 2920 4735 bono
2951 4680 3132 4735 animo
3163 4680 3307 4735 bona
3350 4687 3546 4735 nostra
3576 4679 3663 4735 fa-

2059 4784 2331 4836 ceremus,
2364 4777 2546 4823 tamen
2578 4770 2693 4824 Deo
2722 4769 2992 4825 occultare
3022 4784 3132 4825 non
3175 4785 3487 4840 possemus,
3539 4768 3664 4841 quia

2059 4858 2234 4927 major
2256 4865 2338 4913 est
2367 4858 2534 4913 corde
2555 4865 2761 4927 nostro,
2804 4866 2857 4914 et
2886 4858 3034 4914 novit
3080 4857 3264 4914 omnia
3293 4875 3306 4912 :
3345 4857 3659 4931 valet~ergo

2058 4947 2277 5003 dilectio
2309 4963 2430 5018 qua:
2457 4963 2559 5002 nos
2587 4948 2933 5003 commendat
2985 4946 3061 5002 illi
3119 4962 3282 5020 quem
3326 4947 3502 5004 latere
3549 4961 3657 5003 non

2058 5052 2370 5107 possumus.

2129 5153 2301 5207 Vens.
2334 5154 2423 5209 22.
2456 5183 2525 5193 ——
2554 5154 2624 5208 Et
2653 5152 2921 5226 quidquid
2940 5153 3296 5226 petierimus.
3317 5152 3517 5223 Magna
3536 5166 3661 5223 pro.

2057 5241 2246 5296 missio
2278 5249 2330 5295 et
2356 5240 2736 5297 desiderabilis
2753 5240 3024 5297 ﬁdelibus.
3046 5241 3156 5297 Sed
3185 5244 3234 5297 si
3255 5243 3377 5315 quis
3406 5249 3493 5297 est
3522 5241 3661 5297 adeo

2057 5347 2370 5402 perversus,
2405 5339 2461 5385 ut
2493 5330 2806 5386 corlcstibus
2845 5330 3130 5403 promissis
3178 5346 3287 5386 non
3331 5329 3653 5396 delectetur,

2058 5419 2252 5475 saltem
2285 5419 2474 5473 timeat
2502 5420 2650 5490 quod
2704 5420 3007 5475 econtrario
3037 5418 3297 5491 sapientia
3339 5419 3661 5474 terribiliter

2008 5558 2013 5563 .
2057 5507 2267 5563 intonat
2300 5525 2313 5561 :
2349 5507 2453 5575 Qui
2484 5510 2691 5564 avertit
2720 5525 2919 5564 aurem
2979 5526 3141 5564 suam
3179 5512 3245 5565 ut
3287 5524 3401 5564 non
3462 5508 3663 5564 audiat

2061 5598 2254 5669 legem,
2290 5599 2471 5655 oratio
2492 5599 2614 5671 ejus
2635 5598 2747 5656 erit
2775 5599 3110 5657 execrabilis
3131 5597 3316 5669 (Prov.
3355 5596 3592 5669 xxvm).
