3964 6178
179 286 279 340 ’701

1131 277 1404 335 GLOSSA
1442 230 1852 334 ORDINARIA.
1884 304 1953 315 —
1981 271 2198 328 EPIST.
2232 273 2255 326 Ι
2290 270 2490 328 JOAN.
2551 269 2557 278 ’

3375 272 3480 327 702

258 409 436 464 Vsus.
465 409 558 464 23.
591 437 660 447 —
688 405 759 462 Et
807 406 907 462 hoc
948 409 1034 460 est
1071 405 1428 460 mandat-um.
1477 402 1791 456 Mandatum
1821 399 1877 459 A
1963 399 2135 453 Vens.
2173 401 2257 454 12.
2292 427 2360 437 —
2388 400 2566 452 Deum
2595 411 2759 452 nemo
2802 394 2942 451 vidit
2979 410 3233 467 unquam
3262 394 3483 464 (Βευλ.)

190 497 458 570 singulari
488 511 715 551 numero
745 494 1031 566 praeponit,
1076 502 1129 550 et
1171 494 1278 550 duo
1327 492 1621 563 subjungit,
1670 489 1795 563 quia

187 589 306 644 haec
326 593 610 658 nequeunt
640 584 903 656 separari.
1683 587 1688 594 '

820 753 1046 811 CAPUT
1066 753 1156 810 IV.

257 901 437 956 Vsus.
471 903 522 954 1.
556 927 625 939 -
658 898 934 966 Quoniam
964 897 1154 952 multi.
1176 893 1330 948 Multi
1349 892 1610 958 hmretici,
1634 881 1791 946 multi

180 987 522 1045 schismatici
554 985 876 1043 conﬁtentur
903 987 1086 1040 Jesum
1117 984 1174 1038 in
1204 998 1367 1038 carne
1419 981 1656 1047 venisse,
1692 980 1791 1036 sed

179 1078 338 1133 factis
389 1080 611 1150 negant,
661 1091 772 1130 non
817 1075 1070 1129 habendo
1119 1073 1454 1129 charitatem.
1516 1069 1790 1125 Charitate

180 1167 428 1222 Verbum
457 1181 587 1222 caro
619 1164 821 1220 factum
853 1172 935 1218 est
966 1181 980 1229 ;
1013 1163 1104 1234 qui
1121 1178 1230 1216 non
1252 1161 1415 1216 habet
1446 1160 1786 1225 charitatem,

177 1262 350 1327 negat
379 1270 508 1310 eum
536 1253 753 1309 venisse
787 1253 844 1306 in
883 1267 1066 1318 carne,
1101 1258 1154 1306 et
1189 1251 1275 1305 hic
1306 1249 1644 1305 convincitur
1687 1247 1791 1318 spié

176 1345 346 1400 ritum
379 1359 446 1398 ex
479 1344 594 1398 Deo
640 1357 750 1398 non
793 1341 1019 1396 habere.
1071 1339 1301 1410 Spiritus
1350 1338 1452 1393 Dei
1496 1353 1607 1392 non
1652 1351 1788 1392 sono

174 1432 402 1503 linguae,
428 1431 527 1486 sed
557 1431 790 1487 amando
826 1438 879 1484 et
906 1429 1154 1485 faciendo
1175 1428 1303 1482 dicit
1331 1427 1519 1482 .lesum
1546 1425 1602 1480 in
1625 1439 1790 1481 carne

177 1520 421 1576 venisse.
455 1520 618 1575 Jesus
647 1519 795 1575 venit
816 1527 871 1573 ut
905 1518 1141 1589 colligat,
1192 1516 1480 1572 heareticus
1529 1513 1738 1586 spargit
1772 1529 1786 1568 :

174 1609 266 1666 hic
287 1623 402 1664 non
434 1609 598 1665 habet
628 1608 876 1680 spiritum
896 1607 1014 1663 Dei.

1896 486 2045 542 Sicut
2074 485 2324 543 videntur
2344 486 2446 538 ista
2467 484 2701 540 viSIbilia
2739 483 2986 554 corporis
3034 483 3286 537 sensibus
3333 491 3480 549 nota,

1894 575 1973 630 sic
2003 591 2111 629 non
2141 574 2353 629 videtur
2373 575 2541 640 Deus,
2575 582 2701 640 etc.,
2735 590 2907 646 usque
2928 573 2999 628 ad
3028 572 3156 626 dum
3185 571 3360 626 adhuc
3389 587 3485 641 pe-

1893 665 2238 736 regrinamur
2266 664 2321 717 in
2341 679 2588 733 corpore,
2620 662 2914 734 diligamus
2947 661 3199 730 invicem,
3235 668 3338 716 etc.

1962 754 2133 807 Vnus.
2171 756 2254 806 13.
2276 783 2342 791 —
2375 753 2437 806 In
2456 753 2554 807 hoc
2575 752 2978 822 cognoscimus.
3006 750 3159 806 Unde
3182 749 3418 805 sciemus
3441 748 3486 804 si

1891 841 2191 895 habeamus
2223 841 2469 910 spiritum
2501 840 2598 894 Dei
2630 840 2656 893 ‘2
2690 841 2972 908 Interroga
3019 838 3231 893 viscera
3277 846 3406 891 tua:
3439 837 3486 892 si

1892 925 1997 978 sint
2034 924 2198 995 plena
2226 925 2507 990 eharitate,
2540 924 2708 977 habes
2749 923 2995 993 spiritum
3027 922 3145 976 Dei.
3209 922 3484 988 Quoniam

1889 1016 1951 1069 in
1983 1030 2044 1068 eo
2065 1029 2382 1069 manemus.
2419 1015 2565 1066 Deus
2597 1013 2650 1065 in
2678 1012 2836 1066 nobis
2865 1019 3066 1076 manet,
3092 1019 3145 1064 et
3180 1025 3279 1064 nos
3309 1010 3366 1064 in
3395 1026 3480 1076 eo,

1888 1102 2120 1172 ideoque
2151 1118 2309 1156 nemo
2342 1103 2409 1155 de
2458 1101 2628 1154 salute
2677 1101 2947 1170 desperet,
3001 1101 3125 1170 quia
3169 1099 3272 1154 etsi
3310 1099 3484 1153 morbi

1890 1191 2159 1246 scelerum
2198 1206 2298 1244 nos
2347 1190 2673 1260 deprimunt,
2724 1189 3064 1259 omnipotens
3111 1196 3194 1242 est
3238 1188 3484 1242 medicus

1889 1280 1980 1352 qui
2011 1279 2197 1333 salvet.
2233 1279 2580 1333 Gaudeamus
2603 1278 2655 1332 in
2677 1295 2772 1348 spe
2802 1285 2856 1332 ut
2887 1278 3165 1332 veniamus
3183 1277 3253 1331 ad
3273 1293 3408 1332 rem.

1958 1369 2128 1422 Vsus.
2166 1370 2250 1421 16.
2284 1398 2353 1408 —-
2382 1370 2452 1422 Et
2474 1384 2575 1422 nos
2605 1369 2983 1438 cognovimus.
3015 1367 3131 1420 Nos
3160 1365 3394 1420 vidimns
3433 1373 3486 1420 et

1887 1464 2149 1511 testamur
2179 1456 2323 1527 quod
2345 1457 2491 1511 Deus
2521 1455 2668 1509 misit
2697 1455 2890 1509 Filium
2922 1471 3098 1520 suum,
3132 1461 3186 1508 et
3223 1454 3484 1526 cognovi-

1886 1561 2008 1600 mus
2027 1561 2135 1617 qua
2165 1544 2469 1601 causa'hoc
2513 1543 2686 1600 fecit:
2737 1560 2845 1598 non
2863 1544 2990 1616 quia
3036 1542 3326 1615 indigeret,
3375 1559 3484 1598 non

1887 1635 2015 1706 quia
2047 1634 2251 1705 aliquid
2281 1634 2527 1700 deberet,
2560 1633 2658 1688 sed
2689 1633 2806 1688 sola
2837 1633 3114 1688 charitate.
3152 1633 3285 1686 Cum
3310 1632 3481 1686 habe-

250 1723 429 1778 Vsns.
465 1723 517 1775 3.
549 1747 617 1758 —
650 1717 844 1772 Omnis
895 1715 1151 1787 spiritus,
1204 1721 1308 1768 etc.
1359 1710 1510 1766 Multi
1542 1707 1781 1766 haeretici

257 1813 268 1820 .
371 1811 399 1820 .,
450 1817 459 1820 -
573 1807 614 1820 .-
686 1805 698 1820 .
771 1805 780 1815 .
941 1819 980 1820 ν-
1362 1797 1750 1820 ,ηωμ-ημ

1899 1730 1972 1777 ret
2002 1721 2219 1777 unicum
2250 1722 2419 1776 noluit
2441 1722 2735 1777 illum'esse
2767 1738 2954 1787 unum,
2980 1721 3077 1776 sed
3096 1730 3152 1774 ut
3172 1720 3371 1776 fratres
3393 1720 3484 1775 ha-

180 1813 273 1885 qui
289 1811 556 1867 unitatem
573 1805 834 1862 Ecclesiae
863 1818 1120 1874 separare
1148 1816 1321 1874 pravo
1353 1800 1611 1873 dogmate
1632 1797 1786 1854 vole-

178 1903 328 1967 bant,
360 1901 508 1954 hunc
534 1893 865 1952 versiculum
895 1909 959 1948 ex
982 1891 1212 1963 epistola
1255 1896 1520 1954 raserunt,
1570 1903 1640 1943 ne
1687 1903 1790 1958 per

179 2007 305 2045 eum
335 1986 538 2044 erroris
568 1982 1036 2040 convincerentur.
1057 1981 1250 2037 Solvit.
1275 1978 1379 2047 Qui
1397 1979 1571 2034 Deum
1602 1978 1670 2031 ab
1689 1977 1790 2033 ho-

176 2078 328 2134 mine
359 2073 661 2147 distinguit,
695 2072 787 2144 qui
815 2071 1058 2126 membra
1089 2084 1122 2125 a
1143 2071 1258 2124 Deo
1287 2067 1429 2124 male
1453 2066 1685 2124 vivendo
1707 2082 1787 2123 re-

177 2167 349 2233 cedit,
381 2164 474 2220 hic
501 2161 661 2219 solvit
686 2162 892 2216 Jesum.

251 2274 429 2330 Vsus.
461 2274 512 2327 5.
545 2299 615 2311 --
640 2269 752 2341 Ipsi
769 2267 835 2323 de
855 2265 1087 2322 mundo.
1113 2264 1178 2320 Hi
1207 2263 1428 2335 spiritus
1450 2263 1542 2335 qui
1572 2270 1694 2318 sunt
1717 2263 1785 2318 de

177 2362 386 2419 mundo
414 2376 524 2416 non
569 2365 694 2413 sunt
721 2355 1002 2427 diligendi,
1034 2370 1145 2410 non
1168 2362 1292 2409 sunt
1324 2352 1598 2408 audiendi.
1642 2351 1785 2422 Quia

174 2453 280 2508 etsi
315 2449 515 2506 Christi
544 2462 742 2502 nomen
773 2445 1047 2510 invocant,
1082 2452 1136 2498 et
1171 2443 1330 2514 signo
1361 2441 1560 2496 Christi
1596 2458 1656 2496 se
1684 2457 1783 2496 no-

176 2549 314 2606 tant,
349 2547 534 2594 tamen
563 2543 687 2591 sunt
727 2535 796 2590 de
839 2533 1057 2589 illorum
1106 2547 1330 2587 numero
1375 2531 1464 2603 qui
1510 2531 1781 2585 mundana

176 2630 422 2702 cupiunt,
454 2626 543 2700 qui
572 2624 812 2681 coelestia
858 2623 1132 2693 ignorant.
1185 2622 1306 2676 Ideo
1347 2620 1413 2676 de
1458 2619 1670 2676 mundo
1705 2621 1781 2676 Io-

188 2721 470 2792 quuntur.
521 2714 747 2770 Ratione
793 2711 1084 2766 mundanae
1152 2709 1434 2780 sapientiae
1479 2709 1775 2779 probantes

187 2809 365 2863 Deum
394 2819 506 2860 non
529 2819 695 2875 posse
719 2801 984 2857 suscitare
1013 2798 1290 2854 hominem
1336 2805 1632 2864 mortuum,
1678 2799 1781 2853 ho-

195 2897 403 2951 minem
446 2892 731 2948 mortalem
773 2890 829 2945 in
872 2889 1024 2945 caelis
1080 2888 1284 2943 habere
1326 2886 1685 2952 mansionem,
1731 2892 1784 2942 et

184 2985 292 3041 alia
323 2981 655 3052 hujusmodi.

1891 1812 2062 1880 beret,
2097 1819 2149 1866 et
2176 1811 2451 1882 adeptavit
2478 1811 2553 1865 illi
2586 1827 2680 1866 eos
2721 1810 2813 1882 qui
2843 1826 2964 1866 eum
3006 1811 3098 1864 illo
3136 1810 3482 1880 possiderent

1888 1900 2055 1954 vitam
2087 1908 2361 1955 aeternam.

1958 1989 2130 2044 Vnus.
2165 1993 2248 2043 18.
2283 2019 2352 2028 -
2389 1990 2573 2043 Timor
2616 2005 2730 2044 non
2770 1991 2854 2044 est
2892 1989 2954 2044 in
2993 1987 3294 2042 charitate.
3327 1987 3389 2040 In
3419 2003 3485 2042 ea

1886 2076 2140 2132 nimirum
2164 2077 2426 2132 charitate
2459 2093 2579 2148 qua}
2609 2077 2679 2130 ad
2710 2076 3066 2131 imitationem
3096 2075 3292 2130 divinae
3320 2074 3473 2130 boni-

1886 2167 2010 2222 tatis
2039 2167 2203 2223 etiam
2231 2165 2462 2222 inimicis
2491 2164 2781 2234 benefaeit,
2817 2181 2926 2222 non
2957 2173 3040 2220 est
3070 2164 3248 2220 timor.

2526 2335 2748 2391 CAPUT
2780 2335 2844 2389 V.

1960 2478 2126 2535 Vens.
2153 2483 2202 2533 1.
2235 2509 2305 2520 -
2335 2478 2530 2534 Omnis
2557 2480 2653 2551 qui
2683 2480 2880 2535 credit.
2915 2479 3119 2546 Credit,
3163 2479 3256 2550 qui
3285 2480 3366 2536 sic
3396 2480 3482 2535 vi-

1883 2567 1958 2622 vit
1986 2568 2258 2638 quomodo
2297 2567 2544 2622 Christus
2567 2569 2846 2639 praecepit,
2900 2567 3059 2624 aliter
3105 2576 3159 2624 et
3202 2568 3484 2624 daemones

1883 2656 2128 2712 credunt.
2165 2656 2348 2727 Opera
2379 2665 2561 2712 autem
2592 2665 2790 2728 praeter
2820 2656 3005 2725 ﬁdem,
3048 2657 3135 2713 vel
3162 2657 3331 2725 nulla,
3374 2657 3482 2728 vel,

1883 2745 2094 2801 etiamsi
2124 2745 2265 2800 bona
2286 2745 2733 2813 videantur,sunt
2761 2746 2967 2813 inania,
3003 2746 3132 2818 quia
3164 2754 3290 2802 sunt
3333 2761 3478 2818 prm-

1880 2840 1964 2890 ter
1992 2834 2158 2900 viam,
2193 2851 2315 2906 qua:
2344 2835 2592 2890 Christus
2621 2843 2722 2890 est.
2749 2837 2891 2892 Vere
2915 2836 3006 2906 qui
3052 2835 3231 2907 diligit
3280 2835 3474 2903 Deum,

1879 2922 2059 2997 diligit
2088 2923 2332 2978 fratrem.
2367 2925 2508 2979 Nam
2530 2923 2623 2995 qui
2653 2924 2831 2997 diligit
2863 2925 3036 2979 Deum
3066 2926 3299 2991 Patrem,
3350 2925 3480 2980 dili-

1879 3012 1961 3084 git
1999 3014 2172 3067 Deum
2206 3012 2416 3078 Filium,
2459 3027 2492 3066 a
2540 3014 2699 3067 Patre
2747 3013 3008 3082 genitum,
3069 3021 3123 3067 et
3167 3013 3260 3084 qui
3304 3013 3482 3086 diligit

257 3099 435 3153 Vens.
454 3097 515 3187 '7.
541 3125 610 3137 --
643 3095 992 3187 Char-issimi.
1017 3091 1475 3187 diligamuﬁnof.
1496 3090 1780 3187 Cqmmfm'
1799 3124 1849 3187 Ο
1882 3102 2055 3156 Deum
2086 3101 2301 3168 Filium,
2325 3101 2501 3174 diligit
2521 3102 2684 3157 etiam
2714 3101 2815 3157 Dei
2844 3099 3006 3170 ﬁlios,
3044 3101 3295 3158 membra
3337 3101 3482 3158 illius

187 3187 337 3243 davit
368 3185 682 3242 charitatem
712 3183 895 3238 multis
923 3181 1120 3250 modis,
1146 3181 1257 3250 jam
1288 3180 1357 3234 ad
1387 3180 1502 3248 ejus
1533 3178 1778 3249 singula-

200 3292 317 3331 rem
339 3274 560 3330 laudem
588 3272 794 3330 accedit
833 3271 888 3326 in
931 3287 1039 3342 quo
1079 3286 1204 3326 eum
1249 3269 1481 3324 maxime
1527 3268 1790 3323 debemus

1890 3189 2100 3246 canitis.

1992 3207 2100 3245 IIIS.

1955 3207 2130 3334 IVERS.
2163 3281 2218 3334 3.
2251 3308 2321 3320 --
2353 3280 2553 3335 Gravia
2583 3295 2696 3336 non
2745 3284 2899 3335 sunt.
2943 3278 3164 3351 (ΒευΑ.)
3192 3279 3315 3335 Non
3363 3286 3482 3334 tra-

197 3364 415 3432 audire,
452 3362 661 3418 scilicet
693 3379 706 3415 :
743 3361 848 3428 Qui
876 3359 1085 3432 diligit,
1129 3376 1203 3414 ex
1248 3360 1357 3414 Deo
1398 3361 1569 3412 natus
1605 3361 1692 3412 est
1735 3361 1792 3412 et
1891 3369 2022 3423 hum
2050 3367 2328 3435 deorsum,
2365 3377 2423 3423 υι
2452 3369 2714 3423 talentum
2743 3369 2969 3440 plumbi,
3020 3377 3149 3435 etc”
3199 3384 3372 3441 usque
3410 3369 3485 3425 ad

194 3457 374 3510 Deum
407 3452 584 3519 novit,
615 3452 746 3524 quia
765 3452 908 3506 Deus
939 3449 1188 3505 charitas
1217 3452 1320 3503 est.
1345 3447 1565 3502 Dixerat
1597 3467 1614 3501 :
1649 3448 1789 3504 Cha-

184 3546 331 3600 ritas
349 3559 426 3598 επ)
444 3543 550 3598 Deo
567 3543 650 3596 est
671 3539 794 3607 ;hie
815 3537 1190 3610 superaddidit
1208 3554 1222 3591 :
1245 3539 1390 3592 Deus
1411 3537 1662 3592 charitas
1679 3542 1784 3592 est.

270 3659 446 3713 Vnus.
474 3661 525 3712 8.
557 3686 627 3696 —
663 3655 936 3725 Quoniam
966 3655 1111 3708 Deus
1153 3652 1424 3707 clior-itas.
1455 3651 1580 3706 Non
1609 3649 1788 3706 differt

187 3746 433 3804 charitas
465 3745 520 3800 in
549 3745 686 3809 Deo,
734 3759 857 3799 cum
891 3742 1070 3811 justus
1115 3748 1168 3796 et
1203 3739 1412 3809 justitia
1451 3739 1680 3805 dicatur,
1728 3747 1788 3795 ut

175 3835 416 3906 diligens
458 3841 511 3889 et
541 3832 758 3888 dilectio
794 3831 922 3903 quia
962 3845 1074 3885 non
1118 3828 1596 3884 transnominative
1638 3845 1669 3882 a
1691 3829 1786 3897 ju-

186 3924 332 3979 stitia
367 3922 566 3978 dicitur
587 3921 766 3990 justus
808 3919 896 3975 vel
912 3919 1144 3990 diligens
1174 3917 1480 3986 dilectione,
1515 3916 1669 3988 quasi
1698 3917 1785 3986 ju-

190 4013 394 4068 stitiam
433 4011 523 4066 vel
551 4008 895 4066 dilectionem
929 4025 957 4062 a
994 4025 1054 4063 se
1087 4007 1397 4063 distinctam
1433 4006 1647 4076 habeat,
1687 4007 1783 4062 sed

171 4101 296 4174 quia
319 4108 406 4157 est
431 4099 638 4168 justitia
655 4107 709 4154 et
755 4097 984 4155 dilectio
1021 4111 1140 4176 sua.

243 4215 421 4271 Vsus.
461 4216 513 4269 9.
535 4243 603 4254 —
621 4214 687 4269 In
723 4213 823 4269 hoc
841 4212 1128 4285 apparuit.
1148 4209 1436 4266 Probando
1466 4210 1611 4282 quod
1634 4210 1782 4266 Deus

169 4305 373 4363 charita
392 4321 420 4359 s
449 4310 532 4358 est
554 4310 608 4358 et
636 4302 782 4374 quod
811 4316 913 4357 nos
943 4300 1138 4370 diligit,
1171 4298 1340 4355 voluit
1373 4298 1634 4354 inducere
1681 4315 1782 4354 nos

172 4409 270 4450 suo
313 4391 585 4462 exemplo,
622 4399 680 4446 ut
708 4390 942 4446 invicem
973 4389 1328 4460 diligeremus
1360 4396 1414 4443 et
1442 4389 1510 4442 ad
1536 4388 1781 4445 notitiam

173 4484 292 4551 ejus
333 4480 666 4537 veniremus.
706 4479 853 4535 Sicut
888 4480 1034 4534 Deus
1065 4494 1175 4534 non
1205 4477 1536 4548 exspectavit
1569 4485 1624 4532 ut
1656 4494 1780 4532 eum
1799 4491 1851 4552 D

172 4571 556 4644 diligeremus,
589 4569 666 4624 sic
701 4584 801 4624 nos
832 4584 941 4623 non
975 4575 1352 4638 exspectemus
1377 4575 1432 4620 ut
1462 4566 1552 4620 alii
1574 4582 1672 4622 nos
1691 4567 1778 4622 di-

171 4660 371 4732 ligant,
422 4659 519 4714 sed
554 4657 760 4729 priores
811 4657 1121 4729 diligamus.
1166 4655 1400 4712 Dilectio
1444 4655 1614 4710 Patris
1643 4671 1778 4726 pro-

179 4749 311 4804 bata
342 4756 444 4814 est,
467 4747 588 4820 quia
615 4747 762 4801 misit
794 4746 986 4801 Filium
1021 4763 1033 4799 :
1069 4745 1286 4801 dilectio
1318 4745 1436 4799 Filii
1471 4744 1524 4799 in
1556 4745 1657 4800 hoc
1686 4761 1780 4816 ap-

175 4836 395 4909 paruit,
463 4836 608 4908 quod
657 4851 756 4907 pro
801 4835 956 4891 nobis
1003 4851 1140 4907 quos
1183 4834 1482 4906 praedilexit
1530 4842 1777 4889 mortuus

171 4934 274 4982 est.

241 5031 413 5086 Vsus.
453 5032 537 5086 10.
567 5060 637 5070 -
665 5030 785 5087 Non
843 5030 1005 5103 quasi
1051 5046 1171 5086 nos.
1223 5029 1348 5108 Non
1390 5028 1542 5100 prius
1585 5028 1775 5084 dilexi-

171 5137 314 5187 mus,
350 5128 408 5174 ut
442 5119 597 5192 quasi
624 5119 820 5174 merito
859 5127 1060 5174 nostrae
1090 5119 1394 5175 dilectionis
1427 5119 1542 5190 ipse
1572 5118 1774 5192 dilige-

171 5219 254 5265 ret
281 5225 405 5274 nos,
439 5207 536 5264 sed
596 5207 711 5279 ipse
741 5207 893 5278 prior
923 5208 1108 5263 dilexit
1126 5223 1247 5276 nos,
1275 5217 1332 5263 ut
1352 5216 1629 5280 praeeunte
1646 5224 1773 5282 gra-

173 5299 245 5353 tia
275 5299 394 5367 ejus
422 5312 524 5352 nos
553 5313 678 5352 eum
709 5296 1018 5369 diligamus.

239 5414 412 5468 Vsus.
450 5415 536 5468 11.
569 5443 638 5452 -
667 5413 739 5468 Et
784 5428 884 5467 nos
932 5413 1191 5468 debemus
1240 5414 1589 5470 alterutrum
1635 5413 1772 5468 dili-

168 5519 316 5573 gere.
354 5500 554 5574 Dilige,
590 5509 642 5556 et
671 5501 817 5572 quod
847 5500 929 5555 vis
960 5499 1064 5556 fac.
1102 5501 1226 5557 Sive
1252 5510 1453 5568 taceas,
1479 5501 1772 5558 dilectione

167 5599 288 5646 tace
327 5607 338 5644 :
375 5591 488 5648 sive
519 5590 744 5655 clames,
777 5589 1069 5646 dilectione
1112 5591 1306 5648 clama.
1341 5593 1422 5648 De
1453 5593 1556 5649 hac
1585 5591 1768 5648 radice

166 5695 277 5736 non
306 5687 486 5753 potest
514 5679 621 5740 nisi
651 5680 855 5738 bonum
883 5679 1051 5738 exire.

1890 3471 1956 3511 ne
1987 3457 2109 3528 quis
2139 3474 2240 3512 sua
2271 3457 2462 3512 virtute
2485 3455 2718 3514 conﬁdat
2749 3474 2808 3513 se
2835 3473 3000 3529 posse
3050 3455 3292 3514 vincere
3317 3473 3482 3514 mun-

1844 3540 1849 3545 ”
1886 3546 2038 3610 dum,
2072 3545 2255 3600 subdit
2287 3546 2356 3601 de
2388 3545 2497 3602 ﬁde
2543 3563 2555 3600 :

1956 3635 2126 3690 Vens.
2157 3636 2210 3689 4.
2245 3663 2314 3674 -
2343 3637 2414 3690 Et
2435 3635 2551 3691 haec
2575 3639 2661 3691 est
2683 3635 2938 3701 victoria,
2971 3642 3076 3691 etc.
3101 3635 3199 3691 Illa
3227 3634 3484 3692 nimirum

1885 3722 2041 3790 ﬁdes,
2075 3740 2195 3796 qua:
2213 3740 2314 3795 per
2341 3723 2690 3780 dilectionem
2719 3730 2995 3794 operatur,
3031 3740 3153 3797 quas
3181 3725 3283 3780 Dei
3324 3725 3482 3780 auxi-

1883 3812 2014 3867 lium
2045 3813 2272 3886 ﬂagitat.

1954 3903 2124 3958 Vsus.
2177 3905 2228 3956 5.
2260 3932 2330 3943 -
2383 3902 2514 3970 Quis
2553 3905 2639 3957 est
2681 3905 2931 3958 autem?
2975 3910 3077 3959 etc.
3145 3903 3483 3959 Determinat

1884 4007 2006 4062 qua:
2036 3990 2172 4046 fides
2199 3990 2383 4061 vincit,
2417 3991 2624 4047 scilicet
2656 3990 2792 4046 ﬁdes
2820 3991 3037 4047 Christi.
3073 3991 3240 4060 Quasi
3275 4009 3288 4046 :
3340 3992 3482 4048 Vere

1881 4096 1984 4151 per
2011 4078 2177 4135 ﬁdem
2205 4079 2374 4135 vincit
2403 4080 2684 4147 mundum,
2718 4081 2846 4152 quia
2876 4097 2973 4152 per
2989 4081 3136 4136 aliud
3166 4097 3277 4136 non
3303 4080 3482 4137 vinci-

1881 4175 1988 4224 tur.
2021 4170 2178 4224 Fides
2199 4173 2414 4224 nostra.
2448 4169 2592 4225 Ecce
2622 4186 2742 4242 quae
2768 4169 2905 4226 ﬁdes
2932 4171 3121 4239 vincit,
3155 4187 3278 4243 quae
3307 4169 3482 4227 credit

1881 4274 2074 4315 verum
2094 4259 2372 4314 hominem
2403 4267 2455 4313 et
2485 4275 2676 4314 verum
2705 4260 2900 4314 Deum.

1952 4348 2126 4402 Vens.
2162 4349 2213 4401 6.
2245 4378 2314 4388 —
2345 4350 2444 4404 llic
2467 4352 2570 4413 est,
2603 4355 2708 4405 etc.
2743 4347 2883 4418 Quia
2923 4349 3039 4404 sola
3076 4346 3212 4404 ﬁdes
3243 4355 3297 4404 et
3343 4362 3481 4404 con-

1881 4433 2049 4491 fessio
2080 4436 2378 4491 divinitatis
2411 4452 2520 4491 non
2553 4437 2748 4493 sufﬁcit
2779 4437 2849 4492 ad
2880 4438 3111 4492 salutem
3142 4445 3194 4492 et
3239 4437 3309 4491 ad
3355 4437 3481 4491 vin-

1880 4525 2115 4580 cendum
2143 4526 2425 4592 mundum,
2459 4526 2606 4594 addit
2635 4534 2686 4582 et
2717 4525 2784 4580 de
2815 4526 3150 4582 humanitate
3179 4544 3192 4581 :
3250 4533 3480 4597 propte-

1880 4630 1968 4672 rea
1991 4615 2258 4686 expressit
2291 4615 2637 4687 sanguinem.

1949 4704 2213 4776 Spiritus.
2249 4704 2307 4758 Id
2338 4711 2440 4768 est,
2480 4704 2714 4768 humana
2763 4702 2946 4757 anima
2996 4719 3160 4775 quam
3208 4704 3386 4760 emisit
3424 4704 3480 4759 in

1877 4791 2130 4863 passione
2164 4811 2176 4858 ;
2201 4809 2347 4864 aqua
2371 4795 2427 4847 et
2462 4793 2714 4863 sanguis,
2748 4807 2870 4864 quae
2889 4791 3160 4848 ﬂuxerunt
3189 4793 3258 4848 de
3279 4793 3471 4849 latere.

1878 4881 1994 4936 Hoc
2027 4879 2166 4935 ﬁerit
2197 4897 2308 4936 non
2337 4888 2542 4950 posset,
2580 4881 2624 4934 si
2657 4896 2841 4936 veram
2871 4881 3058 4937 carnis
3088 4889 3336 4937 naturam
3367 4897 3479 4938 non

1877 4969 2122 5025 haberet.
2160 4970 2268 5024 Sed
2302 4977 2353 5023 et
2385 4978 2509 5024 ante
2531 4969 2860 5041 passionem,
2895 4971 3061 5026 sudor
3091 4971 3182 5043 qui
3198 4970 3370 5028 factus
3392 4979 3475 5027 est

1876 5058 2015 5113 sicut
2043 5067 2210 5129 guttai
2241 5059 2522 5130 sanguinis
2552 5059 2789 5114 ostendit
2819 5060 3104 5115 veritatem
3136 5060 3333 5116 carnis.
3359 5060 3477 5116 Hoc

1875 5155 2053 5202 autem
2083 5147 2228 5219 quod
2256 5147 2325 5203 de
2373 5147 2541 5203 latere
2583 5148 2699 5216 jam
2744 5148 2947 5203 mortui
2995 5156 3186 5204 contra
3226 5157 3472 5204 naturam

1877 5253 2016 5308 aqua
2046 5237 2273 5308 sanguis
2309 5237 2568 5293 vivaeiter
2597 5237 2766 5304 fluxit,
2792 5238 3094 5293 testabatur
3113 5237 3258 5309 quod
3275 5255 3476 5310 corpus

1878 5325 2093 5379 Domini
2125 5334 2246 5396 post
2276 5334 2508 5381 mortem
2539 5326 2734 5382 melius
2766 5336 2910 5382 esset
2938 5327 3224 5394 victurum,
3249 5335 3302 5383 et
3325 5345 3476 5386 mors

1875 5414 1993 5482 ejus
2022 5415 2188 5470 vitam
2217 5416 2375 5470 nobis
2405 5416 2576 5470 daret.
2610 5414 2767 5484 Quod
2801 5433 2931 5472 vero
2963 5418 3130 5473 sudor
3160 5419 3297 5474 sicut
3345 5436 3474 5474 san-

1871 5504 1995 5576 guis
2027 5504 2080 5559 in
2112 5512 2310 5559 terram
2342 5505 2562 5573 ﬂuebat,
2597 5506 2850 5578 signabat
2880 5507 3026 5579 quod
3057 5524 3155 5563 suo
3182 5508 3469 5579 sanguine,

1877 5593 2183 5650 Ecclesiam
2215 5602 2326 5649 toto
2357 5595 2492 5650 orbe
2523 5595 2749 5651 lavaret.

1945 5683 2115 5741 Vsus.
2149 5685 2202 5742 7.
2225 5715 2294 5726 -
2319 5684 2594 5754 Quoniam
2625 5689 2740 5744 tres
2760 5689 2912 5744 sunt.
2955 5687 3058 5742 Per
3084 5687 3189 5742 hoc
3217 5692 3462 5760 apparet,
