3968 6176
463 284 567 340 ’103

1345 290 1617 348 GLOSSA
1654 290 2064 348 0RDINARIA.
2104 321 2174 333 --
2210 292 2428 350 EPIST.
2469 293 2518 349 II
2547 293 2641 349 AD
2673 292 2833 350 COR.

3659 296 3777 352 τοι

464 408 611 481 quod
646 410 809 466 Jesus
850 419 933 467 est
975 412 1195 481 veritas,
1238 430 1405 493 verus
1446 416 1614 485 Deus,
1665 433 1827 473 verus
1872 417 2057 474 homo.
2088 417 2145 479 A
2232 419 2332 475 Est
2346 423 2645 492 peccatum
2677 417 2752 475 ad
2778 422 3042 475 mortem.
3072 419 3189 477 Hoc
3230 426 3517 492 peccatum
3546 427 3781 493 separat

467 498 539 553 Et
582 499 651 554 de
698 507 929 573 utroque
977 492 1248 559 habemus
1304 512 1512 559 certum
1559 506 1945 573 testimonium,
1997 507 2065 562 de

467 587 680 643 Deitate
728 590 946 660 quidem
985 607 1087 662 per
1151 593 1383 663 Patrem,
1433 602 1487 649 et
1533 594 1745 661 Filium,
1792 603 1846 649 et
1894 595 2065 667 Spiri-

467 683 583 731 tum
613 685 857 732 sanctum
891 694 904 734 :
940 680 1008 733 de
1030 681 1361 737 humanitate
1406 699 1509 753 per
1550 684 1808 749 animam,
1845 700 2061 757 aquam,

473 773 527 821 et
584 766 928 839 sanguinem.
997 768 1157 824 Pater
1211 770 1362 825 dedit
1406 772 1774 827 testimonium
1837 774 2065 829 Deitatis

470 854 687 926 quando
714 854 847 911 dixit
881 872 893 910 :
924 858 1025 913 Hic
1075 863 1159 915 est
1209 861 1385 917 Filius
1422 878 1581 917 meus
1620 862 1883 919 dilectus.
1943 863 2066 935 Ipse

469 942 635 997 Filius
658 944 828 1015 dedit,
862 946 1083 1016 quando
1112 948 1168 1003 in
1213 958 1396 1005 monte
1426 949 1848 1024 transﬁguratus
1876 958 1979 1019 est,
2013 958 2067 1007 et

466 1032 766 1103 potentiam
804 1034 1111 1091 Divinitatis
1156 1045 1208 1092 et
1249 1055 1405 1110 spem
1450 1047 1671 1096 aeternas
1716 1038 2066 1095 beatitudinis

466 1121 723 1177 ostendit.
760 1122 992 1194 Spiritus
1023 1134 1238 1182 sanctus
1269 1126 1436 1195 dedit,
1478 1129 1695 1200 quando
1744 1145 1911 1200 super
1963 1128 2065 1182 ba-

465 1209 725 1281 ptizatum
747 1211 803 1265 in
831 1213 1016 1285 specie
1065 1215 1333 1271 columbae
1380 1218 1667 1289 requievit,
1714 1218 1799 1273 vel
1849 1217 2065 1290 quando

466 1298 539 1353 ad
569 1299 913 1358 vocationem
944 1303 1181 1358 nominis
1203 1304 1401 1360 Christi
1422 1307 1591 1363 cerda
1613 1306 1948 1363 credentium
1964 1306 2065 1362 im-

465 1387 652 1458 plevit.

538 1478 709 1534 Vens.
747 1482 834 1536 10.
867 1510 936 1521 -
969 1481 1075 1549 Qui
1104 1483 1283 1538 credit
1308 1485 1371 1539 in
1401 1485 1612 1542 Filium
1632 1487 1750 1542 Dei.
1786 1486 1837 1539 Is
1867 1484 2065 1541 intelli-

465 1566 545 1638 git
576 1568 789 1623 Patrem
816 1585 1072 1625 veracem
1102 1571 1157 1625 in
1186 1572 1496 1629 testimonio
1518 1573 1657 1631 Filii.
1685 1573 1793 1644 Qui
1812 1590 1921 1629 non
1946 1590 2065 1630 cre-

466 1655 565 1722 dit,
599 1656 728 1712 dicit
757 1658 973 1714 Patrem
1003 1676 1126 1716 esse
1154 1661 1456 1717 mentitum.
1500 1662 1727 1717 Frustra
1771 1663 1938 1737 igitur
1976 1662 2064 1717 di-

2168 521 2201 562 a
2230 507 2367 574 Deo,
2402 508 2541 563 sicut
2569 524 2716 562 mors
2746 516 2966 580 separat
2985 506 3222 565 animam
3251 524 3286 564 a
3315 524 3571 582 corpore.

2239 604 2405 659 Vens.
2444 608 2527 660 i7.
2560 635 2630 646 —-
2662 605 2856 661 Omnis
2883 598 3163 679 iniquitas
3207 610 3526 679 peccatum.
3559 606 3773 676 Quasi:

2167 691 2310 748 Vere
2339 694 2607 749 orandum
2628 702 2709 749 est
2738 710 2839 765 pro
2860 695 3215 766 peccantibus
3242 711 3354 752 non
3392 696 3464 751 ad
3511 704 3771 764 mortem,

2168 780 2294 852 quia
2321 781 2503 837 multis
2522 782 2767 854 peccatis
2787 791 3123 854 occupantur
3153 800 3365 851 omnes,
3399 793 3453 840 et
3481 801 3645 841 nemo
3672 800 3777 856 po-

2166 876 2272 925 test
2300 886 2425 926 esse
2453 872 2571 927 sine
2600 879 2848 943 peccato,
2882 873 3013 944 quia
3039 873 3217 929 omnis
3523 883 3608 929 est
3639 889 3773 946 peo-

2167 966 2370 1016 catum.
2419 960 2527 1016 Sed
2558 976 2725 1032 supra
2778 960 2887 1017 alia
2925 970 3008 1017 est
3055 968 3344 1033 peccatum
3389 963 3461 1018 ad
3509 970 3773 1032 mortem,

2169 1049 2314 1120 quod
2361 1065 2471 1105 non
2511 1050 2750 1105 humana
2790 1048 3098 1123 fragilitate
3130 1051 3505 1121 committitur,
3537 1058 3592 1107 et
3640 1051 3773 1108 ideo

2166 1136 2408 1193 oratione
2433 1139 2704 1208 justorum
2734 1155 2845 1194 non
2902 1147 3171 1212 purgatur
3210 1157 3224 1194 :
3272 1140 3531 1213 quoniam
3562 1140 3660 1214 qui
3687 1149 3778 1197 ta-

2165 1224 2240 1281 lia
2268 1234 2460 1298 agunt,
2492 1243 2728 1300 regnum
2754 1227 2856 1283 Dei
2876 1243 2987 1283 non
3014 1236 3444 1300 consequentur.

2237 1321 2406 1377 Vens.
2440 1325 2526 1376 18.
2559 1351 2630 1363 --
2661 1321 2855 1379 Omnis
2876 1323 2975 1394 qui
2993 1326 3168 1379 natus
3188 1328 3294 1390 est,
3326 1332 3432 1380 etc.
3454 1321 3563 1394 Qui
3601 1331 3770 1379 natus

2166 1418 2252 1465 est
2279 1426 2345 1465 ex
2366 1411 2484 1466 Deo
2512 1426 2624 1466 non
2652 1419 2846 1483 peccat
2874 1411 2946 1466 ad
2972 1419 3207 1467 mortem
3240 1429 3254 1466 :
3289 1411 3384 1484 qui
3419 1427 3534 1468 non
3561 1420 3649 1468 est
3677 1428 3780 1468 na-

2165 1506 2269 1566 tus,
2302 1506 2494 1570 peccat
2528 1519 2543 1567 ;
2569 1500 2668 1554 sed
2696 1516 2798 1555 nos
2829 1516 3017 1555 sumus
3045 1501 3114 1556 de
3150 1500 3258 1555 illis
3287 1501 3381 1574 qui
3409 1501 3527 1556 nati
3556 1509 3689 1557 sunt
3707 1517 3775 1557 ex

2166 1589 2302 1644 Deo:
2335 1588 2460 1644 ideo
2489 1605 2600 1643 non
2629 1588 3001 1660 peccabimus,
3032 1604 3143 1645 non
3173 1597 3463 1663 tangemur
3488 1590 3561 1646 ab
3590 1589 3777 1661 hoste,

2167 1676 2264 1732 sed
2306 1677 2492 1732 mundi
2540 1686 2810 1734 amatores
2859 1686 2983 1733 sunt
3044 1677 3276 1747 subjecti
3313 1678 3559 1751 maligno
3606 1679 3775 1735 hosti.

466 1753 594 1843 cum
619 1746 792 1843 -Ῐέξάεῗθί
833 1763 892 1801 se
937 1749 1176 1843 εἷθάείιξίῖ
1212 1751 1268 1805 in
1297 1752 1545 1843 Ρὲίιίθῐηί
1562 1751 1800 1824 quandi“
1823 1758 2137 1843 (πηδῷ-Β
2168 1766 2286 1823 Νοη
2302 1771 2519 1840 peccat.
2556 1767 2731 1823 David
2772 1766 3013 1837 graviter
3053 1746 3321 1839 peccavit,
3374 1746 3477 1822 sed
3524 1766 3659 1840 quia
3712 1784 3778 1824 ex

464 1842 600 1888 nunt
629 1834 921 1892 Christum.
956 1839 1020 1893 In
1069 1840 1297 1895 Filium.
1333 1838 1473 1908 Quia
1520 1841 1682 1895 Pater
1719 1848 1949 1895 testatur
1996 1840 2064 1896 de

467 1922 622 1989 Filio,
656 1924 943 1980 credamus
972 1926 1028 1979 in
1058 1927 1269 1982 Filium.
1294 1927 1429 1997 Quia
1459 1929 1550 2001 qui
1579 1929 1653 1983 ita
1686 1930 1856 1985 credit
1887 1928 1941 1983 in
1970 1928 2064 1983 Fi-

464 2010 619 2077 lium,
653 2019 711 2066 ut
742 2013 881 2068 bene
911 2017 1150 2085 Optando
1182 2017 1367 2071 tendat
1387 2016 1441 2071 in
1471 2017 1648 2087 ipsum
1691 2017 1859 2074 habet
1907 2017 2065 2073 testi-

467 2100 708 2155 monium
739 2102 838 2156 Dei
867 2103 920 2156 in
942 2120 1019 2171 se,
1048 2106 1203 2175 quasi
1234 2106 1380 2161 dicat
1415 2122 1427 2160 :
1462 2108 1541 2161 De
1573 2122 1638 2162 eo
1686 2107 1851 2161 etiam
1892 2115 2065 2162 testa-

468 2197 557 2244 tur
588 2192 750 2255 Deus,
786 2192 932 2263 quod
962 2193 1079 2263 ipse
1102 2194 1179 2249 sic
1207 2194 1440 2249 credens
1462 2194 1561 2249 erit
1592 2195 1646 2249 in
1676 2211 1905 2251 numero
1926 2195 2065 2251 tilio-

469 2295 591 2333 rum
618 2280 738 2345 Dei,
768 2279 888 2351 ipso
910 2281 1043 2337 Filio
1066 2283 1175 2337 suis
1212 2283 1287 2337 ita
1325 2284 1594 2355 policente
1628 2285 1725 2342 :Si
1745 2287 1869 2358 quis
1920 2286 2066 2341 mihi

468 2369 903 2435 ministraverit,
913 2370 1303 2440 honoriﬁcabit
1322 2374 1490 2428 illum
1509 2375 1681 2429 Pater
1695 2390 1855 2430 meus
1875 2374 2057 2446 (Joan.

467 2456 593 2527 xu).
627 2456 685 2513 Si
712 2474 848 2529 ergo
879 2460 1053 2514 Deum
1076 2468 1272 2516 testem
1302 2469 1406 2517 tum
1434 2460 1562 2517 ﬁdei
1600 2462 1880 2528 habueris,
1934 2462 2066 2535 quid

467 2553 521 2601 te
550 2546 829 2603 hominum
848 2547 1072 2604 infamia
1100 2550 1188 2605 vel
1214 2550 1523 2621 persecutio
1570 2551 1716 2606 laedit
1743 2552 1773 2605 τ
1819 2553 1879 2608 Si
1916 2554 2064 2609 Deus

465 2651 567 2707 pro
587 2636 766 2703 nobis,
799 2638 922 2710 quis
944 2642 1144 2695 contra
1163 2656 1265 2696 nos
1288 2644 1311 2695 ?
1340 2640 1518 2712 (Rom.
1543 2640 1690 2710 vm.)

538 2724 707 2781 Vens.
741 2729 828 2780 11.
862 2757 933 2768 —-
963 2729 1032 2783 Et
1063 2728 1162 2785 hoc
1184 2730 1601 2786 testimonium.
1649 2730 1730 2784 De
1779 2728 1914 2785 Filio
1976 2736 2065 2784 te-

470 2820 642 2868 status
663 2822 765 2881 est,
799 2822 852 2871 et
898 2816 1064 2871 etiam
1099 2816 1170 2872 de
1218 2817 1376 2873 nobis
1414 2816 1539 2872 ﬁliis
1587 2817 1878 2888 ad0ptivis,
1921 2818 2067 2890 quod

469 2918 569 2973 per
596 2902 790 2959 Filium
811 2920 967 2959 suum
1015 2904 1236 2961 unicum
1286 2906 1449 2961 etiam
1497 2906 1657 2961 nobis
1691 2905 1807 2974 jam
1846 2905 1903 2961 in
1945 2923 2063 2978 spe,

472 2991 798 3063 quandoque
829 3001 1011 3048 autem
1041 2993 1096 3047 in
1126 3009 1185 3048 re
1216 2993 1381 3048 vitam
1410 3003 1673 3049 aeternam
1701 2995 1877 3050 daret.

540 3082 612 3137 Et
633 3082 749 3136 haec
770 3082 1009 3137 estvita.
1035 3082 1257 3153 (ΒευΑ.)
1288 3083 1351 3137 In
1373 3081 1480 3138 fide
1511 3090 1563 3137 et
1584 3082 1930 3139 confessione
1959 3099 2064 3139 no-

472 3168 653 3237 minis,
685 3168 742 3223 in
768 3170 1116 3241 perceptione
1140 3179 1625 3239 sacramentorum,
1651 3179 1778 3240 etc.,
1812 3189 1984 3247 usque
2002 3173 2075 3230 ad
2104 3146 2152 3210 Ο

470 3256 562 3328 qui
592 3257 687 3312 dat
716 3257 833 3312 suis
865 3257 1030 3314 vitam
1061 3267 1342 3317 mternam.

544 3346 715 3403 Vitas.
752 3348 839 3402 14.
870 3375 939 3388 —-
967 3350 1037 3404 Et
1059 3349 1175 3405 haec
1204 3353 1290 3405 est
1308 3348 1535 3419 ﬁducia.
1585 3347 1955 3425 Multipliciter
1982 3365 2076 3406 ea-

476 3435 605 3491 dem
636 3451 758 3507 quae
786 3451 953 3507 supra
981 3437 1307 3507 promiserat
1323 3437 1580 3505 inculcat,
1604 3446 1660 3493 ut
1690 3454 1792 3494 nos
1821 3438 1891 3494 ad
1911 3455 2076 3496 oran-

476 3522 607 3579 dum
631 3524 873 3581 vivacius
920 3525 1135 3582 excitet.
1181 3527 1501 3584 Secundum
1538 3528 1893 3584 voluntatem
1930 3530 2072 3601 ejus.

482 3611 605 3681 Qua
636 3613 748 3669 vult
767 3622 826 3669 ut
855 3615 1001 3686 quod
1030 3615 1157 3671 velit
1187 3632 1465 3688 rogemus,
1485 3616 1572 3673 vel
1603 3616 1794 3689 quales
1820 3632 1922 3673 nos
1953 3632 2076 3673 esse

477 3701 756 3758 desiderat
803 3702 873 3759 ad
917 3704 1228 3776 rogandum
1261 3705 1569 3762 veniamus.
1614 3704 1671 3761 Si
1718 3704 1969 3762 volumus
1988 3722 2082 3762 no-

474 3797 645 3847 stram
676 3790 908 3847 salutem
951 3800 1005 3848 et
1042 3794 1420 3864 proximorum
1468 3810 1578 3849 non
1619 3794 2000 3865 discordamus
2046 3810 2081 3851 a

473 3880 750 3937 voluntate
777 3880 898 3938 Dei.
932 3880 989 3937 Si
1019 3882 1269 3938 voluntas
1298 3890 1483 3939 nostra
1512 3899 1613 3954 per
1659 3883 2025 3955 ignorantiam
2046 3898 2081 3939 a

472 3969 750 4025 voluntate
787 3970 889 4025 Dei
938 3971 1162 4039 recedit,
1205 3972 1348 4027 bona
1389 3971 1641 4027 voluntas
1688 3972 1790 4027 Dei
1837 3980 2079 4027 nostram

477 4058 698 4112 stultam
729 4058 973 4132 corrigit,
1007 4067 1065 4113 ut
1085 4060 1335 4131 apostolo
1364 4060 1532 4115 Paulo
1561 4059 1808 4131 contigit.

543 4148 716 4203 Vens.
756 4150 842 4203 15.
875 4179 944 4188 -
974 4149 1195 4206 Scimus
1242 4149 1529 4222 quoniam,
1564 4157 1669 4205 etc.
1703 4147 1847 4218 Quia
1877 4148 2084 4206 scimus

2167 1856 2283 1912 Deo
2312 1863 2473 1911 natus
2493 1855 2563 1911 ad
2586 1855 2902 1912 societatem
2923 1855 3162 1911 filiorum
3182 1855 3283 1912 Dei
3305 1856 3644 1927 pertinebat,
3666 1873 3778 1913 non

2165 1944 2407 2015 peccavit
2428 1946 2497 2000 ad
2530 1954 2778 2014 mortem,
2814 1945 2911 2001 sed
2940 1944 3153 2002 veniam
3192 1944 3509 2017 paenitendo
3548 1947 3774 2002 meruit.

2163 2033 2267 2089 Sed
2297 2036 2588 2105 generatio
2608 2035 2709 2090 Dei
2740 2076 2754 2102 ,
2789 2042 2892 2091 etc.
2929 2032 3035 2103 Qui
3054 2033 3110 2088 in
3139 2034 3499 2107 generatione
3531 2033 3635 2089 Dei
3651 2050 3779 2106 per-

2165 2130 2438 2192 severant,
2484 2138 2719 2194 peccare
2784 2138 2895 2178 non
2941 2130 3189 2195 possunt,
3237 2138 3417 2196 neque
3448 2138 3481 2177 a
3530 2122 3777 2194 maligno

2164 2211 2426 2285 contingi.
2461 2210 2754 2282 Quomodo
2786 2212 2902 2268 dies
2950 2221 3003 2268 et
3051 2228 3159 2268 nox
3204 2212 3423 2268 misceri
3471 2221 3773 2284 nequeunt.

2165 2301 2242 2355 sic
2267 2300 2478 2370 justitia
2508 2310 2561 2356 et
2588 2301 2844 2373 iniquitas
2888 2301 3160 2375 malignus
3208 2309 3262 2356 et
3308 2299 3598 2374 generatio
3650 2300 3770 2357 Dei.

2164 2390 2359 2461 Tangit
2392 2406 2527 2463 ergo
2568 2390 2781 2462 aliquos
2827 2390 3101 2464 malignus
3144 2389 3349 2447 lmdens
3395 2396 3452 2445 et
3495 2388 3774 2464 afﬂigens,

2166 2478 2265 2533 sed
2298 2494 2410 2535 non
2440 2479 2509 2534 ad
2538 2479 2744 2534 malum
2777 2494 2984 2536 eorum.

2237 2594 2408 2650 Vens.
2436 2598 2522 2650 19.
2553 2625 2624 2635 -
2643 2596 2714 2650 Et
2749 2595 2997 2651 mundus
3037 2598 3210 2652 totus.
3232 2595 3355 2650 Non
3385 2592 3568 2649 solum
3585 2593 3779 2650 mundi

2164 2689 2461 2749 amatores,
2493 2683 2592 2738 sed
2620 2682 2785 2738 etiam
2813 2699 2991 2756 nuper
3020 2683 3151 2749 nati,
3195 2682 3290 2756 qui
3314 2697 3426 2738 non
3454 2682 3667 2739 habent
3688 2681 3773 2749 gli-

2165 2770 2494 2827 scretionem
2523 2771 2651 2827 boni
2681 2779 2734 2828 et
2763 2772 2915 2839 mali,
2956 2780 3180 2843 propter
3223 2771 3465 2843 primam
3495 2770 3769 2842 praevari-

2165 2860 2435 2916 cationem
2464 2860 2736 2931 pertinent
2776 2862 2846 2917 ad
2894 2876 3125 2933 regnum
3170 2860 3395 2928 diaboli,
3438 2859 3547 2916 nisi
3592 2860 3778 2933 gratia

2166 2948 2267 3004 Dei
2297 2957 2559 3004 eruantur
2586 2965 2618 3004 a
2646 2948 2907 3005 tenebris.

2237 3056 2408 3111 Vens.
2443 3059 2533 3114 20.
2558 3086 2627 3097 -
2647 3057 2721 3112 Et
2739 3058 2972 3123 scimus,
2995 3063 3101 3113 etc.
3135 3056 3311 3111 Nemo
3328 3055 3447 3110 sine
3467 3054 3659 3111 divina
3685 3069 3780 3111 co-

2173 3143 2416 3217 gnitione
2447 3145 2518 3200 ad
2547 3144 2713 3201 vitam
2743 3152 3002 3200 aeternam
3030 3144 3341 3217 pervenire,
3373 3159 3538 3199 nemo
3568 3159 3776 3217 cogno-

2174 3250 2332 3290 scere
2363 3234 2480 3289 sine
2510 3234 2692 3306 gratia
2722 3234 2824 3289 Dei
2853 3241 3052 3306 potest,
3078 3233 3377 3307 quianemo
3404 3233 3558 3289 novit
3576 3232 3770 3287 Filium

2173 3322 2280 3378 nisi
2302 3323 2484 3390 Pater,
2517 3339 2696 3395 neque
2726 3324 2946 3378 Patrem
2993 3322 3113 3394 quis
3158 3321 3308 3378 novit
3354 3320 3460 3376 nisi
3508 3320 3682 3376 Filius
3725 3328 3779 3379 et

2174 3412 2261 3468 cui
2294 3411 2528 3468 voluerit
2578 3411 2745 3466 Filius
2791 3410 3038 3468 revelare
3085 3419 3136 3466 et
3183 3411 3402 3467 Patrem
3447 3416 3502 3465 et
3559 3409 3775 3466 Filium.

2175 3503 2483 3573 Utrumque
2530 3500 2675 3556 enim
2723 3500 2891 3557 Filius
2934 3500 3163 3567 revelat,
3209 3500 3303 3573 qui
3339 3514 3508 3556 carne

2178 3607 2467 3663 apparens,
2503 3589 2810 3647 Divinitatis
2839 3605 3045 3646 arcana
3073 3605 3172 3662 per
3188 3586 3557 3661 Evangelium
3575 3588 3778 3645 mundo

2176 3678 2451 3753 patefecit.

2251 3796 2423 3852 Vnus.
2456 3798 2545 3852 21.
2576 3824 2646 3835 —
2674 3795 2884 3852 Filioli.
2906 3794 2976 3850 Et
3005 3792 3135 3867 quia
3169 3808 3358 3849 verum
3387 3792 3567 3849 Deum
3597 3799 3653 3849 et
3681 3806 3779 3848 ve-

2180 3901 2300 3939 rum
2331 3884 2609 3940 hominem
2639 3883 2993 3956 cognoscitis,
3026 3890 3081 3938 et
3099 3882 3267 3939 vitam
3293 3889 3559 3938 aeternam
3588 3897 3779 3953 exspe-

2177 3974 2357 4039 ctatis,
2400 3972 2667 4028 custodite
2711 3988 2811 4029 vos
2861 3988 2895 4028 a
2941 3971 3204 4028 doctrinis
3240 3970 3647 4041 hiereticorum,

2180 4062 2423 4133 speciem
2453 4060 2754 4117 sanctitatis
2775 4059 2880 4116 sibi
2917 4068 3220 4126 assumunt,
3269 4059 3363 4131 qui
3407 4059 3598 4130 pravis
3637 4059 3777 4132 dog-

2179 4149 2417 4205 matibus
2447 4150 2679 4222 gloriam
2705 4147 3137 4220 incorruptibilis
3166 4146 3268 4204 Dei
3293 4148 3351 4202 in
3368 4147 3780 4203 similitudinem

480 4235 628 4308 quod
659 4236 927 4292 habemus
958 4237 1025 4292 ab
1064 4253 1129 4293 eo
1158 4237 1447 4309 petitiones
1478 4252 1615 4309 quas
1662 4238 1920 4308 petimus,
1952 4238 2087 4294 nihil
2183 4238 2619 4310 corruptibilium
2644 4255 2826 4294 rerum
2856 4246 3088 4293 mutant.
3121 4237 3361 4293 Avaritia
3383 4236 3529 4292 enim
3573 4244 3661 4292 est
3701 4236 3779 4291 si-

384 4334 391 4337 '
479 4333 731 4397 petamus
761 4327 906 4397 quod
939 4325 988 4382 ei
1008 4326 1078 4381 sit
1109 4326 1420 4393 adversum,
1462 4326 1596 4381 nihil
1644 4325 1748 4381 nisi
1797 4327 1943 4399 quod
1984 4343 2087 4384 nos
2183 4327 2553 4384 mulacrorum
2586 4327 2819 4383 servitus
2853 4345 2868 4395 ;
2901 4327 2994 4399 qui
3024 4341 3160 4399 ergo
3197 4325 3464 4381 mundum
3491 4325 3614 4381 Deo
3648 4341 3780 4397 prae-

481 4413 687 4481 docuit,
721 4415 866 4487 quod
893 4414 1052 4471 nobis
1072 4415 1375 4487 inspiravit,
1408 4423 1659 4487 petamus
1693 4433 1706 4470 :
1741 4423 1795 4471 et
1825 4416 1870 4471 si
1908 4416 1962 4471 in
1983 4416 2088 4472 ali-
2182 4423 2413 4488 ponunt,
2448 4415 2751 4473 idololatria
2794 4423 2937 4471 sunt.
2993 4415 3295 4472 Custodite.
3346 4414 3485 4469 Cum
3528 4413 3778 4469 testimo-

480 4519 591 4575 quo
622 4519 891 4572 erramus,
928 4504 1108 4560 statim
1138 4504 1488 4578 corrigimur.
2165 4504 2317 4561 nium
2344 4504 2701 4576 perfectionis
2732 4503 2788 4559 in
2817 4503 3002 4559 multis
3031 4502 3373 4575 perhibuerit
3427 4502 3556 4570 illis,
3619 4509 3778 4574 pote-

546 4593 720 4649 Vans.
747 4596 831 4649 16.
867 4625 937 4635 -
970 4594 1075 4664 Qui
1121 4596 1231 4651 scit
1268 4597 1531 4667 fratrem.
1557 4593 1783 4666 (BEDA.)
1814 4593 2076 4666 Loquitur
2176 4601 2256 4650 rat
2285 4602 2466 4649 tamen
2494 4593 2673 4650 adhuc
2703 4593 2901 4660 timeri,
2934 4609 3004 4648 ne
3026 4591 3225 4665 aliquis
3266 4607 3444 4663 nuper
3479 4606 3779 4648 conversus

479 4682 548 4738 de
579 4682 911 4754 quotidianis
940 4691 993 4739 et
1021 4683 1235 4739 levibus
1255 4684 1518 4755 peccatis,
1551 4691 1681 4751 etc.,
1720 4698 1894 4757 usque
1923 4682 1996 4739 ad
2023 4689 2077 4739 et
2176 4682 2435 4755 reliquias
2458 4681 2858 4754 superstitionis
2886 4689 3068 4738 mente
3097 4680 3375 4747 retineret,
3435 4680 3669 4753 ideoque
3707 4679 3777 4735 ab

476 4771 548 4829 ad
575 4770 794 4827 illorum
826 4787 1053 4829 examen
1075 4774 1287 4847 castiga
1315 4780 1388 4831 te.
2176 4772 2441 4828 idolorum
2464 4772 2613 4828 cultu
2639 4770 2957 4848 fugiendum
2986 4787 3109 4828 esse
3137 4770 3508 4827 demonstrat.

1554 5029 2017 5104 EPISTOLA
2076 5029 2144 5102 Π
2188 5031 2275 5103 Β.
2340 5031 2762 5106 JOANNIS.

1024 5270 1539 5329 ARGUMENTUM.

548 5385 735 5456 Usque
765 5384 905 5442 adeo
924 5386 995 5442 ad
1017 5396 1260 5444 sanctam
1290 5387 1549 5445 feminam
1587 5388 1794 5461 scribit,
1827 5398 1886 5446 ut
1932 5405 2082 5448 eam-

475 5474 606 5530 dem
627 5473 903 5529 dominam
932 5492 1042 5532 non
1084 5477 1292 5533 dubitet
1331 5478 1523 5534 litteris
1571 5478 1872 5551 appellare,
1925 5482 2076 5550 ejus-

478 5562 715 5636 demque
745 5562 869 5618 filiis
899 5564 1287 5632 testimonium,
1321 5567 1468 5639 quod
1499 5567 1778 5623 ambulent
1829 5569 1881 5622 in
1928 5570 2075 5626 veri—

485 5659 611 5720 tate,
644 5653 918 5724 perhibet.

2700 5273 2931 5332 CAPUT
2960 5273 3248 5332 UNICUM.

2249 5393 2416 5449 Vens.
2454 5396 2511 5448 1.
2548 5422 2617 5433 -
2647 5393 2767 5450 Non
2801 5408 2919 5463 ego.
2962 5390 3273 5462 Scripturus
3309 5395 3507 5445 contra
3557 5388 3778 5445 haereti-

2177 5498 2273 5540 cos
2294 5482 2386 5555 qui
2415 5498 2447 5539 a
2469 5482 2695 5537 veritate
2725 5480 3065 5549 exciderunt,
3098 5479 3227 5536 dicit
3245 5477 3493 5534 omnium
3523 5478 3621 5550 qui
3642 5478 3776 5533 veri-

2177 5581 2344 5630 tatem
2373 5579 2661 5638 noverunt,
2680 5585 2845 5625 unam
2865 5585 2988 5625 esse
3018 5568 3367 5624 dilectionem
3395 5566 3453 5620 in
3482 5575 3706 5623 sanctos
3724 5573 3778 5621 ut

2180 5660 2529 5717 similitudine
2560 5658 2946 5717 catholicorum
2978 5657 3047 5713 ab
3085 5656 3467 5714 haereticorum
3501 5655 3775 5712 deterreat
