3964 6178
180 245 292 299 ⁵705

1137 238 1410 296 GLOSSA
1440 236 1852 295 0RDINARIA.
1881 267 1950 279 —
1977 236 2196 294 EPIST.
2228 237 2354 294 JUD
2392 281 2402 291 .

3391 241 3498 294 ’706

183 367 467 423 societate.
503 364 709 422 Omnes
739 364 886 420 enim
915 362 1109 419 ﬁdeles
1139 364 1196 418 in
1223 381 1333 420 una
1374 364 1602 420 veritate
1651 379 1788 420 con-
1819 369 1874 430 Α
1895 363 2078 418 divina
2096 363 2364 433 doctrina,
2399 371 2457 418 ut
2501 369 2653 418 extra
2681 369 2886 419 rectam
2929 361 3091 418 ﬁdem
3131 355 3511 420 conversatio-

185 455 445 521 sentiunt,
499 453 738 511 haeretici
781 453 836 508 in
889 453 1168 509 erroribus
1219 469 1279 508 se
1326 453 1560 510 invicem
1631 452 1808 524 impu-

196 551 395 619 gnant.

264 658 441 716 Vens.
465 661 520 715 4.
539 689 609 699 -
633 657 864 714 Gavisus
881 674 1006 713 sum
1035 657 1216 713 valde.
1237 656 1405 726 Quasi
1437 657 1580 713 dicat
1609 675 1621 711 :
1648 655 1809 725 Quod

191 748 413 816 tenetis,
447 755 647 804 tenete.
680 746 826 802 Nihil
859 746 1008 801 aliud
1031 747 1101 801 ab
1117 746 1388 801 haereticis
1410 746 1654 816 recipite,
1682 746 1808 816 quia

188 837 247 893 in
275 837 366 892 his
398 853 522 908 quae
550 835 764 891 habetis
794 835 1048 908 gaudeo;
1084 834 1217 888 nihil
1265 835 1413 889 aliud
1458 834 1529 889 ad
1575 833 1808 889 salutem

190 926 353 982 vobis
385 924 680 997 superaddi
709 932 926 995 expeto.
961 923 1098 979 Cum
1130 938 1266 996 ergo
1298 923 1570 996 gaudeam
1601 923 1669 978 de
1712 939 1808 978 ve-

191 1024 312 1070 stro
341 1015 493 1069 bono
533 1012 823 1084 principio,
869 1028 938 1066 ne
980 1029 1069 1068 me
1113 1010 1322 1068 faciatis
1362 1012 1549 1066 dolere
1594 1009 1808 1066 defectu

191 1111 414 1170 vestro,
447 1102 577 1174 quia
602 1104 659 1156 ut
689 1100 952 1157 sollicitus
983 1108 1186 1166 custos,
1207 1100 1390 1156 omnia
1408 1117 1528 1172 quae
1545 1099 1692 1156 circa
1711 1115 1809 1155 vos

191 1194 333 1248 ﬁunt
363 1207 667 1266 cognosco.
702 1191 1072 1246 Ambulantes
1102 1191 1165 1245 in
1194 1191 1452 1246 veritate.
1485 1189 1699 1244 Positus
1729 1197 1810 1244 est

190 1283 380 1338 Adam
412 1282 467 1336 in
498 1279 774 1352 paradiso,
807 1287 864 1334 ut
895 1287 1216 1350 operaretur
1247 1286 1297 1334 et
1327 1279 1625 1334 custodiret
1652 1278 1823 1334 illud.‘

191 1371 483 1442 Operatio,
530 1368 756 1425 effectus
795 1369 1207 1440 provectionem
1245 1385 1257 1422 :
1305 1367 1570 1434 custodia,
1622 1366 1809 1438 perfe-

190 1459 403 1517 ctionis
429 1458 604 1529 ipsius
631 1465 827 1512 statum
857 1464 1019 1528 atque
1050 1456 1350 1512 constantia
1392 1456 1660 1527 designat.

270 1567 451 1621 Vens.
475 1569 615 1620 8.—
642 1563 823 1621 Videte
853 1580 964 1628 vos,
1000 1570 1103 1618 etc.
1151 1563 1273 1616 Istis
1316 1561 1512 1616 talibus
1560 1579 1626 1616 ne
1672 1577 1808 1617 con-

194 1655 476 1721 sentiatis,
512 1653 608 1708 sed
639 1652 820 1723 potius
849 1651 1110 1706 attendite
1143 1651 1372 1722 qualiter
1409 1651 1524 1704 sitis
1568 1651 1808 1720 perfecte

1909 469 2142 524 nemque
2173 453 2554 508 mandatorum
2584 453 2683 508 Dei
2702 453 2788 522 sit,
2810 460 3025 524 separat
3049 469 3106 507 se
3138 469 3169 507 a
3189 453 3302 507 Deo
3321 470 3387 507 ne
3409 453 3510 507 ha-

1911 541 2036 596 beat
2067 543 2257 596 Deum.
2285 543 2389 596 Per
2417 542 2682 597 actualem
2728 549 2781 597 et
2825 542 3301 612 contemplativam
3344 541 3511 596 vitam

1910 629 1967 684 ﬁt
1995 631 2222 700 alicujus
2251 632 2400 686 Deus
2430 631 2479 686 ei
2508 630 2910 687 manifestando
2933 631 3023 703 qui
3045 640 3126 686 est
3149 631 3378 685 Creator
3399 647 3512 686 om-

1911 719 2076 773 nium.
2114 720 2220 787 Qui
2234 725 2552 792 per-manet.
2577 721 2755 775 Manet
2783 722 2836 775 in
2870 720 3188 794 evangelica
3236 719 3504 787 doctrina,

1911 808 2004 881 qui
2037 809 2335 864 secundum
2365 825 2483 864 eam
2516 810 2653 880 sapit
2679 817 2732 865 et
2762 810 2911 882 agit;
2933 817 3148 881 separat
3180 826 3240 865 se
3260 809 3446 882 abLilla
3465 809 3512 864 is

1910 896 2002 970 qui
2033 897 2192 952 aliter
2242 898 2382 969 sapit
2429 906 2482 954 et
2525 899 2658 970 agit.

1980 995 2153 1051 Vens.
2179 999 2263 1050 10.
2282 1027 2350 1036 -
2370 997 2478 1052 Nec
2490 997 2598 1054 Ave
2610 999 2662 1053 ei
2679 997 2965 1053 dixeritis.
2984 997 3123 1066 Quia
3138 998 3355 1070 signum
3368 997 3516 1054 vide-

1911 1091 1999 1139 tur
2027 1101 2331 1141 consensus
2359 1086 2586 1152 erroris,
2620 1087 2724 1143 hoc
2741 1087 2885 1142 enim
2914 1087 3144 1143 dicimus
3162 1088 3354 1143 amicis
3383 1103 3512 1159 quo-

1911 1190 2031 1228 rum
2062 1190 2229 1245 opera
2260 1174 2418 1230 nobis
2447 1175 2682 1246 placent,
2713 1184 2764 1231 et
2794 1193 2892 1234 vos
2923 1176 2970 1231 si
3001 1176 3139 1232 forte
3171 1177 3382 1248 decepti
3401 1193 3514 1233 non

1911 1263 2122 1332 essetis,
2154 1262 2246 1317 alii
2275 1271 2456 1318 tamen
2487 1281 2586 1335 per
2618 1265 2778 1319 talem
2806 1273 3040 1322 vestram
3096 1265 3513 1322 familiaritatem

1910 1359 2135 1422 possent
2164 1351 2363 1423 decipi,
2400 1353 2490 1424 qui
2524 1354 2815 1410 crederent
2847 1355 2970 1410 illos
3018 1355 3234 1426 placere
3265 1356 3440 1425 vobis,
3465 1363 3521 1412 et

1911 1441 1989 1496 sic
2029 1441 2317 1496 crederent
2364 1442 2488 1496 illis.

1981 1548 2152 1602 Vens.
2179 1551 2263 1604 12.
2285 1579 2352 1588 -
2370 1551 2545 1605 Plura
2568 1552 2794 1607 habens.
2827 1551 3112 1633 Intelligite
3159 1553 3301 1609 hanc
3318 1554 3515 1610 admo-

1909 1634 2169 1690 nitionem
2200 1637 2356 1691 vobis
2383 1637 2500 1693 fore
2529 1641 2834 1710 perutilem,
2870 1642 2996 1712 quia
3042 1642 3110 1696 ad
3141 1640 3515 1698 conﬁrmatio-

191 1742 452 1798 instructi
473 1743 546 1797 ad
575 1739 735 1808 ﬁdem
767 1748 820 1796 et
850 1739 1230 1796 constantiam.
1269 1740 1373 1796 Sed
1394 1743 1459 1795 ut
1497 1737 1878 1796 mercedemB
1909 1740 2034 1778 “em
2066 1725 2228 1790 illius,
2265 1726 2482 1782 decrevi
2511 1728 2673 1782 etiam
2703 1729 2887 1784 venire
2916 1730 2984 1784 ad
3017 1746 3135 1797 V03.
3184 1747 3287 1788 nec
3335 1740 3515 1788 tamen

192 1835 434 1907 plenam
465 1831 782 1902 accipiatis,
821 1829 876 1884 id
927 1839 1010 1884 est
1027 1845 1214 1884 verum
1257 1830 1428 1882 Deum
1473 1829 1637 1898 plena
1678 1845 1802 1884 cum

183 1921 538 1992 jucunditate
571 1919 815 1990 capiatis,
849 1918 1253 1988 perseverando
1283 1917 1337 1970 in
1367 1917 1617 1972 doctrina
1647 1917 1803 1973 vobis

192 2011 426 2076 tradita,
457 2017 513 2064 et
542 2024 654 2062 non
682 2007 1074 2063 consentiendo
1104 2023 1290 2062 eorum
1321 2006 1510 2060 errori.

265 2099 448 2154 Vens.
468 2099 671 2153 9—Et
689 2114 803 2153 non
822 2100 1139 2170 permanet.
1166 2096 1223 2151 Si
1252 2095 1371 2167 quis
1404 2102 1621 2166 separat
1663 2112 1723 2151 se
1771 2111 1806 2151 a

1911 1811 1978 1867 ex
2011 1822 2123 1868 toto
2151 1814 2368 1870 interim
2408 1817 2558 1886 potui
2605 1817 2785 1872 silere.

1977 1921 2146 1976 Vens.
2174 1925 2614 1979 l3.—Salutant
2636 1928 2710 1979 te.
2758 1925 2907 1980 Sicut
2943 1926 3278 1982 adversariis
3321 1929 3519 1984 verita-

1908 2009 1979 2063 tis
1996 2011 2248 2080 prohibet
2277 2012 2461 2068 dicere
2486 2031 2499 2066 :
2532 2015 2668 2081 Ave,
2702 2013 2777 2069 ita
2792 2023 3015 2070 econtra
3039 2015 3245 2072 electos
3258 2034 3323 2073 ex
3336 2033 3526 2090 perso-

1908 2114 1980 2152 na
1999 2099 2297 2154 electorum
2353 2101 2574 2157 salutat.

248 2252 3525 2280 W

1368 2330 1828 2403 EPISTOLA
1888 2333 1988 2404 III
2044 2335 2129 2406 B.
2183 2336 2608 2410 JOANNIS.

757 2533 1267 2589 ARGUMENTUM.

275 2627 481 2683 Gaium
523 2629 736 2700 pietatis
787 2646 955 2686 causa
997 2630 1224 2696 extollit,
1273 2639 1436 2702 atque
1479 2639 1534 2686 ut
1589 2632 1645 2686 in
1701 2632 1821 2703 ipsa

201 2716 413 2786 pietate
458 2727 672 2774 maneat
730 2720 1041 2774 exhortatur
1083 2739 1098 2786 -,
1142 2721 1475 2790 Diotrephen
1531 2720 1820 2790 impietatis

1909 2535 2080 2592 debes
2109 2537 2162 2592 in
2193 2538 2561 2612 eleemosyna,
2613 2541 2741 2612 quia
2787 2541 3070 2598 utilitatem
3118 2551 3320 2598 tantam
3365 2543 3421 2598 in
3460 2558 3523 2600 ea

1920 2626 2185 2699 intelligo,
2229 2630 2380 2700 quod
2431 2646 2539 2684 non
2569 2631 2742 2686 solum
2773 2631 2888 2699 tibi,
2911 2632 3008 2686 sed
3026 2632 3186 2687 etiam
3204 2633 3301 2688 toti
3323 2633 3523 2689 Eccle-

1921 2715 2014 2769 siae
2046 2716 2390 2786 scripsissem
2411 2717 2489 2772 .de
2519 2719 2987 2773 commendatione
3018 2720 3400 2792 eleemosynas,
3423 2721 3522 2776 sed

203 2813 260 2859 et
291 2807 568 2876 superbiae
597 2823 764 2864 causa
793 2809 1068 2881 objurgat.
1105 2809 1382 2863 Demetrio
1414 2817 1590 2863 autem
1622 2809 1818 2866 bonum
1840 2828 1889 2890 C
1920 2805 2024 2860 hac
2053 2806 2378 2861 necessitate
2425 2807 2624 2876 dimisi,
2673 2807 2801 2878 quia
2844 2808 3168 2879 Diotrephes
3213 2825 3323 2864 non
3367 2818 3522 2864 curat

204 2895 583 2952 testimonium
612 2897 858 2968 perhibet
888 2914 1012 2954 cum
1052 2897 1278 2952 fatribus
1308 2898 1599 2954 universis.

728 3033 952 3090 CAPUT
1017 3034 1304 3089 UNICUM.

285 3139 461 3194 Vens.
479 3142 535 3195 2.
554 3169 624 3180 —
639 3142 716 3195 De
745 3141 1004 3196 omnibus
1021 3143 1355 3206 orationem,
1376 3150 1480 3196 etc.
1506 3139 1654 3197 Sicut
1671 3155 1817 3196 nunc

206 3228 443 3282 intentio
474 3237 624 3284 recta
655 3229 896 3284 abundat
925 3229 1041 3294 tibi,
1077 3237 1128 3284 et
1172 3237 1490 3299 perseverat
1535 3231 1676 3283 bona
1719 3246 1821 3285 vo-

208 3317 399 3371 luntas
427 3317 700 3388 largiendi
731 3318 1121 3391 indigentibus,
1157 3327 1210 3372 et
1239 3318 1469 3374 facultas
1500 3334 1698 3388 opum;
1751 3318 1824 3372 ita

208 3422 438 3476 semper
468 3406 754 3461 virtutibus
783 3407 1025 3478 plenam,
1057 3408 1291 3463 Domino
1313 3408 1627 3477 adjuvante,
1661 3406 1825 3462 vitam

209 3495 422 3551 ducere
438 3495 638 3566 possis.

287 3584 462 3639 Vens.
484 3587 537 3639 4.
563 3613 634 3624 -
653 3584 916 3656 Majorem
947 3585 1167 3642 horum.
1201 3586 1331 3640 Ideo
1361 3585 1620 3657 gravisus
1679 3600 1824 3650 sum,

215 3671 349 3744 quia
375 3673 573 3728 horum
607 3673 829 3728 fratrum
861 3674 1189 3729 venientium
1219 3689 1329 3728 non
1351 3674 1529 3728 habeo
1569 3674 1832 3742 majorem

1918 2903 2161 2948 nostram
2203 2896 2601 2951 auctoritatem.
2641 2897 2964 2967 Diotrephes
2984 2898 3345 2953 haeresiarcha
3379 2899 3524 2952 illius

1919 2985 2185 3055 temporis
2236 3002 2380 3040 nova
2410 2986 2660 3042 decendo
2690 2987 3051 3058 principatum
3074 2987 3178 3041 sibi
3208 2987 3524 3058 usurpabat.

1919 3073 2242 3146 Diotrephes
2267 3075 2654 3146 interpretatur
2668 3079 2910 3148 speciose
2931 3079 3206 3144 insulsus,
3231 3076 3345 3132 sive
3365 3077 3529 3132 decor

1920 3166 2238 3232 insaniens,
2263 3174 2320 3219 ut
2349 3164 2630 3235 perﬁdiam
2661 3166 2844 3220 cordis
2874 3166 3039 3220 etiam
3059 3166 3281 3220 nomine
3324 3165 3524 3238 signet.

1924 3253 2205 3309 Ecclesiae.
2232 3254 2313 3307 Illi
2337 3254 2742 3326 Ecclesim,qute
2762 3255 3091 3325 forsitan,id
3113 3263 3195 3310 est
3218 3253 3514 3310 dubitative

1925 3350 2006 3396 est
2033 3343 2299 3410 Ecclesia,
2336 3351 2388 3396 et
2429 3351 2484 3398 ut
2527 3360 2626 3414 per
2671 3344 3114 3398 observationem
3161 3344 3526 3414 eleemosyna:

1927 3440 2230 3486 mereretur
2255 3432 2500 3502 perfecta
2527 3432 2645 3488 ﬁeri
2676 3433 2943 3499 Ecclesia,
2978 3433 3345 3504 scripsissem.

2002 3547 2168 3602 Vens.
2195 3551 2278 3601 10.
2303 3549 2763 3604 —Commonebo.
2790 3549 2849 3604 Id
2880 3557 2982 3617 est,
3017 3548 3072 3602 in
3114 3548 3356 3603 omnium
3386 3547 3528 3603 noti-

1930 3635 2057 3690 tiam
2077 3636 2719 3709 manifestius‘arguendo
2741 3638 3040 3708 producam
3063 3657 3078 3703 ;
3098 3654 3327 3708 quorum
3351 3651 3536 3692 exem-

217 3725 474 3833 eratianh.
493 3725 572 3815 id
596 3725 727 3817 ei?
748 3725 1199 3834 gaianas;
1220 3725 1452 3818 nisi;
1472 3725 1722 3828 adﬁnia,
1753 3725 1835 3815 vin
1933 3725 2051 3795 p1“
2058 3742 2359 3834 suum
2376 3726 2539 3834 ha???
2553 3746 2575 3834 ἕ
2591 3727 2699 3834 if“
2727 3729 2874 3834 Ῐῗίθίί
2907 3734 3082 3834 (ἴδ’θί,
3113 3742 3283 3834 ῬῘί
3297 3725 3527 3834 Ϊῗῖῗίέίῗῑ

218 3814 375 3904 ῗιιιιιο
426 3814 570 3905 ῖείοιό
603 3814 721 3905 ὶὲὲί
747 3814 1851 3923 alma;saginatamtium-
1933 3816 2208 3923 gf‘m‘fm'
2244 3814 2393 3923 falsis
2413 3815 2968 3923 τθῗίοΪξίΨῗΪῖίθὲῗῘῗῗ
2986 3814 3531 3923 ἷῗίῗὶῗίῗίῗίῖίῗῗῗέῗθί

219 3937 441 4008 quando
470 3903 1154 3996 sanesanae.
1184 3903 1709 4010 έρυξερῖεέέιίοέιέωδ
1751 3903 1838 3993 ..ι
2046 3907 2114 3963 ad
2297 3905 2400 4010 me
2418 3904 2796 4010 τειναιιεῖηςιοε·
2821 3903 3528 4010 δίευιξξηςυεεάε,ιτα,ιιθτιῖ

223 4027 556 4096 baptizando
585 4029 774 4099 genui)
815 4029 1100 4084 veritatem
1153 4037 1319 4084 recta:
1369 4027 1494 4083 ﬁdei
1538 4036 1591 4082 et
1639 4043 1839 4099 opera-

217 4115 381 4170 tionis
428 4115 738 4172 observare.

294 4204 468 4258 Vens.
494 4207 542 4258 5.
568 4236 636 4245 -
672 4207 1031 4272 Charissime,
1081 4206 1346 4276 ﬁdeliter,
1383 4213 1488 4261 etc.
1540 4206 1668 4261 Ideo
1711 4221 1820 4260 non

220 4292 394 4347 debes
421 4292 656 4349 deﬁcere
687 4295 754 4348 ab
786 4295 1146 4366 hospitalitate
1178 4304 1228 4350 et
1246 4295 1630 4365 eleemosynis.
1653 4293 1828 4362 Quid-
1931 4292 2391 4367 ιιιιίιωωυυρυιιξξ

1693 4354 1831 4438 sicut
1932 4377 2117 4416 eorum
2151 4358 2240 4429 qui
2269 4355 2455 4410 audire
2485 4355 2630 4408 bona
2655 4359 2923 4424 poterant,
2958 4351 3126 4407 corda
3157 4357 3530 4420 corrumpant.

221 4381 352 4454 quid
383 4381 529 4436 enim
555 4384 804 4453 operaris
834 4385 888 4438 in
935 4384 1135 4439 fratres
1174 4384 1422 4453 ﬁdeliter,
1471 4384 1525 4438 id
1570 4391 1650 4438 est

219 4469 424 4535 ﬁdelis,
455 4469 508 4522 id
538 4479 623 4526 est
650 4472 788 4528 sicut
821 4473 979 4529 decet
1009 4473 1227 4528 ﬁdelem
1255 4473 1409 4537 facis,
1443 4488 1550 4528 non
1568 4488 1668 4544 pro
1688 4487 1830 4527 vana

221 4565 427 4637 gloria,
460 4565 556 4618 sed
588 4561 750 4618 ﬁdem
781 4571 928 4617 tuam
959 4562 1214 4634 operibus
1241 4561 1504 4616 ostendis.

292 4655 465 4709 Vens.
491 4655 543 4708 '7.
567 4655 756 4708 —Pro
775 4653 1005 4707 nomine
1017 4652 1172 4706 enim
1184 4653 1322 4717 eius,
1341 4657 1446 4704 etc.
1469 4648 1666 4718 Quasi:
1688 4649 1828 4703 Vere

216 4751 346 4798 sunt
374 4741 704 4808 honorandi,
723 4756 833 4795 non
849 4739 994 4794 enim
1017 4756 1118 4810 pro
1136 4739 1250 4793 suis
1269 4739 1574 4794 sceleribus
1617 4736 1828 4808 expulsi

1939 4003 2067 4056 tium
2095 4005 2279 4054 nostro
2308 3995 2438 4052 vitio
2471 4011 2576 4050 non
2605 3995 2870 4049 debemus
2900 3992 3158 4058 excitare,
3190 4009 3259 4047 ne
3290 3991 3392 4063 ipsi
3412 4007 3535 4062 per-

1940 4101 2081 4158 eant,
2141 4091 2212 4144 ita
2268 4105 2368 4159 per
2424 4101 2576 4140 suam
2636 4084 2894 4140 malitiam
2952 4084 3211 4140 excitatas
3270 4083 3532 4137 debemus

1840 4193 1893 4254 Ῑ)
1940 4179 2314 4252 aequanimiter
2372 4176 2630 4241 tolerare,
2691 4182 2746 4228 ut
2827 4172 3077 4228 meritum
3108 4172 3267 4227 nobis
3300 4180 3529 4242 crescat,

1931 4269 2224 4342 aliquando
2247 4280 2616 4337 compescere,
2642 4279 2711 4318 ne
2732 4264 2860 4318 dum
2881 4263 2950 4318 de
2973 4262 3130 4317 nobis
3151 4261 3529 4325 disseminant,

2001 4467 2174 4521 Vens.
2200 4468 2368 4521 t2.—
2395 4462 2676 4517 Demetrio
2715 4459 3124 4515 testimonium.
3179 4454 3336 4524 Quod
3380 4454 3534 4508 illum

1937 4556 2066 4612 velit
2095 4553 2290 4608 imitari
2319 4553 2542 4616 bonum,
2570 4549 2741 4620 aperit
2769 4556 2826 4602 ut
2854 4547 3090 4600 imitetur
3170 4543 3530 4609 Demetrium,

1938 4655 1996 4700 ut
2051 4643 2213 4700 simili
2269 4642 2428 4697 laude
2483 4639 2726 4695 omnium
2780 4635 2955 4708 possit
3009 4642 3063 4690 et
3133 4633 3249 4704 ipse
3331 4632 3532 4705 dignus

1937 4735 2190 4790 existere.

2002 4822 2489 4878 VensJL—Paa:
2540 4817 2660 4871 tibi.
2721 4813 2926 4869 Amicis
2980 4811 3210 4885 gratiam
3268 4810 3419 4882 pacis
3478 4819 3533 4866 et

1930 4913 2120 4968 salutis
2150 4911 2382 4976 mandat,
2415 4915 2471 4961 ut
2501 4903 2747 4961 veritatis
2777 4901 3027 4958 inimicos
3056 4918 3086 4954 a
3144 4899 3316 4955 salute
3373 4915 3535 4955 mon-

1931 5011 2060 5056 stret
2094 5010 2381 5056 extraneos
2427 5011 2568 5051 esse.

215 4842 344 4887 sunt
365 4849 400 4887 a
428 4832 620 4904 patria,
656 4830 753 4885 sed
785 4837 976 4900 sponte
1006 4827 1233 4900 profecti
1281 4836 1403 4882 sunt
1462 4843 1563 4898 pro
1606 4825 1826 4881 nomine

221 4921 422 4977 Christi
452 4919 787 4992 amplianda,
821 4927 873 4974 et
903 4934 1004 4988 pro
1035 4917 1252 4972 nomine
1283 4917 1398 4985 ejus
1443 4916 1716 4986 patiendo.

294 5011 466 5064 Vens.
492 5015 544 5064 9.
564 5039 634 5050 -—
653 5009 1014 5080 Scripsissem
1033 5008 1297 5078 forsitan,
1334 5014 1437 5060 etc.
1465 5007 1828 5060 Perseverare

670 5119 3539 5154 ________________________________.

1257 5216 1714 5290 EPISTOLA
1765 5210 2307 5288 CATHOLICA
2354 5206 2662 5280 JUD/E.

773 5421 1286 5479 ARGUMENTUM.

297 5537 476 5596 ludas
506 5538 788 5610 apostolus
813 5539 1011 5595 fratres
1042 5539 1110 5594 de
1141 5535 1550 5607 corruptoribus
1571 5534 1674 5590 viae
1709 5532 1847 5590 veri.

226 5630 350 5687 tatis
380 5629 455 5684 ita
487 5626 764 5697 infamat,
793 5635 853 5685 ut
873 5627 1120 5686 illicitum
1168 5643 1294 5684 esse
1314 5625 1569 5682 dissertet
1599 5624 1669 5680 de
1714 5622 1845 5679 sub-

1927 5419 2064 5490 jugo
2096 5415 2266 5471 semel
2295 5421 2481 5470 erutos
2527 5410 2806 5467 servitutis
2865 5409 3045 5467 denuo
3101 5423 3328 5482 operam
3385 5421 3545 5464 suam

1947 5505 2136 5561 ofﬁciis
2162 5519 2364 5560 navare
2395 5501 2701 5559 servilibus.
