3968 6176
515 201 622 255 ’7οἿ
654 242 661 245 -

1012 380 1238 438 CAPUT
1310 383 1597 439 UNICUM.

586 520 756 578 Vens.
782 526 831 578 1.
851 553 920 564 -
939 523 1248 580 Consolatis
1279 528 1336 581 et
1363 526 1593 582 vocatis.
1642 526 1831 593 Vocat,
1875 540 2106 582 conser-

510 619 620 678 vat,
651 610 829 684 diligit
858 611 1017 680 ﬁlios,
1037 621 1090 668 et
1108 613 1357 670 membra
1372 614 1473 670 Dei
1492 615 1621 671 facit
1644 615 1802 672 Jesus
1839 615 2104 671 Dominus

513 708 719 756 noster.
942 704 943 709 ‘

577 806 748 862 Vens.
770 810 911 865 2.—
936 808 1314 875 Misericordia
1343 810 1512 867 vobis.
1546 810 1604 866 Si
1632 811 1778 867 Deus
1790 811 1956 883 coepit
1994 810 2102 867 mi-

502 894 673 961 sereri
702 895 857 952 vobis
885 898 1248 953 condonando
1277 899 1489 965 delicta,
1520 899 1741 972 impleat
1780 901 2100 958 misericor-

505 984 671 1053 diam,
702 1002 803 1056 per
830 987 1010 1058 ampla
1052 988 1195 1043 bona
1238 989 1489 1046 ducendo
1535 991 1606 1046 ad
1646 999 1871 1047 aeterna.
1931 990 1988 1046 Si
2017 999 2101 1047 est

491 1074 882 1130 reconciliatus
932 1075 1184 1146 inimicis,
1241 1086 1409 1144 aetern
1427 1093 1515 1133 am
1561 1094 1755 1149 pacem
1793 1079 1886 1135 det
1944 1078 2099 1135 factis

500 1161 712 1231 amicis,
743 1163 798 1218 in
826 1181 932 1236 qua
952 1164 1008 1219 in
1035 1165 1184 1221 nullo
1214 1166 1281 1221 ab
1308 1182 1374 1222 eo
1421 1167 1772 1224 dissentiatis.

567 1279 739 1335 Vens.
763 1282 816 1335 3.
839 1310 909 1319 —
931 1280 1281 1337 Charissimi.
1305 1282 1426 1354 Ego
1446 1283 1539 1354 qui
1559 1291 1758 1340 vestrae
1778 1282 1940 1338 saluti
1973 1282 2096 1340 volo

492 1368 806 1439 providere,
837 1369 1005 1426 habui
1032 1386 1276 1436 necesse,
1308 1380 1537 1442 propter
1562 1373 1773 1443 pseudo
1807 1372 1900 1444 qui
1939 1373 2095 1429 vobis

492 1472 553 1513 se
580 1455 855 1529 ingerunt,
884 1459 1168 1514 scribendi
1194 1460 1343 1516 vobis
1377 1460 1779 1516 admonitiones
1813 1461 1878 1516 ἰε
1906 1465 2096 1517 vestra

493 1547 681 1604 salute
710 1544 1018 1617 communi,
1052 1548 1106 1603 id
1155 1558 1238 1604 est
1284 1550 1353 1605 de
1394 1548 1501 1605 ﬁde
1532 1567 1653 1622 quae
1703 1558 1785 1606 est
1831 1558 1940 1605 tam
1969 1566 2094 1607 mea

484 1636 632 1691 salus
660 1653 821 1708 quam
850 1644 1030 1693 vestra
1056 1645 1109 1692 et
1139 1638 1384 1693 omnium
1412 1637 1674 1705 ﬁdelium,
1706 1640 1911 1695 scilicet
1955 1638 2091 1694 ﬁdes

982 201 1389 260 WALAFRIDI
1426 202 1668 260 STRABI
1706 203 1906 262 FULD.
1945 202 2101 295 M0131
2106 244 2119 258 .
2160 200 2314 259 OPP.
2356 201 2532 259 PARS
2571 204 2612 258 Ι.
2652 234 2723 246 -
2758 203 3230 262 THEOLOGICA.

2134 333 2192 395 Α
2210 342 2390 400 poenae
2432 328 2649 384 illorum
2692 329 2784 402 qui
2826 329 3043 385 Domini
3087 330 3323 402 gratiam
3362 330 3696 387 transferunt
3762 332 3818 387 in

3700 206 3817 263 ’ποθ

2208 416 2495 485 luxuriam,
2526 433 2959 474 commemorans
2985 419 3297 476 incendium
3324 419 3705 476 Sodomorum.

2279 533 2451 588 Vens.
2477 535 3062 591 8.—Dominationem
3094 539 3290 592 autem
3318 540 3619 608 spernunt.
3643 537 3708 590 In
3724 536 3820 591 mi-

2205 621 2434 676 noribus
2468 623 2732 694 peccatis,
2763 624 3103 693 majestatem
3122 624 3566 696 blasphemantes
3586 625 3671 680 :in
3699 625 3811 681 cri—

2209 710 2526 781 minalibus,
2561 712 2796 768 nolendo
2824 713 3104 769 humiliter
3133 712 3379 769 conﬁteri
3408 722 3460 769 et
3500 714 3771 784 poenitere
3801 733 3814 770 :

2210 798 2417 855 nullum
2446 800 2708 856 habentes
2737 801 3012 870 timorem,
3044 818 3149 859 nec
3176 800 3341 858 ﬁdem
3363 803 3578 859 venturi
3590 803 3813 872 judicis.

2278 907 2449 962 Vens.
2477 910 2530 961 9.
2554 937 2625 948 -—-
2644 908 2781 964 Cum
2804 907 3056 979 Michael,
3090 917 3197 964 etc.
3230 908 3291 963 Id
3317 916 3400 964 est
3427 923 3552 965 cum
3572 910 3814 981 Moyses,

2204 993 2296 1066 qui
2326 1001 2385 1049 ut
2411 995 2560 1050 Deus
2600 1004 2718 1052 erat
2768 997 3091 1053 constitutus
3139 997 3425 1062 Pharaoni,
3467 1005 3523 1052 et
3566 997 3665 1068 qui
3704 1006 3817 1053 erat

2198 1082 2458 1155 princeps
2489 1091 2541 1139 et
2587 1085 2827 1152 nuntius,
2880 1095 3143 1157 quantum
3188 1085 3259 1140 ad
3307 1086 3460 1152 alios,
3512 1086 3816 1158 disputans

2174 1186 2323 1233 .cmr.
2349 1172 2650 1242 Pharaone,
2671 1175 3071 1242 altercaretur,
3102 1175 3158 1229 id
3188 1182 3271 1230 est
3299 1174 3454 1246 signa
3493 1173 3704 1230 faceret
3737 1175 3817 1230 al-

2188 1262 2351 1315 ‘terna
2378 1269 2564 1316 contra
2594 1261 2761 1334 signa
2786 1278 3095 1336 magorum,
3129 1263 3194 1319 de
3241 1278 3466 1336 corpore
3525 1263 3717 1335 Moysi,
3767 1263 3816 1317 id

2202 1357 2285 1404 est
2312 1350 2513 1421 populo
2570 1352 2756 1421 Israel,
2818 1361 2875 1407 ut
2926 1353 3263 1424 permitteret
3319 1352 3442 1407 illos
3499 1350 3814 1408 sacriﬁcare

2202 1437 2319 1493 Deo
2351 1454 2467 1507 suo,
2485 1455 2600 1496 non
2621 1444 2709 1496 est
2725 1457 2899 1497 ausus
2942 1443 3160 1512 inferre
3188 1458 3415 1514 plenam
3449 1440 3813 1513 blasphemia:

2194 1526 2355 1595 hujus
2386 1527 2590 1595 saeculi,
2626 1529 2724 1584 sed
2739 1530 3189 1603 dixitﬂmperet
3223 1531 3324 1586 tibi
3374 1532 3677 1586 Dominus.
3717 1529 3811 1584 Vel

2193 1615 2383 1671 aliter:
2415 1617 2551 1671 Cum
2577 1618 2843 1673 Dominus
2877 1619 3035 1674 Jesus
3080 1619 3433 1674 altercaretur
3457 1634 3585 1674 cum
3605 1618 3808 1690 jPilato,

490 1742 613 1797 quae
638 1701 738 1796 per
766 1725 1113 1781 dilectionem
1147 1736 1422 1798 operatur.
1455 1729 1576 1801 Ego
1607 1701 1728 1785 dico
1738 1730 1959 1801 faciens
1977 1746 2090 1785 om-
2118 1701 2172 1761 B
2293 1719 2523 1801 αἶΨοῙίθ
2552 1706 2746 1801 ΜίῖΥῗί»
2781 1706 2838 1762 id
2864 1706 3045 1801 θεῖ-(1⁸
3063 1707 3332 1774 ΕθθῙθδίθν
3352 1707 3538 1801 ,θοίίξίί

492 1830 625 1869 nem
663 1814 1111 1870 sollicitudinem
1149 1816 1431 1872 scribendi
1466 1818 1631 1884 vobis,
1672 1817 1740 1872 id
1782 1826 1865 1874 est
1906 1816 2091 1873 omnia

487 1918 608 1974 quae
636 1901 910 1972 pertinent
939 1904 1009 1957 ad
1040 1903 1349 1960 sollicitum.
1384 1904 1497 1961 Oro
1525 1922 1628 1975 pro
1657 1905 1833 1972 vobis,
1867 1907 2086 1977 disputo

486 1997 679 2046 contra
700 1990 1017 2046 seductores
1043 2000 1271 2061 vestros,
1304 2001 1356 2048 et
1386 2001 1442 2047 ut
1463 1994 1618 2049 vobis
1644 2011 1731 2050 me
1762 1994 1945 2050 sciatis
1965 2010 2091 2067 pro-

488 2078 695 2149 videre,
721 2079 902 2135 scribo
926 2081 1083 2135 vobis
1099 2081 1167 2136 de
1189 2082 1294 2136 illis
1318 2100 1331 2136 :
1354 2083 1566 2155 Detego
1587 2084 1858 2154 nequitias
1876 2100 2091 2139 eorum:

483 2168 713 2223 ostendo
743 2168 899 2223 vobis
927 2169 1156 2240 qualiter
1183 2168 1346 2225 fidem
1374 2179 1426 2226 et
1455 2171 1800 2228 dilectionem
1847 2173 2093 2229 debeatis

483 2263 671 2312 tenere
705 2274 718 2312 :
752 2265 806 2312 et
838 2273 963 2313 cum
991 2258 1095 2312 sim
1122 2258 1195 2313 ita
1227 2259 1489 2315 sollicitus
1517 2277 1616 2333 pro
1636 2261 1810 2329 vobis,
1835 2262 2091 2319 admoni-

486 2344 691 2401 tionem
720 2361 901 2401 meam
930 2347 1174 2419 recipere
1214 2348 1445 2404 debetis.

567 2452 740 2508 Vens.
766 2452 817 2507 4.
839 2483 911 2494 -
933 2453 1186 2510 Gratiam
1210 2459 1641 2528 transferentes.
1661 2454 1928 2512 Duritiam
1946 2465 2000 2513 et
2019 2456 2096 2512 di.

479 2539 817 2596 strictionem
841 2540 983 2615 legis
1014 2560 1028 2597 :
1053 2559 1175 2615 quae
1205 2543 1338 2600 dicit
1367 2543 1585 2601 oculum
1611 2561 1707 2617 pro
1736 2545 1916 2613 oculo,
1951 2545 2091 2601 den-

483 2638 592 2685 tem
621 2646 722 2701 pro
770 2630 951 2699 dente,
1002 2639 1269 2704 temperat
1306 2633 1485 2706 gratia
1522 2634 1827 2706 Evangelii,
1869 2634 1924 2689 in
1984 2650 2093 2707 quo

480 2727 787 2791 purgantur
836 2720 1049 2776 scelera
1094 2722 1389 2777 commissa
1432 2739 1533 2795 per
1579 2723 1970 2793 paenitentiam,
2039 2731 2094 2778 et

475 2808 839 2879 eleemosynte
866 2807 1094 2867 fructus.
1128 2810 1250 2866 Sed
1294 2811 1433 2867 hanc
1479 2811 1710 2882 gratiam
1765 2811 2095 2867 transferunt

473 2894 627 2967 impii
657 2896 719 2951 in
756 2896 1036 2952 luxuriam
1065 2898 1159 2971 qui
1189 2915 1333 2954 nunc
1360 2907 1507 2955 tanto
1538 2900 1788 2956 licentius
1828 2901 2092 2974 (peccant,

473 2993 673 3057 quanto
700 2984 882 3041 minus
920 2987 1113 3043 vident
1144 3004 1204 3042 se
1233 2988 1523 3060 asperitate
1552 2988 1694 3062 legis
1722 2989 1791 3045 de
1836 2989 2095 3047 facinori-

477 3072 580 3129 bus
617 3074 937 3130 examinari.

542 3179 712 3235 Vens.
741 3182 793 3234 5.
817 3210 888 3221 -
911 3182 1135 3238 Omnia.
1184 3184 1394 3239 Arcana
1435 3182 1583 3251 ﬁdei,
1628 3191 1682 3240 et
1722 3201 1833 3241 non
1868 3185 2079 3242 habetis

470 3284 629 3341 opus,
661 3269 902 3324 recentia
932 3272 1086 3342 quasi
1115 3271 1386 3328 sanctiora
1414 3287 1448 3327 a
1476 3273 1634 3328 novis
1661 3273 1850 3330 audire
1896 3274 2080 3347 magi-

418 3347 426 3355 ’
474 3359 690 3429 stris,id
723 3368 807 3416 est
841 3377 855 3415 :
883 3360 1131 3417 Perfecte
1161 3361 1309 3416 scitis
1338 3361 1520 3418 omnia
1547 3379 1669 3434 quas
1701 3364 1925 3419 scienda
1954 3374 2081 3421 sunt

471 3449 541 3506 de
569 3449 696 3521 ﬁde,
730 3460 785 3507 et
814 3450 940 3506 ideo
969 3465 1080 3505 non
1109 3458 1195 3505 est
1228 3466 1366 3522 opus
1394 3459 1451 3505 ut
1480 3451 1709 3507 audiatis
1753 3451 1894 3508 illos.
1930 3454 2076 3520 Quo-

468 3541 629 3596 niam
646 3542 828 3597 Iesus.
853 3538 1150 3594 Confutatis
1193 3539 1485 3607 haereticis,
1510 3540 1708 3596 deinde
1754 3549 1813 3595 ut
1858 3549 2082 3598 revocet

412 3659 417 3663 -
468 3644 566 3685 eos
624 3630 715 3702 qui
773 3628 1114 3686 crediderant
1164 3628 1423 3701 malignis
1477 3637 1529 3684 et
1583 3629 1783 3701 impiis,
1841 3630 2077 3686 ostendit

469 3726 667 3791 quanta
696 3719 766 3774 sit
795 3717 1114 3790 magnitudo
1142 3717 1362 3773 Domini
1407 3735 1570 3788 quem
1620 3726 1844 3790 negant,
1892 3728 2077 3776 osten-

470 3807 607 3863 dens
626 3808 773 3881 quod
799 3807 919 3880 ipse
948 3814 1032 3862 est
1087 3806 1182 3878 qui
1227 3806 1411 3862 eduxit
1465 3806 1725 3879 populum
1778 3808 1952 3864 Israel
2009 3824 2075 3865 ex

470 3897 719 3968 Egypto.

538 4011 709 4065 Vens.
735 4013 789 4065 6.
814 4010 1144 4082 —Angelos
1164 4025 1309 4067 vero.
1346 4010 1414 4066 Et
1452 4025 1579 4066 vere
1623 4026 1733 4066 non
1773 4019 1899 4066 sunt
1942 4012 2071 4066 imi—

477 4098 625 4154 tandi
656 4098 751 4170 qui
776 4100 964 4155 Iesum
992 4114 1101 4154 non
1131 4114 1322 4154 verum
1348 4100 1545 4166 Deum,
1578 4099 1678 4155 sed
1697 4100 1974 4155 hominem
2003 4101 2073 4156 de

470 4196 702 4260 utroque
733 4204 867 4243 sexu
893 4187 1138 4259 genitum
1167 4187 1520 4242 mentiuntur.
1554 4187 1612 4242 Si
1660 4188 1803 4243 enim
1860 4188 2073 4262 angelis

432 4316 441 4325 ~
466 4277 824 4349 peccantibus
850 4292 959 4331 non
987 4276 1250 4348 pepercit,
1280 4291 1385 4332 nec
1413 4275 1724 4331 hominibus
1758 4277 2070 4348 superbien.

2190 1791 2589 1864 blasphemiam
2615 1794 2833 1863 inferre,
2867 1796 2966 1852 sed
2994 1803 3248 1869 tanquam
3275 1796 3397 1852 ovis
3436 1796 3511 1852 ad
3561 1795 3801 1852 occisio-

2189 1897 2318 1937 nem
2361 1882 2579 1939 ductus.

2262 1990 2434 2045 Vens.
2463 1993 2549 2044 11.
2572 2019 2642 2029 -
2669 1992 2752 2047 Vae
2772 1992 2910 2063 illis,
2944 1999 3047 2047 etc.
3067 1990 3205 2061 Quia
3234 2007 3336 2064 per
3380 1987 3802 2049 omnia“’hzere-

2182 2077 2284 2134 "tici
2315 2078 2606 2133 monstrati
2634 2087 2758 2133 sunt
2785 2095 2820 2135 a
2847 2080 3014 2136 verbo
3044 2081 3288 2137 veritatis
3314 2080 3606 2148 cecidisse,
3622 2089 3807 2137 osten-

2192 2166 2272 2222 dit
2301 2183 2397 2222 eos
2428 2167 2661 2223 diversis
2684 2169 2842 2223 malis
2898 2170 3191 2238 subjectos.

2260 2255 2483 2327 (BEDA.)
2504 2257 2565 2310 In
2594 2256 2739 2312 viam
2767 2257 2897 2312 Cain
2925 2258 3143 2327 abeunt,
3163 2256 3254 2331 qui
3264 2265 3491 2329 propter
3509 2258 3794 2326 invidiam,

2188 2351 2316 2412 etc.,
2348 2360 2523 2417 usque
2544 2344 2617 2401 ad
2643 2347 2925 2402 veritatem
2957 2362 3123 2419 quam
3150 2355 3418 2403 noverunt
3445 2347 3798 2419 impugnant.

2261 2469 2433 2525 Vens.
2460 2471 2547 2525 12.
2568 2499 2639 2510 -
2679 2472 2928 2528 Macula’.
2946 2472 3072 2527 Non
3129 2470 3301 2527 solum
3328 2471 3385 2525 in
3443 2472 3809 2529 comessatio-

2190 2557 2351 2613 nibus
2372 2564 2426 2611 et
2454 2556 2809 2615 ebrietatibus
2838 2560 3152 2617 carnalibus
3176 2567 3408 2632 pereunt
3434 2568 3487 2616 et
3514 2561 3806 2618 maculan-

2191 2655 2296 2715 tur,
2330 2647 2428 2706 sed
2456 2649 2621 2705 etiam
2651 2657 2777 2705 sunt
2804 2650 3029 2705 maculae
3068 2649 3304 2719 illorum,
3337 2657 3390 2704 et
3428 2649 3570 2704 alios
3619 2665 3813 2706 secum

2189 2740 2441 2811 perdunt,
2477 2739 2694 2795 Domini
2722 2738 2955 2810 gratiam
2983 2738 3042 2792 in
3069 2737 3335 2793 luxuriam
3362 2736 3790 2794 transferentes.

2188 2830 2387 2886 Nubes.
2415 2830 2704 2899 Comparat
2733 2843 2794 2882 se
2825 2825 3278 2898 praedicatoribus
3304 2826 3625 2898 pluentibus
3648 2826 3805 2898 justi-

2191 2918 2338 2983 tiam,
2374 2916 2794 2974 coruscantibus
2820 2931 2920 2986 per
2947 2915 3230 2987 miracula,
3264 2915 3361 2970 sed
3390 2916 3639 2970 haeretici
3675 2923 3807 2971 sunt

2190 3007 2365 3062 nubes
2407 3007 2763 3062 obscurantes
2805 3004 2995 3073 solem,
3046 3011 3311 3075 ponentes
3355 3003 3414 3058 in
3448 3003 3652 3058 ccelum
3738 3019 3804 3059 os

2182 3111 2357 3162 suum,
2380 3110 2646 3166 perversa
2674 3093 2907 3165 superbe
2936 3093 3205 3160 docendo,
3253 3092 3370 3148 sine
3390 3107 3538 3163 aqua
3565 3092 3801 3163 sapien-

2182 3185 2287 3240 tiae.
2318 3185 2551 3242 Arbores
2572 3188 2785 3240 autem.
2808 3180 2965 3254 Impii
2999 3189 3052 3238 et
3089 3181 3537 3253 pseudoapostoli
3567 3196 3802 3253 compa—

2180 3280 2300 3328 rant
2328 3289 2388 3328 se
2434 3273 2720 3328 arboribus
2766 3271 2971 3327 bonum
3033 3269 3267 3327 fructum
3312 3269 3643 3340 ferentibus,
3696 3270 3800 3327 sed

2180 3371 2306 3417 sunt
2323 3363 2546 3417 arbores
2578 3360 2953 3416 autumnales:
2985 3360 3142 3415 tarde
3183 3360 3326 3416 enim
3365 3358 3547 3414 ferunt
3586 3360 3799 3415 bonum

2178 3450 2414 3507 fructum
2444 3451 2585 3507 sicut
2611 3451 2772 3505 arbor
2799 3450 2854 3505 in
2909 3457 3167 3505 autumno
3221 3448 3484 3520 plantata,
3545 3448 3638 3504 vel
3668 3449 3799 3520 quia

2176 3546 2308 3596 tunc
2337 3539 2463 3595 folia
2493 3539 2693 3595 cadunt
2722 3547 2773 3593 et
2797 3537 3018 3606 fructus,
3049 3537 3137 3594 vel
3165 3538 3211 3592 si
3258 3537 3629 3608 supercrescit
3677 3535 3796 3591 [ru-

2179 3636 2317 3696 ctus,
2348 3628 2683 3684 adulterinus
2708 3635 2793 3683 est
2820 3635 2873 3682 et
2902 3626 3126 3682 inutilis.
3161 3626 3219 3682 Si
3249 3626 3379 3698 quid
3407 3625 3557 3681 enim
3581 3623 3797 3681 faciunt

2177 3718 2329 3789 impii
2357 3718 2503 3790 quod
2532 3718 2734 3772 bonum
2765 3716 3029 3785 videatur,
3062 3730 3171 3771 non
3197 3715 3345 3771 bona
3370 3715 3681 3770 intentione
3737 3713 3794 3768 id

2176 3815 2363 3880 agunt,
2396 3807 2495 3862 sed
2525 3814 2582 3861 ut
2602 3807 2747 3861 bona
2774 3821 2895 3877 quae
2925 3812 3050 3859 sunt
3077 3805 3135 3859 in
3164 3804 3285 3860 aliis
3317 3804 3645 3875 exstirpent.
3696 3804 3792 3858 Bis

2175 3900 2432 3952 morture.
2467 3895 2690 3966 (ΒΕΒΑ.)
2728 3894 2911 3950 Semel
2938 3894 3166 3949 moritur
3195 3909 3316 3965 quae
3343 3908 3454 3948 non
3485 3891 3617 3947 facit
3664 3891 3789 3945 fru-

2175 3992 2340 4054 ctum,
2375 3992 2501 4053 etc.,
2535 4000 2709 4057 usque
2737 3985 2809 4040 ad
2836 3984 2894 4038 in
2922 3999 3027 4056 qua
3047 3983 3224 4039 sancti
3241 3982 3496 4038 dicuntur
3527 3979 3787 4037 radicati.

2245 4092 2418 4147 Vens.
2445 4094 2531 4146 13.
2557 4122 2627 4131 -
2651 4092 2869 4148 Sidera.
2893 4091 2955 4145 In
2995 4091 3100 4145 hoc
3154 4095 3426 4161 apostatas
3480 4086 3784 4159 signiﬁcat,

2173 4180 2303 4252 quia
2331 4180 2388 4234 in
2436 4179 2841 4235 similitudinem
2904 4178 3128 4250 diaboli,
3159 4178 3229 4233 de
3276 4178 3500 4233 sedibus
3546 4176 3790 4248 angelo-

2168 4285 2288 4324 rum
2309 4269 2643 4337 ceciderunt,
2677 4269 2874 4340 quibus
2902 4276 3131 4339 propter
3150 4266 3481 4339 apostasiam
3534 4266 3785 4321 tenebrze

463 4366 608 4422 tibus
627 4374 834 4438 parcet.
850 4367 973 4422 Non
985 4369 1352 4422 servaverunt
1372 4381 1538 4421 suum
1558 4367 1969 4439 principatum.
1988 4367 2076 4423 Sic
2101 4430 2144 4439 _
2172 4365 2543 4414 reservantur-
2577 4359 2792 4414 Sidera.
2824 4357 3025 4413 Lucem
3069 4355 3313 4413 Veritatis
3354 4354 3683 4431 prOmiultnt
3726 4354 3785 4408 in

483 4430 754 4524 homines,
788 4454 879 4527 qui
899 4470 1007 4510 non
1037 4463 1253 4510 servant
1280 4430 1643 4525 principatum
1670 4430 1777 4526 quo
1805 4471 1905 4526 per
1934 4471 2069 4527 ενα-
2097 4430 2158 4496 D
2180 4448 2283 4503 hoc
2310 4447 2449 4502 mari
2475 4447 2747 4515 vitiorum,
2782 4446 2882 4501 sed
2938 4461 3212 4517 nunquam
3264 4444 3321 4499 in
3376 4444 3575 4500 eodem
3610 4430 3791 4498 statu

479 4545 611 4599 tiam
638 4544 946 4616 adoptionis
974 4544 1070 4600 filii
1096 4543 1197 4599 Dei
1227 4550 1351 4598 sunt
1383 4540 1576 4600 eﬁ'ecti.
1612 4544 1721 4599 Sed
1755 4544 2067 4616 relinquunt

474 4633 825 4704 domicilium,
854 4634 911 4689 id
940 4641 1021 4689 est
1048 4633 1311 4688 unitatem
1340 4633 1618 4700 Ecclesize,
1654 4633 1708 4687 in
1739 4649 1846 4705 qua
1892 4634 2064 4689 renati

462 4730 604 4789 sunt,
636 4722 724 4779 vel
753 4723 913 4778 sedes
942 4723 1098 4795 regni
1129 4722 1366 4778 ctelestis
1397 4737 1535 4793 quas
1564 4722 1839 4793 accepturi
1885 4731 2058 4790 erant,

459 4811 507 4867 si
534 4810 701 4867 fidem
730 4820 1031 4879 servarent,
1064 4818 1118 4866 et
1145 4820 1269 4866 ante
1284 4810 1549 4880 judicium
1569 4810 1808 4883 graviter
1838 4819 1891 4866 et
1922 4827 2057 4885 gra-

459 4901 581 4956 vius
601 4900 658 4955 in
672 4900 971 4957 universali
983 4900 1189 4969 judicio
1210 4899 1507 4954 damnabit.
1539 4900 1784 4956 Vinculis
1803 4901 2055 4956 (sternis.

464 4988 525 5043 Id
550 4996 633 5044 est
662 4989 919 5060 superbia
947 4995 999 5043 et
1029 4989 1193 5044 corde
1235 4987 1615 5059 imposnitenti.
1650 4988 1751 5043 Vel
1792 4990 2061 5045 sententia

459 5076 642 5132 divina
672 5094 793 5148 quae
821 5092 916 5131 eos
944 5076 1001 5130 in
1030 5083 1353 5147 perpetuum
1396 5076 1713 5132 coarctabit.
1734 5076 1832 5133 Vel
1862 5077 2056 5135 vincu-

455 5163 570 5218 lum
598 5173 679 5219 est
705 5165 968 5236 cupiditas
1021 5164 1332 5220 inﬁmarum
1372 5182 1572 5236 rerum,
1625 5182 1733 5238 qua
1778 5165 1945 5223 vincti
1985 5166 2057 5222 ad

455 5252 731 5324 superiora
760 5253 959 5309 reverti
985 5270 1095 5310 non
1131 5261 1378 5325 possunt.

524 5368 698 5424 Vens.
722 5369 860 5422 7.—-
884 5370 1309 5426 SicutSodoma.
1324 5369 1561 5425 Dederat
1578 5368 1887 5442 exemplum
1905 5368 2056 5425 dam-

453 5456 686 5513 nationis
716 5472 907 5513 eorum
945 5459 1037 5530 qui
1093 5458 1267 5514 solum
1318 5458 1714 5515 dominatorem
1772 5467 1975 5531 negant
2034 5475 2047 5513 :

2164 4536 2399 4593 docendi
2426 4535 2513 4592 vel
2542 4535 2666 4591 vita}
2684 4536 3004 4607 perdurant,
3039 4543 3091 4589 et
3121 4534 3243 4589 aliis
3285 4548 3455 4589 causa
3500 4530 3792 4603 naufragii

2165 4632 2307 4690 sunt,
2341 4631 2394 4679 et
2420 4624 2553 4695 ipsis
2578 4640 2676 4695 pro
2716 4623 2955 4680 tenebris
3000 4638 3139 4695 quas
3184 4623 3241 4677 in
3285 4620 3535 4678 Ecclesia
3564 4621 3672 4676 Dei
3692 4621 3790 4675 in-

2164 4713 2457 4781 ducebant,
2490 4714 2732 4769 tenebraa
2760 4713 2959 4768 inferni
2993 4719 3267 4784 parantur,
3330 4718 3382 4767 et
3437 4710 3531 4783 qui
3576 4725 3792 4781 pacem

2156 4802 2285 4859 fidei
2327 4804 2602 4859 mundana
2649 4810 2964 4875 tempestate
3014 4802 3328 4869 turbabant,
3369 4799 3621 4873 procella
3653 4809 3791 4857 tor-

2160 4901 2469 4949 mentorum
2513 4892 2904 4964 percellentur.

2229 5020 2399 5075 Vens.
2424 5020 2510 5074 14.
2526 5048 2595 5059 -
2612 5019 2994 5092 Prophetavit.
3016 5016 3142 5073 Non
3158 5015 3356 5081 solum,
3391 5014 3593 5086 inquit,
3648 5031 3789 5072 mea

2154 5109 2463 5164 auctoritate
2494 5108 2667 5179 probo
2713 5107 2859 5179 quod
2915 5106 3180 5178 puniendi
3234 5112 3377 5174 sunt,
3439 5103 3539 5158 sed
3602 5104 3790 5160 etiam

2154 5197 2470 5253 auctoritate
2498 5197 2707 5266 Enoch,
2739 5195 2886 5268 quod
2907 5196 3022 5266 jam
3052 5194 3185 5250 olim
3213 5192 3524 5265 prtescripti
3552 5202 3693 5248 sunt
3722 5194 3788 5249 in

2154 5286 2260 5341 tale
2282 5285 2542 5356 judicium
2570 5285 2722 5356 impii
2748 5285 3017 5351 homines,
3053 5284 3146 5357 qui
3172 5282 3374 5339 nostris
3421 5282 3789 5353 temporibus

2152 5375 2573 5431 subintroierunt
2640 5374 2707 5428 ad
2793 5372 3218 5429 subvertendam
3298 5370 3464 5427 ﬁdem
3524 5371 3786 5443 piorum.

2148 5464 2357 5520 Enoch.
2392 5464 2453 5518 In
2488 5464 2652 5535 stirpe
2680 5462 2834 5528 Cain,
2866 5463 3079 5529 Enoch,
3114 5461 3206 5532 qui
3257 5460 3541 5517 dedicatio
3586 5459 3788 5515 inter-

450 5554 871 5604 commemorato
899 5548 1121 5603 interitu
1150 5546 1385 5603 inﬁdelis
1412 5549 1599 5619 populi
1620 5549 1707 5605 vel
1725 5548 2049 5621 angelorum
2147 5560 2408 5624 pretatur,
2438 5552 2647 5624 primus
2677 5551 2919 5607 nascitur
2943 5570 2958 5620 ;
2990 5550 3048 5605 in
3076 5550 3375 5607 electorum
3391 5564 3529 5604 vero
3549 5564 3787 5621 proge-

454 5637 780 5711 erigentium
809 5653 869 5695 se
897 5645 1091 5695 contra
1136 5638 1334 5707 Deum,
1385 5638 1476 5693 dat
1521 5637 1684 5694 etiam
1740 5636 2049 5709 exemplum
2147 5641 2257 5712 nie,
2289 5641 2481 5716 Enoch
2509 5641 2773 5713 septimus
2802 5648 3154 5708 memoratur,
3188 5639 3282 5711 qui
3311 5637 3539 5710 reprobi
3568 5637 3631 5693 in
3666 5639 3787 5695 hac
