3964 6178
339 298 451 350 ⁸709

1303 292 1572 349 GLOSSA
1602 292 2013 350 ORDINARIA.
2035 323 2105 334 —
2124 293 2327 351 APOC.
2358 292 2675 351 JOANNIS.

3546 301 3651 353 ’710

341 418 472 485 vita,
521 434 645 490 quas
691 425 815 474 ante
857 424 960 487 est,
1023 417 1237 489 seipsos
1293 417 1611 474 aediﬁcando
1638 419 1895 475 dedicant
1928 435 1942 472 :
1976 418 2033 480 Α
2126 420 2294 475 Vsns.
2327 422 2418 476 23.
2448 410 2519 462 4-
2546 420 2834 476 Ιιιοε-υανο
2866 418 3101 475 salvate.
3133 418 3356 491 Eosqui
3385 435 3495 475 non
3525 429 3655 477 sunt

342 506 509 562 electi
553 523 684 561 vero
739 505 1111 562 aadiﬁcationis
1156 522 1269 561 suae
1312 507 1712 563 dedicationem
1754 508 1811 562 in
1844 505 1949 563 ﬁne

346 596 637 666 temporis,
665 595 720 650 id
742 604 826 650 est
856 596 912 650 in
942 596 1173 666 septimo
1202 603 1538 666 exspectant.

422 687 563 742 Ecce
584 686 741 741 venit
761 685 1052 741 Dominus.
1089 685 1314 753 (ΒΒΒΑ.)
1345 686 1482 739 Vera
1502 684 1767 740 sententia
1802 684 1950 755 quod

340 773 616 830 Dominus
646 781 845 845 arguet
870 773 1088 845 impios,
1124 781 1176 828 et
1197 773 1265 827 de
1296 774 1570 844 operibus,
1614 781 1742 843 etc.,
1775 789 1951 846 usque

342 862 420 919 ad
448 862 575 918 licet
606 862 751 917 enim
785 861 945 917 etiam
974 862 1044 918 de
1084 862 1413 934 apocryphis
1457 862 1828 918 testimonium
1858 878 1950 919 ve-

346 951 522 1007 ritatis
552 966 792 1007 sumere.

417 1048 590 1105 Vsus.
628 1051 714 1104 16.
748 1078 818 1089 -
872 1048 942 1104 Hi
982 1051 1136 1105 sunt.
1189 1047 1247 1103 Si
1290 1046 1547 1103 fratribus
1588 1047 1794 1120 aliquid
1821 1048 1951 1103 boni

343 1137 597 1209 contigit,
631 1144 973 1192 murmurant
1010 1144 1062 1192 et
1092 1145 1517 1208 conqueruntur,
1552 1137 1705 1209 quasi
1735 1152 1834 1192 sua
1873 1137 1950 1192 fe-

342 1223 526 1280 licitas
555 1223 612 1278 in
632 1222 853 1278 illorum
896 1223 1255 1293 prosperitate
1284 1221 1576 1277 minuatur.
1610 1222 1775 1279 Avari
1804 1222 1951 1278 enim

320 1312 568 1385 .(quibus
595 1311 731 1367 nihil
760 1309 978 1383 sufﬁcit)
1006 1311 1170 1367 etiam
1198 1312 1266 1366 ab
1283 1311 1403 1365 aliis
1424 1311 1687 1367 invident.

418 1418 592 1476 Vsus.
627 1420 713 1474 19.
745 1447 816 1459 -
843 1419 1123 1491 Spiritum
1153 1435 1269 1474 non
1298 1419 1584 1475 habentes.
1619 1416 1755 1487 Quia
1777 1416 1946 1489 Spiri-

345 1516 464 1563 tum
522 1515 769 1563 sanctum
796 1508 927 1579 (quo
965 1515 1338 1580 congregatur
1366 1506 1617 1563 Ecclesia
1654 1505 1950 1577 spiritualis

343 1590 596 1662 eﬁicitur)
626 1606 736 1645 non
767 1590 987 1658 habent,
1011 1590 1135 1647 ideo
1163 1589 1448 1655 animales,
1482 1589 1658 1657 inscii,
1693 1605 1802 1644 non
1822 1604 1950 1661 pro-

341 1680 614 1746 videntes,
646 1678 772 1737 ideo
790 1678 1053 1751 deﬂuunt,
1087 1679 1211 1752 quia
1230 1678 1519 1753 coagulum
1541 1678 1812 1735 charitatis
1840 1694 1951 1735 non

340 1768 569 1825 habent.

411 1883 586 1941 Vsus.
618 1886 708 1941 20.
750 1911 821 1924 —
856 1882 1386 1955 Superwdiﬁcantes
1424 1884 1806 1955 vosmetipsos,
1842 1888 1948 1937 etc.

340 1971 691 2029 Ediﬁcantes
747 1987 849 2027 vos
883 1949 1061 2042 .ipsos
1126 1971 1181 2026 in
1254 1971 1412 2027 bonis
1470 1971 1725 2043 operibus
1787 1986 1953 2040 super

342 2061 757 2117 fundamentum
788 2059 937 2129 ﬁdei,
960 2068 1019 2115 ut
1035 2059 1247 2131 lapides
1266 2061 1375 2116 vivi
1402 2060 1681 2131 ponamini
1710 2060 1766 2114 in
1786 2060 1951 2115 domo

341 2151 465 2207 Dei.
498 2152 564 2207 In
593 2151 814 2223 Spiritu
841 2153 1049 2206 sancto
1092 2154 1340 2206 orantes.
1367 2150 1436 2205 Ut
1475 2150 1544 2204 de
1586 2149 1776 2205 vestris
1822 2147 1953 2204 viri-

339 2240 447 2295 bus
472 2255 582 2295 non
614 2238 980 2310 praesumatis,
1012 2238 1109 2293 sed
1152 2237 1352 2294 divina:
1395 2238 1635 2293 tuitionis
1678 2238 1950 2307 adjutorio

343 2324 601 2395 speretis,
634 2339 746 2378 non
790 2340 891 2393 per
933 2338 1031 2378 vos
1090 2322 1291 2377 salvari
1319 2330 1590 2394 putantes,
1614 2322 1713 2377 sed
1738 2323 1949 2377 adven-

341 2420 458 2467 tum
490 2412 726 2483 Spiritus
755 2411 930 2467 sancti
958 2410 1014 2466 in
1045 2426 1143 2467 vos
1173 2411 1361 2483 petite,
1396 2427 1504 2483 quo
1560 2410 1806 2482 inspirati
1859 2427 1950 2465 ar-

343 2500 564 2556 dentius
593 2500 760 2556 oretis
789 2517 859 2556 ne
888 2516 1013 2556 cum
1048 2500 1134 2556 his
1167 2500 1261 2573 qui
1301 2500 1559 2573 Spiritum
1592 2515 1702 2556 non
1729 2499 1948 2570 habent,

343 2586 414 2639 ab
443 2585 697 2642 Ecclesia
727 2585 1118 2658 segregemini.

2049 508 2289 564 damnati
2335 508 2478 579 apud
2534 509 2728 577 Deum,
2777 507 2875 563 sed
2921 508 3082 563 etiam
3135 523 3310 580 prope
3359 508 3557 564 cadunt
3598 509 3654 565 in

2048 596 2255 669 ignem,
2288 598 2479 653 docete
2510 606 2566 652 ut
2594 596 2808 669 seipsos
2830 596 3081 652 liberent.

2121 689 2185 743 In
2208 689 2427 744 timore.
2480 688 2703 759 (Bsns.)
2733 688 2848 743 Hoc
2875 687 2944 741 ad
2972 686 3158 758 priora
3197 685 3288 741 illa
3343 686 3523 743 omnia
3552 686 3655 742 ad-

2042 776 2385 849 jungendum
2411 783 2513 832 est.
2546 778 2707 843 Nam,
2738 785 2867 843 etc.,
2918 792 3093 849 usque
3127 776 3199 833 ad
3236 792 3306 833 ne
3336 774 3478 834 forte
3533 776 3656 848 plus

2042 865 2191 935 justo
2218 865 2306 922 vel
2338 881 2565 921 severus
2598 865 2812 931 existat,
2847 864 2933 920 vel
2959 863 3102 936 pius.

2122 954 2384 1010 0dientes
2405 971 2550 1010 eam.
2585 954 2706 1009 Non
2756 970 2955 1024 corpus
2987 960 3230 1008 nostrum
3260 951 3444 1009 odisse
3493 954 3656 1011 debe-

2048 1054 2187 1107 mus,
2222 1038 2319 1093 sed
2347 1038 2672 1093 maculatum
2701 1054 2843 1104 esse,
2886 1045 2945 1093 ut
2999 1037 3404 1093 immaculatum
3462 1039 3661 1093 redda-

2048 1143 2190 1195 mus,
2226 1135 2283 1181 ut
2313 1128 2381 1181 de
2407 1127 2617 1182 carnali
2661 1126 2944 1197 spirituale
2999 1126 3278 1183 efﬁciatur.
3331 1125 3489 1196 Quod
3546 1143 3657 1184 non

2049 1216 2223 1271 nostri
2251 1215 2462 1270 arbitrii
2481 1223 2770 1287 potestate,
2800 1216 2898 1271 sed
2921 1216 3021 1272 Dei
3051 1216 3231 1288 gratia
3260 1214 3653 1288 perﬁciendum

2053 1312 2156 1360 est.

2122 1412 2291 1466 Vsas.
2325 1411 2565 1467 24.—In
2595 1412 3000 1468 exsultatione.
3026 1409 3177 1481 Quos
3205 1410 3449 1482 superius
3469 1428 3659 1469 mone-

2047 1499 2139 1554 bat
2186 1499 2241 1554 in
2286 1499 2476 1556 timore
2505 1500 2621 1556 Deo
2667 1500 2889 1567 servire,
2952 1499 3081 1556 dicit
3137 1501 3541 1557 constituendos
3594 1501 3650 1557 in

2049 1588 2427 1658 exsultatione,
2465 1588 2588 1661 quia
2621 1598 2822 1661 quanto
2858 1588 3036 1661 magis
3089 1589 3282 1660 trepidi
3336 1590 3404 1645 de
3448 1590 3659 1646 actibus

2048 1676 2106 1732 in
2155 1676 2411 1749 praesenti
2462 1676 2746 1743 fuerimus,
2809 1685 2958 1733 tanto
3015 1678 3243 1751 amplius
3298 1678 3353 1733 in
3382 1677 3563 1735 futuro
3592 1679 3662 1735 de

1964 1791 2019 1852 Β
2049 1774 2307 1837 percepta
2334 1766 2589 1822 mercede
2610 1766 2931 1822 laetabimur.

2126 1873 2301 1928 Vsus.
2336 1876 2431 1930 25.
2470 1902 2542 1914 —
2575 1873 2767 1929 Gloria
2796 1878 2853 1930 et
2880 1874 3330 1945 magniﬁcentia.
3356 1873 3413 1929 Si
3443 1873 3656 1931 habetis

2053 1961 2285 2034 gloriam
2316 1977 2467 2031 purae
2501 1960 2628 2017 ﬁdei
2659 1970 2713 2017 et
2743 1962 3089 2018 conscientiae
3121 1969 3173 2017 et
3192 1961 3651 2035 magniﬁcentiam

2052 2049 2108 2105 in
2138 2050 2473 2121 operatione,
2500 2058 2553 2105 et
2581 2050 2865 2122 imperium
2921 2068 3088 2123 super
3143 2050 3525 2119 inﬁrmitatem,
3568 2052 3656 2108 vel

2053 2156 2216 2211 super
2266 2140 2566 2206 daemones,
2600 2148 2654 2196 et
2701 2148 3023 2212 potestatem
3068 2140 3359 2196 resistendi
3390 2141 3535 2197 vitiis
3564 2141 3653 2197 vel

2052 2228 2366 2296 tortoribus,
2418 2229 2556 2294 Deo,
2605 2244 2713 2284 non
2771 2237 2948 2285 autem
3020 2229 3174 2285 vobis
3219 2229 3509 2300 imputare,
3568 2229 3659 2302 qui

2051 2325 2176 2372 ante
2204 2324 2462 2388 tempora,
2494 2316 2551 2371 in
2579 2318 2858 2387 praesenti,
2905 2326 2959 2373 et
2986 2326 3108 2388 post
3150 2317 3328 2373 omnia
3359 2327 3605 2390 tempora
3637 2360 3651 2386 ,

2051 2414 2134 2462 est
2160 2404 2434 2477 gloriosus
2491 2405 2548 2459 in
2599 2405 2855 2472 essentia,
2907 2405 3229 2477 magniﬁcus
3258 2405 3315 2461 in
3372 2407 3647 2478 operibus,

2050 2495 2329 2565 imperans
2361 2503 2467 2549 tam
2496 2493 2804 2550 volentibus
2829 2509 2990 2567 quam
3020 2494 3350 2563 nolentibus,
3385 2503 3440 2551 et
3458 2504 3652 2567 potens

2053 2582 2142 2640 cui
2170 2583 2304 2638 nihil
2332 2583 2557 2640 resistit.

1425 2872 2097 2948 APOCALYPSIS.
2131 2874 2220 2945 B.
2275 2873 2693 2948 JOANNIS.

732 3145 1110 3204 PROLOGUS
1138 3146 1551 3203 HIERONYMI.

411 3279 653 3335 Joannes
696 3280 985 3351 apostolus
1031 3289 1084 3337 et
1126 3280 1483 3355 evangelista,
1527 3296 1557 3335 a
1602 3281 1813 3337 Christo
1844 3281 1949 3337 ele.

341 3376 463 3424 ctus
476 3376 638 3440 atque
669 3368 921 3437 dilectus,
956 3369 1013 3424 in
1045 3377 1190 3425 tanto
1239 3386 1428 3426 amore
1460 3369 1767 3425 dilectionis
1823 3370 1946 3425 ube-

339 3457 458 3513 rior
511 3457 729 3512 habitus
780 3466 882 3526 est,
928 3467 985 3513 ut
1030 3458 1087 3513 in
1149 3474 1308 3515 cazna
1363 3475 1528 3530 super
1583 3467 1775 3531 pectus
1831 3458 1947 3528 ejus

338 3547 700 3616 recumberet,
726 3555 781 3603 et
807 3547 876 3602 ad
917 3562 1139 3604 crucem
1186 3548 1379 3603 astanti
1414 3548 1515 3603 soli
1553 3556 1780 3603 matrem
1824 3564 1947 3619 pro-

314 3708 319 3711 τ
336 3635 513 3706 priam
541 3636 996 3707 commendasset,
1029 3644 1088 3691 ut
1118 3653 1281 3709 quem
1316 3637 1525 3692 nubere
1556 3636 1828 3692 volentem
1876 3638 1945 3691 ad

340 3719 654 3791 amplexum
681 3719 1002 3793 virginitatis
1032 3722 1320 3789 asciverat,
1374 3720 1478 3791 ipsi
1534 3720 1695 3776 etiam
1754 3728 1943 3776 custo-

338 3807 598 3863 diendam
666 3807 937 3881 virginem
993 3809 1330 3864 tradidisset.
1389 3808 1486 3863 Hic
1558 3808 1741 3881 itaque
1816 3824 1944 3865 cum

339 3904 560 3967 propter
588 3896 818 3952 verbum
847 3897 948 3952 Dei
1002 3906 1054 3953 et
1091 3897 1463 3953 testimonium
1489 3898 1619 3953 Jesu
1650 3897 1846 3953 Christi
1891 3899 1948 3953 in

336 3980 598 4036 Pathmos
626 3981 860 4036 insulam
893 3982 1179 4038 sortiretur
1207 3983 1475 4052 exsilium,
1511 3982 1622 4038 illic
1648 3983 1717 4036 ab
1746 3982 1945 4038 eodem

334 4070 699 4141 Apocalypsis
752 4079 1088 4141 praeostensa
1159 4072 1503 4141 describitur,
1563 4079 1621 4126 ut
1695 4072 1834 4127 sicut
1887 4072 1945 4127 in

333 4158 606 4229 principio
637 4159 882 4227 canonis,
924 4159 979 4214 id
1005 4167 1087 4215 est
1130 4160 1255 4215 libri
1281 4161 1580 4229 Geneseos,
1615 4161 1944 4233 incorrupti-

337 4241 452 4297 bile
480 4243 808 4314 principium
835 4252 1186 4315 pratnotatur,
1222 4246 1292 4300 ita
1323 4247 1488 4301 etiam
1515 4246 1943 4317 incorruptibilis

334 4329 465 4385 ﬁnis
492 4347 592 4403 per
622 4332 891 4402 virginem
920 4332 975 4386 in
997 4333 1323 4406 Apocalypsi
1348 4335 1692 4403 redderetur,
1712 4335 1901 4391 dicens
1927 4354 1940 4390 :

333 4418 461 4491 Ego
492 4436 613 4474 sum
642 4421 814 4491 Alpha
846 4428 896 4476 et
914 4422 1140 4494 Omega,
1176 4422 1385 4477 initium
1434 4431 1486 4477 et
1530 4422 1671 4478 ﬁnis.
1732 4424 1830 4480 Hic
1861 4432 1945 4480 est

338 4506 602 4577 Joannes,
639 4508 731 4580 qui
762 4510 942 4565 sciens
990 4512 1373 4581 supervenisse
1406 4511 1507 4565 sibi
1537 4512 1682 4567 diem
1740 4529 1937 4585 egres-
1967 4503 2021 4565 D

340 4597 514 4652 sionis
542 4598 611 4652 de
640 4614 895 4669 corpore,
937 4600 1247 4655 convocatis
1304 4601 1360 4653 in
1386 4601 1607 4671 Epheso
1638 4601 1940 4672 discipulis,

336 4685 623 4741 descendit
679 4686 734 4741 in
765 4686 1044 4744 defossum
1102 4689 1391 4759 sepulturae
1440 4706 1553 4744 suae
1596 4689 1794 4760 locum,
1827 4707 1947 4745 ora-

336 4774 598 4847 tioneque
646 4777 936 4847 completa,
977 4777 1212 4832 reddidit
1255 4778 1503 4849 spiritum
1547 4785 1652 4833 tam
1682 4796 1712 4833 a
1753 4780 1944 4835 dolore

337 4863 530 4918 mortis
560 4862 731 4919 factus
766 4873 1074 4935 extraneas,
1120 4882 1284 4938 quam
1313 4883 1348 4922 a
1385 4868 1734 4939 corruptione
1763 4869 1944 4925 carnis

341 4952 588 5008 noscitur
615 4954 845 5010 alienus.
881 4955 1046 5025 Cujus
1093 4964 1271 5011 tamen
1310 4957 1605 5028 Scriptura;
1633 4958 1940 5029 dispositio,

337 5041 428 5097 vel
459 5041 586 5097 libri
613 5043 901 5113 ordinatio,
926 5043 1051 5100 ideo
1082 5060 1115 5099 a
1169 5045 1328 5100 nobis
1354 5062 1455 5117 per
1484 5047 1699 5121 singula
1718 5063 1827 5103 non
1844 5065 1942 5103 ex-

336 5130 578 5201 ponitur,
611 5140 669 5187 ut
696 5133 1065 5188 nescientibus
1100 5133 1405 5205 inquirendi
1451 5136 1786 5192 desiderium
1823 5136 1943 5193 col-

336 5217 547 5276 locetur
577 5228 631 5275 et
662 5221 1032 5291 quaerentibus
1075 5222 1277 5280 laboris
1321 5223 1552 5297 fructus,
1586 5234 1641 5282 et
1678 5226 1795 5283 Deo
1832 5243 1945 5283 ma-

337 5307 555 5381 gisterii
587 5309 835 5366 doctrina
861 5319 1127 5369 servetur.

878 5488 1395 5548 ARGUMENTUM.

300 5690 305 5693 _
407 5610 769 5684 Apocalypsis
819 5613 1045 5669 Joannis
1093 5623 1172 5672 tot
1214 5616 1383 5672 habet
1433 5626 1771 5674 sacramenta
1813 5628 1944 5692 quot

334 5701 519 5757 verba.
580 5702 779 5759 Parum
810 5703 944 5771 dixi,
994 5711 1048 5763 et
1073 5720 1177 5777 pro
1231 5706 1430 5764 merito
1476 5707 1769 5765 voluminis
1822 5709 1942 5767 laus

1977 3134 2027 3197 C
2049 3131 2225 3187 omnis
2251 3129 2474 3186 inferior
2500 3137 2601 3187 est.
2634 3131 2695 3186 In
2725 3130 2911 3188 verbis
2938 3129 3167 3203 singulis
3211 3129 3537 3204 multiplices
3565 3131 3644 3189 la-

2050 3228 2165 3276 tent
2193 3219 2585 3293 intelligentiae.

2594 3308 2818 3365 CAPUT
2848 3310 3137 3367 PRIMUM.

2119 3410 2288 3465 Vans.
2313 3413 2365 3465 1.
2398 3440 2467 3451 -
2502 3411 2862 3483 Apocalypsis
2916 3414 3050 3468 Jesu
3083 3412 3317 3468 Christi.
3371 3413 3644 3484 Praeparat

2045 3498 2342 3564 auditores,
2376 3499 2661 3572 redditque
2692 3515 2787 3556 eos
2815 3500 3113 3556 benevolos
3137 3508 3192 3556 et
3222 3509 3475 3569 attentos,
3509 3502 3646 3558 sicut

2046 3595 2099 3643 et
2125 3588 2200 3641 ibi
2234 3603 2248 3643 :
2278 3589 2523 3644 Joannes
2557 3593 2769 3661 septem
2807 3590 3069 3645 Ecclesiis
3086 3606 3211 3662 qua:
3238 3594 3377 3646 sunt
3394 3591 3458 3647 in
3485 3592 3639 3648 Asia.

2049 3675 2226 3743 Quam
2254 3675 2429 3731 dedit.
2456 3676 2765 3732 Secundum
2794 3677 3177 3733 humanitatem
3225 3678 3468 3733 Christus
3497 3679 3643 3735 acci-

2043 3764 2122 3835 pit
2151 3780 2273 3819 eam
2303 3780 2335 3817 a
2364 3765 2521 3820 Patre
2549 3774 2602 3821 et
2622 3765 2802 3821 Verbo
2832 3766 2935 3821 sibi
2963 3766 3250 3835 conjuncto
3281 3767 3639 3837 hypostatice,

2045 3860 2100 3908 et
2130 3868 2164 3908 a
2193 3852 2394 3923 Spiritu
2415 3862 2625 3909 sancto.
2661 3854 2792 3922 Qua:
2818 3858 3035 3927 Oportet
3062 3855 3208 3923 ﬁeri.
3250 3852 3419 3922 Quasi
3447 3854 3591 3911 dicat
3626 3873 3638 3909 :

2045 3942 2363 3997 Inevitabile
2392 3950 2477 3999 est
2495 3942 2624 4015 quin
2640 3941 2786 4013 ﬁant,
2819 3951 2870 3999 et
2898 3943 3028 3999 utile
3055 3951 3138 3999 est
3168 3951 3226 3998 ut
3253 3942 3401 3999 ﬁant.
3454 3942 3641 4015 Opor-

2047 4038 2120 4087 tet
2155 4039 2214 4086 ut
2251 4032 2396 4087 servi
2434 4033 2706 4103 patiantur
2750 4032 3121 4089 tribulationes
3148 4032 3275 4089 cito.
3313 4034 3454 4090 Cito.
3498 4033 3643 4090 Dicit

2045 4122 2176 4191 cito,
2208 4128 2265 4175 ut
2294 4121 2507 4193 seipsos
2534 4130 2745 4193 parent,
2776 4138 2846 4177 ne
2876 4122 2945 4177 sit
2973 4139 3141 4196 grave
3159 4122 3289 4195 pati.
3306 4121 3424 4178 Cito
3442 4120 3641 4179 ﬁnien-

2046 4208 2103 4264 di
2133 4216 2256 4264 sunt
2276 4210 2511 4279 labores,
2526 4218 2580 4266 et
2608 4210 2838 4283 praemia
2867 4211 3062 4268 danda.
3091 4211 3281 4269 Brevis
3318 4211 3494 4279 labor,
3527 4210 3641 4269 fes-

2046 4297 2213 4353 tinata
2243 4298 2434 4370 gloria.

2118 4388 2285 4442 Vens.
2319 4392 2352 4445 2
2380 4419 2449 4428 -
2472 4388 2579 4456 Qui
2591 4391 2983 4446 testimonium
3001 4390 3308 4463 perhibuit.
3342 4388 3445 4460 Qui
3476 4399 3637 4446 testa-

2045 4481 2133 4529 tur
2162 4492 2285 4532 esse
2315 4493 2445 4533 vera
2488 4478 2650 4533 verba
2696 4478 2865 4549 ipsius
2924 4479 3119 4534 Christi
3178 4479 3359 4534 habita
3415 4487 3521 4533 tam
3574 4479 3645 4536 de

2046 4564 2244 4633 Verbo,
2277 4566 2331 4621 id
2360 4574 2441 4621 est
2474 4567 2779 4634 Divinitate,
2839 4582 3003 4638 quam
3054 4568 3122 4622 de
3151 4568 3479 4624 humanitate
3506 4569 3637 4625 Jesu

2047 4653 2265 4709 Christi.
2321 4656 2481 4711 Verbo
2544 4657 2662 4711 Dei.
2712 4654 2877 4710 Filius
2940 4664 3164 4711 vocatur
3218 4657 3456 4712 Verbum
3516 4657 3636 4728 Dei,

2045 4742 2174 4813 quia
2201 4759 2302 4813 per
2332 4759 2453 4798 eum
2499 4743 2873 4799 manifestatus
2909 4752 2991 4799 est
3038 4744 3094 4799 in
3125 4745 3327 4801 mundo
3356 4747 3538 4803 Pater.
3573 4748 3638 4803 In

2048 4830 2136 4885 his
2154 4849 2274 4904 quae
2302 4832 2460 4887 vidit.
2494 4832 2556 4885 In
2601 4832 2689 4886 his
2721 4849 2842 4904 quae
2869 4834 3223 4904 corporaliter
3249 4835 3398 4901 vidit,
3423 4843 3480 4890 ut
3507 4852 3639 4906 pas-

2047 4934 2167 4973 sum
2196 4927 2247 4974 et
2294 4917 2581 4988 mortuum,
2635 4920 2751 4977 sola
2780 4929 2979 4990 mente,
3013 4929 3072 4977 ut
3095 4922 3265 4979 fuisse
3321 4939 3444 4979 cum
3486 4925 3643 4981 Patre

2045 5014 2170 5062 ante
2199 5008 2400 5062 omnia.

2116 5096 2286 5150 Vsus.
2347 5099 2399 5150 3.
2432 5126 2501 5136 —
2553 5099 2782 5154 Beatus.
2832 5098 3080 5155 Christus
3132 5099 3281 5155 dedit
3317 5100 3435 5157 haec
3486 5101 3641 5170 mihi,

2045 5183 2239 5239 beatus
2260 5192 2438 5239 autem
2469 5186 2596 5257 quia
2623 5203 2713 5243 me
2743 5188 3032 5259 acceperit.
3067 5191 3291 5257 Beatus,
3345 5190 3470 5262 quia
3525 5191 3645 5247 hac

2043 5273 2405 5346 Apocalypsis
2434 5281 2519 5329 est
2545 5277 2672 5330 Jesu
2702 5276 2923 5345 Christi,
2941 5285 3045 5335 etc.
3083 5280 3190 5347 Qui
3225 5280 3378 5352 legit.
3430 5278 3491 5335 Id
3536 5287 3639 5345 est,

2044 5370 2229 5417 narrat
2289 5362 2409 5417 aliis
2456 5381 2576 5435 quae
2621 5365 2825 5421 audivit
2857 5383 2870 5420 :
2904 5367 3029 5438 quia
3085 5369 3272 5440 plures
3301 5369 3369 5423 ab
3406 5381 3515 5423 uno
3554 5367 3641 5422 le-

2046 5460 2212 5524 gente
2241 5461 2469 5523 possunt
2501 5453 2692 5509 audire
2724 5472 2739 5522 ;
2767 5455 2874 5525 vel,
2900 5458 3158 5525 audient,
3195 5466 3247 5513 et
3273 5458 3330 5511 in
3357 5458 3461 5511 hoc
3488 5461 3643 5509 notat

2044 5541 2337 5609 auditores,
2390 5542 2515 5615 quia
2568 5543 2771 5615 plures.
2831 5544 2914 5599 Illi
2960 5546 3061 5601 soli
3102 5546 3244 5600 beati
3288 5544 3381 5615 qui
3416 5542 3643 5598 audiunt

2043 5637 2103 5684 ut
2129 5640 2310 5687 mente
2339 5632 2671 5700 recondam;
2705 5639 2760 5689 et
2797 5640 2978 5689 mente
3016 5632 3338 5694 recondunt,
3390 5638 3447 5685 ut
3473 5645 3640 5701 opere

2014 5720 2399 5793 compleant;
2452 5728 2505 5777 et
2550 5737 2717 5794 opere
2744 5722 2992 5794 irnplent,
3050 5728 3110 5776 ut
3161 5720 3325 5781 vitam
3370 5726 3642 5779 mternam
