3968 6176
355 297 452 348 7H

913 291 1322 348 WALAFRIDI
1351 291 1595 348 STRABI
1623 290 1825 348 FULD.
1856 287 2029 346 MON.
2050 287 2200 345 OPP.
2226 289 2403 346 PARS
2432 289 2474 344 Ι.
2508 318 2598 330 ---
2625 286 3099 344 THEOLOGICA.

3551 292 3661 346 712

356 416 693 489 possideant.
718 417 912 474 Servat
934 434 1017 473 ea.
1069 418 1193 472 Non
1221 417 1365 471 enim
1387 417 1662 472 auditores
1689 415 1847 487 legis,
1868 414 1966 470 sed
1979 417 2036 477 Α
2065 413 2150 467 dis
2180 421 2232 468 et
2248 412 2510 468 fictilium.
2554 414 2642 470 Vel
2659 415 2933 486 plangant
2960 429 3036 478 se,
3064 413 3120 466 id
3151 419 3233 467 est
3263 411 3525 468 dolebant
3553 427 3673 466 res-

356 506 594 562 factores
627 507 754 576 justi
790 515 930 561 sunt.
969 507 1136 561 Serva
1169 521 1250 570 ea,
1294 505 1387 576 qui
1427 503 1589 561 ﬁdem
1647 504 1848 560 Christi
1910 511 1982 564 et,

355 596 617 651 Ecclesiae
649 612 759 651 non
787 595 967 661 violat,
1003 601 1054 650 et
1089 595 1240 648 timet
1274 594 1498 659 minata,
1525 602 1578 649 et
1608 595 1802 666 quierit
1831 609 1960 664 pro-

357 685 546 740 missa.
580 686 717 740 Vere
743 684 934 739 beatus
969 692 1050 738 est
1081 683 1202 750 iste,
1239 683 1368 754 quia
1427 699 1527 739 nec
1583 683 1746 755 longa
1804 698 1962 738 mora

359 773 578 841 laboris,
611 780 663 828 et
689 773 910 845 praemia
940 772 1135 828 vicina.

431 899 597 952 VERS.
631 900 683 952 4.
717 898 1036 970 -—Septem
1091 898 1362 953 ecclesiis.
1417 895 1798 967 Principaliter
1855 895 1962 950 illis

355 986 541 1042 scribit
571 985 817 1042 ecclesiis
848 987 1013 1052 Asim,
1055 986 1251 1057 quibus
1298 985 1560 1058 magister
1594 993 1712 1041 erat
1769 984 1964 1040 consti.

352 1082 517 1140 tutus,
542 1082 594 1130 et
611 1091 710 1146 per
739 1075 917 1130 simile
929 1074 1070 1130 aliis.
1104 1076 1253 1130 Deus
1273 1075 1421 1130 dedit
1450 1075 1685 1143 Christo,
1717 1074 1964 1129 Christus

348 1163 564 1234 Joanni,
614 1166 854 1219 Joannes
905 1172 1089 1219 autem
1137 1164 1405 1231 ecclesiis,
1448 1163 1536 1218 vel
1582 1179 1679 1234 per
1726 1171 1957 1234 septem,

348 1252 617 1309 universae
645 1253 928 1309 Ecclesiae.
955 1251 1097 1321 Quia
1118 1258 1334 1326 septem
1356 1252 1763 1308 universitatem
1785 1251 1964 1324 signi-

349 1340 529 1411 ﬁcant,
584 1343 670 1398 vel
724 1343 846 1414 quia
897 1342 1198 1413 septiformi
1240 1343 1432 1413 spiritu
1484 1341 1841 1396 illustrantur.
1891 1341 1958 1396 In

349 1432 500 1486 Asia.
536 1431 664 1486 Asia
687 1439 771 1487 est
803 1432 985 1500 elatio,
1021 1431 1271 1487 Ecclesia
1302 1448 1436 1502 ergo
1467 1446 1611 1486 nunc
1642 1438 1723 1485 est
1750 1430 1803 1483 in
1847 1429 1965 1484 ela—

350 1521 495 1576 tione
542 1521 820 1589 virtutum,
856 1521 941 1576 vel
971 1521 1099 1575 olim
1130 1521 1402 1576 vitiorum.
1437 1521 1563 1574 Asia
1604 1519 1710 1574 ista
1743 1535 1853 1573 non
1886 1526 1968 1573 est

348 1625 551 1681 magna
581 1609 672 1664 illa
701 1610 855 1664 tertia
879 1627 1002 1680 pars
1034 1610 1242 1675 mundi,
1290 1610 1386 1664 sed
1438 1609 1684 1680 quaedam
1737 1608 1966 1678 provin-

351 1699 432 1755 cia
487 1697 579 1752 ubi
629 1706 780 1753 erant
809 1706 1019 1769 septem
1053 1698 1318 1766 civitates,
1365 1706 1418 1752 et
1467 1706 1673 1767 septem
1704 1696 1951 1752 ecclesia

2062 503 2273 573 pientes
2330 518 2424 557 eos
2454 502 2548 574 qui
2574 501 2783 556 fundati
2829 510 2955 556 sunt
2983 517 3148 572 super
3173 518 3316 570 eum,
3378 501 3502 572 quia
3559 516 3676 556 non

2060 599 2267 645 tantum
2297 591 2560 646 dolebunt
2588 591 2657 646 de
2696 590 2816 661 ipso
2843 598 3132 660 tormento,
3170 606 3331 663 quam
3365 589 3514 662 quod
3571 605 3669 645 re-

2060 680 2337 752 pellentur
2366 697 2396 734 a
2419 679 2509 735 tali
2537 680 2838 736 consortio.

2134 798 2304 852 Vana.
2356 801 2407 851 8.
2459 827 2528 836 -—
2568 798 2675 867 Ego
2732 813 2878 851 sum.
2936 797 3078 850 Vere
3122 794 3320 860 veniet,
3365 794 3498 867 quia
3544 793 3666 864 ipse

2062 885 2324 956 promittit
2342 902 2401 941 se
2421 893 2727 940 venturum.
2749 884 2847 939 Vel
2867 885 3152 956 praemissa
3185 883 3512 939 salutatione
3533 883 3672 937 red-

2063 975 2141 1028 dit
2170 983 2422 1044 attentos,
2468 974 2622 1045 quasi
2676 973 2860 1029 dicat:
2920 974 3002 1028 Ne
3059 989 3093 1027 a
3136 989 3224 1027 me
3282 974 3386 1028 hoc
3434 973 3666 1039 dictum,

2064 1063 2160 1118 sed
2182 1063 2249 1116 ab
2266 1063 2385 1134 ipso
2408 1062 2622 1118 Christo
2644 1061 2900 1117 credatis.
2915 1062 3114 1134 Alpha,
3135 1063 3508 1134 principium.
3528 1061 3674 1115 Ante

2064 1168 2226 1223 quem
2243 1151 2441 1218 nullus,
2467 1151 2594 1206 vele
2607 1166 2713 1222 quo
2733 1149 2914 1205 omnia
2934 1157 3236 1220 cmperunt.
3256 1149 3480 1221 Omega,
3502 1149 3663 1217 ﬁnis.

2064 1241 2193 1296 Post
2222 1257 2387 1312 quem
2414 1239 2612 1308 nullus,
2648 1239 2736 1296 vel
2777 1240 2834 1293 in
2865 1255 2972 1311 quo
3001 1239 3185 1294 omnia
3204 1237 3664 1293 terminabuntur.

2136 1348 2306 1402 Vnus.
2341 1351 2393 1402 9.
2426 1378 2495 1387 —
2527 1349 2638 1419 Ego
2659 1347 2922 1403 Joannes.
2956 1345 3129 1400 Finita
3149 1345 3498 1413 salutatione,
3532 1359 3664 1415 pro-

2065 1435 2312 1508 greditur
2341 1436 2412 1490 ad
2447 1435 2833 1502 narrationem,
2887 1435 3216 1504 imponendo
3247 1442 3499 1505 quatuor,
3533 1449 3667 1503 per-

2067 1540 2274 1595 sonam,
2306 1524 2505 1593 locum,
2539 1540 2758 1579 causam
2787 1523 2957 1593 ipsius
2997 1523 3122 1588 loci,
3157 1529 3390 1593 tempus,
3427 1538 3550 1592 qum
3572 1537 3671 1575 va-

2064 1613 2177 1668 lent
2236 1614 2306 1668 ad
2350 1613 2875 1668 commendationem
2921 1611 3093 1682 ipsius
3149 1611 3524 1666 revelationis.
3560 1611 3669 1680 Ego

2064 1704 2328 1758 Joannes.
2372 1701 2536 1771 Quasi
2585 1701 2772 1757 dicat:
2820 1700 2944 1756 Scio
2994 1699 3117 1771 quia
3163 1698 3518 1766 tribulamini,
3570 1697 3670 1752 sed

349 1803 471 1844 cum
502 1795 710 1858 septem
739 1787 1028 1858 episcOpis.
1069 1788 1263 1843 Gratia
1301 1787 1466 1842 vobis.
1489 1788 1763 1856 Praeparat
1791 1785 1950 1839 audi-
1969 1784 2020 1842 B
2051 1791 2301 1862 exemplo
2341 1790 2542 1845 Christi
2570 1790 2842 1861 patienter
2872 1787 3161 1858 sufferatis,
3194 1796 3253 1842 ut
3283 1787 3402 1842 sitis
3433 1785 3667 1858 partici-

346 1884 496 1932 tores
525 1876 581 1930 in
611 1877 954 1944 salutatione,
976 1885 1028 1931 et
1061 1876 1241 1931 reddit
1262 1891 1358 1930 eos
1382 1875 1678 1930 benevolos
1701 1883 1754 1930 et
1783 1883 1955 1929 atten-

349 1973 451 2031 tos,
486 1966 624 2020 sicut
661 1973 714 2020 et
742 1965 796 2019 in
829 1965 1080 2038 prologo.
1111 1965 1214 2032 Qui
1270 1969 1356 2019 est
1387 1969 1443 2019 et
1469 1966 1564 2036 qui
1596 1967 1739 2018 erat.
1772 1964 1951 2017 [Eter-

345 2054 554 2109 naliter.
589 2053 852 2121 Quamvis
899 2061 1079 2108 autem
1122 2053 1190 2107 sit
1235 2061 1390 2107 natus
1434 2069 1498 2107 ex
1532 2061 1792 2122 tempore,
1840 2052 1953 2120 jam

347 2143 695 2197 immutabilis
735 2151 816 2198 est
859 2159 958 2213 per
1021 2141 1408 2196 humanitatem
1466 2141 1556 2212 qui
1603 2141 1733 2195 olim
1778 2139 1952 2194 fuerat

345 2231 730 2302 corruptibilis.
763 2231 908 2286 Talis
922 2240 1181 2286 venturus
1215 2239 1317 2297 est,
1354 2229 1567 2285 etiamsi
1601 2230 1806 2284 mundo
1837 2245 1948 2284 non

346 2329 568 2392 apparet
603 2321 742 2375 talis.
779 2324 848 2376 Et
881 2339 916 2376 a
967 2325 1180 2393 septem
1235 2321 1546 2392 spiritibus,
1594 2321 1690 2392 qui
1721 2321 1785 2374 in
1815 2336 1952 2374 con-

349 2413 560 2482 spectu.
621 2410 884 2482 Spiritus.
948 2409 1098 2464 Idem
1143 2417 1298 2464 sonat
1338 2409 1484 2480 quod
1515 2407 1762 2463 Charitas.
1797 2407 1952 2463 Unde

345 2498 653 2553 attribuitur
704 2497 928 2569 Spiritui
990 2497 1240 2553 remissio
1306 2504 1680 2568 peccatorum,
1749 2504 1802 2550 et
1848 2495 1952 2550 alia

347 2587 494 2643 dona
523 2603 645 2658 qua)
675 2595 798 2640 sunt
826 2587 968 2641 dona
1002 2587 1161 2641 totius
1182 2586 1478 2651 Trinitatis,
1501 2593 1558 2639 ut
1587 2585 1954 2655 intelligamus

345 2675 660 2730 Trinitatem
693 2692 758 2730 ex
781 2675 898 2730 sola
941 2675 1232 2730 dilectione
1256 2674 1486 2744 operari.
1521 2675 1817 2728 Personam
1849 2673 1954 2726 Pa-

346 2764 439 2819 tris
469 2773 627 2834 tacet,
681 2765 807 2835 quia
836 2764 905 2818 de
954 2765 1069 2818 Deo
1109 2765 1369 2818 Creatore
1416 2779 1577 2817 nemo
1619 2763 1761 2816 mala
1789 2761 1952 2816 intel—

348 2853 557 2908 lexerat
587 2855 738 2924 ponit
759 2869 1047 2923 personam
1081 2853 1198 2907 Filii
1213 2860 1262 2906 et
1287 2853 1515 2922 Spiritus
1547 2851 1720 2906 sancti
1743 2851 1811 2905 de
1834 2850 1953 2922 qui-

350 2943 453 2996 bus
488 2959 679 2997 omnes
709 2950 1007 2998 nascuntur
1045 2941 1100 2994 in
1148 2941 1394 2996 ecclesiis
1424 2941 1690 2995 haereses.
1726 2939 1948 2995 Throni.

348 3031 547 3086 Throni
604 3031 705 3086 Dei
764 3038 886 3084 sunt
932 3029 1113 3102 angeli
1144 3031 1262 3097 ejus
1308 3037 1359 3082 et
1392 3028 1562 3084 sancti
1600 3028 1849 3083 homines
1897 3027 1953 3084 in

2055 1897 2154 1950 pes
2192 1879 2349 1952 regni
2407 1879 2596 1949 ipsius.
2649 1881 2848 1934 Frater
2891 1881 3102 1952 vester,
3143 1885 3270 1944 etc.,
3323 1877 3389 1931 in
3421 1876 3664 1932 Christo.

2057 1943 2117 2022 In
2151 1943 2521 2034 ﬁdeiunitate,
2579 1976 2631 2022 et
2658 1975 2885 2037 propter
2914 1943 3236 2020 illamfmem
3253 1943 3542 2019 tribulatus
3570 1963 3670 2030 fui,

2056 2059 2195 2113 sicut
2225 2065 2277 2112 et
2305 2057 2415 2123 alii,
2446 2073 2544 2127 per
2574 2057 2718 2128 quod
2747 2056 2816 2110 ad
2857 2071 3089 2127 regnum
3118 2054 3418 2125 pervenire
3447 2053 3671 2124 patien-

2054 2154 2136 2201 ter
2158 2146 2405 2213 sustinui,
2441 2145 2695 2200 habendo
2743 2144 3014 2199 Christum
3062 2143 3118 2196 in
3161 2142 3414 2197 omnibus
3474 2158 3664 2196 exem—

2053 2235 2223 2305 plum.
2259 2235 2545 2290 Pathmos.
2579 2234 2639 2287 Id
2671 2241 2755 2287 est
2783 2232 3001 2298 fretum,
3037 2231 3244 2287 scilicet
3275 2229 3570 2296 tribulatio,
3607 2230 3666 2285 in

2055 2339 2163 2394 qua
2196 2323 2372 2396 magis
2403 2321 2648 2378 coelestia
2679 2339 2712 2376 a
2739 2320 2990 2376 ﬁdelibus
3029 2319 3366 2391 aperiuntur.
3417 2319 3673 2375 Ecclesia

2055 2421 2406 2482 comparatur
2435 2411 2644 2480 insulse,
2682 2411 2808 2482 quia
2853 2409 2991 2465 sicut
3034 2409 3213 2464 insula
3258 2407 3488 2463 marinis
3532 2421 3671 2478 pro-

2054 2501 2204 2556 cellis
2234 2501 2480 2566 illiditur,
2514 2500 2584 2554 ita
2613 2499 2864 2556 Ecclesia
2907 2497 3375 2569 persecutionibus
3421 2497 3672 2550 marino-

2052 2607 2191 2656 rum,
2225 2590 2279 2644 id
2313 2597 2395 2644 est
2410 2589 2827 2656 mundanorum,
2859 2586 3133 2660 affligitur.
3167 2589 3404 2658 Propter
3432 2586 3666 2642 verbum

2053 2681 2172 2733 Dei.
2208 2679 2268 2732 Id
2297 2686 2398 2740 est,
2433 2686 2658 2748 propter
2690 2676 3060 2732 testimonium
3089 2675 3355 2730 divinitati
3377 2682 3433 2729 et
3463 2675 3663 2728 huma-

2055 2767 2207 2821 nitati
2239 2767 2575 2822 exihibitum.

2126 2875 2299 2929 Vaas.
2336 2877 2422 2928 10.
2457 2904 2526 2913 —-
2551 2875 2617 2928 In
2647 2873 2944 2930 Dominica
2976 2872 3086 2927 die.
3119 2870 3268 2926 Solet
3297 2886 3487 2925 rerum
3518 2883 3658 2940 qua-

2053 2963 2172 3017 litas
2203 2980 2269 3017 ex
2301 2971 2545 3033 tempore
2593 2962 2784 3029 notari,
2838 2968 2894 3015 ut
2948 2961 3219 3015 Abraham
3275 2959 3332 3014 in
3388 2958 3663 3015 fervorem

2055 3051 2199 3121 ﬁdei,
2235 3051 2488 3123 angelum
2518 3051 2574 3104 in
2615 3051 2845 3105 meridie
2880 3049 3050 3116 vidit;
3098 3049 3231 3104 Loth
3271 3048 3328 3102 in
3382 3047 3654 3118 perditio-

348 3120 545 3210 quibus
573 3135 718 3174 nunc
748 3119 901 3174 sedet
931 3119 1078 3173 Deus
1112 3125 1164 3173 et
1196 3111 1418 3187 judieat,
1453 3133 1521 3172 ne
1565 3116 1621 3171 in
1651 3116 1831 3172 futuro
1852 3117 1946 3185 ju-
1977 3142 2026 3206 Ο
2046 3111 2456 3197 Πθῐηςοάᾏωω
2486 3156 2715 3210 vespere
2749 3158 2764 3206 ζ
2797 3139 2974 3194 Adam
3037 3111 3160 3208 'post
3216 3111 3506 3192 meridiem
3555 3152 3662 3190 ω-

351 3207 514 3263 dicet.

421 3314 590 3369 Vaas.
617 3316 674 3366 5.
707 3343 776 3352 -
801 3315 974 3370 Testis
997 3313 1202 3382 ﬁdelis.
1227 3312 1368 3368 Dicit
1390 3312 1493 3367 hoc
1515 3312 1949 3383 pr0pterdespe-

350 3409 532 3457 rantes
573 3402 641 3456 de
689 3410 858 3456 morte
916 3401 1114 3456 Christi
1167 3409 1222 3455 ut
1270 3401 1345 3454 illi
1394 3401 1486 3472 qui
1525 3401 1774 3455 dixerunt
1807 3403 1950 3458 :Nos

343 3492 686 3563 putabamus
715 3492 856 3564 quod
876 3491 994 3563 ipse
1015 3494 1162 3546 esset
1177 3491 1573 3563 redempturus
1585 3491 1762 3544 Israel
1785 3491 1946 3559 (Luc.

350 3579 535 3650 xxxv).
577 3581 995 3652 Primogenitus
1021 3583 1397 3635 mortuorum.
1424 3577 1594 3646 Quasi
1624 3579 1768 3634 dicat
1799 3595 1814 3632 :
1839 3579 1950 3633 Vos

350 3685 461 3724 non
483 3676 698 3736 terreat,
733 3668 860 3740 quia
916 3669 1169 3735 surrexit,
1205 3676 1258 3723 et
1304 3676 1385 3733 est
1422 3667 1793 3739 impassibilis.
1853 3666 1952 3723 Vel

351 3765 433 3813 est
472 3757 679 3829 primus
743 3757 1183 3813 mortiticantium
1221 3773 1299 3826 se,
1349 3756 1473 3827 quia
1503 3763 1787 3827 peccatum
1842 3770 1952 3809 non

349 3845 494 3902 fecit.
528 3849 799 3918 Princeps
844 3864 1042 3919 regum
1065 3851 1250 3902 terrae.
1301 3845 1558 3916 Princeps
1617 3853 1952 3900 terrenarum

345 3943 694 4006 potestatum,
741 3943 934 4005 potens
975 3951 1067 3989 eas
1116 3950 1418 4002 removere,
1453 3943 1515 4010 et‘
1535 3934 1604 3988 ad
1664 3934 1952 3988 utilitatem

348 4039 568 4078 suorum
600 4023 688 4078 vel
719 4032 1028 4079 sanctorum
1058 4023 1374 4093 permittens
1406 4022 1603 4092 impios
1649 4022 1876 4077 servire.

419 4139 594 4194 Vnus.
622 4140 672 4192 6.
707 4168 776 4178 —
823 4140 895 4193 Et
921 4139 1061 4208 fecit
1098 4155 1197 4193 nos
1232 4140 1338 4193 Deo
1371 4141 1562 4193 nostro
1593 4153 1849 4208 regnum.
1893 4135 1954 4190 Id

345 4235 429 4284 est
458 4233 707 4298 potentes
737 4226 878 4282 vitiis
909 4227 1184 4291 resistere,
1219 4231 1278 4281 et
1298 4227 1631 4292 sacerdotes,
1655 4225 1708 4279 id
1742 4233 1824 4280 est
1852 4240 1951 4296 pro

344 4317 502 4372 nobis
531 4324 583 4372 et
602 4332 701 4388 pro
730 4315 984 4370 fratribus
1015 4314 1378 4386 nosmetipsos
1412 4315 1528 4370 Deo
1561 4313 1878 4370 offerentes.

420 4437 590 4493 Vaas.
616 4440 668 4492 7.
702 4467 772 4477 -
799 4438 938 4492 Ecce
982 4438 1154 4504 venit,
1189 4443 1294 4491 etc.
1327 4436 1396 4490 Et
1420 4452 1551 4492 vere
1583 4434 1794 4490 debetis
1827 4452 1953 4490 eum

342 4526 668 4600 gloriﬁcare,
703 4526 833 4598 quia
861 4525 979 4597 ipse
1018 4533 1101 4580 est
1142 4492 1236 4596 qui
1274 4532 1532 4580 venturus
1555 4531 1637 4579 est
1666 4524 1737 4579 ad
1769 4505 2019 4579 remu-D

341 4616 662 4670 nerandum.
704 4616 842 4671 Cum
891 4615 1150 4683 nubibus,
1186 4613 1240 4667 id
1272 4621 1355 4669 est
1384 4629 1509 4669 cum
1539 4613 1740 4669 sanctis
1772 4631 1784 4667 :
1821 4613 1946 4684 quia

343 4704 516 4759 nubes
543 4704 757 4758 fuerunt
779 4704 1143 4774 compluendo
1175 4702 1298 4758 aliis
1323 4703 1642 4773 doctrinam,
1672 4710 1724 4757 et
1780 4702 1946 4756 mira-

342 4792 463 4848 cula
492 4792 780 4858 faciendo;
831 4792 939 4859 vel,
992 4792 1129 4847 sicut
1186 4792 1243 4845 in
1272 4792 1414 4846 nube
1465 4790 1727 4859 ascendit,
1763 4791 1839 4844 ita
1891 4790 1948 4844 in

346 4882 488 4937 nube
519 4881 721 4948 veniet,
754 4898 853 4953 per
875 4896 1038 4952 quam
1056 4881 1156 4935 Dei
1188 4880 1535 4936 clementiam
1565 4879 1941 4952 intelligimus,

345 4987 448 5040 qua
479 4971 637 5025 bonis
667 4979 753 5026 est
782 4969 1127 5042 refrigerium
1175 4978 1227 5024 et
1259 4969 1597 5037 illuminatio,
1621 4968 1782 5022 malis
1813 4983 1945 5024 vero

346 5065 526 5112 terror
546 5068 597 5113 et
627 5058 936 5114 excaecatio.
985 5057 1143 5126 Quod
1190 5066 1244 5111 et
1301 5056 1660 5128 signiﬁcatum
1719 5065 1802 5112 est
1849 5073 1947 5128 per

346 5145 546 5200 nubem
566 5163 668 5217 qua
685 5146 864 5201 educti
895 5154 1018 5200 sunt
1049 5144 1141 5199 ﬁlii
1173 5145 1339 5200 Israel
1363 5147 1430 5201 de
1461 5147 1713 5219 rEgypto.

416 5254 486 5308 Et
525 5252 730 5307 videbit
790 5268 938 5307 eum.
982 5252 1099 5306 Alia
1150 5252 1423 5307 translatio
1471 5253 1681 5307 habet:
1738 5252 1946 5307 Videbit

345 5344 530 5400 omnis
589 5345 744 5397 terra
775 5342 968 5395 talem.
1007 5339 1175 5408 Quasi
1206 5341 1393 5396 dicat:
1445 5341 1631 5395 Talem
1688 5340 1948 5395 videbunt

348 5431 564 5503 qualem
593 5429 743 5500 impii
773 5437 1059 5484 venturum
1087 5445 1209 5484 esse
1240 5445 1349 5484 non
1386 5429 1704 5485 credebant.
1751 5429 1946 5484 Omnis

347 5522 561 5578 oculus.
623 5518 758 5574 Boni
786 5526 841 5573 ut
863 5517 1126 5583 lzetentur,
1158 5518 1285 5572 mali
1318 5527 1377 5572 ut
1406 5517 1822 5586 confundantur,
1859 5517 1945 5572 vi-

345 5609 569 5665 debunt.
598 5609 904 5681 Plangent.
937 5606 1046 5662 Seu
1103 5605 1363 5663 collident
1419 5622 1580 5677 super
1609 5623 1731 5661 eum
1772 5606 1947 5677 impo-

347 5705 522 5760 tentes
543 5697 660 5770 ejus
688 5697 922 5774 imperio
953 5695 1224 5767 resistere,
1258 5694 1328 5752 ad
1354 5694 1766 5754 similitudinem
1813 5693 1946 5767 lapi-

2049 3230 2182 3285 divit
2220 3245 2410 3286 vocem
2459 3228 2724 3294 Domini;
2772 3227 3045 3295 Salomon,
3096 3242 3207 3281 non
3261 3232 3658 3294 reservaturus,

2049 3319 2370 3390 sapientiam
2402 3325 2562 3374 nocte
2593 3316 2851 3388 suscepit.
2911 3316 3114 3372 Audivi
3142 3319 3270 3387 post
3310 3330 3400 3370 me
3449 3331 3663 3371 vocem.

2052 3410 2178 3463 Post
2209 3424 2266 3462 se
2300 3407 2527 3473 audivit,
2562 3407 2690 3477 quia
2740 3406 2868 3460 dum
2899 3405 2969 3459 de
3014 3403 3376 3474 praesentibus
3424 3403 3658 3458 eductus

2049 3497 2104 3550 in
2150 3496 2427 3550 anteriora
2477 3512 2622 3550 vera:
2678 3491 3151 3564 contemplationis
3205 3508 3264 3546 se
3319 3491 3661 3558 extenderet,

2042 3587 2203 3640 etiam
2247 3585 2383 3639 alios
2435 3584 2712 3653 respicere
2770 3582 3080 3637 admonitus
3111 3589 3240 3647 est;
3277 3579 3364 3635 vel
3410 3589 3540 3650 post
3601 3594 3660 3634 se

2041 3675 2208 3744 audit,
2245 3673 2373 3745 quia
2399 3690 2430 3727 a
2465 3673 2589 3744 lege
2647 3679 2701 3726 et
2729 3671 3017 3743 prophetis
3051 3669 3374 3742 praedictum
3402 3677 3488 3725 est
3534 3668 3658 3737 hoc,

2045 3763 2101 3817 id
2133 3763 2278 3818 enim
2308 3761 2581 3834 intelligit.

2114 3870 2288 3924 Vaas.
2343 3873 2428 3923 11.
2464 3899 2533 3908 —-
2570 3867 2722 3936 Quod
2756 3867 2927 3935 vides,
2963 3866 3161 3922 scribe.
3198 3864 3519 3920 Communis
3569 3862 3668 3919 ad-

2046 3958 2272 4014 monitio
2304 3957 2362 4012 iit
2390 3956 2606 4024 Joanni,
2642 3972 2762 4028 quin
2797 3955 3003 4010 monuit
3059 3953 3418 4010 communiter
3443 3953 3661 4007 mittere

2050 4047 2297 4103 ecclesia:
2341 4045 2504 4115 Asiae,
2564 4061 2662 4116 per
2711 4059 2848 4115 quas
2887 4042 3256 4116 intelligenda:
3300 4049 3426 4096 sunt
3469 4055 3663 4096 omnes

2057 4136 2177 4192 aliae
2224 4135 2510 4191 Ecclesiae.
2559 4135 2689 4190 Haec
2724 4132 3026 4189 communis
3056 4130 3355 4186 admonitio
3387 4128 3444 4184 fit
3477 4143 3661 4200 usque

2054 4225 2127 4280 ibi
2161 4242 2173 4278 :
2197 4226 2267 4279 Et
2296 4225 2502 4295 Angclo
2519 4224 2741 4295 Ephesi,
2764 4230 2868 4277 etc.
2896 4221 3022 4276 Sive
3051 4219 3210 4274 simul
3241 4227 3294 4274 et
3312 4234 3421 4274 uno
3439 4219 3660 4287 intuitu,

2055 4314 2168 4369 sive
2198 4329 2298 4383 per
2326 4320 2573 4383 tempora
2614 4310 2831 4365 diversa
2861 4309 3001 4364 hanc
3032 4307 3299 4363 visionem
3336 4307 3474 4362 vidit
3504 4308 3668 4362 Joan-

2055 4419 2174 4470 nes,
2207 4401 2435 4473 angelus
2480 4399 2794 4455 utrumlibet
2836 4398 2887 4453 ei
2918 4396 3166 4453 conferre
3195 4396 3390 4468 potuit.
3421 4397 3659 4467 Epheso.

2100 4492 2301 4562 phesas
2331 4491 2591 4546 voluntas
2622 4504 2748 4543 mea
2770 4486 3180 4557 interpretatur,
3215 4484 3304 4540 vel
3324 4485 3518 4557 lapsus
3531 4499 3666 4556 pro-

2046 4580 2278 4652 fundus,
2314 4577 2402 4635 vel
2431 4578 2752 4634 consilium.

2118 4705 2290 4759 Vans.
2329 4706 2414 4759 12.
2447 4731 2517 4742 -
2561 4703 2631 4756 Et
2664 4715 2966 4756 conversus
2998 4715 3146 4754 sum.
3180 4698 3248 4752 Et
3293 4696 3419 4769 quia
3476 4695 3663 4752 audivi

2046 4809 2262 4860 vocem,
2297 4806 2593 4847 conversus
2625 4806 2764 4859 sum,
2797 4797 2902 4843 etc.
2946 4789 3168 4860 Septem
3197 4787 3560 4842 candelabra.
3601 4783 3660 4838 Id

2044 4891 2126 4937 est
2157 4889 2363 4952 septem
2396 4879 2657 4935 ecclesias
2678 4879 2931 4932 ardentes
2955 4885 3007 4931 et
3038 4863 3364 4930 illuminatas
3396 4872 3662 4944 sapientia

2046 4970 2214 5026 divini
2249 4969 2432 5025 Verbi.
2469 4970 2671 5023 Aurea.
2714 4967 2864 5022 Sicut
2895 4981 3087 5020 aurum
3114 4981 3214 5036 per
3233 4964 3418 5037 ignem
3455 4962 3659 5033 proba-

2043 5068 2176 5129 tum,
2210 5057 2655 5128 percussionibus
2673 5065 2964 5110 extensum
2987 5053 3372 5110 candelabrum
3405 5050 3657 5117 efficitur,

2047 5149 2126 5204 sic
2159 5147 2406 5203 Ecclesia
2475 5144 2918 5199 tribulationibus
2977 5149 3225 5215 purgata,
3298 5140 3658 5196 tentationum

2044 5237 2236 5292 ictibus
2269 5236 2324 5290 in
2353 5234 2816 5308 longanimitatem
2870 5241 3090 5287 extensa
3125 5238 3554 5296 consummatur,
3607 5234 3662 5282 et

2044 5328 2162 5382 haec
2202 5327 2249 5380 si
2268 5326 2464 5380 habeat
2494 5339 2687 5379 vocem
2719 5323 2775 5376 in
2800 5337 2912 5388 ore,
2941 5329 3120 5376 etnon
3149 5321 3207 5374 in
3235 5335 3424 5390 opere,
3450 5316 3660 5374 cande-

2044 5416 2251 5470 labrum
2282 5414 2499 5486 quidem
2530 5420 2632 5478 est,
2670 5411 2768 5465 sed
2801 5426 2912 5465 non
2939 5426 3184 5464 aureum.

2115 5523 2286 5578 Vaas.
2321 5524 2407 5575 13.
2436 5551 2506 5559 -
2541 5519 2796 5575 Similem
2818 5518 2961 5573 Filio
2981 5516 3248 5572 hominis.
3283 5515 3344 5569 Id
3366 5521 3450 5569 est
3494 5528 3658 5585 ange-

2043 5611 2153 5665 lum
2181 5611 2239 5664 in
2264 5624 2497 5681 persona
2528 5607 2745 5673 Christi,
2784 5605 2876 5677 qui
2901 5606 3014 5674 jam
3071 5621 3181 5660 non
3227 5603 3425 5660 dicitur
3490 5602 3655 5657 Filius

2043 5698 2302 5768 hominis,
2356 5698 2454 5754 sed
2500 5695 2716 5766 similis,
2769 5694 2895 5768 quia
2933 5694 3048 5765 jam
3094 5709 3204 5750 non
3260 5691 3508 5754 moritur.
3560 5688 3662 5747 Vel
