3968 6176
272 284 378 341 ’713

1131 279 1405 338 GLOSSA
1432 278 1844 337 ORDINARIA.
1879 305 1948 318 -
1975 275 2204 336 EPIST.
2237 276 2332 333 AD
2354 275 2604 333 GALAT.

3463 281 3569 337 71L

269 408 408 465 Filio
435 406 672 463 hominis
701 405 916 473 similis,
950 406 1075 478 quia
1105 422 1215 462 non
1246 422 1369 462 cum
1398 413 1646 476 peccato,
1681 405 1780 460 sed
1808 403 1865 457 in
1884 400 1941 461 A
1972 402 2197 471 potestis
2228 402 2387 468 ferre,
2413 403 2538 473 quia
2565 401 2744 458 habeo
2759 410 3081 473 potestatem
3115 420 3276 476 super
3294 406 3573 462 diabolum

257 497 618 551 similitudine
667 495 847 551 carnis
907 496 1140 565 peccati,
1185 494 1430 566 apparuit
1492 494 1754 559 Christus,
1809 493 1865 546 in

252 602 364 658 quo
394 593 517 640 sunt
547 585 735 640 omnia
757 585 1075 640 necessaria
1093 584 1161 639 ad
1183 585 1434 655 regimen
1457 583 1740 638 Ecclesiae.
1770 585 1867 638 Po-

251 675 404 730 dere.
438 674 497 729 Id
527 681 610 729 est
639 673 971 728 sacerdotali
1003 682 1173 743 veste,
1205 673 1260 727 id
1293 681 1376 728 est
1404 687 1571 728 carne
1601 672 1658 725 in
1678 687 1785 743 qua
1809 687 1868 726 se

254 762 469 832 obtulit,
494 771 546 817 et
575 762 816 834 quotidie
837 761 1012 828 offert,
1045 769 1444 833 repraesentans
1467 777 1526 816 se
1560 762 1675 816 Deo
1699 759 1865 815 Patri.

253 852 376 916 Vel,
409 851 626 922 poderis
656 859 737 905 est
768 851 1039 920 Ecclesia,
1093 867 1197 922 qua
1224 851 1452 907 vestitur
1501 851 1648 904 Deus
1674 856 1733 903 ut
1780 857 1870 904 tu-

250 939 400 1005 nica,
435 957 558 1012 quae
585 939 783 994 dicitur
811 939 1019 1005 talaris,
1054 940 1182 1012 quia
1203 956 1375 1010 usque
1406 940 1475 994 ad
1494 939 1659 993 ﬁnem
1685 939 1872 992 mundi

250 1029 516 1083 duratura
544 1036 630 1083 est
649 1028 918 1084 Ecclesia.
941 1031 1328 1086 Prwcinctum
1348 1028 1420 1083 ad
1435 1029 1746 1083 mamillas.
1773 1028 1872 1080 Da-

250 1117 366 1172 niel
396 1117 630 1173 cinctum
659 1132 822 1172 renes
851 1116 984 1173 vidit
1015 1117 1072 1172 in
1121 1116 1302 1172 Veteri
1333 1117 1697 1182 Testamento,
1746 1115 1876 1186 quia

253 1204 336 1275 ibi
367 1205 607 1260 carnalia
629 1205 1080 1278 constringuntur
1103 1224 1118 1273 ;
1149 1205 1240 1260 hic
1257 1205 1494 1275 legimus
1521 1204 1872 1276 prmeinctum

250 1293 330 1349 ad
356 1295 666 1360 mamillas,
701 1294 828 1366 quia
854 1294 910 1348 in
939 1295 1096 1352 Novo
1127 1294 1498 1359 Testamento,
1533 1293 1700 1348 etiam
1729 1293 1877 1366 cogi-

251 1381 490 1437 tationes
525 1381 871 1451 judicantur.

329 1471 501 1526 Vens.
538 1471 623 1526 14.
658 1500 728 1511 -
760 1471 967 1543 Capilli
996 1475 1169 1528 erant
1194 1470 1442 1527 candidi.
1501 1470 1561 1525 Id
1590 1477 1673 1526 est
1703 1472 1877 1527 sancti

270 1559 566 1624 extenuati,
597 1566 651 1614 et
681 1559 1021 1615 adhaerentes
1050 1559 1155 1630 ipsi
1184 1559 1368 1630 capiti.
1403 1559 1503 1614 Vel
1521 1559 1878 1630 cogitationes

278 1649 421 1718 ejus.
459 1650 744 1722 Tanquam
775 1651 929 1705 lana.
971 1649 1122 1704 Sicut
1167 1649 1291 1703 lana
1335 1648 1461 1703 alba
1510 1656 1633 1719 apta
1680 1658 1762 1704 est
1809 1649 1879 1704 ad

253 1753 614 1809 quoscunque
645 1738 858 1792 colores
888 1737 1256 1807 accipiendos,
1293 1736 1374 1792 sic
1403 1737 1572 1792 sancti
1606 1738 1674 1791 ad
1701 1738 1869 1792 tribu-
1894 1759 1948 1818 Β
1973 1736 2716 1832 ῑᾶἑὲὲέἑ“ἒ’ἷ“,,.”“”“””ἶ
2739 1736 2758 1759 ⁴

257 1826 493 1850 ιηιεηκλ-
529 1825 863 1850 -.-α-...η-ᾹΜ.
930 1827 1033 1850 λη.-
1073 1827 1175 1850 nn"
1229 1826 1430 1850 ..η-ηιμ--
1463 1834 1541 1850 ..λι
1591 1825 1833 1850 :.........._...
2220 1818 2232 1830 '
2308 1797 2344 1850 Ρ
2369 1795 2470 1833 ιθδι
2502 1781 2766 1834 Εδθιθδίω

257 1826 497 1902 lationes
525 1825 885 1881 sufferendas.
920 1827 1178 1884 Nix.Nix
1225 1826 1430 1880 candor
1459 1834 1545 1880 est
1590 1825 1872 1880 immorta-

253 1913 446 1979 litatis,
480 1914 610 1985 quia
635 1914 918 1970 candidior
962 1915 1111 1970 omni
1139 1923 1410 1970 creatura.
1465 1915 1642 1970 Oculi.
1677 1915 1738 1968 Id
1791 1922 1876 1970 est

255 2003 410 2058 dona
441 2002 674 2073 Spiritus
704 2003 876 2057 sancti
908 2021 922 2057 :
955 2004 1070 2058 haec
1099 2012 1224 2057 sunt
1254 2003 1450 2058 Christi
1474 2003 1622 2058 velut
1665 2003 1874 2058 baben-

249 2091 326 2145 tis
358 2100 413 2146 et
439 2091 640 2159 dantis,
675 2090 813 2147 sicut
840 2091 1106 2147 Ecclesiae
1138 2091 1492 2162 accipientis;
1523 2092 1640 2147 hzec
1669 2091 1872 2146 illumi-

244 2187 385 2234 nant
413 2187 467 2235 et
498 2179 698 2234 faciunt
728 2180 946 2235 ardere.
981 2180 1080 2235 Vel
1111 2180 1252 2235 oculi
1274 2188 1402 2236 sunt
1425 2179 1528 2252 ipsi
1563 2179 1876 2252 spirituales

249 2269 311 2323 in
345 2268 616 2335 Ecclesia,
650 2268 738 2323 vel
765 2268 948 2324 divina
990 2277 1284 2340 praecepta.

334 2357 511 2411 Vens.
550 2360 634 2412 15.
679 2387 748 2397 —
779 2359 848 2412 Et
874 2357 1062 2430 pedes.
1099 2359 1157 2411 Id
1207 2364 1289 2412 est
1318 2356 1491 2411 ultimi
1539 2356 1748 2422 ﬁdeles,
1783 2357 1873 2430 qui

255 2445 452 2500 multis
478 2444 926 2501 concussionibus
955 2461 1061 2500 non
1094 2445 1396 2500 retinebunt
1434 2445 1669 2516 priorem
1716 2454 1872 2501 natu-

253 2550 398 2600 ram,
432 2533 573 2590 sicut
618 2533 1007 2601 aurichalcum,
1056 2535 1203 2606 quod
1252 2550 1397 2604 saepe
1444 2534 1766 2601 incenditur,
1821 2543 1874 2590 et

248 2623 544 2678 meliorem
588 2622 782 2693 accipit
814 2623 1082 2677 colorem.
1139 2624 1204 2678 In
1236 2623 1461 2679 camino
1509 2623 1756 2679 ardenti.
1811 2624 1872 2678 In

251 2712 365 2766 alia
412 2711 761 2766 translatione
801 2711 1030 2765 habetur
1081 2729 1095 2765 :
1151 2710 1460 2766 aurichalco
1510 2711 1718 2779 Libani,
1775 2728 1873 2783 per

253 2800 407 2872 quod
437 2800 740 2855 ostenditur
785 2799 931 2870 quod
972 2800 1028 2854 in
1076 2799 1165 2853 illa
1212 2801 1434 2870 regione
1479 2799 1570 2854 ubi
1611 2800 1872 2855 Dominus

255 2887 560 2945 cruciﬁxus
591 2896 690 2956 est,
726 2889 957 2954 maxime
989 2887 1077 2944 illa
1106 2888 1378 2943 tribulatio
1407 2896 1490 2943 est
1517 2887 1770 2944 valitura.
1801 2891 1872 2944 Et

255 2995 374 3034 vox
394 2979 555 3033 illius
579 2983 851 3050 tanquam
873 2995 980 3033 voa:
1001 2996 1036 3034 a
1056 2994 1295 3050 quarum
1325 2979 1662 3033 multarum.
1687 2978 1746 3031 Id
1765 2984 1868 3045 est,

257 3074 584 3146 praedicatio
613 3075 728 3143 ejus
760 3074 962 3129 obtinet
991 3074 1100 3129 vim
1127 3091 1300 3146 aquae,
1320 3055 1450 3146 quia
1471 3075 1714 3131 mundat.
1747 3075 1863 3142 Vel,

259 3164 399 3236 quia
427 3164 567 3218 hanc
597 3178 788 3218 vocem
815 3172 1139 3234 receperunt
1179 3163 1295 3234 jam
1324 3163 1478 3217 multi
1520 3163 1708 3234 populi
1756 3163 1854 3234 (qu

260 3259 660 3322 comparantur
721 3267 874 3322 aquae
931 3260 1158 3322 propter
1222 3251 1450 3319 ﬂuxum)
1509 3259 1655 3306 tanto
1701 3251 1881 3323 magis

259 3356 368 3396 vos
397 3347 654 3395 constare
699 3339 931 3395 debetis.
959 3341 1059 3396 Vel
1089 3356 1195 3396 vox
1215 3339 1387 3394 datrix
1409 3340 1696 3395 multarum
1715 3356 1884 3412 aqua-

265 3445 416 3495 rum,
451 3427 508 3483 id
537 3437 619 3484 est
648 3429 958 3500 gratiarum,
989 3429 1134 3483 unde
1163 3443 1289 3484 mox
1338 3429 1582 3500 sequitur
1612 3445 1628 3482 :

348 3518 529 3573 Vens.
587 3521 672 3572 16.
705 3518 1030 3572 —Stellas.
1079 3516 1264 3572 Stellae
1306 3523 1431 3570 sunt
1479 3516 1743 3588 episcOpi,
1799 3534 1875 3588 qu

260 3607 478 3663 debent
504 3605 626 3660 aliis
654 3606 835 3662 lucere
863 3606 1034 3661 verbo
1064 3613 1121 3660 et
1162 3605 1413 3676 exemplo
1444 3605 1587 3672 vitae,
1641 3606 1732 3677 qui
1783 3605 1884 3660 etsi

257 3695 640 3768 peccaverint,
673 3695 843 3749 stellae
862 3703 1143 3761 vocantur,
1171 3695 1468 3750 secundum
1487 3694 1633 3766 quod
1660 3693 1888 3748 instituti

260 3792 395 3839 sunt
416 3802 430 3838 :
454 3799 592 3855 quos
615 3783 776 3838 habet
797 3783 851 3836 in
872 3783 1113 3851 dextera,
1138 3783 1194 3838 id
1208 3791 1295 3838 est
1317 3783 1373 3836 in
1389 3783 1694 3854 potioribus
1704 3783 1882 3849 donis,

264 3888 399 3944 quae
424 3888 526 3942 per
555 3871 839 3925 dexteram
871 3871 1276 3942 signiﬁcantur.
1315 3873 1387 3926 Et
1417 3887 1492 3928 ea:
1533 3887 1646 3928 ore.
1698 3871 1757 3924 Id
1802 3877 1886 3926 est

264 3959 374 4016 Dei
419 3959 777 4030 inspiratione
821 3959 985 4014 exivit
1033 3958 1350 4030 praedicatio
1375 4002 1388 4026 ,
1435 3977 1556 4031 qua:
1601 3967 1888 4032 utrumque

266 4056 450 4114 secat,
482 4047 538 4101 in
569 4047 750 4103 Veteri
779 4048 998 4119 quidem
1031 4049 1379 4104 Testamento
1417 4048 1658 4103 carnalia
1701 4063 1886 4118 opera,

266 4137 501 4192 inNovo
529 4144 706 4191 autem
735 4136 1205 4208 concupiscentias
1231 4156 1244 4203 ;
1280 4137 1434 4192 unde
1459 4138 1527 4192 de
1549 4138 1653 4193 hoc
1674 4136 1880 4209 gladio,

267 4226 362 4298 qui
395 4233 482 4281 est
520 4226 748 4280 verbum
794 4226 915 4294 Dei,
949 4225 1214 4296 scriptum
1257 4234 1340 4281 est
1371 4243 1384 4280 :
1416 4227 1538 4284 Non
1587 4229 1742 4283 enim
1789 4243 1882 4282 vos

267 4317 414 4370 estis
435 4315 535 4385 qui
551 4315 867 4386 loquimini,
891 4315 989 4370 sed
1007 4315 1247 4386 spiritus
1268 4317 1461 4372 Patris
1482 4316 1673 4383 vestri,
1693 4316 1790 4388 qui
1812 4317 1890 4371 lo-

268 4405 476 4475 quitur
504 4403 567 4458 in
597 4403 760 4459 vobis.
793 4405 953 4460 Sicut
981 4405 1065 4460 sol
1096 4405 1247 4460 lucet
1274 4405 1338 4459 in
1370 4406 1601 4460 virtute.
1633 4404 1694 4459 Id
1715 4411 1799 4460 est
1828 4405 1884 4458 in

265 4472 508 4546 meridie
537 4489 652 4546 sine
695 4491 950 4546 nubibus.
1002 4491 1124 4558 Vel,
1176 4492 1315 4549 sicut
1360 4492 1478 4564 ipse
1525 4492 1773 4548 Christus
1819 4472 1946 4548 inD

268 4579 714 4646 resurrectione;
744 4579 852 4648 vel,
884 4581 1104 4651 quando
1133 4579 1271 4636 ﬁxus
1299 4581 1400 4638 erit
1440 4581 1495 4635 in
1522 4588 1802 4637 internum.

1968 498 2021 544 et
2050 507 2216 561 super
2242 493 2489 546 membra
2521 492 2657 560 ejus.
2691 493 2878 548 Mortis
2909 499 2966 548 et
3011 495 3250 565 inferni.
3307 495 3575 550 Diabolus

1968 587 2051 634 est
2090 595 2260 648 mors,
2311 581 2435 652 quia
2481 595 2651 635 causa
2697 590 2780 636 est
2825 582 3056 652 peccati,
3109 582 3163 636 id
3206 591 3286 637 est
3339 583 3574 652 mortis;

1970 667 2204 722 ministri
2234 670 2352 737 ejus
2381 677 2504 723 sunt
2535 668 2796 735 infernus,
2831 687 2887 723 1n
2928 671 3123 740 quibus
3153 672 3318 726 habet
3364 671 3569 727 locum.

2042 757 2214 812 Vens.
2251 761 2339 812 19.
2367 787 2438 798 —
2473 759 2603 826 Quae
2633 763 2850 829 oportet
2879 758 3006 828 ﬁeri
3030 763 3157 830 post
3191 761 3326 815 haec.
3363 761 3423 815 In
3441 759 3576 815 ulti-

1968 845 2073 898 mis
2120 845 2392 916 ﬁdelibus,
2446 862 2546 917 per
2590 863 2818 918 quorum
2861 847 3168 917 exemplum
3217 848 3305 902 isti
3352 849 3577 906 multum

1973 934 2174 988 debent
2204 935 2450 990 animari.

2043 1023 2214 1078 Vens.
2253 1028 2342 1080 20.
2381 1054 2449 1064 -
2479 1025 2933 1081 Sacramentum.
2970 1024 3187 1081 Scilicet
3213 1025 3576 1099 mysterium,

1973 1110 2067 1165 ubi
2079 1111 2225 1166 aliud
2245 1112 2480 1179 videtur,
2500 1121 2552 1169 et
2568 1113 2715 1168 aliud
2737 1113 3070 1187 intelligitur.
3095 1115 3224 1170 Haec
3244 1115 3422 1185 prima
3441 1115 3580 1173 visio

1975 1207 2059 1254 est
2086 1200 2156 1255 de
2186 1202 2531 1272 correptione
2561 1203 2947 1258 Ecclesiarum.
2982 1203 3226 1276 Angelus
3257 1203 3577 1276 allegoriam

1976 1295 2032 1351 in
2057 1305 2212 1368 parte
2239 1297 2433 1370 aperit,
2467 1307 2524 1354 ut
2555 1299 2748 1355 doceat
2775 1300 2973 1372 ubique
3001 1301 3204 1358 debere
3245 1301 3462 1372 requiri.

2620 1406 2850 1463 CAPUT
2873 1407 2938 1462 ΙΙ.

2049 1511 2220 1566 Vens.
2257 1514 2306 1566 1.
2341 1541 2409 1553 --
2441 1513 2512 1567 Et
2537 1515 2758 1586 angelo.
2792 1513 2852 1567 Id
2886 1522 2968 1568 est
2997 1513 3256 1586 episcopo
3277 1513 3484 1582 scribit,
3506 1514 3581 1572 de

1979 1615 2142 1654 manu
2194 1599 2348 1668 cujus
2405 1610 2631 1672 peccata
2689 1602 3027 1657 subditorum
3069 1604 3312 1674 requirit,
3367 1612 3419 1659 et
3463 1604 3582 1660 sine

1981 1690 2133 1758 cujus
2163 1704 2437 1744 consensu
2468 1691 2715 1745 subditos
2739 1691 2982 1759 judicare
3013 1708 3121 1746 non
3149 1693 3430 1762 praisumit
3459 1693 3581 1762 ipse

2817 1780 3069 1850 Ephesus
3109 1782 3407 1836 secundum
3436 1781 3579 1836 bene

1973 1865 2378 1936 persistentium
2402 1876 2613 1938 partem
2645 1871 2905 1924 voluntas
2927 1868 3329 1937 interpretatur,
3349 1885 3580 1939 quorum

1976 1953 2234 2025 operibus
2272 1955 2420 2010 Deus
2466 1955 2786 2021 delectatur,
2838 1955 2905 2010 de
2951 1956 3150 2026 quibus
3201 1956 3472 2026 proponit,
3520 1962 3580 2011 ut

1974 2058 2074 2114 per
2099 2045 2290 2098 horum
2319 2043 2622 2114 exemplum
2653 2043 2766 2116 (qui
2800 2044 2939 2115 lapsi
2962 2044 3190 2114 fuerant)
3212 2045 3580 2119 corrigantur.

1975 2133 2106 2186 Item
2135 2133 2388 2203 Ephesus
2437 2133 2815 2203 interpretatur
2844 2135 3170 2202 consilium,
3221 2134 3274 2187 id
3306 2143 3388 2189 est
3430 2133 3579 2188 indi-

1974 2237 2114 2293 gens
2144 2221 2393 2288 consilio,
2427 2220 2542 2277 sive
2592 2221 2772 2292 lapsus
2821 2222 3140 2292 profondus,
3199 2223 3284 2278 vel
3331 2223 3581 2278 voluntas

1974 2325 2116 2363 mea.
2154 2310 2391 2381 Septem.
2427 2309 2620 2379 Incipit
2651 2309 2954 2380 singulares
2985 2310 3400 2378 admonitiones,
3452 2327 3575 2382 quae

1971 2397 2200 2468 singulze
2229 2406 2280 2451 et
2306 2397 2642 2452 universales
2670 2414 2793 2453 esse
2824 2408 3049 2468 possunt
3069 2401 3369 2454 secundum
3400 2399 3579 2454 diver-

1972 2503 2031 2539 sa
2061 2487 2307 2540 membra
2338 2485 2618 2555 cujuslibet
2639 2486 2906 2542 ecclesia
2941 2488 3058 2543 Non
3074 2493 3229 2560 potes
3259 2491 3566 2543 sustinere.

1910 2627 1918 2632 .
1973 2575 2036 2629 Vi
2050 2575 2414 2629 humanitatis.
2449 2575 2566 2641 Vel,
2600 2593 2715 2633 non
2741 2581 2899 2648 potes
2929 2579 3214 2633 sustinere
3244 2575 3372 2648 quin
3391 2591 3551 2632 emen

1972 2663 2070 2718 des
2099 2663 2183 2718 vel
2214 2663 2472 2734 expellas.

2027 2751 2198 2806 Vens.
2245 2756 2299 2807 2.
2350 2782 2418 2792 -
2473 2754 2726 2808 Tentasti
2768 2770 2858 2809 eos
2907 2754 3003 2826 qui
3049 2770 3124 2810 se.
3157 2753 3281 2810 Non
3298 2761 3573 2810 tentantur

1970 2839 2075 2895 nisi
2106 2839 2196 2911 qui
2227 2841 2370 2894 intus
2401 2849 2523 2894 sunt
2556 2841 2608 2894 in
2641 2841 2906 2897 Ecclesia.

2043 2930 2212 2984 Vens.
2229 2934 2281 2984 3.
2303 2960 2372 2969 -—-
2395 2931 2734 2985 Sustinuisti
2752 2935 2984 3003 propter
3003 2948 3209 2988 nomen
3231 2948 3442 2988 meum.
3458 2931 3577 2988 Hoc

1969 3033 2077 3071 non
2131 3017 2304 3072 fecisti
2333 3034 2430 3088 pro
2461 3020 2689 3074 humana
2726 3019 2905 3085 laude,
2960 3021 3055 3075 sed
3101 3029 3326 3092 prOpter
3378 3036 3581 3076 nomen

1900 3117 1949 3179 ο
1978 3122 2157 3160 meum
2188 3106 2621 3178 gloriﬁcandum.
2648 3111 2716 3163 Et
2744 3126 2859 3164 non
2880 3108 3156 3179 deiecisti.
3180 3111 3339 3164 Notat
3360 3125 3581 3164 causam

1987 3194 2204 3248 humani
2237 3195 2481 3250 defectus
2519 3196 2685 3251 fuisse
2715 3196 2818 3250 nisi
2849 3197 3105 3251 auxilium
3137 3197 3513 3268 praevenisset.

2054 3284 2224 3338 Vens.
2260 3286 2312 3338 4.
2347 3315 2415 3325 -
2445 3285 2550 3339 Sed
2583 3285 2750 3341 habeo
2774 3286 3073 3341 adversum
3107 3291 3157 3342 te
3186 3287 3328 3359 quod
3344 3287 3590 3342 charita-

1985 3377 2117 3427 tem.
2152 3371 2248 3426 Vel
2280 3372 2566 3442 episcopus
2605 3373 2656 3426 in
2705 3390 2941 3445 persona
2989 3390 3106 3446 sua,
3157 3374 3382 3431 affectus
3429 3374 3592 3432 taedio

1983 3460 2236 3515 vitiorum
2266 3461 2681 3531 reprehenditur
2709 3461 2762 3516 in
2794 3462 3043 3528 subditis,
3096 3463 3181 3517 vel
3203 3463 3409 3517 subditi
3441 3479 3587 3518 amo-

1984 3566 2042 3604 re
2072 3557 2411 3604 terrenorum
2443 3550 2762 3621 delinquere
2791 3551 3156 3606 inveniuntur.
3196 3551 3317 3606 Heli
3338 3553 3591 3607 sacerdos

1986 3636 2084 3692 fuit
2115 3637 2310 3701 bonus,
2343 3644 2396 3691 et
2426 3645 2609 3692 tamen
2638 3639 2922 3693 damnatus
2969 3645 3051 3694 est
3084 3637 3210 3709 quia
3241 3637 3382 3694 ﬁlios
3410 3639 3590 3696 corri-

1987 3741 2120 3796 gere
2167 3725 2408 3779 nolebat.

2057 3815 2226 3870 Vens.
2268 3817 2320 3868 5.
2364 3844 2434 3854 —
2466 3815 2674 3871 Movebo
2692 3814 3118 3872 candelabrum.
3150 3815 3407 3870 Auferam
3429 3815 3594 3872 virtu-

1986 3911 2068 3957 tes
2098 3910 2150 3957 et
2177 3902 2316 3957 dona
2348 3902 2578 3974 Spiritus
2611 3904 2804 3972 sancti,
2837 3921 2934 3975 per
2981 3921 3103 3976 qua:
3130 3911 3256 3959 sunt
3300 3905 3595 3960 constituta

1990 3991 2340 4047 candelabra.

2059 4081 2228 4136 Vens.
2263 4084 2315 4136 6.
2339 4113 2408 4122 -—
2436 4083 2541 4138 Sed
2573 4083 2671 4138 hoc
2704 4082 2868 4140 habes
2917 4083 3140 4140 bonum.
3183 4082 3443 4153 Quamvis
3489 4084 3595 4141 hoc

1987 4177 2069 4225 est
2097 4172 2382 4226 adversum
2417 4179 2485 4238 te,
2539 4178 2722 4226 tamen
2767 4188 2874 4227 non
2919 4174 3198 4244 desperes,
3252 4174 3376 4244 quia
3419 4173 3594 4228 habes

1988 4258 2207 4314 bonum.
2267 4261 2438 4315 Facta
2503 4261 2937 4319 Nicolaitaru-m.
2993 4262 3054 4316 Id
3097 4270 3197 4327 est,
3245 4275 3592 4326 communem

1983 4363 2140 4402 usum
2168 4347 2470 4414 mulierum,
2504 4357 2556 4403 et
2582 4350 2973 4406 comestionem
3001 4349 3421 4404 idolothitorum.

2060 4436 2232 4492 Vens.
2274 4439 2325 4490 7.
2360 4467 2430 4476 —
2464 4437 2569 4504 Qui
2598 4439 2763 4494 habet
2801 4455 3018 4495 aurem.
3072 4438 3182 4492 Cur
3227 4435 3592 4493 audiendum?

1977 4523 2109 4596 quia
2154 4526 2526 4595 perseveranti
2571 4527 2813 4581 Christus
2872 4535 2955 4582 est
3013 4525 3222 4598 lignum
3268 4525 3410 4592 vitae,
3462 4526 3592 4599 quia.

1971 4613 2344 4669 umbraculum
2395 4622 2446 4669 et
2504 4614 2670 4668 robur
2709 4623 2760 4670 et
2791 4615 2926 4670 dans
2955 4614 3209 4682 fructum,
3261 4613 3318 4668 id
3348 4623 3431 4670 est
3461 4631 3590 4672 cor-

337 4687 518 4740 VBRS-
556 4687 640 4741 17-
671 4715 740 4727 ⁸-
773 4687 978 4745 θθσίάί·
1012 4685 1073 4742 Id
1101 4696 1204 4756 est»
1236 4687 1440 4761 Proieci
1469 4702 1656 4744 curam
1684 4689 1876 4743 huma‘
1971 4717 2073 4772 pus
2105 4709 2158 4756 et
2187 4702 2519 4774 sanguinem
2552 4711 2603 4758 et
2635 4703 2724 4759 hic
2754 4711 2807 4758 et
2836 4703 3072 4759 maxime
3099 4703 3154 4757 in
3205 4703 3403 4758 futuro.

268 4774 461 4833 nitatis
492 4774 563 4830 ad
611 4774 1016 4832 similitudinem
1057 4776 1370 4832 ultimorum
1413 4775 1671 4835 ﬁdelium.
1727 4779 1877 4834 Tan-

267 4882 446 4940 quam
477 4869 757 4921 mortuus.
791 4866 1030 4921 Mortuus
1058 4865 1281 4932 mundo,
1312 4864 1467 4920 vivus
1515 4867 1650 4934 Deo,
1699 4875 1753 4922 et
1801 4864 1879 4920 nil

268 4953 612 5011 terrenitatis
638 4954 880 5024 cupiens.
913 4957 1220 5010 Dexteram
1257 4971 1442 5010 suam.
1477 4955 1693 5010 Scilicet
1722 4971 1878 5010 sanc-

269 5051 383 5098 tum
421 5042 688 5113 Spiritum
718 5041 1136 5109 confortantem,
1172 5043 1228 5097 id
1261 5050 1343 5098 est
1392 5042 1650 5097 auxilium
1699 5059 1874 5098 suum.

271 5134 403 5189 Noli
440 5133 662 5188 timere.
695 5131 812 5186 Pati
841 5147 940 5202 pro
970 5147 1058 5186 me
1107 5131 1487 5187 tribulationes
1530 5140 1585 5186 et
1627 5141 1875 5199 mortem,

271 5221 404 5292 quia
437 5235 535 5292 ego
562 5220 655 5292 qui
686 5236 796 5276 non
823 5220 1138 5293 indigebam
1186 5228 1410 5290 propter
1455 5236 1564 5286 me,
1614 5237 1736 5276 cum
1778 5221 1880 5276 sim

271 5312 499 5380 primus
533 5313 591 5364 et
617 5311 977 5375 novissimus,
1011 5311 1102 5380 fui
1140 5313 1398 5366 mortuus
1440 5314 1500 5364 et
1526 5311 1700 5366 vivus.

341 5411 522 5467 Vens.
560 5414 646 5466 18.
679 5441 748 5452 -—
777 5411 914 5466 Sum
944 5412 1154 5466 vivens.
1186 5412 1254 5465 Et
1282 5411 1407 5467 ideo
1421 5428 1530 5466 non
1553 5410 1880 5482 terreamini,

273 5499 402 5571 quia
430 5499 722 5555 manifeste
753 5498 984 5567 surrexi,
1019 5514 1122 5555 nec
1151 5499 1384 5570 amplius
1415 5499 1631 5555 moriar.
1666 5502 1734 5555 Et
1777 5501 1882 5555 ha-

271 5598 382 5656 beo.
444 5598 515 5653 Et
534 5597 657 5652 ideo
713 5611 823 5651 non
876 5595 1051 5666 patiar
1091 5612 1203 5654 .vos
1254 5597 1448 5654 tentari
1507 5611 1673 5669 supra
1723 5611 1886 5668 quam

565 5695 807 5752 Puncta
850 5693 1040 5752 CXIV.

2048 4790 2217 4846 Vens.
2246 4794 2295 4845 8.
2313 4793 2667 4863 —Smyrlna:.
2692 4793 2924 4864 Smyrna
2951 4794 3241 4848 canticum
3261 4791 3593 4863 interpreta-

1978 4879 2178 4946 tur,vel
2202 4881 2364 4951 quasi
2381 4882 2613 4951 myrrha
2630 4898 2641 4936 :
2659 4881 2821 4935 etiam
2839 4874 3108 4937 canticum
3123 4881 3179 4935 in
3192 4881 3282 4952 qui
3298 4881 3398 4935 bus
3411 4882 3595 4938 delec-

1977 4983 2134 5044 tatur,
2149 4979 2370 5047 myrrha
2382 4978 2462 5034 sic
2479 4987 2560 5033 est
2571 4995 2750 5032 amara
2763 4987 2818 5033 ut
2833 4979 2994 5034 etiam
3006 4995 3232 5050 corpora
3255 4996 3284 5034 a
3295 4980 3585 5050 putredine

1979 5073 2177 5120 servet.
2212 5067 2333 5120 Ilazc
2363 5068 2501 5122 dicit
2527 5069 2769 5139 primus.
2803 5069 2989 5123 Talem
3019 5068 3276 5123 describit
3308 5069 3584 5125 Christum

1980 5153 2125 5224 quod
2152 5155 2324 5209 valeat
2353 5155 2419 5208 ad
2450 5157 2877 5211 consolationem
2906 5174 3098 5212 eorum
3125 5157 3319 5230 quibus
3354 5159 3583 5214 tribula-

1981 5240 2156 5295 tiones
2188 5242 2524 5314 ingeruntur.
2551 5248 2672 5301 Haec
2689 5247 2826 5301 dicit
2841 5248 3082 5318 pri-mus.
3113 5246 3278 5315 Quasi
3299 5246 3441 5302 dicat
3465 5266 3478 5301 :
3503 5249 3588 5303 Ne

1980 5329 2240 5385 deﬁciatis
2257 5348 2370 5397 vos,
2397 5334 2521 5405 quia
2543 5350 2646 5404 ego
2676 5343 2854 5389 tantus
2881 5345 3100 5407 propter
3133 5352 3230 5391 vos
3246 5353 3439 5406 passus
3462 5350 3582 5390 sum

1981 5428 2234 5489 mortem,
2250 5421 2316 5475 de
2328 5438 2436 5494 qua
2447 5423 2744 5478 resurrexi.
2766 5425 2880 5480 Iloc
2893 5425 3036 5480 idem
3050 5425 3373 5496 exspectetis
3387 5431 3439 5478 et
3454 5439 3580 5479 vos.

2053 5508 2225 5563 Vens.
2273 5513 2356 5564 10.
2399 5542 2468 5552 -—
2507 5513 2733 5585 Aliquos
2764 5529 2838 5569 ea:
2876 5515 3042 5571 vobis.
3091 5515 3191 5569 Hic
3240 5519 3387 5583 patet
3435 5509 3581 5581 quod

1983 5611 2095 5654 non
2141 5597 2210 5654 de
2255 5614 2364 5657 uno
2408 5600 2547 5669 solo,
2581 5600 2678 5659 sed
2707 5602 2775 5661 de
2821 5603 3073 5676 pluribus
3118 5601 3476 5674 intelligatur.
3515 5597 3583 5656 Ut

3190 5700 3260 5762 23
