3964 6178
404 211 511 265 715

796 206 1200 266 WALAFRIDI
1237 207 1481 265 STRABI
1518 206 1716 265 FULD.
1759 204 1931 263 MON.
1972 205 2125 263 OPP.
2167 205 2342 264 PARS
2379 209 2424 265 Ι.
2463 239 2531 252 -
2568 208 3042 268 THEOLOGICA.

3600 213 3701 267 ⁵716

408 334 736 390 tentemini.
769 331 830 388 Id
860 341 960 402 est,
995 340 1052 388 ut
1083 332 1407 404 probemini,
1441 331 1528 387 vel
1548 330 1795 402 despecti
1815 331 2015 387 habea-
2041 331 2098 394 A
2170 343 2341 398 Vens.
2365 341 2420 395 2.
2443 337 2654 392 —Esto
2683 335 2945 407 vigilans.
2968 333 3098 388 Ideo
3118 331 3306 403 vigila,
3329 333 3459 405 quia
3488 334 3621 390 licet
3638 335 3712 389 sis

403 422 538 478 mini
566 437 600 476 a
629 421 846 478 diabolo
876 430 930 477 et
945 421 1206 477 membris
1225 421 1360 490 ejus.
1385 420 1586 479 Diebus
1607 420 1816 478 decem.
1843 419 1903 475 Id
1923 427 2005 475 est

403 519 650 582 tempore
670 510 814 566 illius
836 510 981 566 belli.
1015 511 1162 566 Deus
1183 509 1330 565 enim
1358 524 1486 565 suos
1507 509 1576 564 ad
1597 507 1742 564 bella
1762 509 2001 576 mittens,

404 599 686 672 Decalogo
715 607 912 655 armat.
945 597 1045 654 Vel
1075 599 1268 654 decem
1297 597 1512 665 diebus,
1545 596 1603 654 id
1631 605 1732 664 est,
1766 605 1878 654 toto
1899 596 2004 653 hoc

404 695 652 760 tempore
680 687 736 743 in
776 702 883 760 quo
912 701 1013 758 per
1040 695 1250 758 septem
1279 686 1398 742 dies
1427 693 1619 742 contra
1646 686 1748 741 tria
1792 686 2002 757 princi-

399 777 551 848 palia
578 775 707 832 vitia
735 783 1028 848 pugnatur,
1061 775 1368 843 avaritiam,
1401 774 1772 847 cupiditatem,
1803 789 2002 833 vanam

407 864 666 938 gloriam.

472 953 623 1009 Vnus
655 955 742 1008 11.
774 981 846 995 --
872 953 914 1008 A
937 956 1118 1010 morte
1137 954 1405 1010 secunda.
1431 952 1611 1008 Prima
1630 968 1782 1008 mors
1804 951 2001 1008 animm

402 1048 487 1098 est
505 1041 563 1097 in
581 1041 847 1113 peccatis,
870 1042 1112 1098 secunda
1131 1041 1187 1096 in
1205 1041 1383 1114 pinnis
1406 1058 1421 1098 :
1443 1041 1623 1114 prima
1637 1057 1789 1096 mors
1809 1056 2002 1113 corpo-

395 1128 495 1199 ris,
527 1129 748 1204 quando
779 1129 1132 1200 dissolvitur;
1161 1130 1422 1199 secunda,
1456 1130 1676 1203 quando
1704 1129 1997 1188 damnabi-

392 1225 483 1275 tur
512 1219 570 1274 in
595 1218 822 1289 judicio.

465 1308 643 1376 Vnus.
691 1311 778 1366 12.
811 1338 880 1349 -
909 1308 1325 1381 Rhomphaeam.
1383 1306 1567 1380 Exigit
1611 1315 1670 1363 ut
1699 1307 1790 1363 isti
1853 1308 2000 1364 hunc

388 1395 637 1470 gladium
665 1396 905 1452 habeant
934 1396 991 1452 in
1020 1396 1286 1454 electione
1330 1397 1596 1454 bonorum
1643 1405 1697 1453 et
1735 1395 1998 1468 reproba-

387 1485 536 1542 tione
577 1484 870 1542 malorum.

463 1573 638 1632 Vsus.
671 1577 760 1631 13.
789 1602 859 1615 -
889 1575 1009 1631 Non
1038 1575 1262 1647 negasti
1288 1574 1458 1645 ﬁdem
1487 1591 1693 1631 meam.
1744 1573 1999 1630 Tribula-

2105 437 2289 492 mente
2340 427 2598 484 immotus
2623 465 2638 492 ,
2668 422 2756 480 vel
2797 422 2852 478 in
2898 431 3080 478 mente
3134 419 3457 487 laudabilis,
3491 437 3606 479 non
3651 439 3709 480 es

2107 529 2292 578 tamen
2320 514 2618 588 perfectus,
2650 512 2755 566 nisi
2779 518 3010 568 caeteros
3039 511 3262 577 excites,
3297 517 3352 567 et
3378 525 3492 567 non
3508 520 3596 567 est
3624 526 3707 566 sa-

2107 610 2176 665 tis
2205 605 2480 664 Christum
2510 599 2779 668 conﬁteri,
2812 599 2917 655 nisi
2949 599 3114 656 etiam
3134 615 3306 671 opera
3331 598 3556 657 feceris.
3590 601 3707 656 Non

2105 699 2263 755 enim
2289 693 2515 751 invenio
2545 706 2714 763 Opera
2745 693 2846 746 tua
2869 689 3063 762 plena.
3105 688 3249 744 Dum
3278 703 3340 745 es
3369 687 3490 743 sine
3518 688 3704 745 chari-

2105 793 2233 850 tate,
2249 783 2336 840 vel
2366 796 2467 854 pro
2496 778 2678 848 laude,
2712 777 2800 835 vel
2830 777 2958 850 quia
2973 776 3270 834 committis
3289 776 3600 833 criminale.

2175 899 2345 956 Vens.
2382 901 2435 952 3.
2465 926 2536 938 —
2567 897 2633 951 In
2677 898 2871 950 mente
2908 909 3038 966 ergo
3084 892 3248 969 habe._
3273 891 3333 947 Id
3363 899 3469 960 est,
3507 906 3705 949 recor—

2103 989 2237 1045 dare
2269 985 2502 1060 qualiter
2543 983 2709 1040 ﬁdem
2754 982 2956 1039 Christi
2984 981 3041 1036 in
3087 980 3410 1053 baptismate
3439 997 3707 1053 percepe-

2103 1077 2184 1132 ris
2217 1094 2231 1133 z
2263 1074 2357 1131 ubi
2377 1071 2678 1146 promisisti
2708 1071 3146 1127 renuntiaturum
3173 1077 3227 1125 te
3248 1068 3478 1126 diabolo
3494 1077 3552 1126 et
3581 1084 3705 1125 om-

2101 1165 2265 1221 nibus
2283 1161 2500 1238 pompis
2531 1161 2669 1232 ejus.
2718 1159 3032 1216 Recordare
3060 1158 3223 1216 etiam
3269 1157 3414 1230 quod
3445 1173 3476 1212 a
3505 1157 3704 1215 docto-

2101 1254 2250 1311 ribus
2279 1251 2410 1308 ﬁdei
2437 1249 2762 1307 Christianae
2790 1247 3025 1321 qualiter
3053 1254 3106 1303 te
3135 1246 3321 1303 vivere
3350 1253 3568 1318 oportet
3598 1262 3705 1304 au-

2100 1341 2282 1400 divisti
2304 1359 2319 1396 :
2343 1348 2396 1397 et
2423 1353 2587 1397 serva
2628 1337 2775 1410 quod
2820 1335 3037 1402 audisti,
3070 1343 3124 1391 et
3167 1335 3544 1407 paenitentiam
3569 1349 3702 1408 age,

2067 1466 2069 1468 -
2100 1447 2168 1489 eo
2198 1430 2344 1504 quod
2373 1446 2404 1484 a
2430 1427 2589 1485 bonis
2617 1426 2876 1499 operibus
2907 1424 3094 1482 tandiu
3123 1424 3394 1496 torpuisti.
3437 1425 3705 1480 Audieris

2103 1536 2136 1576 a
2165 1519 2370 1576 sanctis
2397 1517 2666 1583 Patribus,
2701 1514 2844 1588 quia,
2877 1515 2976 1588 qui
3001 1514 3068 1570 in
3103 1529 3218 1570 uno
3264 1511 3538 1586 offendit,
3579 1528 3704 1569 om-

2100 1610 2266 1666 nium
2321 1624 2453 1664 reus
2485 1610 2610 1674 est;
2665 1604 2830 1671 unde,
2863 1603 3208 1660 charitatem
3237 1605 3563 1660 autemnon
3586 1601 3699 1657 Ita-

392 1663 468 1736 ιίο
504 1663 667 1733 justis
711 1661 1034 1719 illuminatio
1109 1669 1213 1730 est,
1267 1662 1681 1718 contumacibus
1727 1661 2062 1754 correptioB
2637 1693 2776 1766 (Jac.
2812 1661 2894 1764 ξι),

393 1753 681 1808 obstinatis
711 1750 1023 1808 excaecatio.

461 1839 634 1898 Vens.
669 1841 758 1897 14.
779 1869 851 1882 --
865 1842 1119 1896 Balaam.
1145 1841 1249 1894 Per
1269 1839 1492 1895 Balaam
1513 1839 1851 1913 intelligendi
1869 1848 1992 1894 sunt

384 1928 628 1986 haretici
659 1928 751 2002 qui
780 1928 976 1984 docent
1015 1936 1268 1984 terrenos
1298 1928 1574 2000 principes
1604 1929 1837 2000 qualiter
1864 1929 1994 1984 sub-

399 2025 610 2076 vertant
631 2018 871 2075 cultores
893 2017 1006 2073 veri
1028 2016 1260 2074 Dei.Vel
1279 2017 1518 2084 Balaam,
1541 2017 1596 2072 id
1615 2017 1990 2073 estdaemones

388 2106 480 2180 qui
509 2107 708 2163 docent
737 2121 958 2161 carnem
987 2105 1246 2178 decipere
1275 2106 1486 2161 animas
1515 2106 1762 2161 videntes
1792 2107 1986 2172 Deum,

465 2194 639 2252 Vens.
663 2197 754 2252 15.
766 2223 835 2237 --
845 2195 1178 2251 Doctrinam
1194 2195 1626 2252 Nicolaitarum.
1653 2195 1782 2250 ldeo
1803 2194 1997 2266 repetit

386 2285 456 2342 de
465 2283 767 2352 Nicolaitis,
791 2282 930 2339 utad
942 2283 1318 2354 pmnitentiam
1330 2283 1538 2352 invitet,
1561 2284 1705 2355 quod
1718 2299 1828 2338 non
1841 2282 1984 2339 fecit.

455 2374 628 2429 Vens.
663 2374 750 2428 17.
782 2402 852 2414 -
878 2373 1104 2429 Manna.
1126 2373 1229 2429 Per
1245 2388 1446 2427 manna
1465 2372 1710 2444 intellige
1730 2379 1987 2427 aeternam

385 2462 620 2537 gloriam
649 2460 718 2517 de
748 2477 854 2534 qua
885 2476 1076 2517 omnes
1109 2461 1290 2516 dicent
1319 2478 1336 2516 :
1368 2458 1513 2530 Quid
1543 2469 1624 2516 est
1651 2461 1755 2516 hoc
1775 2461 1804 2516 ?
1839 2460 1986 2530 Quo-

382 2553 546 2606 niam
573 2567 678 2606 nec
708 2551 905 2606 oculus
936 2550 1096 2616 vidit,
1147 2566 1251 2605 nec
1282 2551 1440 2605 auris
1489 2550 1709 2605 audivit
1756 2549 1813 2620 (I
1859 2550 1982 2605 Cor.

380 2639 461 2710 ιι),
497 2647 601 2694 etc.
632 2640 703 2694 Et
730 2638 866 2694 dabo
896 2639 968 2694 ei.
1003 2638 1062 2692 ln
1109 2637 1336 2693 Daniele
1379 2637 1641 2708 scriptum
1683 2646 1765 2692 est
1799 2654 1812 2692 :
1845 2638 1984 2693 Abs-

379 2731 531 2784 cisus
561 2730 647 2782 est
679 2726 824 2798 lapis
855 2727 980 2782 sine
1028 2727 1291 2782 manibus
1322 2726 1489 2797 (Dan.
1525 2725 1585 2796 ι).
1637 2727 1699 2780 In
1745 2725 1982 2781 Prover-

379 2816 482 2872 biis
516 2833 531 2870 :
566 2816 795 2872 Gemma
825 2815 1161 2886 gravissima
1210 2815 1560 2888 exspectatio
1587 2815 1979 2887 prwstolantis

375 2904 560 2976 (Prov.
593 2904 760 2972 xvn).
794 2903 944 2957 Idem
973 2918 1174 2974 corpus
1205 2903 1440 2958 solidum
1478 2918 1575 2972 per
1622 2902 1801 2972 ipsum
1846 2901 1983 2958 luei-

369 2993 520 3059 dum,
554 2991 850 3049 candidum
877 2991 1163 3046 virtutibus
1192 2998 1245 3046 et
1277 3007 1374 3061 Spe
1405 2989 1848 3046 immortalitatis.

2163 1786 2334 1842 Vens.
2357 1786 2409 1841 4.
2446 1815 2515 1824 -
2550 1784 2670 1840 Νοη
2707 1783 3156 1856 inquinaverunt
3193 1779 3532 1837 vestimenta
3561 1794 3696 1836 sua.

2092 1876 2285 1932 Vestes
2331 1871 2747 1929 immortalitatis
2793 1879 2846 1926 et
2886 1871 3228 1938 innocentiae,
3271 1883 3415 1942 quas
3448 1883 3700 1940 accepe-

2092 1972 2219 2020 runt
2245 1963 2303 2018 in
2329 1962 2622 2034 baptismo,
2653 1960 2762 2032 vel,
2784 1975 2881 2014 sua
2909 1959 3053 2015 bona
3073 1972 3261 2030 opera.

2161 2080 2334 2136 Vens.
2356 2081 2408 2134 5.
2430 2107 2501 2120 -—
2515 2077 2637 2134 Non
2658 2075 2866 2134 delebo.
2897 2074 3053 2131 Delet
3083 2074 3370 2146 reprobos,
3389 2069 3703 2128 secundum

2094 2167 2227 2223 illud
2260 2185 2274 2222 :
2308 2166 2600 2224 Induravit
2621 2165 2891 2221 Dominus
2911 2180 3006 2222 cor
3033 2163 3348 2219 Pharaonis
3378 2159 3588 2232 (Exod.
3606 2161 3697 2231 ι).

2088 2258 2166 2314 De
2199 2257 2335 2313 libro
2365 2257 2514 2312 vitm.
2547 2254 2706 2310 Liber
2733 2253 2858 2310 vitae
2871 2250 3221 2325 praescientia
3241 2251 3343 2307 Dei
3360 2258 3459 2316 est,
3492 2249 3557 2303 in
3590 2263 3702 2321 qua

2088 2343 2274 2402 omnia
2306 2342 2670 2400 continentur.
2709 2341 3021 2412 Conﬁtebor
3047 2355 3254 2415 nomen
3282 2341 3422 2411 ejus,
3453 2336 3699 2393 dicens:

2099 2433 2310 2500 Venite,
2342 2430 2622 2488 benedicti
2649 2431 2840 2487 Patris
2867 2429 2982 2486 mei
3009 2429 3231 2496 (Matth.
3265 2427 3426 2499 xxv).
3451 2425 3561 2482 Vel
3584 2425 3697 2496 hic,

2087 2520 2327 2578 Dedistis
2358 2520 2506 2576 mihi
2531 2518 2880 2575 manducare
2901 2522 2959 2574 et
2979 2516 3181 2574 bibere.

2156 2625 2328 2681 Vens.
2374 2627 2429 2680 7.
2473 2655 2543 2666 -
2581 2624 2709 2680 Haec
2739 2623 2898 2680 dicit.
2930 2621 3102 2692 Quasi
3149 2621 3289 2678 dicat
3321 2635 3337 2676 :
3367 2617 3586 2675 Labora
3618 2618 3694 2675 de

2085 2713 2442 2771 conversione
2472 2712 2706 2769 fratrum
2740 2711 2879 2769 sicut
2906 2710 3120 2782 empisti
3153 2728 3168 2766 :
3200 2709 3325 2781 quia
3352 2707 3408 2763 in
3435 2723 3503 2764 eo
3534 2707 3696 2780 quod

2083 2802 2332 2874 promisi,
2354 2801 2716 2875 quodcunque
2755 2799 3044 2874 petieritis
3095 2801 3327 2855 Patrem
3353 2799 3414 2853 in
3447 2797 3696 2853 nomine

2083 2908 2228 2962 meo,
2262 2891 2419 2947 dabit
2448 2891 2596 2948 vobis
2629 2890 2815 2960 (Joan.
2845 2888 2990 2960 xxv),
3024 2904 3147 2943 sum
3174 2903 3338 2944 verax
3367 2886 3421 2940 in
3447 2885 3700 2956 pmmis-

2083 2979 2180 3047 sis,
2212 2980 2360 3034 unde
2391 2979 2535 3036 scire
2564 2979 2792 3051 potestis
2816 2976 2964 3050 quod
2983 2976 3184 3032 multos
3204 2974 3563 3048 congregabo
3596 2990 3697 3030 vo-

541 3090 605 3144 in
633 3089 871 3144 calculo.
908 3087 1004 3142 Vel
1036 3103 1199 3157 super
1229 3051 1559 3157 baptismum
1591 3086 1732 3142 adde
1761 3093 1970 3158 marty-
1993 3051 2043 3114 Ο
2074 3067 2708 3158 δίεῄδίθυῖίάθείάθτθιίξδο
2737 3067 2992 3158 aliud“:
3015 3066 3084 3122 Ut
3115 3079 3437 3158 qumramP-‘j:
3466 3066 3690 3158 αρεζῖίν

374 3179 534 3244 rium,
569 3176 720 3245 cujus
751 3174 860 3230 vim
880 3192 987 3230 non
1003 3173 1252 3246 intelligit
1269 3174 1556 3246 hypocrita
1578 3175 1668 3246 qui
1685 3191 1788 3247 pro
1815 3175 1976 3230 laude

361 3257 651 3320 hominum
679 3263 898 3334 patitur.
930 3261 1237 3335 Scriptum.
1273 3262 1526 3335 Quinque
1557 3263 1748 3319 litteris
1767 3263 1979 3319 scilicet

371 3354 610 3426 quinque
640 3352 957 3408 vulneribus
985 3368 1108 3406 cum
1127 3351 1324 3423 quibus
1345 3361 1624 3407 ostensum
1653 3351 1751 3408 fuit
1771 3369 1976 3424 corpus

369 3443 486 3512 ejus
517 3443 573 3496 in
603 3457 782 3509 cruce,
819 3440 966 3513 quod
997 3449 1204 3511 martyr
1243 3439 1360 3496 fuit.

431 3531 602 3587 Vens.
630 3534 715 3586 19.
766 3560 836 3571 -
885 3531 1019 3587 Novi
1067 3546 1235 3602 Opera
1284 3534 1403 3596 tua,
1457 3536 1563 3586 etc.
1612 3529 1778 3586 Filius
1827 3529 1970 3585 dona

361 3619 593 3692 Spiritus
623 3617 796 3674 sancti
826 3618 1008 3684 habet,
1035 3617 1090 3672 id
1122 3624 1223 3684 est,
1249 3618 1343 3674 dat
1373 3618 1460 3674 cui
1492 3619 1623 3685 vult,
1649 3619 1736 3675 vel
1767 3617 1964 3674 aufert.

2083 3164 2140 3212 ut
2169 3156 2531 3229 inveniamus,
2563 3165 2622 3212 ut
2649 3154 2938 3227 inquisitor
2966 3153 3200 3210 fructum
3248 3150 3474 3223 accipiat
3508 3151 3695 3206 sudo-

2080 3245 2158 3300 ris
2188 3244 2292 3312 sui,
2327 3253 2379 3300 et
2409 3244 2641 3319 largitor
2677 3243 2884 3317 gratias
2925 3259 3038 3298 suae
3067 3241 3322 3297 bonitatis
3347 3239 3577 3294 habeat.

2219 3351 2390 3406 Vens.
2416 3355 2468 3406 8.
2501 3379 2572 3392 ——
2617 3352 2754 3406 Ecce
2799 3349 2928 3406 dedi
2973 3365 3164 3405 coram
3203 3351 3276 3403 te.
3307 3344 3493 3400 Merito
3525 3344 3688 3412 dedi,

2070 3439 2193 3512 quia
2221 3447 2407 3511 aperte
2444 3454 2554 3495 non
2595 3445 2816 3509 poteras
2855 3437 3062 3494 habere
3092 3451 3191 3508 per
3226 3441 3300 3503 te,
3326 3433 3454 3507 quia
3480 3432 3678 3490 modi-

2069 3543 2193 3585 cam
2222 3529 2396 3583 habes
2424 3526 2699 3584 virtutem.

2142 3626 2383 3683 Ostium.
2415 3626 2521 3682 Per
2560 3625 2761 3680 ostium
2783 3664 2799 3689 ,
2821 3623 2965 3696 quod
3010 3621 3206 3678 dicitur
3251 3619 3321 3677 ab
3369 3619 3676 3686 obstando,

358 3709 488 3765 Ῑάθο
518 3709 732 3764 Videant
762 3706 849 3760 ίείί
880 3706 972 3778 (ιυὶ
1004 3707 1120 3775 ,ἰδίη
1169 3715 1494 3777 recePerunt
1542 3707 1635 3762 illa
1681 3707 1843 3773 dona,
1894 3722 1964 3762 ne
2066 3712 2440 3786 intelliguntur
2466 3713 2636 3770 corda
2676 3711 2958 3768 hominum
3004 3711 3154 3782 prius
3183 3711 3335 3766 dura.
3366 3708 3467 3764 Vel
3495 3708 3680 3766 intel-

351 3815 453 3869 per
480 3811 808 3854 consensum
836 3795 1108 3850 malorum
1155 3796 1387 3866 perdant
1433 3810 1518 3850 ea.
1573 3796 1672 3850 Vel
1718 3794 1961 3868 intellige
2061 3800 2243 3874 ligere
2274 3811 2430 3874 potes
2461 3801 2775 3872 Scripturas
2805 3799 3092 3857 obscuras.
3125 3798 3226 3854 Vel
3256 3797 3553 3862 Christum,
3591 3795 3690 3869 qui

353 3886 677 3942 charitatem
704 3891 758 3939 et
789 3883 972 3949 fidem,
1015 3891 1073 3938 ut
1103 3883 1172 3938 sit
1219 3884 1356 3939 ordo
1404 3885 1796 3956 retrogradus;
1849 3899 1960 3939 non
2066 3899 2152 3947 est,
2181 3908 2370 3948 verum
2397 3889 2598 3946 ostium
2626 3889 2698 3945 ad
2727 3887 2912 3956 vitam,
2943 3887 3088 3944 unde
3126 3885 3380 3958 discipuli
3407 3884 3676 3957 prohibiti

356 3975 503 4030 enim
531 3973 686 4044 prius
717 3979 797 4026 est
826 3972 1064 4028 charitas
1096 3987 1260 4044 quam
1302 3971 1460 4027 fides.
1510 3973 1669 4026 Prius
1697 3970 1855 4040 fides,
1889 3987 1956 4027 ex
2064 3978 2218 4052 loqui
2245 3987 2298 4036 et
2324 3978 2454 4037 caesi
2480 3977 2734 4034 dixerunt
2762 3994 2780 4033 ;
2811 3977 2932 4034 Non
2955 3991 3255 4050 possumus
3279 3989 3402 4049 qua:
3418 3973 3676 4032 vidimus

347 4061 455 4118 fide
484 4055 746 4130 charitas,
779 4076 845 4114 ex
874 4059 1136 4116 charitate
1179 4059 1324 4115 bona
1351 4075 1542 4130 opera.
2053 4084 2171 4125 mm
2204 4068 2354 4141 loqui
2384 4067 2534 4139 (Act.
2578 4065 2682 4138 tv).

416 4151 589 4208 Vens.
637 4152 727 4208 20.
759 4179 828 4189 -
857 4149 1172 4205 Fornicari.
1207 4148 1516 4204 Fornicatio
1564 4147 1765 4204 dicitur
1812 4164 1951 4220 qua-
2127 4155 2300 4212 Vanis.
2321 4159 2374 4211 9,
2409 4183 2482 4199 --
2509 4154 2746 4212 Iudaeos.
2778 4152 2895 4210 Hoc
2920 4167 3122 4211 nomen
3148 4149 3512 4224 perdiderunt
3532 4149 3673 4206 dum

346 4237 625 4297 driformis
651 4237 708 4293 in
728 4237 930 4294 animo.
968 4238 1029 4294 Si
1072 4237 1278 4292 videris
1306 4238 1607 4293 mulierem
1635 4237 1708 4293 ad
1735 4253 1948 4294 concu-
2043 4243 2115 4300 de
2156 4242 2374 4300 Christo
2411 4242 2666 4300 dixerunt
2700 4258 2712 4298 :
2745 4241 2906 4300 Hunc
2965 4242 3256 4299 nescimus
3309 4239 3501 4310 (Ιοαη,
3551 4239 3672 4308 ιχ),

343 4329 674 4404 ρὶεεεηάαιη
704 4343 830 4384 eam
851 4326 1068 4399 (Matth.
1088 4326 1167 4396 ν),
1202 4333 1307 4381 θῐοο
1332 4326 1391 4380 In
1423 4326 1702 4398 actuipSO,
1725 4325 1782 4380 in
1802 4341 1948 4382 amo-
2045 4331 2429 4390 Mentiuntur.
2459 4331 2712 4387 Nituntur
2739 4329 3097 4401 comprobare
3126 4327 3313 4385 verbis
3340 4334 3398 4385 et
3432 4327 3668 4400 quibus-

348 4436 410 4475 re
439 4427 801 4484 terrenorum,
835 4415 891 4470 in
921 4414 1067 4470 cultu
1096 4413 1386 4469 idolorum.
1972 4405 2028 4470 D
2057 4420 2187 4476 dam
2215 4419 2675 4476 simulationibus.
2708 4421 2846 4476 Ecce
2892 4419 3105 4490 faciam
3139 4417 3270 4474 tuo:
3305 4419 3374 4472 ut
3401 4416 3613 4472 venian
3627 4420 3674 4471 t.

414 4509 588 4566 νωλε-
619 4508 709 4565 24.
739 4537 809 4547 -
839 4506 961 4562 Non
987 4505 1237 4559 mittam
1273 4502 1509 4571 Quidam
1537 4502 1746 4576 pselldO
1777 4511 1949 4559 terre—
2045 4509 2222 4566 Parati
2249 4508 2446 4565 imitari
2475 4524 2642 4578 opera
2670 4516 2763 4562 tua
2790 4522 2890 4576 per
2925 4505 3336 4561 similitudinem
3363 4503 3658 4559 humilita-

351 4586 478 4653 bant
507 4611 603 4653 eos
629 4595 860 4650 dicendo
888 4593 1032 4666 quod
1059 4592 1238 4649 adhuc
1257 4592 1524 4647 missurus
1554 4598 1672 4648 erat
1692 4593 1954 4646 Dominus
2055 4598 2124 4652 iis
2154 4605 2278 4652 tuae.
2310 4598 2523 4654 scient.
2570 4595 2742 4652 Extra
2769 4593 2932 4665 positi
2973 4609 3086 4649 non
3112 4592 3464 4649 crediderunt
3491 4593 3669 4648 Deum

353 4686 588 4757 majores
612 4682 984 4738 tribulationes
1010 4697 1174 4755 quam
1204 4681 1354 4754 passi
1376 4689 1559 4737 essent
1592 4698 1606 4736 :
1641 4687 1832 4737 contra
1850 4680 1952 4736 hoc
2043 4685 2270 4758 diligere
2287 4684 2592 4741 Ecclesiam
2612 4699 2792 4755 quam
2809 4681 3157 4753 permittebat
3175 4679 3360 4753 afﬂigi,
3389 4681 3497 4736 sed
3517 4695 3669 4736 nunc

353 4775 502 4843 dicit,
536 4771 683 4847 quod
711 4787 823 4828 non
867 4770 1058 4827 mittet.
2045 4773 2206 4829 faciet
2235 4772 2399 4829 ﬁdem
2430 4771 2758 4838 dilectionis,
2792 4770 2848 4826 id
2877 4777 2959 4825 est
2999 4769 3406 4837 certitudinem,
3440 4785 3511 4825 ne
3540 4783 3670 4824 suc-

996 4911 1222 4968 CAPUT
1252 4911 1345 4966 HL
2047 4860 2335 4928 cumbatis,
2369 4861 2496 4933 quia
2524 4859 2684 4917 venio
2713 4857 2783 4914 ad
2822 4859 3299 4915 remunerandum.

2122 4967 2292 5021 Vens.
2317 4969 2404 5022 10.
2430 4996 2501 5008 —
2517 4966 2769 5023 Servasti
2785 4965 3014 5022 verbum
3027 4965 3327 5038 patientia
3343 4981 3507 5022 meae.
3528 4965 3674 5021 Prae-

434 5054 610 5113 Vnns.
651 5057 703 5110 1.
736 5083 805 5094 -
837 5055 906 5110 Et
953 5054 1150 5125 angelo
1202 5052 1464 5108 Ecclesia:
1511 5051 1721 5107 Sardis.
1775 5050 1961 5105 Sardis

2056 5063 2280 5126 ceptum
2303 5056 2371 5110 de
2411 5054 2672 5126 patientia
2709 5053 2856 5126 quod
2901 5054 2956 5109 in
2995 5069 3084 5109 me
3111 5052 3345 5122 ostendi,
3368 5069 3533 5109 orans
3561 5070 3672 5124 pro

360 5143 714 5220 principium
740 5141 1191 5215 pulchritudinis
1220 5139 1625 5211 interpretatur,
1661 5148 1712 5195 et
1741 5156 1842 5211 per
1857 5140 1963 5194 hoc
2055 5142 2520 5215 persecutoribus.
2561 5143 2638 5199 Ab
2669 5143 2808 5200 hora
2854 5144 3208 5209 tentationis,
3259 5141 3348 5198 vel
3373 5142 3665 5215 generalis

353 5235 403 5292 is
459 5228 798 5306 signiﬁcatur
844 5229 936 5302 qui
965 5230 1199 5301 primum
1230 5228 1363 5283 nihil
1391 5229 1477 5284 vel
1507 5243 1698 5299 parum
1745 5227 1957 5284 virtutis

2056 5231 2454 5303 persecutionis
2496 5231 2552 5286 in
2598 5229 2930 5287 Christianos
2968 5230 3148 5286 statim
3215 5238 3338 5302 post
3370 5230 3660 5286 Neronem

352 5323 540 5391 habet,
575 5318 773 5375 deinde
803 5318 863 5372 fit
892 5317 1063 5389 turpis
1101 5334 1200 5389 per
1241 5317 1372 5372 vitia
1401 5335 1415 5384 ;
1449 5317 1534 5371 vel
1582 5317 1956 5390 intelliguntur
2055 5319 2267 5388 futurae,
2303 5318 2390 5375 vel
2416 5319 2607 5374 ultimo
2645 5327 2893 5390 tempore
2921 5317 3256 5374 Antichristi.
3293 5320 3533 5376 Tentare
3562 5319 3677 5374 ha-

2057 5408 2300 5464 bitantes
2322 5410 2384 5464 in
2415 5411 2588 5466 terra.
2617 5406 2766 5464 Sicut
2794 5407 2850 5460 in
2879 5407 3232 5479 sequentibus
3261 5414 3416 5463 sexto
3463 5407 3675 5478 saepius

2058 5495 2271 5564 ordine,
2302 5496 2382 5553 sic
2411 5504 2466 5553 et
2509 5496 2600 5552 hic
2638 5495 2694 5551 in
2731 5502 2886 5551 sexto
2933 5495 3134 5568 angelo
3165 5495 3467 5552 novissima
3506 5496 3672 5551 desi-

2059 5593 2258 5658 gnatur
2298 5583 2636 5658 persecutio,
2669 5583 2727 5641 in
2762 5598 2867 5656 qua
2909 5581 3130 5657 quidam
3185 5583 3501 5642 Iudaeorum
3534 5596 3671 5643 sunt

353 5409 654 5486 hypocrita:
683 5407 775 5482 qui
819 5414 971 5462 extra
1005 5405 1237 5478 pulchri,
1289 5405 1433 5460 intus
1486 5405 1782 5460 deformes.
1833 5405 1956 5462 Scio

355 5515 528 5576 Opera
557 5503 678 5556 tua.
710 5499 781 5566 Et
809 5495 924 5553 scio
953 5494 1100 5568 quod
1146 5493 1202 5549 in
1247 5493 1500 5550 omnibus
1549 5493 1805 5566 operibus
1850 5491 1958 5548 tuis

361 5589 563 5664 quaeris
592 5590 891 5648 humanam
919 5583 1156 5642 laudem.
