3964 6178
290 296 400 352 ’717

1157 293 1430 352 GLOSSA
1466 293 1881 352 0RDINARIA.
1919 320 1988 335 —
2013 292 2214 350 APOC.
2245 293 2565 352 JOANNIS.
2609 316 2625 341 ο

3462 304 3565 356 718

270 415 588 489 decipiendi
612 433 626 473 :
650 415 873 490 quidam
903 415 1036 473 Elite
1063 417 1282 473 monitis
1311 418 1492 492 legem
1523 417 1869 491 spiritualiter
1887 417 1944 479 Α
1971 425 2178 487 septem
2209 417 2406 490 sigilla,
2438 417 2495 472 id
2517 424 2598 472 est
2617 415 3000 484 obscuritates,
3030 424 3089 474 ut
3113 432 3240 475 cum
3271 419 3570 478 viderimus

271 505 568 578 impleturi,
602 507 814 562 hostem
845 507 1075 562 credunt
1105 506 1322 562 victuri.

346 595 518 651 Vnus.
543 598 706 650 11.-
736 598 872 652 Ecce
892 597 1052 653 venio
1073 597 1210 652 cito.
1237 595 1402 664 Quasi
1424 595 1570 652 dicat
1592 613 1604 650 :
1631 595 1873 652 Tentatio

271 699 409 740 vero
439 683 640 750 veniet,
675 684 772 740 sed
802 700 873 740 ne
902 685 1291 751 succumbatis,
1334 685 1458 756 quia
1489 684 1648 741 venio
1677 685 1747 740 ad
1779 701 1873 740 re—

275 773 700 828 munerandum.

347 863 519 918 Vens.
556 865 718 918 12.-
753 862 1088 919 Columnam
1116 865 1179 918 in
1201 863 1426 934 templo.
1471 862 1716 916 Firmum
1737 862 1792 916 in
1814 877 1874 917 se

275 958 333 1006 et
349 957 740 1006 sustentantem
769 950 907 1006 alios
924 952 1096 1006 verbo
1111 959 1164 1006 et
1182 951 1452 1022 exemplo.
1474 953 1594 1007 Non
1628 951 1874 1022 egredie-

272 1038 532 1094 tur.Cum
564 1039 631 1094 sit
659 1039 774 1094 Deo
805 1048 989 1094 certus
1021 1055 1284 1095 numerus
1319 1055 1559 1106 suorum,
1595 1040 1640 1094 si
1661 1040 1782 1111 quis
1803 1040 1875 1094 la-

279 1128 448 1193 bitur,
501 1127 636 1181 alius
689 1126 1062 1184 misericordia
1124 1129 1242 1198 ejus
1288 1128 1683 1195 subinducitur,
1736 1128 1875 1183 sicut

276 1232 384 1288 per
399 1215 715 1287 superbiam
725 1217 1040 1272 Iudaeorum
1051 1218 1323 1291 gentilitas
1337 1217 1680 1274 subintravit.
1707 1217 1874 1272 Filius

271 1305 480 1375 junior,
512 1305 569 1360 id
595 1313 679 1360 est
707 1305 990 1377 gentilium
1035 1307 1287 1378 populus,
1321 1305 1548 1374 exierat,
1582 1307 1680 1362 sed
1700 1315 1874 1362 morte

286 1393 447 1449 vituli
503 1393 756 1466 saginati,
786 1394 842 1448 id
873 1403 954 1450 est
985 1410 1184 1451 cruore
1211 1395 1432 1463 Christi,
1492 1395 1877 1452 reconciliatus

281 1497 395 1538 non
425 1481 589 1537 exibit
615 1482 866 1553 amplius.
902 1485 1079 1541 Novae.
1113 1484 1215 1540 Ubi
1261 1484 1393 1539 nihil
1443 1483 1744 1551 vetustatis,
1777 1483 1876 1540 sed

279 1571 449 1642 plena
477 1571 616 1626 visio
644 1571 811 1642 pacis.
853 1575 934 1629 De
958 1575 1113 1631 coelo.
1147 1574 1228 1630 De
1276 1573 1656 1630 conformitate
1703 1574 1875 1630 acele-

282 1659 449 1714 stium
479 1668 870 1716 creaturarum.

1979 507 2153 562 Deum
2193 514 2392 560 tantam
2437 505 2849 578 intelligentiam
2897 506 3306 578 Scripturarum
3352 509 3567 580 impen-

1973 596 2122 650 disse
2151 595 2478 660 hominibus,
2526 595 2669 667 grati
2715 595 2765 650 ei
2812 595 2998 662 simus,
3051 613 3154 653 nec
3196 613 3297 668 pro
3344 613 3410 654 eo
3457 599 3567 669 pati

1975 683 2350 740 formidemus.
2397 686 2462 740 In
2491 686 2644 740 ccelo.
2679 684 2738 739 Id
2767 693 2850 740 est
2879 685 2935 739 in
2967 685 3264 756 Scriptura,
3314 703 3435 758 quas
3481 695 3565 742 est

1974 773 2063 828 via
2079 773 2148 827 ad
2170 773 2356 839 vitam,
2381 772 2468 828 vel
2489 773 2734 828 Christus
2751 781 2834 828 est
2851 774 3070 841 ostium,
3111 775 3266 844 cujus
3283 775 3563 846 mysteria,

1973 870 2097 916 ante
2128 861 2331 927 clausa,
2362 862 2527 916 modo
2557 869 2681 916 sunt
2726 870 2911 933 aperta
2941 862 3026 916 his
3058 862 3150 933 qui
3179 861 3285 918 ﬁde
3316 871 3369 919 et
3400 879 3569 935 opere

1976 956 2100 1004 sunt
2127 950 2348 1005 caelum.
2391 953 2672 1023 Tanquam
2705 951 2849 1005 tuba:
2884 952 3158 1023 loquentis
3191 952 3570 1008 -mecum.Non

1975 1037 2346 1093 dissentientis
2377 1055 2408 1093 a
2437 1039 2794 1094 rationalitatc
2811 1055 2951 1108 mea,
2977 1040 3158 1094 dando
3184 1040 3424 1095 rationes
3446 1041 3565 1094 has.

1979 1127 2283 1183 Ostendam
2313 1129 2435 1183 tibi.
2469 1128 2638 1184 Dictis
2668 1129 2734 1182 iis
2766 1145 2885 1201 qum
2907 1129 3018 1197 jam
3049 1129 3445 1199 praeterierunt,
3481 1128 3570 1184 di-

1975 1216 2049 1272 cit
2077 1215 2239 1271 etiam
2269 1231 2336 1272 ea
2365 1233 2485 1289 quae
2514 1218 2692 1272 adhuc
2721 1225 2934 1288 Oportet
2963 1216 3097 1283 ﬁeri,
3143 1225 3328 1289 utpote
3374 1218 3430 1272 in
3476 1233 3575 1274 eo-

1975 1305 2101 1359 dem
2131 1313 2268 1360 statu
2299 1321 2407 1378 quo
2435 1306 2721 1376 coeperint,
2752 1321 3130 1377 permansura.
3173 1306 3292 1374 Vel,
3315 1314 3439 1378 post
3461 1321 3574 1362 cor-

1975 1393 2278 1450 rectionem
2311 1402 2523 1466 oportet
2549 1395 2736 1450 videre
2767 1403 2978 1451 secreta
3020 1411 3122 1465 per
3164 1412 3284 1466 quae
3328 1395 3573 1451 animen-

1975 1489 2063 1537 tur
2090 1482 2145 1536 in
2172 1483 2374 1554 praelia.
2409 1482 2526 1549 Vel,
2561 1499 2682 1556 quo:
2711 1487 2928 1555 Oportet
2957 1484 3084 1553 ﬁeri
3113 1485 3225 1539 cito
3252 1487 3378 1556 post
3435 1484 3572 1552 hac,

1976 1569 2032 1624 id
2059 1579 2142 1626 est
2171 1571 2226 1626 in
2255 1571 2458 1627 ultimis
2490 1570 2762 1627 ﬁdelibus.
2801 1571 2916 1642 Vel,
2945 1575 3072 1645 post
3103 1572 3218 1629 haec
3239 1573 3330 1644 lui
3361 1574 3423 1629 in
3451 1573 3572 1646 spi-

1976 1662 2117 1716 ritu.

358 1748 528 1848 νξδβθο
550 1778 626 1848 ’ξ
653 1751 738 1848 μ’·
781 1751 974 1848 Τίθξίξδν
998 1766 1189 1805 eorum
1352 1750 1599 1848 aufiiYi‘a
1623 1752 1781 1848 Pa"?
1801 1750 1877 1805 in'
1897 1785 1951 1846 Β
2055 1778 2225 1832 Vsus.
2257 1780 2311 1833 2.
2343 1805 2412 1816 -
2441 1776 2649 1832 Statim
2678 1778 2786 1847 fui.
2818 1775 2940 1831 Non
2970 1776 3286 1848 repugnavi,
3331 1776 3429 1832 sed
3472 1777 3576 1832 ab-

282 1836 546 1908 trepidus.
581 1837 700 1903 Vel,
733 1839 820 1894 cui
851 1837 988 1894 ﬁdes
1033 1847 1116 1894 est
1161 1839 1470 1895 adhibenda
1499 1840 1554 1894 in
1604 1840 1874 1919 omnibus.

282 1923 405 1991 Vel,
439 1925 592 1980 testis
611 1941 838 1998 operum
858 1935 1170 1982 nostrorum
1197 1929 1341 2000 apud
1363 1930 1673 1984 Patrem.Et
1695 1945 1876 1984 verus.

285 2013 500 2069 Veritas
546 2021 650 2081 est,
699 2014 828 2088 quia
873 2032 974 2088 per
1017 2032 1141 2072 eum
1187 2017 1457 2088 promissa
1499 2017 1678 2073 Patris
1723 2033 1879 2073 com-

281 2101 523 2173 plentur.

358 2191 530 2247 Vsus.
570 2219 641 2232 -
680 2195 766 2247 15.
807 2193 991 2266 Neque
1029 2195 1271 2266 frigidus
1309 2211 1387 2265 es,
1429 2210 1605 2268 neque
1634 2194 1876 2261 calidus,

283 2279 414 2351 quia
440 2296 618 2352 neque
647 2280 867 2336 omnino
898 2281 1060 2337 ﬁdem
1091 2283 1340 2355 ignoras,
1367 2300 1544 2355 neque
1573 2291 1762 2354 aperte
1791 2299 1881 2339 ne-

281 2383 387 2441 gas
417 2376 716 2440 acceptam.
757 2371 983 2426 Utinam
1012 2372 1282 2443 frigidus.
1311 2373 1434 2428 Non
1464 2379 1615 2444 Optat
1645 2388 1770 2427 eum
1789 2371 1880 2426 fri-

288 2456 481 2530 gidum
515 2456 852 2530 simpliciter,
906 2459 1004 2514 sed
1052 2459 1217 2514 talem
1263 2459 1334 2515 de
1383 2475 1489 2532 quo
1534 2461 1707 2530 major
1755 2476 1880 2532 spes

281 2545 569 2602 habeatur.

355 2635 527 2689 Vsus.
551 2638 637 2689 16.
659 2665 728 2675 -
751 2637 1028 2708 Incipiam
1051 2640 1105 2692 te
1126 2653 1394 2693 evomere.
1417 2637 1554 2693 Rem
1572 2636 1879 2691 mirabilem

284 2722 555 2789 dicturus,
590 2725 736 2794 quod
767 2725 933 2795 tepidi
981 2726 1483 2780 excommunicandi
1516 2733 1718 2791 essent,
1753 2726 1880 2798 quia

283 2811 355 2866 ab
385 2812 698 2867 hominibus
727 2813 854 2868 boni
884 2814 1267 2881 credebantur,
1302 2815 1431 2870 dicit
1463 2832 1523 2870 se
1542 2831 1796 2870 veracem
1824 2815 1880 2868 in

284 2900 562 2968 omnibus,
585 2901 716 2955 utin
737 2901 842 2956 hoc
871 2902 972 2956 sibi
1003 2903 1276 2970 credatur,
1311 2911 1362 2958 et
1380 2903 1426 2957 si
1448 2903 1523 2957 illi
1555 2903 1878 2974 resipiscere

281 2989 577 3055 voluerint,
609 2990 870 3061 promittit
900 2993 1392 3059 conservationem,
1425 2993 1549 3064 quia
1580 2993 1728 3048 dedit
1759 2992 1877 3064 pri-

294 3095 442 3132 mam
473 3077 656 3133 ﬁdem.
693 3081 778 3135 Ear:
823 3097 916 3136 ore
934 3098 1075 3137 meo.
1121 3082 1201 3137 De
1257 3097 1353 3136 ore
1399 3081 1668 3137 evomitur
1694 3081 1786 3154 qui
1823 3081 1879 3136 in

281 3165 556 3222 deteriora
584 3167 957 3239 praecipitatur
975 3169 1061 3224 vel
1090 3169 1182 3241 qui
1231 3169 1579 3242 imposnitens
1623 3171 1873 3225 moritur.

357 3256 534 3312 Vens.
566 3260 654 3312 t7.
686 3287 756 3298 -
783 3259 942 3314 Dives
972 3276 1118 3327 sum,
1145 3258 1385 3316 scientiae
1415 3259 1632 3326 divinae,
1666 3259 1753 3315 vel
1784 3276 1880 3315 sec-

287 3344 513 3400 cnlaris.

357 3431 530 3489 Vsus.
547 3437 633 3489 18.
649 3464 718 3474 -
728 3434 943 3492 Suadeo
957 3436 1057 3492 tibi
1069 3451 1252 3492 emere
1263 3454 1297 3492 a
1309 3453 1398 3492 me
1411 3453 1618 3493 aurum
1629 3437 1880 3509 ignitum

279 3522 606 3595 probatum.
640 3521 777 3590 Quia
807 3524 931 3578 talia
959 3540 1130 3596 Opera
1158 3541 1267 3580 non
1295 3526 1596 3597 perducent
1627 3525 1696 3580 ad
1727 3524 1880 3580 salu-

284 3618 419 3666 tem.
453 3612 576 3667 Non
607 3617 881 3684 appareat
909 3615 1185 3685 confusio.
1237 3615 1427 3670 Melius
1458 3623 1540 3670 est
1569 3615 1657 3670 hic
1687 3614 1884 3669 erube—

285 3716 444 3756 scere
474 3716 659 3756 coram
691 3702 901 3771 paucis,
935 3719 1096 3774 quam
1115 3703 1168 3757 in
1185 3703 1362 3759 futuro
1393 3720 1577 3760 coram
1607 3703 1878 3758 omnibus.

290 3790 552 3860 Collyrio.
606 3788 782 3859 Oculi,
816 3799 871 3844 ut
903 3791 1202 3858 videamus,
1255 3793 1610 3865 inunguntur,
1663 3809 1787 3855 cum
1817 3792 1883 3846 ad

286 3879 739 3950 cognoscendum
755 3879 884 3956 ,veri
929 3879 1147 3934 luminis
1193 3880 1520 3948 claritatem,
1575 3880 1885 3936 intellectus

285 3967 462 4022 nostri
505 3967 682 4022 aciem
742 3968 1104 4025 medicamine
1170 3970 1328 4025 bona:
1395 3971 1725 4042 Operationis
1791 3971 1886 4024 ad-

279 4056 560 4126 juvamus.
592 4059 946 4130 Praeceptum
1003 4060 1230 4115 Domini
1287 4061 1632 4116 illuminans
1699 4060 1887 4116 oculos

293 4147 323 4216 (
335 4148 490 4202 Psal.
525 4161 670 4200 xvm
692 4146 732 4217 ).
767 4147 866 4202 Vel
894 4147 1098 4220 inunge
1119 4147 1264 4204 dono
1289 4148 1526 4222 Spiritus
1544 4149 1717 4206 sancti
1744 4165 1893 4204 men-

297 4241 409 4290 tem
441 4250 606 4306 quam
638 4241 861 4290 terrena
886 4237 1288 4292 concluserant.

359 4323 532 4378 Vnus.
565 4326 654 4380 20.
687 4355 758 4366 —
785 4327 924 4381 Ecce
953 4342 1050 4398 ego
1079 4331 1166 4383 sto
1195 4327 1269 4382 ad
1303 4328 1514 4385 ostium
1543 4331 1602 4383 et
1616 4327 1798 4400 pulso.
1830 4327 1891 4384 Si

291 4413 422 4486 quis
444 4413 712 4479 audierit,
737 4422 843 4470 etc.
859 4415 1151 4488 Exspecto,
1172 4416 1261 4472 vel
1280 4415 1505 4488 inspiro,
1519 4416 1606 4473 vel
1620 4433 1722 4489 per
1756 4433 1894 4489 prte-

297 4501 574 4558 dicatores
602 4517 766 4559 voco.

355 4591 525 4647 Vsus.
559 4595 646 4649 21.
679 4621 749 4632 -—
776 4592 977 4648 Sedere
1005 4610 1228 4650 mecum
1244 4595 1306 4649 in
1326 4595 1528 4652 throno
1558 4611 1700 4652 meo.
1734 4594 1886 4649 Judi-

285 4695 415 4736 care
443 4680 501 4735 in
529 4680 636 4735 illis
685 4680 882 4754 quibus
930 4683 1100 4738 sedeo
1133 4691 1186 4739 et
1209 4683 1417 4752 judico.
1471 4685 1600 4742 Haec
1628 4685 1698 4741 de
1744 4700 1882 4755 pra:-

279 4768 428 4835 latis,
462 4777 534 4836 et,
567 4786 667 4840 per
695 4770 970 4842 prmlatos,
1002 4772 1071 4828 de
1104 4773 1354 4828 subditis.

359 4860 526 4915 Sicut
556 4862 613 4915 et
659 4875 755 4931 ego
801 4862 913 4916 vici
959 4864 1016 4916 et
1069 4863 1193 4917 sedi
1247 4878 1378 4918 cum
1416 4864 1586 4918 Patre
1642 4878 1762 4919 meo
1819 4866 1881 4919 in

285 4948 489 5005 throno
519 4949 660 5020 ejus.
714 4948 828 5004 Hoc
873 4948 944 5004 ita
993 4950 1141 5016 dicit,
1192 4952 1319 5022 quia
1371 4951 1595 5006 victoria
1627 4961 1678 5006 et
1708 4952 1882 5008 sessio

283 5036 487 5092 Christi
534 5045 616 5092 est
659 5052 824 5092 causa
887 5037 1128 5095 victoriae
1175 5048 1228 5096 et
1291 5040 1554 5096 sessionis
1617 5041 1880 5097 Christia-

283 5141 497 5181 norum.

938 5278 1163 5336 CAPUT
1192 5281 1281 5336 IV.

353 5413 525 5473 Vsus.
552 5419 602 5472 1.
625 5446 696 5458 -
715 5419 848 5476 Post
882 5419 995 5477 haec
1027 5422 1161 5477 vidi.
1189 5423 1248 5476 In
1267 5423 1370 5478 hac
1399 5424 1641 5480 secunda
1668 5425 1878 5482 visione

286 5503 396 5576 agit
421 5505 493 5561 de
541 5507 765 5562 sedente
794 5507 850 5562 in
884 5509 1100 5578 throno,
1137 5518 1189 5567 et
1216 5513 1284 5567 de
1315 5521 1510 5568 ornatu
1556 5514 1692 5584 ejus,
1728 5523 1780 5570 et
1809 5515 1877 5569 de

290 5607 432 5666 agno
449 5596 730 5667 aperiente
748 5596 971 5668 librum,
997 5599 1054 5654 id
1085 5607 1168 5656 est
1195 5600 1438 5659 divinam
1467 5603 1879 5676 dispositionem

285 5681 353 5739 de
410 5685 760 5756 reparatione
813 5688 1036 5745 humani
1096 5690 1337 5763 generis,
1401 5700 1455 5748 et
1510 5693 1579 5750 de
1632 5693 1876 5752 solvente

1975 1866 2084 1937 jeci
2113 1881 2297 1922 curam
2322 1865 2483 1919 totius
2515 1865 2860 1919 terrenitatis.
2893 1867 2963 1920 Et
2984 1882 3108 1921 ecce
3127 1865 3302 1922 sedes.
3351 1866 3414 1920 In
3451 1866 3577 1937 qui-

1981 1955 2082 2009 bus
2113 1954 2266 2010 sedet
2294 1955 2444 2008 Deus
2474 1960 2527 2006 et
2563 1953 2786 2024 judicat,
2839 1961 2893 2007 et
2933 1953 3094 2008 etiam
3139 1953 3388 2008 subditos
3435 1969 3577 2025 quo-

1979 2059 2100 2098 rum
2129 2042 2349 2114 quidam
2378 2041 2454 2096 ita
2483 2049 2603 2095 sunt
2631 2041 2758 2112 apti,
2793 2048 2851 2096 ut
2879 2049 3252 2114 competenter
3299 2043 3446 2098 Deus
3499 2059 3582 2098 se-

1981 2133 2104 2187 deat
2132 2139 2187 2186 et
2216 2130 2522 2203 requiescat
2549 2129 2605 2184 in
2633 2129 2732 2185 eis.
2769 2131 2994 2187 Sedens.
3028 2131 3275 2186 Christus
3303 2146 3465 2202 supra
3495 2130 3578 2185 di-

1981 2221 2202 2276 cebatur
2229 2220 2371 2274 inter
2398 2219 2730 2274 candelabra
2759 2219 3061 2286 ambulans,
3095 2235 3238 2276 nunc
3266 2219 3486 2290 sedens,
3518 2219 3578 2275 id

1981 2318 2062 2365 est
2084 2308 2336 2377 judicans
2366 2307 2557 2362 merita
2587 2307 2944 2378 singulorum,
2980 2309 3050 2363 de
3079 2323 3186 2380 quo
3232 2308 3400 2380 digne
3450 2306 3580 2364 facit

1980 2398 2066 2454 hic
2095 2395 2432 2462 memoriam,
2467 2411 2604 2468 quos
2635 2397 2882 2452 hortatus
2913 2403 2996 2452 est
3021 2396 3090 2451 ad
3116 2412 3376 2470 pugnam.

2053 2513 2226 2568 Vsns.
2268 2515 2320 2566 3.
2349 2542 2419 2551 —
2451 2511 2555 2578 Qui
2585 2511 2826 2568 sedebat.
2858 2511 2960 2568 Ubi
3006 2518 3215 2566 tantum
3260 2511 3388 2566 boni
3429 2519 3573 2579 sunt,

1979 2617 2088 2656 non
2119 2609 2203 2656 est
2234 2616 2370 2672 Opus
2394 2599 2658 2669 judicare,
2694 2600 2750 2654 id
2780 2608 2863 2655 est
2904 2600 3212 2656 discernere
3245 2619 3260 2668 ;
3310 2599 3403 2655 ubi
3449 2599 3580 2656 boni

1981 2697 2034 2746 et
2060 2689 2208 2755 mali,
2240 2689 2315 2743 ibi
2343 2688 2671 2745 discretione
2701 2704 2839 2760 opus
2895 2697 2996 2746 est.
3047 2690 3263 2746 Similis
3302 2694 3427 2746 erat
3480 2707 3576 2746 as-

1975 2781 2187 2852 pectui.
2223 2777 2380 2832 Prius
2409 2777 2720 2850 incognitus
2758 2794 2858 2850 per
2906 2794 3126 2834 carnem
3173 2778 3376 2834 mundo
3414 2795 3580 2850 appa-

1981 2869 2108 2933 ruit,
2142 2867 2497 2939 confringens
2527 2866 2796 2931 inimicos,
2829 2867 2996 2922 robur
3027 2867 3138 2922 suis
3171 2867 3431 2923 tribuens.
3457 2869 3579 2924 Ias-

1977 2957 2125 3030 pidis
2156 2959 2212 3012 et
2239 2956 2506 3011 sardinis.
2541 2956 2644 3010 Per
2663 2956 2905 3012 colorem
2935 2957 3168 3012 duorum
3202 2956 3460 3027 lapidum,
3481 2972 3580 3012 no-

1979 3053 2053 3101 tat
2081 3046 2256 3101 Deum
2279 3052 2332 3099 et
2350 3043 2646 3099 hominem.
2671 3045 3076 3118 Smaragdince.
3103 3046 3203 3101 Per
3229 3045 3471 3102 colorem
3492 3045 3581 3103 vi-

1906 3142 1954 3206 C
1976 3134 2152 3188 ridem
2183 3133 2472 3204 smaragdi,
2506 3133 2598 3204 qui
2628 3134 2779 3189 color
2807 3142 2890 3189 est
2927 3134 3228 3206 aquaticus,
3261 3135 3578 3206 baptismus,

1976 3222 2313 3296 intelligitur.
2364 3223 2467 3277 Per
2511 3222 2764 3278 ruborem
2850 3223 3117 3294 ejusdem,
3164 3223 3306 3279 dona
3355 3224 3587 3296 Spiritus

1978 3311 2152 3366 sancti
2198 3312 2254 3366 in
2286 3309 2558 3381 baptismo
2605 3320 2848 3384 accepta,
2901 3328 3004 3384 per
3032 3328 3153 3385 quae
3200 3313 3588 3370 comburuntur

1983 3408 2229 3472 peccata.

2051 3515 2221 3569 Vens.
2253 3513 2305 3567 4.
2342 3541 2414 3554 -
2450 3514 2658 3585 Viginti
2679 3517 2920 3585 quatuor
2958 3515 3228 3571 seniores.
3276 3514 3578 3572 Duodecim

1981 3603 2286 3674 prophetae,
2319 3602 2607 3658 duodecim
2638 3601 2888 3673 apostoli,
2913 3602 3163 3674 quamvis
3181 3603 3368 3674 plures
3387 3604 3588 3660 utrius-

1981 3709 2086 3763 que
2118 3691 2347 3747 ordinis.
2385 3691 2813 3747 Circumamicti
2834 3692 2994 3748 stolis
3025 3692 3187 3747 albis.
3222 3692 3443 3747 Peccata
3457 3692 3576 3761 jus-

1983 3788 2156 3834 torum
2188 3788 2458 3852 teguntur,
2493 3787 2545 3836 et
2577 3779 2680 3850 ipsi
2710 3779 2894 3833 albent
2926 3779 3230 3835 virtutibus.
3258 3781 3503 3837 Coronae.
3527 3781 3589 3837 Id

1985 3877 2067 3924 est
2095 3868 2321 3924 victoria
2342 3885 2442 3941 per
2482 3867 2800 3940 sapientiam
2846 3875 2899 3924 et
2945 3868 3263 3926 cbaritatem
3307 3869 3472 3926 etiam
3520 3869 3591 3926 ad

1985 3958 2257 4014 inimicos.

2059 4077 2230 4131 Vsus.
2265 4080 2316 4131 5.
2349 4106 2420 4117 -
2458 4077 2534 4133 De
2587 4077 2806 4133 throno.
2858 4077 2920 4132 Id
2956 4085 3040 4133 est
3087 4076 3356 4143 Ecclesia,
3407 4076 3461 4132 id
3510 4085 3592 4134 est

1987 4179 2127 4237 aqua
2161 4165 2293 4236 pluit
2321 4165 2558 4238 fulgura,
2592 4165 2645 4219 id
2675 4173 2758 4221 est
2786 4165 3048 4221 miracula
3091 4183 3212 4238 quae
3257 4173 3479 4236 terrent,
3540 4173 3592 4220 et

1985 4253 2307 4309 illuminant.
2357 4255 2577 4327 Septem
2622 4255 2879 4327 spiritus.
2933 4255 3235 4325 Lampades
3283 4263 3406 4309 sunt
3453 4253 3595 4309 dona

1990 4341 2222 4413 Spiritus
2253 4341 2446 4411 sancti,
2481 4359 2603 4414 qua:
2625 4342 2931 4398 accendunt
2959 4351 3009 4398 et
3029 4341 3360 4409 illuminant,
3396 4349 3594 4414 parata

1991 4431 2244 4486 omnibus
2276 4430 2383 4485 illis
2414 4430 2504 4504 qui
2536 4438 2661 4486 sunt
2691 4432 2851 4488 sedes
2881 4431 3002 4488 Dei.

1910 4508 1964 4570 D
2065 4545 2234 4601 Vsus.
2268 4548 2320 4600 6.
2353 4576 2422 4585 —
2443 4546 2506 4600 In
2527 4550 2849 4618 conspectu.
2882 4544 3018 4614 Quia
3045 4543 3355 4616 intelligunt
3403 4559 3584 4601 sacra-

1984 4642 2228 4689 mentum
2258 4642 2310 4689 et
2337 4651 2453 4688 rem
2485 4634 2829 4700 sacramenti,
2863 4649 2965 4688 nec
3021 4633 3283 4704 recipiunt
3312 4633 3418 4689 nisi
3451 4650 3590 4706 quos

1983 4722 2210 4778 idoneos
2230 4723 2464 4778 viderint
2485 4731 2536 4777 et
2556 4721 2928 4793 cognoverint.
2948 4723 3092 4778 Mare
3114 4723 3592 4794 vitreumBaptis-

1984 4828 2105 4866 mus
2144 4811 2450 4867 sinceritate
2471 4810 2598 4866 ﬁdei
2613 4811 2824 4867 lucidus
2862 4819 2986 4882 post
3025 4827 3186 4884 quem
3226 4811 3589 4868 tribulationis

1984 4901 2110 4971 igne
2131 4900 2302 4955 electo
2323 4900 2593 4955 ducuntur
2626 4899 2692 4953 ad
2714 4899 3020 4954 ﬁrmitatem
3040 4901 3310 4956 bonorum
3333 4915 3436 4970 Ope
3446 4917 3582 4971 rum,

1983 4989 2117 5043 sicut
2139 5005 2203 5043 ex
2225 5005 2363 5060 aqua
2377 4988 2616 5044 durescit
2639 4989 2980 5060 chrystallus.
2997 4991 3061 5044 In
3075 4977 3580 5047 medio.lPlanitiem

1983 5078 2276 5148 quamdam
2338 5076 2652 5147 apparuisse
2718 5077 2972 5132 describit
3037 5078 3106 5133 ad
3176 5078 3581 5136 similitudinem

1980 5166 2165 5239 magni
2189 5165 2406 5234 judicis,
2441 5167 2530 5236 qui
2560 5166 2723 5220 habet
2743 5166 2978 5236 plateam
2999 5167 3162 5222 latam
3185 5177 3238 5224 et
3258 5169 3576 5240 spatiosam,

1981 5255 2070 5308 ubi
2100 5256 2253 5310 sedet
2280 5263 2332 5309 et
2359 5255 2568 5323 judicat
2591 5255 2816 5324 judicia.
2855 5257 3027 5313 Sedis.
3053 5257 3286 5314 Nomine
3317 5259 3466 5315 sedis
3486 5260 3576 5314 in-

1977 5344 2240 5416 telligitur
2266 5343 2586 5411 Jerusalem,
2620 5344 2705 5400 vel
2737 5353 3146 5414 sustentatores,
3198 5355 3255 5402 ut
3300 5348 3481 5414 homo,
3518 5357 3574 5403 ut

1979 5433 2195 5498 vitulus,
2233 5441 2290 5487 ut
2318 5433 2425 5500 leo,
2460 5442 2516 5488 ut
2545 5433 2739 5505 aquila.
2777 5436 3045 5501 Quatuor.
3079 5437 3306 5508 PrOpter
3337 5435 3571 5491 otﬁcium

1979 5521 2329 5594 quadrifariae
2361 5523 2778 5593 praedicationis.
2810 5526 3121 5581 Animalia.
3149 5526 3277 5580 Haec
3307 5525 3445 5577 bene
3475 5537 3566 5576 re-

1977 5618 2320 5683 praesentant
2351 5612 2640 5678 Christum,
2678 5613 2770 5687 qui
2797 5622 2959 5670 natus
2990 5622 3089 5685 est,
3123 5628 3341 5684 passus,
3376 5625 3568 5665 resur-

1977 5716 2135 5772 gens,
2167 5701 2496 5759 ascendens.
2527 5701 2742 5762 Fideles
2771 5719 2986 5776 quoque
3015 5702 3304 5760 rationales
3332 5709 3387 5758 et
3413 5715 3571 5756 man-
