3964 6178
370 228 474 281 719

890 221 1296 279 WALAFRIDI
1332 218 1577 275 STRABI
1614 181 1813 273 FULD.
1853 213 2026 272 MON.
2069 212 2222 270 OPP.
2263 211 2441 269 PARS
2478 212 2520 266 Ι.
2563 241 2630 256 -
2666 209 3139 267 THEOLOGICA.

3569 212 3672 266 ’720

379 349 518 406 sueti
547 357 690 414 sunt,
726 356 785 404 ut
807 348 991 404 homo.
1027 347 1154 402 Sine
1183 354 1394 400 terrore
1445 343 1679 399 ferentes
1715 341 1970 406 adversa,
2001 341 2294 409 Aapertze.
2332 339 2568 410 Sigillis.
2604 337 2663 391 Id
2691 345 2774 392 est
2803 335 3076 392 universis
3102 332 3550 400 obscuritatibus,
3595 332 3680 388 vel

377 447 434 495 ut
447 439 534 495 leo
565 457 581 505 ;
613 453 735 494 sese
765 435 1169 500 mortiﬁcantes,
1195 441 1251 488 ut
1269 432 1467 488 vitulus
1491 451 1505 499 ;
1529 431 1972 501 cmlestiapeten-

376 535 480 594 tes,
514 535 572 582 ut
601 525 796 600 aquila.
827 527 1004 581 Plena
1031 523 1227 580 oculis.
1263 523 1533 576 Memores
1576 519 1972 591 praeteritorum

373 623 746 688 peccatorum,
780 621 833 668 et
862 619 1118 669 caventes
1149 611 1253 665 sibi
1281 610 1336 664 in
1365 608 1621 675 futurum,
1653 607 1744 663 vel
1766 607 1972 661 haben-

377 712 462 760 tes
490 702 852 777 cognitionem
883 701 952 756 de
975 700 1060 754 his
1082 714 1202 772 quae
1239 700 1387 754 Deus
1428 697 1556 752 fecit
1596 696 1684 752 vel
1731 695 1972 751 facturus

378 801 462 848 est
489 792 544 847 in
574 789 681 846 ﬁne
706 789 914 854 mundi,
949 788 1037 843 vel
1066 787 1284 859 placent
1314 788 1430 842 Deo
1460 793 1514 840 et
1531 783 1861 841 hominibus.

447 899 616 952 Vens.
669 898 722 952 7.
771 926 839 936 —
877 895 1070 952 Leoni.
1120 895 1230 949 Leo
1276 900 1525 948 mortuus
1572 891 1833 957 nascitur,
1882 888 1973 944 die

373 985 528 1042 tertia
555 1000 691 1041 voce
720 984 897 1040 Patris
927 982 1245 1039 viviﬁcatur.
1280 982 1370 1037 Sic
1400 989 1454 1036 et
1482 979 1726 1036 Christus
1755 979 1842 1034 die
1854 986 1972 1033 ter-

369 1074 446 1130 tia
473 1073 784 1140 resurrexit,
835 1081 889 1129 et
926 1087 1212 1144 resurgere
1253 1069 1507 1141 oportuit,
1552 1069 1682 1140 quia
1723 1075 1972 1124 mortuus

369 1161 488 1230 fuit,
521 1170 575 1217 et
601 1161 742 1218 mori
769 1161 1025 1234 oportuit,
1061 1160 1189 1232 quia
1217 1159 1400 1225 bomo,
1431 1165 1484 1213 et
1502 1164 1750 1212 mortuus
1775 1163 1972 1212 resur-

363 1267 498 1322 gere
526 1249 697 1308 voluit
720 1265 787 1306 ac
816 1249 1007 1322 potuit,
1039 1248 1168 1322 quia
1205 1247 1408 1320 aquila,
1440 1245 1497 1302 id
1528 1252 1612 1302 est
1629 1246 1798 1302 Deus.

437 1365 607 1421 Vens.
643 1369 696 1421 8.
727 1395 796 1405 —
827 1367 898 1422 Et
925 1368 1166 1438 quatuor
1195 1363 1477 1419 animalia
1507 1361 1737 1433 singula
1773 1375 1969 1416 eorum

366 1455 642 1512 habebant
660 1455 784 1510 alas
813 1470 1000 1522 senas,
1034 1453 1106 1507 ad
1133 1453 1238 1508 hoc
1269 1459 1327 1506 ut
1351 1450 1457 1505 ista
1481 1449 1550 1504 de
1581 1448 1798 1504 Christo
1819 1463 1967 1518 prae-

365 1543 610 1599 dicarent
638 1542 694 1597 in
715 1542 908 1614 quibus
937 1542 1078 1596 bene
1103 1539 1350 1595 instructi
1382 1546 1554 1595 erant.
1587 1539 1721 1594 Alas
1776 1553 1966 1592 senas.

368 1631 545 1687 Prima
576 1631 683 1698 ala,
715 1630 804 1686 lex
823 1629 1079 1685 naturalis
1114 1629 1413 1695 ;secunda,
1445 1627 1532 1682 lex
1551 1626 1724 1698 Moysi
1749 1644 1764 1692 ;
1788 1625 1962 1690 tertia,

361 1721 642 1792 prophetae
676 1739 690 1785 ;
725 1727 940 1791 quarta,
971 1717 1329 1789 Evangelium
1362 1734 1377 1783 ;
1412 1715 1617 1786 quinta,
1667 1713 1964 1768 institutio-
1994 1701 2049 1761 Β

359 1825 457 1864 nes
487 1808 861 1880 apostolorum
894 1825 910 1874 ;
943 1814 1116 1872 sexta,
1151 1819 1602 1876 quorumcunque
1631 1803 1872 1868 decreta,
1907 1809 1966 1856 ut

358 1897 611 1968 Augusti,
643 1895 920 1969 Gregorii,
955 1893 1250 1958 Ambrosii,
1284 1911 1384 1964 per
1415 1908 1551 1964 quos
1581 1891 1826 1947 Ecclesia
1857 1891 1966 1944 alta

357 1986 534 2057 petit:
585 1992 639 2039 et
689 2001 720 2039 a
781 1984 975 2058 quibus
1025 1983 1414 2054 praedicatores
1477 1980 1749 2050 accipiunt
1803 1979 1965 2034 totius

354 2073 758 2146 praedicationis
806 2072 1235 2127 fundamentum.
1275 2069 1375 2126 Vel
1433 2086 1528 2124 sex
1577 2068 1678 2123 alte
1722 2067 1962 2139 cognitio

357 2179 587 2234 operum
618 2162 718 2218 Dei
748 2161 1011 2217 factorum
1032 2177 1129 2216 sex
1165 2160 1378 2225 diebus,
1427 2174 1658 2230 quorum
1716 2156 1964 2212 notitiam

359 2251 415 2305 in
445 2251 614 2306 altum
645 2251 933 2306 sublevant
979 2249 1071 2321 qui
1114 2248 1170 2304 in
1216 2249 1295 2304 eis
1338 2247 1478 2302 bene
1528 2253 1838 2317 operantur.
1887 2246 1963 2300 In

364 2342 614 2396 circuitu
643 2344 698 2396 et
728 2342 906 2395 intus.
940 2338 1044 2392 Per
1073 2337 1326 2404 litteram,
1360 2335 1636 2406 supplices
1667 2353 1682 2402 ;
1715 2350 1814 2405 per
1832 2333 1964 2388 alle-

355 2429 587 2502 goriam,
621 2427 977 2499 perfectiores
998 2442 1065 2482 ea
1092 2426 1347 2481 animalia
1376 2425 1671 2490 instruunt,
1696 2431 1750 2478 et
1770 2423 1824 2477 in
1854 2439 1964 2478 me-

354 2518 444 2573 dio
473 2525 525 2573 et
545 2517 601 2573 in
618 2516 815 2571 ﬁnibus
842 2525 1000 2572 terra
1031 2515 1357 2570 illuminant.
1408 2515 1586 2570 Plena
1605 2517 1740 2568 sunt
1761 2513 1960 2568 oculis.

355 2605 496 2675 Quia
524 2623 584 2661 se
605 2607 836 2660 mundos
867 2612 1090 2660 servant
1121 2613 1174 2659 et
1202 2604 1340 2659 alios
1373 2602 1624 2672 exemplo
1644 2600 1961 2656 informant.

353 2695 472 2761 Vel,
506 2696 679 2767 plena
729 2698 868 2750 sunt
935 2694 1112 2749 oculis
1168 2695 1350 2758 intus,
1399 2690 1456 2745 id
1505 2698 1588 2744 est
1623 2688 1962 2750 conscientia

349 2783 537 2837 mundi
572 2801 584 2838 :
617 2785 757 2839 etin
787 2784 1053 2848 circuitu,
1082 2781 1137 2834 id
1166 2788 1247 2836 est
1268 2780 1323 2833 in
1353 2786 1652 2849 conSpectu
1677 2777 1958 2831 hominum

350 2870 878 2943 irreprehensibiles.
911 2871 1014 2938 Qui
1049 2873 1322 2925 venturus
1355 2872 1440 2923 est
1452 2910 1464 2922 .
1500 2866 1663 2922 Filius
1693 2879 1957 2936 corpora-

349 2961 468 3016 liter
489 2960 792 3030 apparebit,
840 2966 954 3014 tota
1009 2958 1198 3012 Deitas
1238 2955 1490 3011 ﬁdelibus
1537 2971 1596 3009 se
1641 2970 1741 3010 suo
1790 2953 1955 3009 modo

348 3048 732 3103 manifestabit.

414 3146 584 3198 Vens.
619 3146 672 3198 9.
703 3173 773 3184 —
799 3145 870 3198 Et
897 3142 1357 3208 benedictionem,
1392 3156 1642 3211 superna:
1685 3156 1940 3195 remune-

343 3232 590 3298 rationis,
618 3231 702 3286 vel
733 3232 786 3285 in
809 3229 1153 3300 exaltatione,
1177 3234 1244 3286 ut
1265 3231 1317 3285 ei
1333 3245 1497 3285 omne
1507 3245 1656 3300 genu
1673 3230 1943 3297 ﬂectatur

339 3324 673 3390 caelestium,
715 3321 1079 3377 terrestrium
1114 3324 1172 3375 et
1203 3321 1564 3389 infernarum
1598 3317 1830 3391 (Philip.
1869 3318 1951 3388 ιι).

411 3420 579 3475 Vens.
605 3422 692 3473 10.
725 3448 795 3459 -
825 3419 897 3473 Et
931 3417 1216 3474 adoraban
1231 3420 1269 3471 t.
1300 3415 1459 3484 Quod
1493 3431 1527 3470 a
1556 3431 1615 3470 se
1641 3431 1752 3470 non
1780 3415 1957 3470 habe-

332 3509 478 3575 bant,
501 3507 682 3563 abillo
711 3506 1059 3578 requirebant
1084 3521 1224 3560 voce
1257 3512 1309 3560 et
1344 3520 1533 3575 opere.
1571 3505 1860 3560 Dicentes.
1895 3505 1958 3558 ln

331 3603 540 3654 secreto
569 3596 756 3652 cordis
800 3595 1156 3650 attribuentes
1205 3594 1322 3650 Deo
1371 3593 1652 3649 victoriam
1697 3592 1953 3649 vitiorum

339 3695 391 3742 et
421 3685 828 3740 tribulationum
845 3725 857 3738 .

407 3793 580 3849 Vens.
612 3795 699 3847 ll.
728 3821 799 3832 —-
832 3792 1049 3848 Creasti
1080 3792 1296 3846 omnia.
1324 3789 1460 3844 Ideo
1483 3787 1666 3844 omnia
1692 3787 1761 3842 ad
1791 3795 1843 3842 te
1864 3797 1952 3842 re'

330 3881 586 3945 ferenda,
613 3881 739 3952 quia
769 3880 949 3936 omnia
983 3894 1016 3934 a
1045 3887 1095 3933 te
1123 3878 1326 3933 habent
1365 3877 1596 3931 initium.
1649 3874 1951 3931 Invisibilia

337 3972 502 4027 etiam
532 3969 620 4024 vel
651 3968 879 4041 angelos
907 3975 958 4022 et
990 3967 1222 4032 animas,
1255 3975 1312 4020 ut
1331 3965 1642 4036 spirituales
1689 3981 1812 4019 esse
1860 3964 1948 4018 di-

339 4059 412 4116 cit
469 4074 593 4114 cum
630 4056 698 4112 de
739 4056 920 4127 impiis
963 4055 1089 4110 facit
1132 4055 1252 4125 pios
1308 4053 1663 4125 spiritualiter
1711 4060 1944 4108 creatos.

349 4150 585 4220 Propter
619 4146 970 4202 voluntatem
1005 4147 1184 4198 tuam.
1231 4143 1301 4196 Et
1341 4157 1450 4196 non
1501 4141 1570 4196 de
1619 4141 1818 4198 subito.
1878 4144 1950 4197 Et

335 4236 477 4310 quod
506 4237 729 4308 factum
751 4236 854 4298 est,
884 4235 947 4287 in
978 4234 1094 4303 ipso
1114 4232 1232 4286 vita
1263 4234 1388 4286 erat
1429 4230 1613 4301 (Joan.
1646 4230 1708 4302 ι).
1741 4232 1941 4286 Erant.

333 4325 393 4378 In
423 4331 625 4387 mente,
661 4323 976 4393 priusquam
1006 4317 1372 4373 formarentur
1427 4319 1481 4372 in
1514 4333 1698 4389 opere.
1744 4319 1946 4374 Creata

2074 427 2290 483 clausus
2309 424 2607 496 septiformi
2638 425 2853 496 spiritu,
2885 441 2986 495 per
3016 440 3179 495 quem
3217 421 3356 478 ﬁdes
3406 423 3677 494 aperitur.

2072 517 2313 588 Septem.
2361 515 2520 580 Dicit,
2566 515 2692 585 quia
2737 513 2818 584 (ut
2869 513 3225 584 sequentibus
3267 509 3679 581 determinabit)

2072 604 2166 659 illa
2197 613 2323 658 sunt
2347 611 2556 674 septem
2588 603 2786 675 sigilla,
2811 601 3018 658 scilicet
3063 601 3246 656 album
3292 617 3417 656 esse
3475 615 3680 672 equum

2072 699 2127 748 et
2148 691 2328 747 rufum
2357 699 2411 747 et
2439 691 2679 764 nigrum,
2712 698 2816 745 etc.
2853 708 2866 745 :
2901 707 3021 761 quae
3051 698 3238 760 aperta
3286 697 3340 744 et
3389 696 3523 744 nota
3555 687 3680 745 fue-

2072 789 2199 836 runt
2226 780 2283 835 in
2303 780 2530 835 exordio
2557 778 2837 846 Ecclesiae,
2863 795 2986 850 quae
3013 777 3112 833 fuit
3158 779 3314 833 albus
3357 794 3536 850 equus
3588 793 3680 831 su—

2073 885 2178 941 pra
2214 885 2378 942 quem
2418 868 2557 923 sedit
2590 867 2855 934 Christus,
2917 875 2972 922 et
3013 866 3264 922 doctrina
3311 875 3365 922 et
3419 865 3679 937 exemplo

2071 957 2318 1024 munivit,
2351 973 2513 1029 quam
2545 956 2696 1012 rufus
2727 972 2902 1028 equus
2933 955 3293 1029 impugnavit.

2142 1047 2316 1102 Vens.
2346 1050 2492 1103 2.-
2528 1046 2829 1117 Angelum.
2881 1044 3066 1100 Sancti
3109 1052 3165 1100 et
3205 1043 3412 1116 antiqui
3455 1042 3680 1099 Veteris

2069 1134 2396 1190 Testamenti
2438 1141 2624 1206 patres
2677 1133 3058 1189 intellexerunt
3115 1132 3408 1204 aliquando
3472 1149 3504 1187 a
3558 1133 3682 1188 Deo

2069 1223 2385 1295 dispositam
2416 1221 2818 1294 reparationem
2853 1221 3160 1277 Jerusalem
3195 1237 3208 1276 :
3243 1229 3293 1276 et
3322 1220 3547 1292 quando
3570 1219 3681 1277 ﬁe-

2070 1320 2172 1378 ret,
2203 1311 2388 1368 videre
2418 1311 2768 1381 exoptabant,
2803 1310 2900 1365 sed
2931 1309 3207 1382 quomodo
3253 1308 3410 1374 ﬁeret
3457 1310 3684 1382 ignora-

2069 1400 2216 1469 bant,
2233 1400 2407 1455 donec
2428 1398 2638 1455 scilicet
2656 1398 2913 1454 revelavit
2930 1397 3254 1470 quibusdam
3267 1406 3567 1470 antequam
3580 1396 3683 1454 ﬁe-

2069 1497 2171 1544 ret.
2205 1489 2641 1545 Praadicantem.
2667 1487 3058 1558 Inquirentem,
3109 1495 3163 1541 et
3209 1487 3332 1542 aliis
3373 1487 3680 1542 annuntia-

2069 1585 2176 1632 tem
2209 1583 2262 1632 et
2291 1593 2404 1647 pre
2432 1575 2601 1632 nimio
2621 1576 2916 1642 desiderio,
2951 1575 3137 1630 tandiu
3167 1575 3373 1631 diﬁ‘erri
3417 1591 3678 1646 conque-

2070 1675 2300 1720 rentem.
2344 1667 2575 1738 Aperire
2625 1667 2850 1722 librum.
2917 1664 3171 1720 Divinam
3230 1664 3674 1734 dispositionem,

2069 1763 2123 1809 et
2151 1754 2436 1811 universas
2467 1754 2831 1811 obscuritates
2861 1753 3266 1825 Scripturarum
3299 1753 3515 1808 tollere.

2137 1870 2307 1925 Vens.
2339 1872 2391 1924 4.
2422 1900 2492 1910 -
2524 1871 2748 1926 Flebam
2790 1871 3060 1925 multum.
3095 1899 3166 1909 ——
3211 1870 3326 1924 Hoc
3374 1869 3578 1923 dicitur
3614 1868 3678 1923 in

2063 1974 2302 2030 persona
2331 1959 2571 2029 priorum
2616 1967 2669 2015 et
2713 1959 3057 2030 antiquorum
3104 1965 3342 2029 patrum,
3393 1973 3462 2013 eo
3522 1957 3678 2028 quod

2063 2063 2173 2103 non
2192 2046 2587 2120 intelligebant,
2613 2047 2700 2104 vel
2719 2047 2941 2102 dilatam
2968 2047 3369 2118 reparationem
3385 2046 3674 2112 dolebant,

2063 2135 2206 2191 unde
2241 2137 2445 2192 :Multi
2490 2153 2645 2209 reges
2689 2140 2745 2192 et
2777 2135 3066 2209 prophetae
3125 2136 3428 2192 voluerunt
3478 2135 3678 2191 videre

2063 2225 2217 2297 (Luc.
2245 2225 2329 2296 x),
2361 2233 2467 2281 etc.

2134 2341 2304 2395 Vens.
2329 2344 2381 2395 5.
2416 2371 2486 2382 -—
2515 2343 2588 2397 Et
2612 2358 2765 2396 unus
2795 2341 2861 2397 de
2891 2340 3224 2398 senioribus.
3259 2339 3502 2409 Quilibet
3540 2355 3674 2411 pro-

2060 2429 2222 2499 pheta
2242 2429 2440 2484 Christi
2471 2430 2764 2485 adventum
2776 2429 3148 2484 annuntiando
3169 2429 3482 2486 consolatur
3500 2429 3666 2484 alios.

2073 2519 2210 2573 Vicit
2242 2518 2344 2573 leo.
2379 2519 2487 2573 Leo
2515 2519 2644 2573 dum
2676 2518 2908 2589 fugatur,
2928 2534 3023 2589 per
3043 2526 3256 2573 montes
3269 2517 3424 2589 fugit,
3445 2525 3498 2572 et
3517 2517 3671 2573 nodo

2063 2621 2226 2676 quem
2253 2607 2414 2662 habet
2443 2607 2497 2661 in
2520 2608 2692 2663 cauda
2719 2607 2953 2680 vestigia
2981 2607 3147 2676 delet,
3193 2624 3262 2663 ne
3309 2606 3615 2671 inveniatur
3649 2623 3664 2662 :

2061 2694 2132 2747 ita
2162 2695 2404 2750 Christus
2434 2695 2573 2769 fugit
2604 2714 2704 2767 per
2732 2705 2965 2762 montes,
3013 2696 3070 2751 id
3117 2704 3220 2763 est,
3270 2695 3526 2752 divinitas
3572 2695 3670 2749 Ju-

2061 2781 2209 2837 dazos
2244 2784 2416 2852 latuit,
2468 2794 2745 2856 assumpta
2795 2802 2958 2840 carne
3007 2785 3342 2840 divinitatem
3391 2785 3554 2845 texit,
3593 2802 3671 2840 ne

2059 2878 2246 2939 posset
2275 2872 2522 2956 agnosci.
2559 2874 2666 2928 Leo
2693 2873 2888 2928 dormit
2918 2873 3120 2944 apertis
3151 2873 3345 2940 oculis,
3377 2873 3452 2926 ita
3483 2872 3674 2928 Chris-

2060 2965 2146 3013 tus
2175 2961 2470 3031 exspiravit
2499 2959 2780 3018 divinitate
2810 2963 3043 3019 vivente.

1972 3059 2020 3122 C
2129 3075 2302 3130 Vens.
2325 3080 2382 3132 6.
2413 3107 2484 3119 —
2530 3080 2604 3134 Et
2649 3096 2773 3135 ecce
2817 3079 2881 3134 in
2918 3078 3099 3134 medio
3138 3077 3351 3134 throni.
3397 3077 3672 3145 Ecclesm,

2057 3182 2176 3237 qua:
2205 3182 2237 3218 a
2264 3165 2480 3220 Christo
2511 3175 2759 3239 tanquam
2788 3169 3014 3222 thronus
3034 3166 3362 3236 possidetur,
3397 3174 3662 3238 tanquam

2057 3252 2309 3309 animalia
2338 3256 2598 3324 pascitur,
2631 3263 2888 3325 tanquam
2917 3254 3162 3310 seniores
3200 3254 3256 3310 in
3297 3255 3508 3324 judicio
3547 3271 3659 3327 po-

2057 3341 2266 3398 testatis
2313 3343 2633 3410 honoratur,
2681 3343 2802 3413 ipsa
2850 3360 3017 3414 super
3067 3343 3342 3398 Christum
3382 3343 3664 3400 aediﬁcata

2057 3430 2112 3485 in
2143 3439 2352 3502 septem
2381 3432 2635 3487 cornibus
2664 3431 3015 3501 fortitudinis,
3056 3449 3231 3503 regno
3278 3432 3568 3500 exaltatur,
3600 3433 3662 3487 in

2056 3528 2263 3590 septem
2293 3520 2486 3587 oculis,
2520 3520 2692 3593 signis
2723 3527 2778 3575 et
2797 3520 3083 3576 virtutibus
3125 3521 3486 3576 illuminatur.
3516 3523 3662 3577 Tan-

2056 3625 2225 3681 quam
2254 3610 2520 3665 occisum.
2555 3609 2691 3678 Quia
2718 3609 2821 3665 etsi
2851 3608 3012 3665 fuerit
3041 3618 3314 3676 mortuus,
3355 3626 3424 3665 ex
3457 3610 3661 3666 virtute

2055 3705 2238 3752 tamen
2282 3699 2384 3753 Dei
2421 3698 2574 3753 vivit.
2632 3698 2731 3754 Vel
2775 3698 2919 3753 inter
2958 3715 3086 3754 suos
3130 3706 3394 3770 tanquam
3439 3700 3658 3755 occisus

2056 3795 2157 3854 est,
2189 3786 2245 3840 in
2273 3787 2472 3858 quibus
2502 3787 2740 3859 quotidie
2769 3788 3143 3843 mortiﬁcatur.
3170 3789 3396 3844 Cornua
3411 3793 3652 3860 septem,

2055 3883 2160 3930 etc.
2207 3874 2350 3944 Quia
2369 3875 2458 3929 dat
2491 3892 2742 3948 regnum,
2795 3877 2943 3946 quod
2987 3876 3041 3930 in
3090 3876 3353 3932 cornibus
3411 3885 3651 3932 notatur.

2056 3962 2278 4030 Oculos,
2311 3963 2445 4034 quia
2483 3964 2767 4018 illuminat.
2793 3964 2892 4020 Vel
2929 3979 3138 4020 cornua
3169 3972 3297 4020 sunt
3321 3966 3654 4021 eminentio-

2055 4068 2144 4106 res
2175 4052 2369 4121 sancti,
2395 4052 2452 4106 in
2481 4052 2658 4124 capite
2700 4053 2916 4109 Christo
2955 4052 3180 4123 fundati,
3228 4069 3458 4110 carnem
3504 4071 3657 4112 exce-

2055 4139 2264 4195 dentes.

2127 4247 2294 4301 Vens.
2330 4250 2382 4301 8.
2405 4276 2474 4286 -—
2507 4247 2840 4304 Ceciderunt
2869 4264 3060 4305 coram
3087 4265 3250 4320 agno.
3296 4249 3544 4305 Humilia
3591 4249 3654 4305 de

2056 4351 2114 4391 se
2144 4344 2453 4402 senserunt,
2485 4336 2630 4407 quod
2650 4335 2828 4407 ipsum
2855 4337 3152 4404 imitantur,
3191 4337 3337 4393 unde
3384 4339 3649 4410 sequitur.

346 4416 505 4469 εαηί·
541 4411 837 4468 νίείδίιίίθτ
867 4407 1171 4465 θκίείθηάο·
1206 4406 1402 4463 omnia
1432 4421 1568 4479 ετεο
1603 4406 1835 4496 fuﬁum
1877 4405 1946 4496 al?
1975 4415 2318 4480 DHabentes
2349 4405 2568 4496 singuli
2598 4405 2871 4481 citharas.
2907 4425 3350 4482 Mortiﬁcationes
3397 4405 3649 4483 vitiorum

339 4509 546 4556 aeterno
578 4500 880 4556 secundum
907 4497 1053 4570 quod
1075 4503 1233 4552 erant
1270 4496 1324 4550 in
1355 4503 1536 4550 mente
1583 4494 1787 4561 divina,
1840 4493 1939 4550 sed

2071 4493 2698 4584 t'concupiscentiarum.
2733 4515 2793 4569 In
2823 4515 3030 4570 cithara
3060 4515 3267 4585 lignum
3298 4523 3353 4570 et
3381 4517 3644 4572 chordae:

343 4605 468 4645 esse
498 4589 836 4660 incoeperunt
863 4587 918 4642 in
949 4594 1193 4658 tempore
1223 4601 1323 4657 per
1351 4587 1706 4641 creationem.

2069 4619 2138 4658 »ετ
2165 4601 2375 4675 lignum
2405 4618 2541 4657 crux
2569 4602 2794 4668 Christi,
2826 4619 2928 4674 per
2973 4604 3203 4659 chordas
3248 4619 3381 4660 caro
3431 4614 3650 4661 sancto-

2037 4707 2173 4756 rum,
2208 4707 2327 4761 quae
2350 4690 2590 4746 tenditur
2616 4690 2671 4744 in
2701 4690 2870 4762 ligno,
2917 4691 3045 4746 dum
3086 4692 3322 4747 diversis
3356 4695 3646 4750 tormentis

977 4761 1201 4818 CAPUT
1238 4761 1304 4816 ν·
2040 4779 2294 4835 eumdem
2325 4795 2522 4834 sonum
2549 4761 2842 4834 reddentes
2866 4795 3089 4836 crucem
3113 4780 3314 4836 Christi
3343 4781 3644 4838 imitantur.

416 4894 590 4951 Vens.
647 4896 697 4950 l.
739 4922 808 4932 —
852 4892 927 4947 Et
954 4889 1070 4947 vidi
1105 4891 1170 4946 in
1223 4889 1461 4946 dextera
1513 4886 1781 4944 sedentis.
1840 4886 1945 4940 Per

2117 4884 2288 4939 Vens.
2323 4888 2375 4939 9.
2406 4915 2476 4925 —-
2516 4886 2836 4942 Cantabant
2875 4888 3194 4943 canticum.
3218 4888 3350 4942 Cum
3399 4890 3648 4944 exsulta-

353 4985 632 5040 dexteram
681 4980 929 5053 intelligo
975 4978 1188 5044 Filium,
1240 4994 1337 5048 per
1383 4993 1544 5048 quem
1589 4975 1773 5031 omnia
1819 4973 1946 5030 fecit
2043 4972 2190 5028 tione
2216 4974 2431 5028 Novum
2477 4975 2882 5029 Testamentum
2929 4975 3180 5032 Ecclesia
3222 4991 3387 5047 Opere
3434 4977 3650 5048 proﬁte-

349 5074 499 5128 Deus
528 5072 701 5136 Pater,
733 5069 802 5124 ad
833 5083 998 5140 quem
1026 5066 1189 5121 totius
1231 5065 1353 5120 libri
1399 5064 1622 5121 intentio
1671 5063 1941 5136 dirigitur.

350 5161 603 5220 Librum.
644 5159 702 5212 ld
732 5165 815 5212 est
844 5157 951 5212 duo
980 5157 1329 5210 Testamenta
1350 5171 1472 5226 qua:
1513 5161 1635 5208 sunt
1683 5152 1828 5207 idem
1873 5151 1944 5204 li-

358 5251 476 5305 ber.
494 5249 672 5305 Foris.
700 5244 1026 5318 Signiﬁcans
1040 5245 1207 5299 Vetus
1221 5243 1365 5314 quod
1384 5242 1654 5297 forinseca
1666 5241 1948 5312 promittit.

354 5341 538 5406 Intus,
571 5337 787 5393 Novum
815 5331 1130 5406 signiﬁcans
1158 5333 1302 5404 quod
1333 5331 1614 5386 evidenter
1641 5347 1788 5401 saepe
1819 5345 1947 5400 pro-

355 5429 516 5484 mittit
544 5424 952 5482 beatitudinem.

429 5519 752 5590 Signatum.
796 5513 981 5570 Factae
1028 5515 1154 5565 sunt
1216 5508 1494 5580 scripturae
1557 5507 1948 5578 prophetarum

353 5606 572 5678 clausae,
605 5613 656 5662 et
684 5605 952 5669 obscurae,
995 5599 1092 5656 sed
1136 5613 1238 5671 per
1279 5595 1554 5652 Christum
1593 5603 1781 5666 postea
1827 5603 1953 5652 sunt

2047 5069 2152 5127 tur,
2186 5061 2316 5116 dum
2353 5062 2407 5115 in
2457 5070 2632 5117 morte
2666 5063 2782 5131 ejus
2825 5063 3080 5134 baptizat.
3137 5066 3321 5121 Tribu.
3374 5066 3591 5122 Dicitur
3619 5083 3646 5121 a

2047 5150 2220 5204 tribus
2252 5150 2553 5216 ordinibus,
2585 5151 2641 5205 in
2676 5151 2871 5223 quibus
2916 5153 3023 5208 duo
3067 5161 3119 5208 et
3159 5155 3508 5226 septuaginta
3547 5157 3647 5211 lin-

2048 5256 2170 5311 guae
2201 5239 2256 5292 in
2286 5239 2535 5312 singulis,
2569 5255 2793 5311 quarum
2822 5241 2976 5295 multi
3005 5242 3212 5313 populi,
3245 5243 3301 5296 in
3336 5244 3544 5314 populo
3560 5261 3646 5299 na-

2048 5327 2244 5382 tiones.
2276 5329 2411 5382 Tres
2439 5328 2656 5383 ordines
2685 5329 3090 5399 salvandorum,
3124 5331 3494 5401 Noe,Daniel,
3517 5334 3638 5388 Job.

2048 5416 2147 5472 Vel
2177 5425 2288 5470 tres
2317 5416 2539 5472 ordines
2569 5417 2828 5488 gentium,
2854 5418 3047 5487 Graci,
3073 5419 3644 5487 Haebrzei,Christiani.

2120 5505 2289 5561 Vens.
2325 5507 2412 5560 11.
2445 5535 2513 5544 -
2551 5506 2687 5562 Vidi.
2719 5505 2843 5561 Non
2868 5505 3046 5562 solum
3076 5508 3336 5564 animalia
3361 5517 3415 5566 et
3463 5511 3642 5569 senio-

2050 5611 2140 5650 res
2168 5611 2235 5650 ex
2265 5593 2442 5650 ofﬁcio
2463 5610 2562 5651 suo
2592 5594 2736 5650 idem
2766 5598 3210 5663 attestantes,sed
3238 5599 3399 5655 etiam
3427 5601 3644 5659 audivi.
