3968 6176
355 305 451 361 ’721

1333 296 1604 355 GLOSSA
1641 296 2056 354 ORDINARIA.
2090 327 2160 338 —
2197 297 2399 353 APOC.
2433 295 2749 354 JOANNIS.

3557 303 3663 358 ’722

431 427 623 484 Vocem
650 425 998 497 angelorum.
1033 423 1096 479 Id
1138 430 1221 479 est
1268 439 1626 494 supernorum
1670 423 1956 495 spirituum
1983 428 2039 490 Α
2058 437 2278 478 omnem
2307 421 2546 494 quietem
2575 421 2741 477 animi
2769 422 2840 476 ab
2867 420 2954 477 his
2975 421 3068 494 qui
3111 429 3238 477 sunt
3278 422 3509 480 terrenis
3557 424 3660 481 de-

358 514 451 588 qui
475 514 781 570 Ecclesium
809 513 1058 568 muniunt
1087 521 1140 568 et
1160 513 1488 581 custodiunt,
1510 512 1602 584 qui
1621 512 1689 566 de
1710 521 1960 583 reparato

357 612 665 660 sanctorum
709 603 984 658 consortio
1022 603 1386 674 gratulantur,
1453 601 1546 672 qui
1595 602 1960 656 testimonium

352 694 644 767 perhibent
673 693 888 748 Christo
911 700 965 746 et
994 692 1052 746 in
1109 691 1413 757 nativitate,
1439 691 1657 762 quando
1680 706 1958 762 apparue-

357 791 483 838 runt
509 782 822 859 pastoribus
842 788 895 836 et
924 781 980 835 in
1007 780 1279 852 passione,
1304 787 1358 835 et
1386 780 1442 833 in
1472 779 1877 835 resurrectione
1907 787 1961 834 et
2025 826 2028 828 .

355 873 677 929 ascensione
708 871 883 926 testati
912 877 1035 925 sunt
1058 870 1298 939 judicem
1318 878 1624 925 venturum.
1651 868 1748 924 Vel
1777 869 1959 942 angeli

355 969 480 1017 sunt
507 961 748 1016 minores
777 959 980 1014 subditi
1023 959 1078 1013 in
1124 957 1391 1027 Ecclesia,
1441 957 1744 1030 angelicam
1792 957 1959 1013 vitam

355 1052 640 1116 ducentes,
674 1049 766 1122 qui
785 1049 1127 1105 circumdant
1173 1055 1227 1103 et
1263 1049 1532 1103 honorant
1547 1062 1675 1102 suos
1696 1047 1959 1118 praedica-

353 1147 504 1198 tores
535 1147 590 1194 et
616 1154 742 1194 suos
767 1138 982 1207 judices
1011 1137 1322 1192 testimonio
1345 1152 1536 1192 eorum
1555 1136 1958 1191 consentientes

352 1236 408 1284 et
437 1244 498 1284 se
525 1226 948 1284 conformantes.
985 1226 1289 1282 Multorum
1318 1226 1381 1280 in
1410 1225 1660 1281 circuitu
1691 1224 1886 1280 throni
1900 1227 1957 1279 et

352 1319 699 1374 animalium
727 1320 782 1372 et
810 1316 1119 1380 seniorum,
1153 1323 1258 1370 etc.
1290 1313 1505 1382 Quanto
1550 1313 1756 1384 plures,
1808 1320 1957 1368 tanto

347 1407 523 1476 major
552 1405 843 1472 attestatio,
876 1413 931 1460 et
959 1406 1129 1475 majus
1159 1403 1436 1477 gaudium.
1463 1405 1642 1459 Millia
1679 1404 1952 1459 millium.

352 1497 511 1552 Hunc
541 1512 825 1551 numerum
855 1495 1053 1566 posuit,
1089 1494 1214 1565 quia
1243 1492 1453 1548 ﬁnitum
1481 1500 1564 1548 est
1592 1493 1732 1565 apud
1778 1492 1953 1547 Deum

352 1586 500 1657 quod
530 1584 837 1640 hominibus
866 1582 1152 1637 infinitum.

425 1682 598 1738 Vens.
646 1685 732 1738 12.
781 1711 850 1722 -
895 1681 1270 1753 Sapientiam,
1321 1683 1380 1735 et
1426 1679 1794 1750 [ortudinem,
1846 1685 1950 1733 etc.

2069 511 2184 566 diti.
2218 513 2288 566 Et
2319 511 2486 567 datus
2507 515 2591 567 est
2607 512 2661 567 ei
2678 512 2902 582 gladius
2922 528 3185 582 magnus.
3203 511 3403 585 Magna
3422 520 3662 583 potestas

2068 599 2447 668 interﬁciendi,
2481 601 2608 672 quia
2637 616 2747 654 non
2776 600 2951 655 solum
2980 600 3037 655 in
3065 601 3322 667 minores,
3357 601 3455 657 sed
3503 601 3663 657 etiam

2066 689 2124 743 in
2151 689 2403 758 majores,
2435 695 2494 743 ut
2525 689 2581 743 in
2610 690 2846 755 Petrum,
2883 689 3076 745 saevire
3113 705 3281 745 ausus
3311 697 3412 745 est.

2142 778 2308 833 Vens.
2341 781 2392 832 5.
2425 809 2494 818 -
2521 780 2592 834 Et
2623 794 2746 834 ecce
2774 767 2947 851 equus
2976 779 3154 850 niger.
3189 778 3390 834 Videns
3416 777 3667 834 diabolus

2063 880 2124 921 se
2155 881 2255 936 per
2281 874 2498 938 apertas
2524 866 2934 938 persecutiones
2963 882 3070 922 non
3118 865 3438 938 profecisse,
3469 865 3669 921 immit-

2065 954 2126 1008 tit
2153 955 2460 1021 hacreticos,
2491 955 2584 1028 qui
2612 955 2767 1011 falsis
2795 955 3096 1010 rationibus
3126 955 3457 1028 contendant
3498 962 3556 1010 ut
3585 954 3664 1010 fa.

2065 1042 2220 1098 cilius
2241 1043 2534 1113 decipiant.

2134 1127 2436 1183 Stateram.
2485 1126 2626 1196 Quia
2665 1127 2853 1184 dicunt
2881 1143 2940 1184 se
2987 1127 3190 1184 habere
3218 1143 3401 1183 veram
3446 1127 3658 1184 discre-

2061 1215 2267 1271 tionem
2296 1215 2351 1270 in
2381 1216 2699 1287 Scripturis.

2132 1329 2304 1388 Vens.
2339 1333 2390 1386 6.
2413 1361 2482 1370 —
2502 1333 2574 1386 Et
2591 1332 2782 1387 audivi
2804 1336 3095 1405 tanquam.
3121 1330 3256 1401 Quia
3275 1331 3366 1388 hic
3391 1332 3448 1387 in
3475 1347 3662 1405 pugna

2059 1419 2461 1485 hmreticorum,
2494 1419 2584 1474 ubi
2611 1427 2694 1474 est
2723 1421 2893 1489 majus
2937 1422 3260 1492 periculum,
3307 1421 3661 1492 praetenditur

2059 1508 2338 1562 auxilium.
2371 1509 2616 1565 Bilibris.
2649 1507 2817 1577 Quasi
2837 1509 2981 1565 dicat
3002 1528 3016 1565 :
3041 1510 3086 1565 Ο
3104 1510 3313 1578 ﬁdeles,
3338 1526 3406 1566 ne
3421 1509 3658 1565 timeatis

2058 1612 2153 1650 eos
2183 1597 2274 1667 qui
2305 1605 2466 1651 antea
2496 1613 2594 1651 vos
2614 1605 2863 1668 poterant
2882 1599 3113 1666 laedere;
3139 1608 3193 1655 et
3221 1615 3319 1654 vos
3335 1598 3558 1666 diaboli,
3583 1615 3652 1654 ne

2054 1685 2265 1740 lmdatis
2293 1685 2445 1750 istos,
2482 1685 2611 1756 quia
2640 1701 2749 1740 non
2779 1685 3095 1758 proﬁcietis,
3129 1690 3263 1760 quia
3294 1687 3510 1743 bilibris
3541 1689 3654 1744 tri-

356 1771 736 1845 Cognitionem
780 1769 1022 1825 omnium
1069 1784 1270 1834 rerum,
1321 1767 1460 1824 sieut
1506 1768 1672 1823 habet
1717 1766 1952 1822 Verbum
1981 1785 2034 1846 Β
2060 1774 2180 1841 tici,
2216 1781 2320 1828 etc.
2356 1775 2569 1829 Tritici.
2604 1775 2709 1828 Per
2759 1774 2995 1830 triticum
3038 1775 3412 1849 intelliguntur
3447 1774 3660 1847 perfec-

352 1860 461 1914 sibi
476 1860 703 1914 unitum.

421 1968 597 2022 Vens.
632 1969 717 2020 13.
750 1993 819 2005 --
847 1964 1185 2020 Benedictio.
1218 1963 1278 2018 Id
1299 1969 1381 2019 est
1407 1961 1775 2035 augmentatio
1793 1977 1955 2033 quam

349 2055 619 2112 habemus
651 2054 706 2109 in
736 2054 894 2109 bonis
923 2053 1200 2124 operibus,
1235 2056 1291 2109 et
1317 2053 1492 2108 honor
1521 2051 1612 2122 qui
1630 2051 1755 2106 inde
1776 2051 1955 2122 sequi-

350 2154 462 2212 tur,
496 2149 553 2200 et
575 2144 756 2215 gloria
786 2143 855 2198 de
883 2142 1170 2197 virtutibus
1204 2157 1338 2212 quas
1369 2140 1423 2194 in
1454 2140 1724 2210 baptismo
1755 2139 1955 2211 accipi-

349 2251 493 2299 mus,
519 2239 577 2289 et
594 2237 844 2305 potestas
877 2247 983 2303 qua
1014 2229 1470 2303 concupiscentiis
1492 2229 1819 2296 resistimus,
1843 2245 1954 2284 non

348 2323 530 2391 nobis,
565 2322 663 2377 scd
687 2321 782 2376 tibi
815 2320 1158 2377 attribuatur.

420 2438 597 2494 Vens.
631 2439 715 2492 14.
748 2467 817 2476 —-
847 2439 917 2493 Et
947 2439 1189 2510 quatuor
1214 2435 1514 2491 animalia.
1551 2433 1758 2490 Omnes
1777 2433 1955 2489 senio-

347 2543 442 2582 res
472 2534 526 2582 et
553 2525 812 2580 animalia
833 2525 1141 2580 testimonio
1163 2523 1484 2595 angelorum
1505 2537 1790 2578 assensum
1811 2538 1953 2593 prm-

352 2615 501 2671 bent.
540 2616 872 2671 Ceciderunt
901 2615 965 2670 in
984 2616 1182 2685 facies,
1201 2621 1307 2668 etc.
1330 2613 1455 2668 Non
1472 2609 1791 2682 superbiunt
1807 2610 1952 2683 quod

347 2702 488 2759 alios
511 2702 775 2772 judicent,
810 2703 908 2757 sed
937 2701 1220 2756 humiliant
1246 2716 1326 2756 se.

970 2870 1197 2927 CAPUT
1226 2869 1318 2925 VI.

421 3009 595 3064 Vens.
620 3010 672 3062 1.
695 3008 855 3064 -Ει
898 3006 1034 3062 Vidi.
1076 3006 1368 3076 Postquam
1404 3006 1596 3077 Agnus
1633 3020 1754 3078 quae
1793 3005 1861 3062 de
1891 3021 1951 3061 se

349 3098 613 3171 praedicta
642 3104 797 3151 erant
816 3095 1058 3167 implevit
1073 3102 1126 3150 et
1147 3093 1448 3149 Ecclesiam
1468 3110 1619 3148 suam
1641 3093 1950 3150 testimonio

351 3187 737 3258 prophetarum
768 3191 820 3239 et
839 3183 1159 3255 angelorum
1188 3182 1243 3236 in
1273 3181 1380 3237 ﬁde
1411 3181 1682 3250 solidavit,
1735 3184 1949 3254 aperuit

349 3276 430 3331 eis
451 3291 673 3329 sensum
701 3281 758 3329 ut
784 3273 1093 3345 intelligant
1123 3271 1453 3342 Scripturas,
1487 3279 1648 3343 etper
1679 3272 1950 3344 praedica-

342 3372 494 3420 tores
515 3362 748 3418 exterius
767 3361 1215 3432 denuntiat,quod
1236 3377 1334 3432 pro
1355 3362 1456 3416 hac
1477 3358 1583 3415 ﬁde
1603 3360 1716 3431 pati
1736 3361 1946 3428 deceat,

351 3462 404 3508 et
435 3469 556 3525 quze
584 3451 798 3518 auxilia,
834 3450 918 3506 vel
949 3466 1085 3522 quas
1116 3465 1347 3505 coronas
1377 3448 1493 3505 suis
1521 3448 1798 3520 praeferat,
1825 3450 1952 3521 quia

347 3542 489 3598 facta
516 3540 781 3596 memoria
809 3541 878 3595 de
907 3537 1272 3610 reparatione,
1307 3538 1353 3592 si
1401 3538 1469 3593 de
1510 3538 1952 3594 tribulationibus

346 3639 570 3697 taceret,
585 3631 701 3700 jam
715 3637 940 3703 possent
951 3627 1261 3696 deﬁcere,si
1282 3627 1349 3683 de
1365 3625 1661 3699 improviso
1674 3627 1953 3683 tribulatio

349 3720 681 3792 insurgeret.
719 3719 870 3786 Quod
897 3718 1229 3791 aperuisset.
1265 3716 1520 3787 Signatus
1539 3723 1653 3771 erat
1669 3714 1771 3771 iste
1789 3717 1948 3785 liber,

347 3809 477 3882 quia
505 3807 689 3863 omnia
719 3807 965 3862 Christus
994 3806 1078 3861 vel
1111 3805 1165 3860 in
1203 3821 1280 3870 se,
1318 3804 1405 3860 vel
1452 3803 1507 3858 in
1552 3803 1665 3860 suis
1714 3806 1948 3876 aperuit.

349 3899 472 3970 Ipse
493 3896 638 3953 enim
670 3896 784 3951 suis
813 3895 1023 3967 aperuit
1055 3910 1266 3959 sensus,
1301 3901 1358 3948 ut
1387 3894 1505 3948 haec
1521 3892 1699 3966 sigilla
1714 3894 1770 3948 in
1801 3895 1952 3950 Scri-

347 3986 522 4058 pturis
553 3985 938 4056 intelligerent.
993 3984 1051 4037 In
1106 3982 1282 4053 primo
1321 3981 1503 4052 sigillo
1547 3989 1758 4052 aperto,
1808 3983 1952 4039 unde

347 4091 610 4148 egressus
640 4081 723 4130 est
752 4088 924 4144 equus
955 4070 1132 4139 albus,
1164 4069 1483 4142 intelligitur
1510 4071 1774 4126 Ecclesiae
1804 4071 1955 4126 deal-

346 4165 494 4220 batio
524 4180 626 4235 per
653 4162 1002 4234 baptismum.
1037 4161 1097 4215 In
1127 4159 1368 4215 secundo
1397 4175 1539 4231 equo
1569 4159 1692 4216 rufo
1709 4159 1953 4215 insinua-

344 4261 431 4308 tur
459 4260 649 4324 aperta
676 4251 988 4322 persecutio
1031 4247 1370 4304 fundentium
1418 4248 1758 4320 sanguinem,
1809 4249 1954 4306 unde

343 4340 631 4414 baptizatis
668 4340 957 4413 insurgunt
1005 4336 1399 4393 tribulationes.
1452 4337 1514 4392 In
1567 4337 1726 4393 tertio
1776 4336 1933 4410 nigro

337 4431 725 4487 haereticorum
767 4427 1078 4500 persecutio
1125 4425 1353 4482 occulta.
1379 4425 1438 4480 In
1477 4433 1668 4496 quarto
1709 4426 1930 4498 pallido,

2059 1861 2245 1930 tiores,
2288 1861 2379 1933 qui
2421 1878 2521 1932 per
2576 1862 2982 1917 tribulationem
3038 1864 3206 1918 attriti
3263 1865 3389 1937 igne
3445 1863 3656 1921 decocti

2057 1959 2202 2019 sunt,
2232 1951 2349 2006 Deo
2377 1950 2530 2006 cibus
2561 1950 2763 2006 suavis.
2821 1952 3097 2006 Hordeum
3143 1959 3267 2006 sunt
3311 1953 3551 2007 minores
3604 1953 3660 2008 in

2057 2041 2251 2095 eodem
2281 2055 2508 2112 genere.
2542 2039 2757 2105 Vinum,
2781 2039 2946 2110 pnelo
2967 2040 3186 2112 quidem
3216 2040 3398 2109 attriti,
3431 2041 3529 2096 sed
3550 2055 3659 2096 non

2055 2128 2127 2182 ita
2186 2128 2414 2197 excocti,
2475 2144 2627 2183 acres
2683 2136 2890 2183 tantum
2944 2128 3000 2182 in
3057 2145 3138 2196 se,
3170 2137 3224 2184 et
3253 2129 3387 2184 alios
3418 2129 3488 2184 ad
3519 2129 3657 2186 bene

2055 2217 2394 2288 operandum
2423 2216 2761 2272 inebriantes
2793 2235 2806 2271 :
2840 2217 3022 2272 oleum
3049 2225 3174 2272 sunt
3220 2233 3330 2273 non
3384 2218 3520 2272 alios
3566 2217 3656 2273 in-

2055 2305 2342 2373 ebriantes,
2364 2305 2460 2360 sed
2472 2305 2625 2376 prius
2641 2305 2982 2360 orationibus
2999 2314 3288 2379 ungentes.
3307 2308 3380 2362 Et
3395 2308 3581 2362 vivum
3596 2311 3654 2362 et

2053 2395 2242 2452 oleum
2269 2410 2341 2449 ne
2372 2394 2655 2449 lceseritis.
2686 2394 2746 2448 Id
2768 2402 2849 2448 est
2864 2395 2998 2450 istos
3027 2395 3119 2466 qui
3140 2403 3264 2450 sunt
3285 2394 3475 2451 refecti
3504 2396 3649 2461 vino,

2054 2482 2110 2537 id
2145 2489 2228 2538 est
2285 2481 2552 2554 sanguine
2581 2497 2726 2550 meo,
2760 2491 2813 2538 et
2869 2483 3011 2550 oleo,
3046 2483 3102 2538 id
3123 2491 3205 2539 est
3235 2483 3439 2554 Spiritu
3469 2489 3655 2540 sancto

2055 2571 2224 2627 uncti.
2263 2570 2460 2626 Vinum
2494 2569 2742 2625 similiter
2770 2570 2967 2626 emitur
2995 2572 3219 2626 denario
3249 2587 3376 2628 uno.

2125 2685 2294 2740 Vens.
2330 2689 2381 2740 8.
2413 2714 2482 2725 —
2511 2686 2651 2741 Ecce
2681 2700 2854 2757 equus
2880 2685 3152 2757 pallidus.
3177 2684 3383 2742 Videns
3404 2684 3652 2742 diabolus

2056 2789 2162 2830 nec
2189 2790 2286 2846 per
2313 2782 2529 2845 apertas
2559 2773 2956 2841 tribulationes,
2988 2789 3092 2830 nec
3117 2790 3219 2846 per
3248 2782 3466 2846 apertas
3484 2774 3657 2830 haere-

2059 2878 2149 2918 ses
2177 2879 2342 2934 posse
2372 2861 2658 2934 proﬁcere,
2690 2862 2968 2934 praemittit
2985 2861 3155 2918 falsos
3171 2862 3370 2920 fratres
3395 2880 3410 2918 :
3434 2862 3524 2936 qui
3541 2862 3642 2918 sub

2056 2951 2241 3007 habitu
2273 2951 2559 3025 religionis
2587 2951 2836 3007 obtinent
2864 2959 3104 3006 naturam
3138 2950 3239 3006 ruﬁ
3253 2951 3377 3024 equi
3406 2959 3460 3007 et
3488 2951 3653 3025 nigri,

2049 3041 2413 3113 pervertendo
2438 3039 2622 3097 ﬁdem.
2657 3041 2869 3097 Nomen
2897 3041 2988 3097 illi
3007 3057 3177 3097 mors.
3211 3039 3353 3110 Quia
3410 3055 3509 3112 per
3529 3055 3654 3096 eum

1970 3143 2021 3208 α
2048 3146 2196 3185 mors
2225 3129 2477 3195 accessit,
2510 3130 2598 3185 vel
2625 3131 2695 3184 ad
2726 3128 2960 3184 litteram
2991 3130 3120 3201 quia
3147 3129 3348 3186 occidit
3389 3128 3655 3201 quosdam

2051 3219 2106 3274 in
2135 3233 2318 3288 carne,
2350 3219 2612 3291 quosdam
2641 3218 2698 3272 in
2726 3219 2924 3274 anima.
2952 3221 3026 3274 Et
3056 3220 3339 3290 infernus.
3375 3218 3434 3272 Id
3463 3224 3545 3273 est
3564 3217 3654 3272 in-

2062 3307 2340 3363 satiabiles
2368 3307 2599 3362 terrenis
2629 3323 2754 3362 eum
2783 3306 3079 3374 imitantur,
3104 3315 3158 3362 et
3179 3307 3233 3363 in
3260 3305 3475 3362 inferno
3502 3319 3666 3377 appo-

2052 3405 2272 3450 nuntur.
2304 3396 2483 3467 Super
2511 3399 2772 3468 quatuor.
2806 3395 2868 3450 Id
2899 3403 2982 3451 est
3012 3411 3179 3467 super
3231 3411 3422 3451 omnes
3475 3393 3654 3451 malos

2053 3485 2253 3557 ubique
2308 3492 2603 3552 morantes,
2664 3484 2753 3538 vel
2801 3500 2968 3554 super
3011 3484 3229 3540 Judzeos
3286 3491 3340 3539 et
3391 3482 3646 3555 gentiles,

2053 3572 2342 3628 haereticos
2373 3579 2426 3626 et
2454 3570 2623 3627 falsos
2650 3571 3010 3628 Christianos.

2124 3679 2295 3733 Vens.
2328 3680 2381 3732 9.
2415 3708 2483 3718 —
2511 3679 2582 3733 Et
2609 3695 2758 3736 cum.
2795 3677 3044 3735 Ostensis
3071 3677 3510 3733 tribulationibus
3531 3695 3653 3750 qum

2053 3767 2108 3821 in
2136 3765 2394 3844 praesenti
2424 3765 2705 3822 imminent
2735 3765 3003 3835 ﬁdelibus,
3037 3782 3106 3822 ne
3134 3765 3407 3832 deﬁciant,
3443 3767 3650 3838 aliqua-

2052 3860 2211 3908 tenus
2240 3849 2549 3908 certiﬁcans
2577 3851 2646 3905 de
2674 3850 2982 3924 pr0pinqua
3010 3864 3214 3906 corona
3232 3851 3502 3921 patientes
3521 3867 3652 3908 con-

2054 3941 2280 3997 solatur.
2340 3939 2458 3996 Vidi
2484 3940 2681 3996 subtus
2710 3941 2913 3995 altare.
2947 3939 3006 3994 Id
3037 3947 3120 3995 est
3147 3939 3313 4013 capiti
3340 3956 3438 3996 suo
3467 3940 3652 3996 humi-

2053 4029 2251 4086 liantes
2280 4045 2361 4096 se,
2394 4028 2501 4096 vel,
2534 4028 2653 4097 sub,
2685 4029 2741 4083 in
2772 4029 3062 4095 absconso,
3111 4029 3239 4103 quia
3267 4045 3429 4086 nemo
3457 4031 3512 4085 in
3542 4031 3648 4087 hac

2053 4118 2167 4174 vita
2195 4117 2425 4190 percipit
2454 4117 2728 4190 quomodo
2759 4115 2835 4173 ibi
2863 4117 2987 4173 sint.

2124 4235 2339 4290 Altare.
2373 4233 2620 4289 Christus
2650 4249 2816 4306 super
2845 4249 3009 4306 quem
3037 4249 3097 4290 se
3126 4249 3317 4290 omnes
3347 4234 3520 4291 sancti
3566 4233 3647 4290 of-

2056 4321 2255 4390 ferunt,
2289 4330 2342 4378 et
2371 4339 2533 4394 quem
2561 4322 2764 4378 habent
2791 4322 3202 4379 munimentum.
3238 4322 3338 4379 Vel
3367 4322 3500 4394 ipsae
3529 4322 3646 4380 ani-

2055 4428 2160 4468 mm
2187 4411 2360 4466 altare
2389 4419 2513 4467 sunt
2543 4412 2612 4466 de
2649 4412 2845 4484 quibus
2885 4411 3066 4467 fumus
3106 4411 3355 4482 procedit
3395 4412 3512 4467 Deo
3542 4411 3643 4466 de-

337 4519 603 4575 falsorum
630 4485 880 4574 reattium
910 4524 1096 4588 aperta
1124 4523 1178 4571 et
1205 4514 1413 4571 occulta
1440 4515 1768 4586 persecutio.
1808 4485 1948 4573 Veni1

2070 4499 2330 4566 ectabilis,
2391 4508 2444 4555 et
2495 4500 2618 4572 quia
2671 4499 2888 4555 fuerunt
2944 4499 3212 4572 sanguine
3263 4499 3422 4566 liniti,
3476 4500 3640 4555 modo

339 4614 394 4665 et
428 4608 575 4664 vide.
606 4610 652 4663 A
681 4604 943 4678 mysterio
973 4603 1162 4671 transi,
1197 4611 1252 4660 et
1279 4602 1607 4675 completam
1634 4604 1759 4660 vide
1788 4605 1938 4660 veri-

333 4704 507 4752 tatem
535 4695 623 4752 vel
645 4695 928 4766 justitiam.

412 4786 584 4841 Vens.
610 4788 664 4842 2.
686 4813 757 4827 -
783 4787 922 4841 Ecce
952 4799 1126 4856 equus
1155 4781 1334 4838 albus.
1363 4780 1608 4837 Ecclesia
1654 4781 1712 4836 in
1757 4782 1938 4854 bapti-

341 4889 462 4929 smo
492 4872 762 4939 dealbata,
794 4873 882 4930 vel
910 4871 1127 4928 maximi
1174 4869 1578 4941 praedicatores,
1617 4870 1708 4943 qui
1736 4871 1939 4943 ubique

341 4964 517 5018 Deum
564 4961 761 5019 ferunt.
812 4963 1039 5018 Arcum.
1091 4959 1338 5017 Christus
1385 4958 1552 5015 habet
1596 4958 1930 5032 Scripturam

343 5067 452 5124 qua
477 5050 745 5107 illuminat
773 5066 921 5118 suos,
955 5058 1008 5106 et
1035 5048 1230 5106 occidit
1257 5045 1526 5103 inimicos.

411 5159 582 5214 Vens.
608 5162 661 5214 3.
685 5188 754 5199 —
771 5161 839 5215 Et
852 5176 982 5215 cum
998 5161 1312 5232 aperuisset
1340 5160 1592 5231 sigillum
1603 5158 1932 5215 secundum.

341 5246 546 5302 Videns
591 5247 841 5302 diabolus
879 5248 1186 5303 Ecclesium
1230 5249 1436 5304 institui
1477 5249 1546 5303 ad
1590 5249 1772 5305 locum
1801 5247 1935 5302 sub-

338 5335 619 5406 plendum,
651 5337 795 5392 unde
825 5335 942 5410 ipse
971 5338 1258 5404 ceciderat,
1293 5355 1412 5394 eam
1449 5338 1766 5393 subvertere
1804 5337 1936 5392 niti-

341 5431 430 5478 tur
457 5423 610 5495 prius
639 5431 846 5494 aperte.
879 5428 1064 5498 Equus
1087 5429 1277 5498 rufus.
1309 5427 1590 5498 Superiori
1611 5426 1932 5492 contrarius,

344 5513 551 5570 scilicet
579 5514 756 5585 aperti
785 5523 1164 5585 persecutores
1185 5523 1237 5571 et
1267 5515 1687 5589 sanguinolenti.

412 5603 582 5658 Vens.
615 5605 668 5658 4.
695 5633 763 5644 -—
791 5603 1048 5660 Sumeret
1075 5621 1270 5677 pacem
1313 5607 1378 5662 de
1409 5610 1582 5672 terra,
1617 5609 1672 5661 et
1701 5605 1935 5661 utindi-

347 5707 486 5758 cem,
519 5700 623 5748 etc.
658 5693 717 5747 Id
749 5700 832 5749 est
861 5709 1181 5750 concessum
1211 5704 1296 5752 est
1326 5710 1359 5752 a
1405 5697 1540 5764 Deo,
1591 5703 1650 5751 ut
1697 5694 1937 5752 auferret

2042 4597 2166 4645 sunt
2210 4587 2504 4643 existentes
2549 4589 2759 4655 subtus,
2807 4589 2862 4643 id
2902 4596 2986 4642 est
3031 4587 3088 4641 in
3131 4587 3330 4642 minori
3372 4587 3637 4661 dignitate

2037 4692 2199 4750 quam
2228 4674 2336 4730 sint
2377 4674 2589 4742 futura,
2635 4691 2799 4747 quam
2828 4675 3068 4731 nondum
3097 4675 3202 4730 nisi
3233 4691 3396 4732 unam
3443 4677 3636 4733 stolam

2037 4771 2385 4836 acceperunt.
2421 4765 2861 4836 Interfectorum
2929 4769 3158 4838 propter
3231 4767 3478 4822 verbum.
3541 4766 3642 4823 Vel

2038 4861 2232 4926 aperto
2259 4852 2534 4924 martyrio,
2567 4852 2655 4908 vel
2683 4852 2952 4926 aliquibus
2981 4853 3365 4910 anxietatibus.

2105 4970 2274 5025 Vens.
2313 4973 2396 5024 10.
2430 4999 2499 5010 -—
2535 4972 2832 5044 Usquequo.
2866 4970 3190 5026 Desiderant
3238 4972 3412 5028 sancti
3459 4974 3638 5043 majus

2036 5058 2297 5130 gaudium
2337 5066 2390 5113 et
2436 5059 2771 5114 consortium
2810 5067 3140 5128 sanctorum,
3189 5067 3243 5116 et
3283 5061 3506 5130 justitiaa
3535 5062 3638 5119 Dei

2038 5147 2382 5203 consentiunt
2409 5148 2466 5203 in
2486 5147 2835 5204 damnatione
2863 5147 3170 5219 impiorum.

2104 5236 2331 5292 Iudicas
2357 5241 2414 5292 et
2434 5253 2550 5294 non
2587 5237 2840 5293 vindicas
2874 5241 3231 5310 sanguinem.
3251 5239 3520 5297 Faciendo
3541 5240 3653 5296 dis-

2037 5325 2337 5381 cretionem
2367 5326 2635 5380 bonorum
2660 5334 2714 5380 et
2741 5325 3032 5382 malorum.

2111 5427 2282 5482 Vens.
2306 5432 2392 5483 11.
2413 5458 2481 5468 -
2506 5429 2768 5485 Conservi
2787 5445 3000 5485 eorum.
3027 5429 3183 5486 Servi
3205 5430 3456 5486 dicuntur
3478 5443 3642 5486 causa

2037 5513 2207 5586 ipsius
2237 5515 2472 5583 Domini,
2509 5515 2705 5572 fratres
2735 5531 2799 5572 ex
2834 5517 3124 5574 dilectione
3183 5518 3381 5573 debent
3437 5533 3638 5588 exspe-

2042 5612 2192 5660 ctare
2201 5647 2212 5658 .

2112 5703 2280 5758 Vens.
2334 5706 2422 5760 12.
2473 5734 2539 5744 --
2587 5705 2676 5760 Sol
2723 5706 2913 5774 factus
2961 5709 3043 5758 est
3071 5705 3248 5771 niger.
3284 5702 3344 5756 Id
3374 5709 3456 5756 est
3482 5701 3558 5756 illi
3587 5703 3643 5758 in
