3964 6178
286 291 391 345 ’723

787 285 1194 342 WALAFRIDI
1234 283 1477 340 STRABI
1515 282 1714 339 FULD.
1753 280 1929 338 MON.
1968 279 2122 338 OPP.
2161 281 2340 338 PARS
2377 281 2421 336 I.
2461 309 2530 324 -—
2566 278 3037 337 THEOLOGICA.

3483 279 3595 337 ’724

291 411 493 485 quibus
522 410 668 468 lucet
699 410 1089 482 reputabuntur
1115 409 1198 464 rei
1228 416 1279 464 et
1310 415 1626 478 peccatores
1670 406 1886 463 clarita-
1903 407 1958 471 A
1986 422 2125 463 onus
2151 406 2352 462 Christi
2381 413 2580 477 portet.
2613 405 2675 461 In
2702 404 2922 474 vertice,
2958 413 3015 460 ut
3043 404 3312 461 rationem
3359 419 3592 462 conser-

285 505 398 552 tem
435 511 590 551 suam
620 512 679 551 se
704 495 1023 562 retinentes,
1056 493 1141 550 vel
1165 493 1289 563 quia
1309 493 1528 565 quidam
1548 493 1616 546 ad
1632 493 1885 548 tenebras

286 585 559 642 decidant.
593 585 693 640 Vel
730 584 976 640 Christus
1025 583 1108 638 sol
1150 598 1333 649 verus,
1377 590 1431 636 et
1472 582 1636 637 modo
1682 581 1879 650 clarus,

286 673 606 730 Antichristi
637 680 881 743 tempore
913 671 1014 726 erit
1045 671 1334 737 obscurus,
1375 670 1427 725 id
1472 679 1555 726 est
1585 669 1747 725 nullis
1775 669 1883 724 mi-

286 763 488 820 raculis
517 775 832 818 coruscans.
877 762 1163 834 Tanquam
1191 775 1409 816 saccus.
1476 761 1590 815 Lux
1619 760 1676 814 in
1723 773 1882 815 sacco

284 852 461 924 posita
491 857 641 907 extra
669 865 780 906 non
807 849 952 906 lucet
981 869 995 917 ;
1042 847 1234 905 ﬁdeles
1274 849 1452 905 lucem
1480 847 1882 919 praedicationis

284 955 397 997 non
425 939 701 996 effundent
724 940 781 1001 in
809 939 915 995 isto
942 953 1156 1009 magnae
1175 937 1535 994 tribulationis
1557 937 1664 994 die.

357 1030 528 1084 Vnus.
564 1032 651 1083 13.
681 1057 752 1068 —
786 1028 1008 1084 Grossos
1038 1044 1192 1084 suos.
1231 1027 1292 1082 Id
1323 1034 1406 1083 est
1431 1041 1628 1082 manes
1653 1024 1877 1094 fructus,

283 1116 492 1174 nullum
522 1115 665 1172 enim
694 1115 953 1188 permittit
981 1115 1131 1172 Deus
1186 1115 1404 1184 cadere,
1465 1114 1559 1186 qui
1607 1113 1659 1171 ei
1712 1113 1882 1170 servit

281 1221 414 1263 VCI'O
444 1220 649 1262 amore.

354 1295 528 1350 Vnus.
563 1295 649 1350 14.
683 1323 752 1334 --
777 1293 1006 1350 Cael-um.
1039 1292 1100 1349 Id
1119 1299 1203 1348 est
1221 1291 1474 1349 Ecclesia
1494 1291 1714 1349 recedet
1733 1303 1882 1345 ama-

283 1383 370 1454 lis,
392 1383 499 1440 ﬁde
520 1390 572 1438 et
588 1399 772 1454 opere.
794 1383 950 1438 Unde
972 1401 986 1438 :
1030 1385 1202 1439 Exite
1239 1383 1304 1438 de
1325 1382 1619 1454 Babylone,
1637 1381 1881 1454 populus

283 1489 464 1540 meus,
499 1478 557 1529 et
583 1472 946 1528 immundum
966 1489 1038 1528 ne
1061 1472 1380 1543 letigeritis.

356 1563 526 1618 Vnus.
561 1565 648 1616 15.
679 1590 750 1603 -
781 1565 948 1634 Reges
981 1566 1174 1617 terrae.
1192 1559 1504 1616 Secundum
1519 1558 1770 1614 diversos
1790 1558 1881 1612 ho-

284 1667 450 1708 nores
497 1650 683 1707 saeculi
739 1666 876 1722 quos
919 1651 1166 1706 nolentes
1195 1650 1451 1721 perdere,
1482 1648 1664 1704 delent
1693 1647 1878 1702 ﬁdem.

283 1742 518 1798 Divites.
552 1739 790 1812 Quiquid
817 1739 945 1795 mali
974 1739 1160 1794 volunt
1206 1737 1516 1809 implentes.
1566 1739 1778 1792 Fortes.
1820 1735 1880 1790 In

291 1830 674 1886 subvertendis
703 1830 842 1884 aliis.
879 1830 1084 1886 Servus
1114 1829 1343 1900 peccati,
1376 1827 1516 1882 liber
1540 1825 1783 1896 justitize.
1816 1825 1884 1880 Hi

283 1919 640 1991 desperantes
669 1933 701 1973 a
730 1919 950 1986 sanctis,
1001 1917 1203 1973 auxilia
1257 1917 1567 1972 daemonum
1613 1921 1878 1988 quzerunt,

284 2016 344 2065 ut
372 2024 433 2064 se
461 2007 539 2062 illi
567 2007 803 2063 libarent
830 2007 886 2062 in
915 2007 1111 2079 quibus
1141 2004 1508 2063 conﬁdebant.

357 2097 531 2154 Vnus.
569 2100 655 2152 16.
688 2124 759 2137 --
775 2099 847 2153 Et
867 2096 1066 2152 dicunt
1085 2096 1389 2152 montibus.
1413 2096 1603 2149 Petant
1623 2089 1887 2165 suffragia

283 2186 628 2260 angelorum,
653 2185 746 2259 qui
777 2191 901 2241 sunt
926 2192 1139 2241 montes
1178 2183 1585 2249 eminentiores,
1621 2190 1676 2238 et
1714 2190 1883 2254 petrae

283 2274 534 2332 ﬁrmitate
567 2293 582 2330 :
614 2281 674 2331 ut
701 2290 891 2333 eorum
921 2273 1180 2347 precibus
1221 2271 1650 2330 misericordiam
1684 2267 1885 2341 judicis

282 2363 593 2437 impetrent.

884 2521 1109 2580 CUPUT
1145 2521 1261 2580 VII.

351 2667 523 2726 Vnus.
557 2671 608 2724 1.
626 2693 697 2710 --
716 2667 849 2724 Post
870 2666 1007 2737 hinc,
1031 2673 1134 2722 etc.
1159 2663 1440 2736 Multiplici
1460 2661 1726 2719 Ecclesiae
1743 2659 1888 2716 bello

285 2757 578 2830 descripto,
612 2755 826 2826 subjicit
856 2763 1102 2827 tempore
1130 2754 1288 2823 hujus
1316 2753 1445 2808 belli
1475 2752 1754 2807 diabolum
1783 2765 1888 2806 no-

287 2863 416 2904 cere
445 2854 712 2918 paratum,
749 2845 846 2902 sed
877 2859 910 2900 a
941 2845 1057 2900 Deo
1086 2843 1438 2912 refrenatum,
1471 2858 1541 2896 ne
1571 2841 1653 2897 sui
1685 2839 1891 2911 aliqua-

285 2944 444 2993 tenus
465 2943 713 3008 torpeant
740 2933 828 2990 vel
864 2934 1179 3004 desperent.
1215 2933 1463 3000 Quatuor
1491 2935 1738 3004 angelos.
1787 2931 1890 2987 Pro

288 3034 513 3098 quatuor
542 3024 784 3096 partibus
815 3021 1004 3077 mundi
1034 3021 1090 3076 in
1135 3021 1332 3092 quibus
1362 3028 1578 3076 nocent.
1626 3022 1888 3094 Angelos.

1982 504 2088 565 vet,
2123 512 2244 568 quae
2273 503 2356 552 est
2383 504 2571 551 vertex
2601 501 2656 550 et
2684 502 2844 564 caput
2874 493 3110 549 hominis
3138 493 3438 550 interioris.

2052 585 2223 641 Vnus.
2259 587 2309 640 4.
2335 614 2403 625 -
2437 585 2677 641 Centum
2708 583 3105 655 quadraginta.
3141 583 3378 637 Finitum
3408 583 3584 655 ponit,

1981 673 2106 746 quia
2135 675 2282 729 Deus
2304 673 2408 728 sibi
2434 674 2536 729 sub
2566 680 2717 729 certo
2745 687 2970 728 numero
3000 687 3194 729 omnes
3221 673 3591 744 comprehen-

1981 763 2078 818 dit.

2053 856 2141 911 Ex
2169 852 2324 907 omni
2355 848 2525 905 tribu.
2571 845 2632 902 Id
2673 853 2757 902 est
2798 860 2864 901 ex
2913 843 3168 902 omnibus
3203 842 3370 900 ﬁdem
3417 842 3590 900 Iacob

1981 941 2336 998 imitantibus.

2051 1033 2222 1088 Vnus.
2288 1030 2340 1084 ὅ.
2407 1024 2732 1083 Duodecim.
2794 1021 2896 1077 Per
2957 1021 3248 1078 duodecim
3311 1020 3589 1078 habemus

1981 1136 2078 1177 eos
2155 1119 2248 1192 qui
2294 1117 2400 1173 ﬁde
2473 1111 2750 1169 Trinitatis
2807 1119 3040 1184 quatuor
3097 1111 3283 1167 mundi
3336 1110 3592 1183 partibus

1986 1217 2112 1265 sunt
2156 1205 2379 1281 signati,
2425 1212 2479 1260 et
2526 1212 2584 1258 ut
2611 1204 2712 1258 hos
2741 1201 3016 1273 perfectos
3045 1201 3418 1270 ostendamus,
3450 1201 3592 1256 duo-

1982 1299 2158 1356 decim
2207 1314 2309 1368 per
2346 1301 2541 1367 quator
2585 1291 3030 1362 multiplicamus,
3081 1298 3135 1346 et
3178 1289 3312 1344 ﬁunt
3341 1289 3588 1361 quadra-

1988 1388 2142 1460 ginta
2167 1394 2291 1443 octo
2326 1405 2341 1453 ;
2375 1391 2432 1439 ut
2461 1399 2591 1439 vero
2647 1382 2717 1437 ad
2775 1381 3094 1436 Trinitatem
3150 1379 3270 1435 haec
3319 1378 3590 1450 perfectio

1992 1477 2281 1541 referatur,
2329 1472 2689 1545 quadraginta
2749 1478 2873 1526 octo
2930 1469 3370 1541 multiplicamus,
3423 1475 3478 1523 et
3510 1467 3593 1524 sic

1982 1565 2113 1621 ﬁunt
2143 1571 2358 1620 centum
2390 1561 2671 1634 sexaginta
2699 1567 2951 1631 quatuor.

2049 1655 2219 1709 Vnus.
2250 1654 2305 1708 7.
2335 1679 2409 1693 —-
2434 1650 2678 1706 Simeon.
2701 1647 2961 1704 Tristitia
2991 1647 3107 1703 sive
3135 1646 3390 1702 maeroris
3422 1661 3590 1702 exau-

1911 1771 1966 1832 B
1993 1743 2144 1811 ditio,
2175 1742 2231 1796 id
2259 1749 2341 1796 est
2370 1739 2439 1795 de
2465 1737 2753 1810 praeteritis
2783 1737 3024 1808 peccatis
3061 1737 3254 1792 dolens
3283 1743 3337 1792 et
3364 1734 3436 1791 ad
3471 1735 3594 1791 vir-

1990 1833 2116 1888 tutis
2149 1828 2619 1887 conversationem
2649 1826 2915 1897 aspirans.
2954 1826 3105 1882 Levi.
3150 1825 3211 1880 Id
3237 1833 3322 1880 est
3348 1825 3592 1892 additus,

1979 1923 2035 1977 id
2063 1929 2147 1977 est
2173 1919 2334 1975 etiam
2363 1933 2473 1972 non
2501 1915 2744 1986 injuncta
2774 1914 2878 1969 sibi
2917 1913 3143 1970 faciens.
3185 1916 3464 1970 Issachar.
3514 1914 3580 1969 Id

1983 2018 2064 2067 est
2092 1999 2327 2078 merces,
2369 2007 2422 2062 id
2453 2014 2536 2061 est
2579 2005 2650 2059 ad
2680 2003 3176 2059 remunerationem
3208 2003 3458 2074 tendens,
3491 2011 3588 2059 ut:

1987 2101 2158 2172 Cupio
2187 2097 2432 2164 dissolvi,
2464 2098 2520 2152 et
2555 2110 2672 2150 esse
2702 2110 2833 2150 cum
2866 2093 3104 2149 Christo.

2056 2189 2224 2243 Vnus.
2263 2191 2314 2242 8.
2346 2215 2415 2226 -—
2445 2183 2713 2240 Zabulon.
2750 2182 2809 2237 Id
2840 2190 2922 2237 est
2949 2179 3321 2237 habitaculum
3366 2180 3592 2237 fortitu-

1984 2275 2146 2343 dinis,
2179 2275 2234 2329 id
2261 2282 2343 2330 est
2371 2274 2616 2328 laborem
2644 2287 2755 2326 non
2786 2278 3126 2340 recusantes,
3159 2270 3258 2326 sed
3288 2270 3591 2342 aliquando

1982 2382 2083 2439 pro
2123 2363 2447 2420 necessitate
2492 2361 2721 2416 fratrum
2755 2361 2824 2416 de
2858 2359 3026 2415 Maria
3057 2359 3127 2414 ad
3156 2357 3420 2415 Martham
3453 2359 3591 2416 des-

1984 2454 2299 2512 cendentes.
2332 2451 2549 2524 Ioseph.
2599 2451 2661 2505 Id
2702 2456 2786 2505 est
2828 2457 3200 2522 augmentum,
3251 2449 3308 2504 id
3352 2457 3435 2505 est
3481 2449 3591 2506 Ec-

1987 2543 2213 2600 clesiam
2242 2555 2469 2597 numero
2499 2547 2812 2596 sanctorum
2830 2537 3244 2609 locupletantes.
3263 2539 3589 2611 Benjamin.

1987 2633 2048 2687 Id
2079 2639 2162 2686 est
2191 2630 2333 2686 ﬁlius
2363 2629 2620 2699 dexterae,
2653 2628 2708 2682 id
2739 2634 2822 2683 est
2839 2643 2877 2698 Ia
2903 2627 3284 2700 propitiatione
3332 2627 3434 2684 Dei
3463 2643 3591 2684 om-

1987 2721 2094 2792 nia,
2127 2728 2181 2776 et
2205 2719 2338 2774 nihil
2365 2735 2399 2774 a
2428 2734 2487 2774 se
2516 2725 2854 2789 reputantes.

2059 2837 2230 2892 Vnus.
2264 2837 2315 2892 9.
2335 2864 2406 2875 —
2426 2835 2557 2891 Post
2588 2834 2722 2890 hinc.
2756 2833 2892 2887 Cum
2907 2831 3209 2888 secundum
3224 2829 3465 2905 ﬁguram
3494 2831 3593 2889 de-

1991 2925 2290 2999 signandos
2329 2923 2429 2978 sub
2460 2931 2610 2978 certo
2665 2937 2888 2976 numero
2943 2919 3187 2992 vidisset,
3251 2930 3305 2977 et
3355 2929 3591 2977 tantum-

1989 3015 2154 3070 modo
2183 3014 2252 3068 de
2281 3012 2405 3068 ﬁliis
2432 3011 2620 3081 Israel,
2667 3026 2811 3066 nunc
2860 3019 3046 3082 aperte
3088 3011 3250 3067 docet
3298 3012 3449 3083 quod
3490 3028 3592 3083 per

288 3114 551 3171 Diabolus
604 3112 834 3189 angelus
882 3110 1098 3177 dicitur,
1141 3109 1197 3164 id
1252 3117 1334 3164 est
1361 3109 1562 3164 missus
1605 3126 1637 3164 a
1673 3112 1790 3167 Deo
1821 3104 2139 3198 adCillum
2172 3118 2478 3168 numerum,
2511 3100 2754 3156 universi
2800 3099 3008 3169 ﬁdeles,
3061 3108 3115 3154 et
3169 3116 3271 3171 per
3299 3100 3592 3157 duodecim

280 3201 660 3276 probationem
690 3202 978 3266 bonorum,
1011 3207 1066 3254 et
1092 3198 1394 3269 permissus
1414 3196 1481 3252 ad
1505 3198 1882 3271 deceptionem
1927 3190 2156 3268 viribus
2187 3190 2523 3262 accipiendae
2552 3197 2676 3244 sunt
2707 3205 2898 3244 omnes
2941 3197 3156 3262 gentes.
3190 3190 3444 3246 Stantes.
3478 3191 3591 3247 Sci-

281 3291 557 3348 malorum
601 3297 655 3346 et
695 3305 727 3344 a
777 3287 1025 3360 principe
1081 3287 1296 3343 diabolo
1353 3286 1422 3342 ad
1477 3288 1882 3346 subvertionem

285 3387 608 3439 Cunctorum
649 3377 871 3433 missus.
926 3380 1219 3435 Tenentes.
1263 3377 1324 3432 In
1365 3382 1613 3448 tempore
1656 3379 1882 3435 tribula-

280 3468 447 3525 tionis
472 3466 606 3523 nihil
632 3466 811 3541 magis
841 3473 924 3522 est
950 3465 1323 3522 necessarium
1353 3482 1514 3538 quam
1541 3467 1880 3538 praedicatio,

281 3566 336 3614 et
379 3556 504 3613 ideo
551 3557 739 3612 nititur
781 3555 1034 3611 diabolus
1082 3555 1327 3611 detinere
1375 3571 1498 3611 eam
1547 3555 1696 3612 omni
1737 3557 1880 3615 loco.

295 3649 514 3706 Ventos.
545 3645 752 3704 Ventus
780 3645 952 3702 nubes
981 3645 1197 3713 excitat,
1235 3652 1440 3700 terram
1471 3645 1656 3719 rigans
1685 3645 1882 3704 fructi-

281 3736 451 3795 feram
486 3735 635 3802 facit,
680 3734 874 3791 faciem
917 3735 1033 3804 ejus
1084 3735 1313 3790 hilarem
1345 3735 1542 3801 reddit,
1577 3736 1657 3792 sic
1685 3736 1884 3807 praedi-

280 3826 426 3884 catio
453 3832 667 3882 mentes
711 3824 1010 3880 hominum.
1054 3825 1232 3897 Super
1277 3841 1454 3880 mare.
1505 3824 1883 3882 Habitantibus

283 3914 339 3971 in
369 3915 565 3970 insulis
595 3913 682 3971 vel
713 3913 946 3969 diversis
974 3912 1119 3969 vitiis
1149 3911 1511 3968 afﬂuentibus.

351 4005 525 4060 Vnus.
547 4007 601 4060 2.
635 4032 704 4045 —
735 4005 802 4058 Et
833 4002 948 4058 vidi
971 4003 1239 4058 alterum.
1274 4002 1375 4058 Hic
1404 4000 1635 4073 angelus
1683 4010 1765 4058 est
1792 4001 1884 4058 ille

279 4092 418 4164 lapis
438 4092 554 4147 sine
584 4090 835 4145 manibus
881 4091 1171 4161 praecisus,
1229 4091 1322 4162 qui
1369 4098 1605 4145 statuam
1651 4099 1886 4163 quatuor

278 4181 513 4238 metallis
573 4186 909 4236 constantem
943 4178 1243 4250 confregit,
1279 4179 1369 4235 hic
1411 4187 1641 4251 quatuor
1693 4188 1885 4236 ventos

283 4269 460 4327 solvit.
512 4269 944 4326 Ascendentem.
995 4268 1074 4322 Ex
1141 4283 1249 4339 quo
1298 4267 1544 4322 Christus
1592 4267 1889 4339 exspiravit

289 4358 554 4425 ascendit,
589 4358 718 4413 dum
749 4356 1025 4412 diabolum
1056 4355 1263 4429 ligavit,
1298 4363 1351 4410 et
1377 4373 1478 4427 per
1505 4357 1888 4428 praedicatores

285 4449 549 4504 mundum
606 4445 928 4502 illuminavit
982 4444 1107 4511 ﬁde,
1171 4444 1308 4500 sicut
1365 4445 1447 4499 sol
1501 4445 1725 4502 lumine.
1787 4447 1888 4503 Vel

285 4537 534 4596 ascendit
564 4537 635 4593 ab
666 4543 810 4604 ortu,
842 4535 895 4590 id
927 4542 1010 4590 est
1040 4549 1073 4589 a
1102 4533 1281 4604 Patre,
1302 4533 1598 4606 proficiens
1620 4535 1888 4607 sapientia

286 4635 340 4683 et
368 4635 548 4682 aetate.
584 4625 685 4681 Vel
714 4640 747 4680 a
781 4641 839 4679 se
870 4623 1172 4694 descendit,
1207 4623 1334 4696 quia
1364 4639 1472 4678 non
1500 4640 1601 4695 per
1633 4625 1891 4682 concubi-

289 4725 404 4771 tum
435 4714 538 4770 viri
569 4729 789 4771 carnem
819 4713 1135 4784 assumpsit,
1172 4713 1269 4769 sed
1297 4712 1415 4785 ipse
1455 4714 1657 4770 creavit
1687 4715 1779 4786 qui
1808 4723 1890 4771 est

281 4813 430 4860 ortus
461 4803 613 4872 solis,
665 4802 719 4858 id
764 4811 846 4858 est
882 4802 1076 4858 Patris.
1133 4803 1388 4875 Signum.
1442 4803 1501 4857 Id
1548 4811 1629 4859 est
1666 4818 1888 4862 crucem

285 4909 390 4966 qua
450 4908 578 4949 suos
637 4890 904 4966 signaret,
937 4891 1025 4947 vel
1055 4891 1350 4964 potentiam
1394 4891 1542 4948 Patri
1595 4891 1883 4964 aaqualem,

281 4982 369 5040 vel
398 4981 788 5037 immunitatem
817 4997 848 5036 a
878 4987 1103 5052 peccato
1131 4996 1233 5052 per
1271 4996 1434 5053 quam
1465 4982 1612 5038 Deus
1639 4992 1883 5056 apparet,

289 5070 420 5143 quia
448 5069 625 5126 omnis
654 5071 819 5127 homo
848 5079 1122 5142 peccator.
1175 5070 1292 5127 Hoc
1339 5071 1556 5144 signum
1606 5071 1708 5128 etsi
1780 5089 1890 5129 non

291 5175 368 5226 re,
403 5157 511 5213 ﬁde
542 5166 722 5214 tamen
753 5158 958 5231 antiqui
1007 5167 1195 5231 patres
1250 5159 1625 5231 praetulerunt.
1660 5160 1889 5235 Signum

286 5247 500 5323 geritur
555 5247 613 5301 in
667 5245 843 5303 fronte
901 5264 971 5304 ne
1029 5249 1237 5305 celetur
1282 5249 1337 5304 in
1366 5250 1730 5319 tribulatione,
1763 5267 1887 5306 nam

290 5337 527 5411 signatio
555 5335 813 5408 pectoris,
856 5335 1128 5393 confessio
1174 5345 1258 5394 est
1299 5339 1501 5394 cordis.
1554 5339 1688 5395 Cum
1735 5349 1884 5396 cate-

287 5425 530 5483 chizatur
585 5423 788 5492 infans,
849 5425 1127 5498 inungitur
1177 5425 1234 5482 in
1306 5436 1549 5499 pectore,
1609 5436 1666 5482 ut
1721 5426 1884 5484 ﬁdem

292 5515 474 5572 cordis
505 5513 707 5571 habeat
740 5532 752 5569 :
783 5513 838 5569 in
868 5513 1042 5570 fronte
1071 5531 1140 5570 ne
1169 5516 1475 5586 erubescat,
1518 5517 1614 5573 sed
1632 5515 1886 5573 conﬁtea-

291 5612 380 5658 tur
413 5621 426 5657 :
464 5604 634 5661 Corde
663 5606 816 5660 enim
847 5604 1099 5661 creditur
1127 5605 1198 5660 ad
1210 5607 1518 5676 iustitiam,
1569 5622 1661 5663 ore
1691 5612 1885 5663 autem

291 5695 566 5765 confessio
593 5695 662 5764 ﬁt
688 5696 760 5753 ad
789 5695 1033 5756 salutem
1063 5695 1240 5768 (Rom.
1291 5695 1371 5767 x.)
1416 5696 1476 5751 In
1522 5694 1774 5769 scapulis,
1827 5706 1884 5752 ut

1983 3284 2109 3339 licet
2136 3280 2308 3354 parati
2337 3282 2454 3336 Deo
2485 3279 2710 3334 obedire
2733 3278 2920 3348 judici,
2975 3279 3062 3335 vel
3093 3277 3257 3335 etiam
3300 3279 3416 3336 suis
3455 3295 3595 3352 prte-

1988 3371 2132 3428 latis.
2162 3371 2279 3426 Hoc
2306 3369 2360 3424 in
2389 3368 2666 3442 praesenti.

2053 3488 2224 3543 Vnus.
2271 3487 2357 3540 10.
2403 3515 2473 3526 -
2514 3485 2679 3542 Salus
2723 3485 2833 3541 Deo
2879 3487 3072 3540 nostra
3121 3485 3217 3557 qui
3254 3483 3433 3540 sedet.
3467 3484 3595 3541 Non

1985 3594 2086 3650 per
2115 3592 2236 3642 nos,
2271 3574 2369 3632 sed
2396 3589 2496 3646 per
2544 3590 2748 3647 agnum
2796 3574 3061 3629 habemus
3110 3573 3361 3639 salutem,
3410 3573 3466 3628 id
3511 3581 3597 3631 est

1982 3665 2359 3722 remissionem
2385 3671 2758 3735 peccatorum,
2791 3671 2844 3718 et
2884 3663 3084 3718 bonam
3113 3662 3505 3735 operationem,
3539 3670 3597 3720 et

1985 3763 2251 3810 aeternam
2275 3753 2526 3826 gloriam.

2055 3871 2194 3926 Vnu.
2238 3873 2323 3925 11.
2359 3899 2428 3910 —
2458 3871 2529 3925 Et
2557 3883 2770 3925 omnes.
2805 3867 2910 3923 Per
2962 3865 3306 3939 supradictas
3334 3868 3589 3942 angelos,

1985 3960 2214 4032 intelligi
2242 3965 2472 4030 possunt
2500 3957 2737 4026 majores
2751 3956 2962 4028 praelati
2987 3976 3000 4023 ;
3035 3973 3131 4028 per
3159 3957 3314 4028 istos,
3348 3959 3596 4015 minores

1985 4048 2216 4121 praelati,
2248 4047 2336 4103 vel
2380 4045 2582 4101 subditi
2622 4053 2850 4112 tantum,
2883 4046 3021 4101 sicut
3051 4053 3175 4100 sunt
3204 4047 3391 4120 angeli
3421 4056 3477 4103 et
3505 4062 3596 4103 ar-

1988 4135 2259 4208 changeli,
2293 4143 2346 4191 et
2375 4143 2552 4190 tamen
2583 4151 2775 4190 omnes
2805 4133 3009 4207 angeli,
3040 4134 3094 4188 id
3124 4143 3208 4189 est
3249 4136 3445 4191 nuntii.
3482 4136 3592 4192 Sed

1990 4233 2043 4281 et
2073 4225 2237 4280 modo
2267 4232 2390 4279 sunt
2420 4225 2656 4292 majores
2688 4231 2742 4279 et
2769 4223 3010 4280 minores
3037 4221 3263 4295 praelati,
3294 4223 3350 4280 id
3381 4233 3466 4280 est
3491 4240 3588 4280 ar-

1987 4313 2328 4385 chiepiscOpi
2357 4320 2411 4368 et
2439 4312 2698 4384 episcopi.

2059 4421 2228 4476 Vnus.
2265 4423 2350 4478 12.
2385 4449 2453 4461 -
2482 4420 2680 4475 Amen.
2733 4418 2898 4489 Quasi
2945 4417 3091 4476 dicat
3136 4435 3149 4474 :
3203 4419 3258 4476 Si
3303 4420 3598 4478 attribuitis

1916 4498 2124 4578 DDeo,
2157 4508 2499 4566 benefacitis.
2541 4509 2641 4564 Vel
2671 4525 2860 4575 amen,
2894 4508 2964 4564 ad
3006 4507 3283 4582 sequentia
3326 4508 3548 4583 legetur
3580 4530 3594 4566 :

1986 4601 2184 4665 Amen,
2215 4597 2270 4653 id
2301 4605 2383 4653 est
2410 4598 2611 4654 veritas
2639 4598 2697 4653 in
2715 4597 3040 4669 praemissis,
3097 4605 3152 4653 et
3181 4598 3515 4666 benedictio,
3541 4600 3597 4657 id

1987 4695 2069 4744 est
2097 4687 2347 4743 exaltatio
2378 4703 2543 4758 quam
2583 4687 2748 4742 habet
2781 4675 2948 4758 super
2997 4703 3216 4744 omnem
3261 4697 3591 4756 creaturam,

1987 4777 2075 4832 vel
2101 4785 2287 4832 nostra
2315 4775 2568 4832 exultatio
2596 4775 2652 4829 in
2682 4775 2976 4832 virtutibus
3012 4785 3101 4833 :et
3129 4779 3388 4847 claritas,
3423 4778 3481 4835 id
3513 4789 3596 4836 est

1986 4863 2410 4938 impassibilitas,
2441 4865 2529 4920 vel
2563 4871 2747 4920 vestra
2769 4864 2825 4918 in
2854 4864 3136 4936 operibus.

2061 4974 2227 5029 Vnus.
2271 4976 2354 5028 13.
2407 5000 2478 5013 —
2521 4973 2594 5028 Et
2643 4971 2937 5045 respondit
2983 4989 3155 5029 unus.
3188 4972 3316 5029 Visa
3347 4974 3512 5032 turba
3540 4976 3595 5032 in

1985 5070 2135 5117 tanta
2179 5061 2461 5134 dignitate,
2512 5068 2762 5116 movetur
2813 5061 3096 5117 attendere
3148 5077 3257 5134 qua
3301 5063 3386 5119 via
3419 5064 3597 5136 potuit

1985 5151 2113 5208 illuc
2140 5150 2462 5217 ascendere,
2494 5157 2552 5206 ut
2579 5149 2725 5206 idem
2755 5149 2894 5208 alios
2919 5150 3114 5206 doceat
3143 5151 3434 5224 inspicere.

2057 5249 2226 5304 Vnus.
2266 5250 2351 5303 14.
2387 5278 2455 5288 -
2503 5249 2686 5306 Stolas
2735 5265 2886 5315 suas,
2939 5255 3042 5305 etc.
3108 5250 3483 5307 Innocentiam
3538 5251 3593 5306 in

1983 5338 2250 5410 baptismo
2280 5345 2582 5408 acceptam,
2615 5335 2702 5393 vel
2731 5352 2963 5409 corpora
2994 5353 3113 5393 sua.
3185 5335 3194 5342 ”

2055 5427 2224 5483 Vnus.
2264 5429 2351 5481 16.
2384 5455 2452 5466 —-
2483 5428 2601 5483 Non
2625 5428 2897 5492 esurient,
2918 5443 3098 5500 neque
3115 5429 3333 5496 sitient,
3359 5435 3464 5485 etc.
3487 5428 3593 5497 Qui

1985 5515 2132 5573 dedit
2160 5514 2529 5589 cognitionem
2561 5515 2795 5589 angelis,
2818 5515 2968 5572 dabit
3008 5515 3171 5572 etiam
3201 5515 3452 5574 eamdem
3482 5517 3588 5573 illis

1992 5605 2376 5679 cognitionem.

2058 5695 2224 5752 Vnus.
2262 5697 2344 5750 17.
2382 5723 2450 5737 -
2475 5695 2719 5753 Deducet
2747 5711 2836 5756 eos
2867 5695 2938 5754 ad
2955 5697 3100 5764 vitae,
3129 5702 3232 5755 etc.
3265 5697 3334 5754 Et
3362 5711 3464 5770 per
3485 5695 3590 5754 hoc
