3964 6178
342 300 455 354 ’725

1163 290 1435 348 GLOSSA
1472 289 1882 347 ORDINABIA.
1921 318 1991 342 -—.
2026 288 2231 346 APOC.
2269 287 2583 346 JOANNIS.

3543 297 3650 352 716

341 419 403 474 in
435 418 620 474 futuro
654 417 890 474 deducet
910 416 982 472 ad
1014 415 1385 473 omnimodam
1416 414 1791 472 refectionem.
1822 414 1956 471 Abs-
1975 416 2032 479 A
2059 413 2188 470 boni
2217 428 2408 470 omnes
2435 413 2788 471 crediderunt
2820 431 2835 470 :
2874 413 3056 483 tertia,
3095 413 3154 472 id
3190 421 3275 472 est
3319 430 3510 475 omnes
3554 431 3652 476 re-

342 512 530 580 terget
571 509 718 563 Deus
763 523 989 563 omnem
1042 507 1374 578 lacrymam.
1427 504 1659 561 Omnem
1707 503 1955 560 dolorem

344 598 467 651 sive
496 611 597 666 pro
625 594 839 650 delictis
870 595 1005 664 suis,
1039 594 1154 651 sive
1184 609 1284 666 pro
1306 593 1576 665 adversis,
1621 593 1710 650 vel
1739 592 1949 661 exsilio,

347 683 441 740 vel
474 682 690 740 caeteris
715 683 1046 754 hujusmodi.

956 848 1180 905 CAPUT
1208 848 1351 905 VIII.

417 993 590 1050 Vsus.
625 995 678 1048 1.
710 1022 779 1034 -
808 991 882 1047 Et
912 1007 1043 1048 cum
1072 992 1407 1063 aperuisset.
1441 989 1501 1046 In
1529 989 1632 1046 hac
1657 989 1769 1046 vita
1788 987 1951 1044 tertia

337 1082 554 1138 visione
585 1089 711 1136 sunt
743 1089 950 1152 septem
982 1079 1164 1153 angeli
1211 1087 1472 1136 canentes
1519 1078 1662 1135 tubis
1709 1079 1780 1134 ad
1825 1078 1949 1134 des-

337 1171 670 1227 tructionem
699 1169 1063 1235 inimicorum,
1095 1168 1164 1223 ad
1186 1167 1595 1223 similitudinem
1615 1167 1835 1223 illorum
1855 1166 1946 1239 qui

335 1267 604 1314 canentes
635 1258 778 1313 tubis
811 1257 1192 1312 destruxerunt
1241 1256 1444 1312 moenia
1487 1256 1728 1312 Jericho.
1777 1253 1956 1324 Quasi

337 1347 490 1403 dicat
522 1365 536 1401 :
568 1347 700 1402 Cum
730 1345 1122 1401 intellexissem
1156 1344 1509 1400 salvationem
1536 1344 1826 1412 justorum,
1880 1359 1947 1398 ex

336 1434 450 1490 alia
479 1442 634 1506 parte
663 1434 905 1489 intellexi
938 1433 1346 1488 damnationem
1375 1431 1662 1504 impiorum
1691 1447 1792 1504 per
1821 1430 1946 1486 ofﬁ-

338 1524 489 1580 cium
515 1523 924 1596 przedicationis
950 1522 1108 1577 bonis
1137 1522 1463 1591 injunctum.

413 1639 586 1693 Vsus.
624 1641 678 1695 2.
711 1667 780 1680 --
808 1637 1034 1711 Septem
1062 1637 1310 1709 angelos.
1357 1635 1672 1703 Universos,
1703 1634 1789 1690 vel
1820 1651 1945 1706 sep-

2056 503 2216 574 probi
2243 502 2356 558 dati
2386 511 2510 557 sunt
2538 503 2592 558 in
2624 503 2916 574 reprobum
2937 520 3176 560 sensum.

2131 592 2259 659 Quae
2288 592 2563 647 habebant
2590 593 2834 659 animas,
2867 600 2972 648 etc.
3026 593 3084 648 Id
3128 601 3212 649 est
3257 592 3473 649 illorum
3516 609 3652 666 gen-

2053 679 2227 734 tilium
2259 679 2349 751 qui
2380 680 2451 734 ab
2481 680 2602 735 aliis
2642 679 2924 753 digniores
2952 681 3338 754 reputabantur
3381 696 3487 755 pro
3533 682 3653 755 qui-

2054 768 2282 824 busdam
2309 769 2468 824 bonis
2498 769 2776 839 operibus.

2122 858 2292 912 Vans.
2329 859 2560 915 l0.—Et
2593 860 2797 914 tertius
2817 859 3075 930 angelus,
3097 857 3292 914 ordine
3319 857 3651 914 narrationis

2051 952 2104 1000 et
2135 945 2256 1016 quia
2285 944 2431 1000 istud
2459 952 2582 1017 post
2611 946 2704 1000 illa
2733 947 2842 1001 duo
2871 945 3115 1019 contigit.
3159 947 3456 1018 Postquam
3500 945 3647 1004 enim

2048 1033 2298 1089 diabolus
2318 1049 2509 1089 omnes
2529 1035 2746 1090 Iudaeos
2777 1042 2829 1090 et
2859 1034 3092 1107 gentiles
3112 1050 3394 1092 exctecare
3421 1050 3533 1092 non
3551 1049 3649 1106 po-

2043 1121 2162 1187 tuit,
2195 1122 2418 1177 immisit
2454 1122 2534 1178 eis
2584 1123 2888 1192 hasreticos,
2941 1132 2994 1179 et
3035 1125 3302 1196 quosdam
3351 1123 3638 1180 subvertit.

2042 1212 2253 1267 Fortos.
2289 1211 2551 1267 Dicuntur
2577 1211 2652 1265 illi
2700 1227 2822 1266 esse
2867 1211 3061 1281 fontes,
3094 1213 3151 1268 in
3191 1212 3387 1285 quibus
3427 1227 3642 1268 summa

2041 1307 2094 1354 et
2125 1299 2279 1371 quasi
2311 1299 2474 1354 totius
2504 1298 2630 1355 ﬁdei
2659 1301 2814 1371 origo
2836 1302 3332 1371 comprehenditur,
3369 1299 3509 1357 sicut
3556 1307 3642 1357 est

2041 1388 2422 1459 Evangelium.
2449 1389 2714 1459 Flumina,
2748 1406 2869 1461 quae
2897 1391 3023 1444 inde
3053 1392 3356 1460 trahuntur,
3389 1389 3528 1446 sicut
3557 1405 3646 1445 ex-

2040 1477 2340 1547 positiones
2363 1493 2551 1533 eorum
2583 1486 2724 1544 sunt,
2757 1478 2812 1532 in
2843 1479 3040 1551 quibus
3071 1487 3193 1533 sunt
3221 1479 3328 1534 duo
3359 1495 3554 1534 sensus
3583 1476 3639 1533 fio

2041 1565 2264 1636 dolium,
2297 1567 2596 1622 historialis
2624 1576 2677 1623 et
2707 1567 3060 1639 allegoricus.
3104 1568 3316 1623 Tertius
3346 1575 3430 1622 est
3460 1568 3642 1624 hisre-

2045 1653 2294 1722 ticorum,
2330 1671 2452 1711 cum
2481 1657 2720 1710 hmreses
2751 1672 2878 1710 suas
2911 1654 3233 1712 confirmant
3263 1656 3451 1728 pravis
3477 1672 3644 1729 expoo

341 1726 549 1782 tiformi
595 1725 796 1798 Spiritu
832 1726 1088 1782 imbutos.
1141 1728 1210 1825 Et
1247 1727 1394 1782 datas
1438 1729 1595 1781 sunt.
1648 1723 1791 1792 Quia
1835 1738 1945 1778 non
1978 1742 2336 1833 Βείιίοηίιηιε
2364 1743 2788 1816 scripturarum.

336 1816 594 1888 displicet
625 1817 740 1872 Deo
769 1815 1043 1871 damnatio
1073 1814 1386 1887 impiorum.

410 1931 583 1988 Vsus.
609 1934 662 1985 3.
697 1960 767 1971 —
790 1931 860 1986 Et
890 1931 1039 1987 alius
1071 1931 1330 2002 angelus.
1367 1929 1524 1986 Stetit
1554 1928 1786 2003 angelus
1817 1936 1944 1985 ante

332 2019 506 2075 altare
549 2027 770 2091 paratus
812 2019 1117 2088 immolare,
1171 2019 1242 2074 ad
1291 2018 1698 2073 similitudinem
1747 2034 1941 2073 sacer-

333 2107 499 2179 dotis,
535 2108 622 2163 vel
653 2108 898 2162 Christus
921 2117 1003 2162 est
1032 2107 1202 2162 altare
1235 2107 1324 2180 qui
1356 2124 1414 2161 se
1446 2106 1658 2174 obtulit,
1695 2114 1747 2161 ct
1779 2123 1943 2178 super

339 2213 504 2268 quem
534 2195 781 2252 Ecclesia
810 2195 968 2251 oﬁ'ert
999 2197 1113 2251 Deo
1135 2209 1350 2266 preces.
1368 2196 1537 2252 Stetit
1569 2198 1705 2250 ante
1732 2195 1937 2264 altare,

335 2285 389 2340 id
425 2293 508 2340 est
529 2293 651 2339 ante
683 2285 946 2355 seipsum,
980 2284 1108 2355 quia
1136 2301 1245 2338 non
1278 2284 1443 2338 habet
1462 2284 1820 2338 mediatorem
1841 2299 1942 2354 per

338 2389 502 2445 quem
541 2373 774 2443 placeat.
839 2375 1074 2428 llabens.
1136 2373 1386 2428 Dicturus
1447 2389 1513 2426 ex
1556 2372 1940 2444 praedicatione

330 2461 604 2530 justorum
632 2468 950 2516 eventuram
981 2461 1386 2516 damnationem
1433 2459 1744 2531 impiorum,
1790 2476 1939 2531 pra:-

335 2550 494 2604 mittit
523 2549 676 2622 quasi
703 2550 1130 2617 excusationem,
1164 2567 1232 2605 ne
1281 2550 1362 2604 eis
1402 2549 1564 2620 culpa
1601 2549 1670 2604 de
1714 2549 1940 2603 damna-

334 2638 483 2694 tione
513 2638 804 2710 impiorum
827 2637 1140 2709 imputetur,
1193 2639 1320 2710 quia
1364 2646 1626 2710 quantum
1671 2638 1742 2692 ad
1789 2638 1940 2710 ipsos

333 2727 650 2798 prmdicatio
681 2741 872 2782 eorum
902 2727 1064 2793 bona,
1099 2735 1151 2782 et
1182 2741 1214 2781 a
1247 2727 1390 2782 bono
1420 2728 1646 2783 doctore
1675 2726 1934 2796 injuncta.

340 2815 732 2871 Thuribulum.
768 2817 827 2870 Id
856 2822 939 2870 est
968 2815 1264 2887 apostolos,
1299 2815 1393 2886 qui
1437 2823 1561 2870 sunt
1591 2831 1726 2871 vasa
1769 2815 1936 2890 ignis,

335 2904 390 2960 id
417 2912 501 2960 est
533 2904 768 2976 Spiritus
800 2905 993 2971 sancti,
1027 2913 1080 2960 et
1111 2905 1181 2960 de
1210 2905 1407 2976 quibus
1437 2912 1636 2960 exeunt
1665 2905 1939 2978 orationes

332 3009 455 3065 quae
490 2992 775 3047 elevantur
803 3008 989 3048 coram
1020 2994 1154 3048 Deo.
1189 2995 1264 3048 De
1297 2994 1664 3049 orationibus.
1691 2993 1835 3048 Dixit
1867 2993 1934 3050 de

332 3082 703 3148 orationibus,
735 3089 789 3136 et
818 3097 925 3136 non
957 3083 1260 3148 orationes,
1293 3081 1421 3154 quia
1450 3097 1559 3137 non
1587 3098 1779 3138 omnes
1807 3098 1937 3138 ora-

338 3131 377 3138 "
400 3131 602 3137 "vnn"
620 3131 703 3148 ’⁷⁷⁷
741 3131 787 3136 ﬁ
818 3131 925 3136 ””’““
959 3131 1000 3138 "
1023 3131 1260 3148 """""
1298 3131 1420 3154 1‘“—
1450 3131 1559 3137 -ν-
1592 3131 1776 3138 ν----ν-
1811 3131 1903 3138 v-—

338 3169 516 3225 tiones
550 3178 914 3242 repraesentat
944 3170 1107 3237 Patri,
1155 3171 1252 3226 sed
1301 3185 1396 3226 eas
1442 3171 1658 3226 exaudit
1703 3189 1824 3243 qua
1869 3172 1938 3227 ad
1967 3131 2228 3196 Comnes
2257 3133 2417 3185 unus,

331 3257 565 3314 salutem
596 3258 888 3330 pertinent.
908 3261 984 3314 De
1005 3259 1370 3325 orationibus,
1392 3259 1520 3331 quia
1538 3259 1616 3313 illi
1633 3259 1924 3342 aliquando

329 3355 520 3418 petunt
552 3347 697 3420 quod
726 3348 1020 3419 petendum
1044 3363 1152 3402 non
1183 3355 1348 3414 esset,
1383 3354 1442 3402 ut
1469 3347 1688 3402 Paulus.
1754 3348 1932 3420 Super

329 3452 572 3491 aureum
601 3436 804 3491 altare.
839 3435 898 3490 Id
928 3443 1010 3490 est
1040 3435 1116 3490 illi
1148 3435 1240 3507 qui
1258 3443 1340 3490 est
1361 3451 1528 3506 supra
1548 3451 1607 3490 se
1629 3436 1931 3492 secundum

329 3524 738 3590 humanitatem,
773 3525 1071 3581 secundum
1103 3539 1267 3597 quam
1297 3531 1382 3579 est
1424 3524 1597 3579 altare
1626 3525 1926 3581 Trinitatis.

399 3641 570 3696 Vens.
603 3641 654 3696 4.
691 3671 758 3681 -
787 3642 1016 3697 Fumus.
1064 3639 1421 3712 Compunctio
1465 3650 1753 3712 procreata
1797 3657 1930 3698 ora-

327 3729 490 3784 tionis
520 3729 718 3794 studio,
750 3728 878 3800 igne
908 3729 1131 3785 visionis
1163 3731 1262 3785 Dei
1283 3729 1508 3786 interius
1529 3746 1780 3787 accensa.

400 3831 568 3886 Vens.
606 3835 656 3885 6.
693 3862 760 3871 —-
789 3833 1280 3904 Prceparaverunt.
1315 3832 1374 3886 Id
1396 3840 1496 3902 est,
1528 3832 1680 3904 prius
1737 3832 1931 3906 imple-

330 3928 526 3976 verunt
555 3935 724 3992 opere
756 3937 877 3993 quae
908 3920 1104 3976 dicturi
1135 3929 1288 3976 erant
1316 3937 1431 3976 ore.
1466 3922 1584 3990 Vel,
1633 3939 1928 3996 praepara-

324 4013 548 4077 verunt,
578 4008 633 4064 id
665 4016 746 4063 est
787 4008 1156 4080 praaviderunt
1203 4009 1332 4082 quid
1375 4010 1692 4067 conveniret
1721 4011 1930 4068 unicui-

324 4113 434 4170 que
464 4114 737 4170 personae.

393 4207 462 4261 Et
492 4207 716 4278 primus
747 4191 1002 4277 angelus.
1038 4203 1246 4267 Ordino
1276 4206 1620 4279 narrationis,
1664 4207 1750 4264 vel
1798 4208 1927 4280 quia

318 4295 437 4350 haec
468 4294 685 4351 siccitas
717 4294 1031 4352 Iudaeorum
1053 4294 1207 4366 prius
1237 4295 1464 4370 contigit
1503 4297 1928 4368 praedicantibus

323 4381 608 4453 apostolis.

2117 1859 2288 1914 Vsus.
2323 1861 2409 1915 12.
2441 1890 2511 1900 -
2543 1861 2613 1915 Et
2639 1863 2868 1932 quartus
2899 1860 3156 1932 angelus.
3189 1858 3428 1929 Quartus
3450 1857 3649 1916 dicitur

2047 1947 2241 2003 ordine
2269 1947 2615 2015 narrationis,
2647 1956 2701 2004 et
2729 1948 2921 2004 ordine
2951 1947 3049 2004 rei.
3093 1949 3227 2004 Cum
3265 1949 3410 2004 enim
3458 1948 3649 2004 diabo-

2045 2035 2133 2091 lus
2180 2036 2447 2107 quosdam
2494 2036 2564 2091 de
2610 2036 2814 2092 Iudaeis
2835 2045 2889 2091 et
2937 2037 3234 2110 gentilibus
3271 2044 3636 2108 excmcasset,

2048 2125 2267 2180 tandem
2322 2124 2472 2195 ipsos
2520 2123 2662 2180 ﬁlios
2703 2125 2965 2181 Ecclesiae
3013 2141 3332 2199 expugnare
3373 2141 3636 2198 egressus

2044 2221 2144 2280 est,
2181 2220 2233 2266 et
2263 2214 2524 2284 quosdam
2557 2214 2756 2284 rapuit,
2791 2222 2901 2268 tam
2932 2215 3166 2283 majores
3195 2230 3360 2286 quam
3375 2213 3635 2270 minores.

2045 2299 2156 2356 Has
2184 2309 2417 2372 quatuor
2446 2302 2823 2356 damnationes
2850 2310 2907 2356 ut
2950 2302 3253 2372 praeteritas
3283 2302 3544 2370 narravit,
3578 2311 3640 2358 ut

2039 2399 2166 2460 pote
2197 2406 2317 2461 quae
2347 2390 2587 2461 quotidie
2617 2390 2868 2445 videntur
2913 2390 2969 2444 in
3008 2390 3272 2446 ecclesiis.
3321 2393 3455 2446 Tres
3501 2406 3634 2447 vero

2037 2478 2242 2534 futuras
2274 2477 2625 2548 praenuntiari
2671 2477 2817 2548 facit,
2869 2487 2927 2532 ut
2971 2479 3163 2534 doceat
3207 2479 3261 2533 in
3322 2478 3641 2536 novissimis

2037 2567 2388 2638 temporibus,
2443 2567 2605 2622 etiam
2645 2567 2930 2640 graviores
2977 2567 3266 2638 praeteritis
3325 2567 3632 2636 imminere,

2035 2656 2181 2728 quod
2211 2655 2373 2711 etiam
2401 2656 2472 2711 ad
2493 2656 2920 2713 consolationem
2948 2656 3298 2728 praesentium
3327 2663 3508 2728 potest
3537 2671 3633 2714 re-

2036 2743 2169 2816 digi.

2111 2850 2281 2905 Vens.
2315 2853 2400 2906 13.
2433 2880 2502 2892 -
2533 2851 2707 2909 Unius
2727 2853 2952 2923 aquilae.
2987 2851 3178 2924 Aquila
3214 2865 3408 2908 omnes
3436 2849 3639 2924 praedi-

2039 2947 2268 3009 catores,
2291 2938 2383 3010 qui
2409 2932 2590 2995 mente
2619 2940 2881 3013 loginqua
2925 2939 3282 3012 conspiciunt,
3331 2949 3385 2996 et
3434 2939 3638 2996 Eccle-

2039 3027 2178 3082 siam
2200 3028 2619 3096 circumeuntes,
2642 3028 2992 3100 pmdicendo
3013 3028 3210 3097 futura,
3235 3029 3484 3085 muniunt
3507 3045 3520 3084 :
3547 3028 3642 3087 hic

2449 3115 2573 3189 quia
2601 3117 2671 3172 ad
2701 3117 2845 3172 idem
2876 3118 3121 3173 tendunt.

2652 3275 2879 3334 CAPUT
2916 3277 3014 3333 IX.

2107 3416 2276 3472 Vsus.
2313 3419 2364 3472 1.
2394 3445 2465 3458 -
2495 3419 2568 3474 Et
2602 3419 2835 3490 quintus
2880 3407 3139 3490 angelus.
3192 3416 3398 3476 Ordine
3445 3432 3646 3476 narra-

2035 3504 2198 3560 tionis
2228 3512 2282 3560 et
2311 3505 2504 3561 ordine
2549 3506 2811 3577 temporis
2858 3506 2944 3562 hic
2987 3508 3218 3582 angelus
3268 3507 3464 3566 dicitur
3519 3524 3645 3566 esse

2036 3600 2280 3665 quartus.
2317 3593 2413 3649 Hic
2443 3602 2526 3650 est
2557 3595 2702 3650 enim
2733 3595 3010 3651 damnatio
3041 3612 3229 3652 eorum
3269 3613 3406 3670 quos
3451 3597 3639 3654 diabo-

2033 3683 2116 3736 lus
2143 3681 2380 3736 immittit
2409 3683 2479 3738 ad
2509 3685 2896 3754 prmparandas
2928 3685 3044 3740 vias
3081 3693 3206 3740 ante
3236 3685 3433 3741 faciem
3483 3686 3636 3741 Anti-

2035 3769 2239 3826 christi.
2274 3773 2344 3826 Et
2376 3771 2490 3827 vidi
2519 3773 2768 3828 stellam.
2803 3773 2860 3827 Id
2911 3781 2992 3828 est
3039 3773 3310 3828 flammam
3358 3772 3640 3832 haeretico-

2033 3875 2152 3914 rum
2182 3859 2251 3914 de
2284 3875 2390 3932 qua
2418 3875 2594 3931 pauca
2632 3861 2859 3927 dixerat,
2913 3869 2965 3917 et
3013 3877 3120 3934 quo
3169 3861 3357 3918 fomite
3401 3861 3642 3918 creverit

2032 3947 2268 4019 exponit.
2309 3949 2566 4005 Stellam.
2601 3949 2660 4005 Id
2690 3957 2774 4006 est
2803 3950 3082 4005 diabolum
3130 3951 3440 4018 cadentem,
3479 3959 3534 4006 et
3563 3966 3635 4006 ne

2031 4036 2152 4109 quis
2182 4037 2238 4091 in
2267 4037 2446 4094 locum
2478 4039 2615 4108 ejus,
2648 4038 2702 4093 id
2731 4046 2814 4094 est
2856 4039 2913 4094 in
2955 4039 3273 4112 paradisum
3321 4048 3430 4106 eat,
3472 4039 3634 4096 labo-

2032 4134 2259 4181 rantem.
2293 4129 2361 4183 Et
2400 4126 2534 4184 data
2562 4131 2666 4184 est.
2690 4127 2955 4200 Abyssus,
2980 4127 3035 4184 id
3082 4136 3166 4186 est
3195 4129 3495 4186 tenebrosi.
3525 4129 3632 4185 Pu-

2029 4221 2172 4281 teus,
2205 4214 2262 4270 id
2294 4223 2377 4270 est
2403 4215 2785 4287 profundiores
2815 4217 3078 4286 haeretici,
3130 4218 3259 4291 quia
3305 4217 3444 4274 alios
3489 4233 3632 4274 mer-

2028 4310 2163 4376 gunt
2189 4303 2374 4375 pravis
2406 4305 2708 4361 sententiis.
2743 4307 2804 4361 In
2831 4307 2933 4362 hos
2962 4307 3192 4374 clavem,
3241 4307 3297 4363 id
3329 4315 3412 4364 est
3438 4313 3630 4378 potes-

2029 4399 2194 4448 tatem
2223 4393 2473 4465 accipere
2502 4393 2719 4461 dicitur,
2756 4395 2879 4467 quia
2908 4403 3038 4452 tunc
3067 4411 3178 4452 non
3216 4395 3356 4452 sicut
3397 4394 3564 4451 modo
3595 4411 3629 4451 a

390 4497 560 4553 vus.
595 4500 648 4554 7,
673 4525 743 4539 ._.
770 4499 840 4554 Et
870 4501 1030 4569 facta
1061 4501 1156 4555 εει
1183 4498 1416 4570 θναηάο,
1450 4499 1510 4554 Id
1539 4507 1623 4556 est
1649 4501 1923 4572 praedi“-
1942 4491 1995 4552 Ι)
2027 4481 2142 4538 Deo
2164 4480 2554 4572 refrenabitur.
2574 4483 2673 4539 Vel
2701 4483 2872 4540 clavis
2891 4483 2988 4540 illa
3028 4492 3154 4540 sunt
3199 4482 3305 4556 ipsi
3346 4483 3625 4556 principes

315 4584 390 4640 tio
421 4586 544 4640 aliis
573 4585 779 4654 suavis,
813 4586 931 4641 visa
961 4594 1048 4643 est
1077 4586 1157 4642 eis
1195 4587 1472 4643 condensa
1518 4597 1571 4644 et
1614 4589 1818 4662 gravis.
1853 4591 1923 4648 In

320 4676 556 4730 terram.
588 4673 764 4730 Judaei
795 4684 922 4730 sunt
950 4682 1208 4748 tanquam
1263 4683 1411 4731 terra
1452 4676 1652 4733 exculti
1697 4693 1799 4748 per
1844 4678 1922 4735 le-

319 4777 444 4833 gem
477 4771 531 4819 et
561 4765 878 4836 prophetas.

390 4853 688 4910 Arborum.
715 4853 819 4908 Per
862 4852 1084 4909 arbores
1135 4853 1513 4926 intelliguntur
1552 4854 1790 4924 majores
1825 4855 1920 4914 Ju-

314 4942 419 4998 daei
452 4941 582 5013 ;qui
608 4939 664 4996 in
685 4940 810 5015 lege
842 4940 959 4997 sine
992 4942 1218 5014 querela
1250 4942 1734 5000 conversabantur.

387 5049 556 5104 Vrsas.
592 5050 645 5104 8.
670 5076 738 5092 -—
769 5049 838 5104 Et
868 5049 1149 5106 secundus
1180 5049 1435 5122 angelus,
1484 5051 1784 5107 secundum
1826 5066 1916 5108 or-

314 5138 498 5194 dinem
517 5136 865 5207 narrationis,
901 5145 953 5192 et
986 5137 1289 5193 secundum
1321 5139 1464 5211 quod
1491 5140 1772 5212 impletum
1791 5139 1908 5198 fuit.

311 5225 516 5282 Judaeis
537 5224 682 5281 enim
712 5226 1014 5291 excaecatis,
1050 5226 1280 5297 apostoli
1302 5235 1427 5282 sunt
1454 5228 1524 5284 ad
1556 5238 1748 5303 gentes
1780 5244 1911 5286 con-

313 5315 476 5370 versi.
510 5316 575 5369 I-n
604 5330 785 5370 mare.
826 5313 1068 5370 Gentiles
1090 5321 1214 5369 sunt
1241 5331 1412 5384 mare,
1459 5317 1515 5372 id
1563 5324 1645 5374 est
1683 5318 1911 5376 fluentes

312 5403 366 5456 in
397 5401 562 5458 multa
592 5401 720 5457 vitia
755 5420 768 5468 ;
803 5402 860 5457 in
890 5403 1087 5474 quibus
1136 5418 1259 5460 cum
1294 5413 1418 5461 ante
1448 5414 1593 5461 esset
1639 5406 1905 5474 diabolus,

313 5507 442 5547 vere
473 5499 654 5546 tamen
684 5491 883 5546 missus
904 5492 1121 5558 dicitur,
1149 5492 1274 5564 quia
1302 5493 1625 5566 quibusdam
1646 5496 1907 5552 receden-

308 5581 454 5636 tibus
485 5579 884 5641 aliosretinere
914 5581 1119 5637 nititur.

386 5670 552 5726 Vsus.
587 5672 638 5726 9.
673 5698 740 5711 —-
774 5671 988 5727 Mortua
1022 5675 1105 5728 est
1130 5672 1320 5729 tertia.
1357 5673 1490 5731 Duae
1516 5681 1714 5746 partes,
1749 5673 1802 5732 id
1825 5681 1906 5733 est

2025 4586 2124 4642 per
2153 4586 2290 4644 quos
2319 4570 2562 4628 haeretici
2591 4579 2905 4643 operantur.

2096 4685 2264 4740 Vens.
2300 4690 2350 4744 2.
2385 4715 2454 4726 ——
2483 4687 2719 4758 Aperuit
2734 4690 2974 4759 puteum
2994 4687 3196 4760 abyssi.
3229 4687 3483 4744 Haareses
3499 4703 3618 4762 qua:

2020 4773 2260 4830 latebant
2289 4773 2343 4828 in
2373 4774 2631 4830 cordibus
2687 4789 2873 4830 eorum
2925 4774 3160 4847 proferri
3208 4775 3355 4833 fecit.
3406 4779 3618 4834 Fumus

2015 4863 2291 4934 fornacis.
2323 4863 2584 4920 Doctrina
2629 4862 2946 4919 Antichristi
2993 4872 3142 4921 recte
3189 4864 3390 4922 dicitur
3435 4864 3616 4922 fumus

2018 4950 2273 5024 quoniam
2295 4951 2412 5023 ipse
2440 4951 2804 5008 Antichristus
2833 4960 2916 5009 est
2933 4952 3124 5009 fornax
3143 4969 3388 5027 purgans
3416 4953 3611 5022 bonos,

2016 5049 2070 5096 et
2095 5040 2152 5096 in
2181 5041 2419 5097 cinerem
2450 5041 2711 5115 redigens
2739 5041 2934 5098 malos.
2965 5043 3304 5100 Obscuratus
3337 5047 3423 5101 est
3448 5045 3610 5102 solet

2013 5145 2130 5186 aer.
2163 5129 2231 5184 Et
2259 5145 2357 5200 per
2384 5131 2489 5186 hoc
2508 5130 2755 5202 percussi
2797 5139 2923 5186 sunt
2968 5131 3187 5204 quidam
3237 5131 3607 5190 illuminantes

2012 5217 2169 5284 alios,
2203 5227 2256 5273 et
2276 5219 2494 5290 quidam
2522 5219 2804 5275 illuminati
2835 5221 2903 5276 ab
2935 5220 3033 5276 eis.

2081 5325 2250 5381 Vsus.
2283 5329 2334 5380 3.
2367 5356 2436 5367 —
2464 5327 2750 5384 Exierunt
2779 5329 3026 5384 locustae.
3062 5328 3328 5402 Discipuli
3378 5329 3598 5386 haereti-

2009 5426 2199 5469 eorum
2219 5413 2444 5471 locustis
2473 5425 2879 5488 comparantur,
2932 5417 3055 5489 quia
3103 5435 3279 5492 neque
3317 5418 3499 5474 volant
3545 5417 3602 5474 in

2007 5502 2176 5557 altum
2211 5519 2223 5558 :
2256 5503 2390 5574 sive,
2423 5505 2933 5578 contemplationem
2949 5523 3048 5579 per
3068 5507 3472 5579 cognitionem:
3497 5506 3595 5562 sed

2008 5591 2268 5663 superbia
2298 5593 2517 5664 saliunt,
2550 5603 2603 5651 et
2631 5596 2685 5651 in
2715 5597 2870 5668 pejus
2900 5596 3162 5664 recidunt,
3195 5603 3247 5651 et
3275 5601 3401 5650 sunt
3420 5609 3583 5651 corro

2007 5695 2160 5737 seres
2190 5680 2481 5739 bonorum.
