3968 6176
287 233 392 292 72⁵7

821 233 1225 289 WALAFRIDI
1263 231 1506 288 STRABI
1544 231 1744 288 FULD.
1783 229 1958 286 MON.
1999 229 2154 286 OPP.
2194 230 2372 287 PARS
2410 231 2452 284 Ι.
2493 259 2564 272 -
2599 228 3072 286 THEOLOGICA.

3501 233 3608 286 728

361 358 523 414 Sicut
559 358 765 414 habent
803 359 1139 430 scorpiones.
1186 357 1440 426 Scorpius
1489 356 1721 410 blandus
1757 355 1900 411 facie
1935 356 1992 416 A
2081 356 2250 412 Vens.
2284 359 2372 411 13.
2402 384 2475 397 --
2501 357 2588 410 Ea:
2607 361 2851 428 quatuor
2888 355 3171 412 cor-nibus.
3219 355 3328 410 Per
3370 363 3607 428 quatuor

298 448 476 504 cauda
505 447 697 520 pungit
727 447 935 502 occulte
969 465 983 513 ;
1018 446 1104 501 vel
1124 446 1412 516 scorpioni
1460 453 1757 515 comparat,
1779 443 1908 515 quia

299 537 444 592 sicut
471 536 716 605 scorpius
747 537 944 600 cauda,
978 535 1056 590 sic
1085 534 1327 589 haeretici
1347 534 1624 604 decipiunt
1642 551 1744 603 per
1768 541 1904 588 tem-

299 625 527 697 poralia,
563 640 684 696 quae
713 625 913 678 debent
933 632 1055 695 post
1077 639 1218 691 esse,
1255 623 1392 678 sicut
1429 624 1606 678 cauda
1633 623 1906 693 posterior

297 729 427 784 pars
474 713 530 767 in
576 713 811 768 animali.
868 713 962 768 Vel
1013 713 1136 766 ideo
1182 720 1462 783 comparat
1511 712 1640 784 quia
1688 712 1905 784 quando

299 801 552 871 scorpius
581 802 792 873 pungit,
827 816 936 856 non
965 801 1212 871 sentitur,
1247 809 1440 872 postea
1469 799 1720 855 diffundit
1748 815 1906 856 vene-

295 904 448 955 num,
481 890 561 945 sic
589 889 807 960 decepti
837 890 906 944 ab
937 890 1210 946 haereticis
1238 905 1348 945 non
1381 889 1643 957 sentiunt,
1679 889 1904 944 tandem

301 978 659 1049 perimuntur.

370 1084 543 1140 Vens.
578 1087 629 1140 4.
661 1114 732 1126 --
759 1087 1113 1158 Praeceptum
1135 1090 1220 1141 est
1249 1086 1371 1141 illis
1391 1101 1462 1141 ne
1487 1085 1773 1151 laederent,
1798 1093 1902 1140 etc.

300 1171 442 1242 Quia
473 1173 629 1228 dolos
656 1174 886 1229 istorum
906 1173 1146 1230 refrenat
1179 1175 1345 1244 Deus,
1379 1174 1507 1230 licet
1538 1172 1642 1244 ipsi
1673 1188 1783 1228 non
1813 1173 1903 1228 in—

307 1263 577 1334 telligant.

375 1365 544 1419 Vsus.
580 1368 632 1418 5.
666 1395 736 1405 --
765 1366 840 1420 Ne
885 1366 1221 1420 occiderent.
1284 1365 1417 1419 Cum
1450 1381 1552 1435 per
1603 1365 1758 1419 dolos
1802 1380 1905 1418 ne-

302 1461 506 1526 queunt
536 1453 773 1509 haretici
805 1454 861 1508 in
884 1453 1062 1525 aliqua
1094 1455 1412 1509 subvertere
1443 1453 1649 1519 volunt,
1714 1461 1906 1508 contra

293 1558 431 1615 quos
463 1556 496 1595 a
527 1543 642 1596 Deo
673 1541 985 1596 ordinatum
1019 1552 1119 1608 est,
1153 1550 1210 1596 ut
1234 1543 1335 1597 etsi
1363 1557 1594 1613 corpora
1627 1542 1907 1611 occidant,

297 1631 508 1685 animas
539 1639 721 1685 tamen
740 1647 848 1686 non
871 1631 1161 1701 decipiant.
1193 1633 1468 1686 Mensibus
1491 1634 1756 1703 quinque.
1780 1630 1902 1685 Alia

2007 459 2210 500 cornua
2238 444 2480 514 intellige
2508 444 2604 498 illa
2623 453 2852 516 quatuor
2882 461 3001 516 quae
3019 445 3090 499 de
3136 444 3353 499 Christo
3395 445 3604 516 praedi-

2005 542 2211 603 cantur,
2261 550 2380 604 quae
2415 540 2539 587 sunt
2582 533 2848 599 nativitas,
2896 533 3103 604 passio,
3149 534 3504 598 resurrectio,
3553 541 3604 589 et

2007 621 2257 677 ascensio
2291 639 2305 676 :
2338 621 2487 676 circa
2507 638 2628 692 quae
2656 620 2765 676 alia
2785 630 2929 676 sunt.
2960 622 3175 677 Alteris
3206 624 3388 677 aurei.
3416 621 3602 677 Altare

2008 710 2274 779 Christus,
2305 724 2512 765 cornua
2539 709 2724 764 altaris
2754 717 2876 763 sunt
2904 709 3293 780 praedicatores
3326 710 3600 765 Christum

2007 799 2376 864 sublevantes,
2409 807 2462 853 et
2489 814 2588 870 pro
2619 815 2685 854 eo
2714 798 2853 853 mori
2872 799 3070 869 parati,
3095 798 3235 854 sicut
3255 799 3485 872 sanguis
3504 815 3601 870 po-

2006 887 2240 942 nebatur
2269 888 2324 942 in
2355 887 2615 942 cornibus
2636 886 2841 941 altaris.
2877 887 2971 942 Vel
3000 887 3170 942 altare
3210 895 3293 942 est
3327 887 3598 954 Ecclesia,

2005 975 2062 1029 in
2091 992 2199 1047 qua
2229 985 2352 1030 sunt
2373 991 2595 1043 cornua,
2629 976 2683 1030 id
2730 983 2812 1031 est
2855 974 3175 1030 defensores
3216 975 3471 1042 aliorum,
3515 977 3604 1048 qui

2007 1079 2198 1119 omnes
2226 1065 2296 1118 ad
2325 1065 2471 1119 idem
2501 1065 2746 1121 tendunt.
2779 1064 2878 1120 Vel
2899 1080 2997 1134 per
3025 1071 3256 1135 quatuor
3284 1079 3496 1119 cornua
3525 1064 3603 1118 in-

2005 1153 2256 1223 telligere
2284 1169 2575 1224 possumus
2603 1153 2863 1225 dogmata
2892 1152 3208 1224 evangelica
3238 1168 3358 1225 quae
3403 1152 3605 1207 docent

2007 1242 2188 1314 detegi
2221 1241 2439 1296 fraudes
2469 1241 2803 1298 Antichristi.
2849 1244 3034 1297 Vocem
3075 1259 3272 1298 unam.
3316 1242 3606 1297 Praecones

2007 1331 2260 1402 prieteriti
2293 1332 2549 1402 temporis
2578 1339 2918 1403 praemopent
2967 1330 3089 1386 illos
3133 1330 3224 1403 qui
3265 1337 3428 1386 erunt
3478 1338 3607 1385 tem-

2006 1436 2140 1491 pore
2172 1420 2504 1475 Antichristi.
2853 1407 2856 1410 ’

2078 1563 2247 1617 Vens.
2285 1565 2369 1617 14.
2403 1592 2472 1602 -
2499 1562 2656 1618 Solve
2684 1566 2945 1634 quatuor.
2960 1562 3066 1617 Pro
3097 1568 3329 1634 quatuor
3357 1560 3608 1631 partibus

2007 1651 2211 1719 mundi,
2246 1651 2331 1707 vel
2372 1651 2500 1722 quia
2538 1658 2767 1722 quatuor
2811 1651 2880 1706 de
2925 1650 3141 1706 Christo
3187 1649 3486 1721 praedicata
3517 1651 3612 1705 im-

293 1719 474 1811 littera
503 1719 633 1811 dicit
662 1722 1105 1811 mensibusgsex,
1139 1729 1366 1791 prOpter
1402 1736 1498 1773 sex
1547 1728 1734 1811 rutatos
1785 1718 1904 1811 qui-
1935 1713 1987 1772 D
2009 1713 2271 1811 pugnam.
2308 1713 2413 1807 Qu;-
2464 1713 2694 1810 angam-
2724 1744 2861 1795 εηηι
2888 1742 2950 1795 in
2979 1713 3218 1809 Immin-6
3264 1754 3462 1811 magno
3494 1741 3609 1794 Eu-

293 1807 397 1862 bus
427 1809 544 1864 haec
572 1808 683 1864 vita
711 1809 1081 1880 distinguitur.
1123 1811 1184 1865 Ut
1208 1811 1501 1864 cruciatus
1523 1809 1749 1879 scorpii.
1774 1808 1909 1874 Cum

291 1897 415 1951 data
446 1897 514 1951 sit
540 1905 781 1967 potestas
804 1897 1108 1966 cruciandi,
1164 1913 1273 1950 non
1329 1905 1514 1967 aperte
1558 1904 1903 1965 tormentant,

294 1985 392 2041 sed
420 1985 565 2055 apud
595 1985 783 2040 saeculi
815 1986 1093 2056 principes
1125 1993 1407 2040 accusant.

365 2073 536 2129 Vens.
570 2076 622 2128 6.
654 2103 722 2114 —
743 2075 813 2128 Et
841 2075 1026 2144 fugiet
1055 2090 1206 2131 mors
1235 2075 1301 2129 ab
1345 2075 1445 2130 eis.
1471 2071 1610 2142 Quia
1630 2088 1762 2130 cura
1781 2089 1909 2147 gre-

301 2162 390 2236 gis
423 2178 519 2218 eos
550 2162 801 2235 astringit
828 2162 1021 2217 labori.

377 2251 547 2307 Vens.
573 2252 625 2305 7.
659 2281 729 2292 —-
760 2251 1180 2307 Similutidincs
1217 2253 1602 2319 locustarum,
1634 2259 1738 2307 etc.
1774 2251 1910 2308 Cum

297 2341 626 2395 ostendisset
655 2340 884 2412 qualiter
929 2348 1212 2406 nocerent,
1271 2348 1323 2395 et
1368 2357 1466 2411 per
1513 2341 1668 2396 dolos
1717 2349 1768 2395 et
1813 2358 1910 2411 per

298 2430 565 2485 occultam
592 2429 1076 2500 impugnationem,
1129 2437 1183 2484 et
1212 2429 1267 2483 in
1285 2438 1518 2501 utroque
1539 2431 1637 2484 Dei
1667 2429 1909 2485 refrena-

296 2519 519 2588 tionem,
553 2535 696 2574 nunc
727 2519 964 2574 ostendit
1009 2519 1197 2590 quales
1227 2519 1333 2589 ipsi
1361 2519 1468 2573 sint
1488 2536 1588 2590 per
1617 2535 1754 2590 quos
1785 2536 1912 2591 ope-

296 2608 412 2663 rari
431 2615 677 2679 possunt.
712 2610 936 2664 Similes
975 2609 1151 2679 equis.
1221 2607 1357 2676 Quia
1401 2616 1524 2662 sunt
1573 2608 1793 2664 veloces
1840 2608 1909 2662 ad

295 2695 736 2761 discurrendum,
783 2695 998 2752 feroces
1046 2697 1115 2751 ad
1193 2696 1656 2768 impugnandum,
1705 2705 1758 2750 et
1800 2712 1910 2751 non

296 2785 586 2857 provident
616 2800 753 2856 quos
785 2784 1084 2853 incurrant,
1151 2784 1265 2840 sive
1311 2784 1367 2838 in
1412 2784 1642 2850 vicinos,
1691 2784 1806 2840 sive
1853 2785 1910 2838 in

305 2874 513 2930 hostes.
544 2875 829 2946 Tanquam
873 2890 1109 2930 coronae.
1145 2873 1205 2926 Id
1233 2879 1315 2926 est
1342 2873 1586 2928 victoriae
1613 2873 1682 2927 de
1709 2873 1910 2942 praeci-

303 2962 486 3034 pitatis
513 2970 566 3019 et
595 2962 872 3018 subversis
901 2961 1199 3035 acquisitaa,
1221 2977 1331 3017 non
1351 2978 1452 3033 per
1479 2977 1665 3018 veram
1690 2962 1908 3034 sapien-

301 3050 455 3107 tiam.

406 3158 581 3212 Vsus.
615 3157 824 3210 8.—-Et
856 3155 1132 3211 habebant
1151 3157 1404 3228 capillos.
1429 3155 1488 3210 Id
1505 3163 1588 3211 est
1606 3172 1788 3213 mores
1803 3156 1913 3212 las-

325 3245 476 3301 civos
497 3252 551 3300 et
582 3242 1049 3315 eﬁ‘eminatos,qui
1081 3244 1159 3298 eis
1191 3245 1488 3312 adhaerent,
1525 3252 1578 3300 et
1605 3247 1673 3300 ab
1721 3246 1801 3301 eis
1843 3246 1912 3301 ad

320 3333 701 3404 deceptionem
721 3333 953 3388 aliorum
969 3332 1297 3404 dependent.
1329 3335 1430 3391 Vel
1460 3334 1641 3405 capilli
1672 3343 1795 3390 sunt
1815 3337 1913 3392 ho-

328 3422 506 3478 mines
536 3422 796 3491 minores,
817 3439 955 3494 quos
984 3423 1311 3478 adherentes
1341 3423 1442 3477 sibi
1463 3423 1756 3496 decipiunt.
1781 3427 1920 3481 Den-

328 3516 409 3569 tes
441 3513 686 3568 leonum.
716 3511 993 3566 Laniatum
1022 3513 1225 3568 habent
1254 3521 1306 3568 et
1326 3511 1576 3568 fetorem.

390 3610 562 3666 Vsus.
596 3611 648 3664 9.
683 3639 752 3649 —
781 3612 1022 3666 Loricas.
1058 3611 1118 3665 Id
1140 3618 1222 3666 est
1252 3611 1422 3666 corda
1469 3610 1757 3678 obstinata,
1779 3627 1914 3684 quae

319 3699 494 3772 sagita
523 3698 768 3755 veritatis
797 3715 907 3755 non
934 3708 1201 3771 penetrat.
1241 3701 1338 3757 Vel
1367 3701 1663 3756 sententias
1705 3701 1914 3772 decep-

316 3788 556 3846 tionibus
575 3788 826 3859 munitas,
875 3805 1011 3862 quas
1058 3789 1301 3860 infringit
1345 3789 1566 3846 veritas.
1609 3790 1767 3846 Sicut
1806 3806 1914 3846 vox

316 3895 612 3946 curruum,
645 3887 752 3934 etc.
784 3878 1001 3934 Diversi
1031 3894 1226 3934 currus
1254 3878 1484 3934 diversis
1511 3879 1593 3933 vis
1623 3878 1917 3934 etadiver-

312 3967 389 4021 sis
421 3967 578 4039 equis
606 3967 674 4020 ad
701 3967 848 4021 idem
877 3967 1083 4022 bellum
1113 3967 1421 4037 rapiuntur,
1454 3967 1534 4022 sic
1565 3967 1653 4021 isti
1683 3967 1914 4023 diversis

317 4055 622 4112 haeresibus
651 4055 979 4110 unanimiter
1007 4055 1312 4112 Ecclesiam
1339 4056 1678 4128 impugnant.

389 4155 560 4211 Vsus.
597 4158 683 4210 10.
716 4184 786 4197 —
821 4157 890 4210 Et
913 4155 1187 4211 habebant
1214 4157 1442 4212 caudas.
1481 4155 1777 4226 Postquam
1806 4171 1916 4210 non

325 4244 468 4300 valet
497 4244 633 4300 ratio
664 4243 753 4301 vel
800 4243 1058 4298 tumultus
1097 4259 1308 4311 eorum,
1363 4251 1612 4317 quaerunt
1659 4243 1917 4301 auxilium

328 4332 654 4406 principum,
687 4333 781 4405 qui
808 4333 994 4388 caudae
1029 4332 1299 4402 dicuntur,
1340 4332 1464 4405 quia
1495 4341 1551 4389 ut
1596 4333 1914 4405 astringant,

1938 3070 1988 3134 C

2003 1831 2227 1901 phrate.
2289 1830 2595 1898 Euphrates
2634 1828 2830 1883 ﬂuvius
2874 1828 3195 1884 circumiens
3241 1827 3602 1900 Babylonem,

2009 1918 2065 1972 id
2097 1927 2178 1972 est
2199 1917 2474 1988 principes
2505 1917 2764 1971 mundani
2793 1933 2893 1988 per
2922 1933 3060 1989 quos
3088 1916 3364 1983 diabolus,
3394 1931 3525 1972 cum
3556 1916 3612 1972 in

2009 2007 2144 2077 ipsis
2177 2014 2340 2076 esset,
2374 2006 2587 2061 occulte
2618 2006 2969 2076 operabatur.
3003 2006 3204 2061 Dicens
3221 2013 3400 2060 autem
3437 2006 3609 2076 solve,

2007 2097 2108 2150 hos
2133 2096 2286 2163 jubet
2317 2095 2799 2160 excommunicari,
2835 2103 2892 2149 ut
2933 2094 3025 2167 qui
3067 2094 3122 2150 in
3171 2095 3250 2150 eis
3293 2103 3413 2150 erat
3451 2094 3613 2167 quasi

2009 2183 2227 2256 ligatus,
2262 2201 2360 2255 per
2390 2200 2484 2240 eos
2516 2185 2619 2239 sibi
2652 2184 2880 2239 traditos
2910 2184 3149 2255 apertius
3188 2190 3470 2254 operetur.
3516 2183 3615 2238 Vel

2011 2283 2240 2346 quatuor
2269 2273 2448 2344 angeli
2473 2281 2594 2327 sunt
2624 2289 2814 2328 omnes
2843 2273 3109 2328 immundi
3137 2273 3355 2343 spiritus
3397 2273 3454 2327 in
3474 2288 3614 2344 qua-

2009 2371 2131 2418 tuor
2158 2363 2404 2433 partibus
2436 2363 2625 2417 mundi
2674 2371 2989 2436 regnantes,
3038 2361 3128 2434 qui
3174 2361 3396 2418 fuerunt
3441 2360 3613 2418 refre-

2011 2458 2119 2506 natl
2147 2453 2203 2506 in
2232 2451 2486 2522 passione
2518 2451 2732 2507 Christi.

2083 2569 2252 2623 Vsus.
2280 2570 2366 2622 15.
2401 2598 2470 2608 —
2498 2568 2682 2625 Saluti
2696 2572 2852 2637 sunt,
2885 2575 2988 2623 etc.
3012 2566 3199 2624 Soluto
3219 2565 3437 2623 diabolo
3454 2566 3616 2622 multi

2010 2656 2436 2728 praecipitantur,
2470 2656 2562 2728 qui
2599 2657 2670 2712 ad
2713 2656 2850 2712 alios
2895 2656 3249 2712 exceecandos
3291 2655 3611 2712 moliuntur.

2011 2747 2075 2801 In
2090 2748 2286 2802 horam
2302 2750 2357 2802 et
2369 2746 2537 2802 diem.
2563 2747 2668 2800 Per
2688 2747 2884 2802 horam
2901 2745 3088 2816 accipe
3098 2745 3449 2801 medietatem
3459 2746 3611 2812 anni;

2011 2851 2110 2907 per
2129 2836 2298 2901 diem,
2344 2851 2514 2889 unum
2545 2851 2745 2890 annum
2780 2854 2793 2901 ;
2839 2851 2941 2905 per
2981 2851 3254 2901 mensem,
3302 2834 3472 2889 alium
3511 2849 3614 2889 an-

2012 2940 2178 2991 num;
2211 2932 2265 2978 et
2293 2939 2393 2994 per
2421 2941 2661 2990 annum,
2695 2923 2913 2979 tertium
2946 2938 3112 2978 :nam
3137 2939 3239 2994 per
3280 2930 3393 2978 tres
3437 2938 3614 2978 annos

2013 3021 2064 3068 et
2079 3013 2365 3068 dimidium
2393 3012 2608 3068 durabit
2635 3012 2946 3083 persecutio
2976 3011 3313 3069 Antichristi.

2084 3157 2259 3210 Vens.
2292 3158 2377 3209 16.
2409 3185 2477 3194 —
2531 3156 2703 3212 Vicies
2732 3156 2966 3211 millies.
3011 3155 3191 3211 Sancti
3233 3155 3426 3211 decem
3469 3169 3613 3226 prae-

2013 3245 2185 3317 ceptis
2226 3244 2365 3317 legis
2406 3243 2655 3315 perfecti,
2708 3251 2897 3300 contra
2941 3260 3079 3316 quos
3114 3243 3314 3315 duplex
3349 3260 3612 3300 numerus

2011 3334 2232 3406 ponitur
2265 3333 2554 3399 malorum,
2603 3332 2726 3406 quia
2767 3332 2898 3388 mali
2934 3333 3124 3404 plures
3160 3340 3281 3388 sunt
3325 3332 3508 3388 bonis.
3545 3335 3615 3388 Et

2013 3423 2228 3490 audivi,
2263 3430 2366 3478 etc.
2401 3422 2568 3491 Quasi
2597 3423 2739 3477 dicat
2771 3440 2784 3477 :
2817 3423 2962 3477 Bene
2993 3437 3138 3493 pono
3169 3422 3270 3477 sub
3305 3431 3459 3478 certo
3505 3438 3609 3477 nu-

2011 3528 2186 3581 mero,
2220 3512 2343 3584 quia
2370 3513 2579 3575 audivi,
2614 3511 2670 3566 id
2701 3519 2783 3567 est
2825 3511 3084 3579 intellexi,
3118 3510 3263 3585 quod
3298 3510 3488 3584 plures
3525 3527 3611 3568 es-

2013 3609 2135 3658 sent
2160 3600 2286 3655 mali
2317 3616 2480 3672 quam
2512 3599 2660 3656 boni.

2085 3735 2256 3791 Vsus.
2295 3736 2379 3790 17.
2411 3764 2479 3774 —-
2508 3735 2579 3789 Et
2605 3736 2691 3790 ita
2718 3735 2851 3790 vidi.
2886 3734 2946 3789 Id
2977 3741 3060 3790 est
3079 3733 3217 3790 sicut
3235 3734 3612 3792 intellexeram

2015 3824 2160 3897 quod
2203 3823 2272 3878 ad
2305 3823 2727 3879 destructionem
2771 3823 3002 3879 aliorum
3043 3823 3378 3896 equitabant,
3425 3824 3505 3880 sic
3533 3825 3612 3879 in-

2013 3913 2237 3983 tellexit,
2274 3913 2418 3984 quod
2447 3929 2547 3983 per
2574 3912 2853 3968 diabolum
2883 3913 2986 3968 hoc
3030 3912 3319 3979 faciebant,
3340 3929 3503 3986 quem
3542 3914 3612 3968 si-

2016 4009 2108 4058 cut
2137 4002 2263 4072 equi
2282 4001 2681 4072 portabant,vel
2709 4001 2837 4074 equi
2869 4001 3099 4074 intelligi
3130 4009 3358 4073 possunt
3385 4001 3611 4072 diaboli,

2017 4107 2182 4162 super
2213 4106 2350 4161 quos
2381 4089 2508 4144 mali
2537 4089 2842 4146 fundantur.
2876 4092 3160 4147 Habebunt
3177 4091 3380 4147 loricas
3395 4092 3609 4162 igneas.

2017 4179 2076 4233 Id
2096 4185 2178 4234 est
2206 4177 2519 4233 muniebant
2549 4195 2645 4234 eos
2688 4178 2970 4234 sententiis
3013 4179 3081 4233 de
3126 4178 3321 4250 quibus
3369 4179 3615 4251 sequitur

2016 4276 2219 4323 aeterna
2252 4283 2432 4338 paena,
2466 4267 2560 4322 ubi
2591 4265 2846 4341 est'ignis
2897 4276 2951 4322 et
2994 4266 3135 4322 fetor
3171 4276 3223 4323 et
3266 4266 3470 4324 fumus.
3527 4269 3615 4324 Vel

2020 4356 2297 4413 habebant
2339 4357 2540 4413 loricas
2583 4359 2798 4428 igneas,
2844 4356 2898 4410 id
2943 4364 3024 4411 est
3067 4365 3325 4411 aeternam
3369 4372 3609 4428 poenam,

318 4428 525 4518 iam?”
553 4430 606 4477 et
635 4421 1002 4518 ξξῙδηάίυΠίυΓσ
1028 4421 1137 4518 ,ῩθῙ
1165 4421 1353 4518 (iawa
1382 4421 1740 4518 δυΠῖ-ἀοιοδω
1783 4439 1907 4478 δθη·
1925 4435 1980 4497 D
2011 4462 2130 4517 quae
2159 4461 2430 4517 nunquam
2461 4421 2675 4500 dimittit
2709 4421 2847 4518 quos
2877 4445 3091 4517 accipit.
3114 4421 3398 4518 Tanquam
3425 4446 3616 4518 capita

317 4509 519 4580 tentiae,
567 4511 761 4584 quibus
805 4527 992 4568 coram
1028 4509 1376 4567 blandiuntur
1418 4518 1471 4566 et
1504 4510 1734 4568 latenter
1779 4527 1918 4582 pun-

321 4607 477 4672 gunt.

393 4705 564 4761 Vnus.
599 4709 685 4760 11.
718 4735 787 4746 -—
815 4708 888 4762 Et
925 4707 1200 4763 habebant
1243 4722 1413 4779 super
1456 4722 1514 4762 se
1559 4721 1765 4779 regem.
1814 4704 1918 4762 Os-

319 4801 476 4851 tenso
507 4793 695 4866 quales
719 4794 779 4853 in
810 4810 869 4850 se
899 4795 1024 4865 sint,
1059 4801 1320 4851 monstrat
1342 4811 1442 4865 per
1471 4811 1631 4866 quem
1654 4795 1771 4850 haec
1791 4809 1919 4866 pos-

319 4891 464 4938 sunt.
500 4884 604 4940 Cui
620 4899 828 4940 nomen
883 4885 1145 4940 Hebraice
1189 4884 1467 4940 Abaddon.
1517 4883 1686 4952 Quasi
1727 4883 1869 4938 dicat
1903 4900 1917 4937 :

317 4972 402 5027 Ad
432 4973 536 5026 hoc
566 4980 754 5028 cavete
782 4972 959 5039 vobis,
1009 4969 1245 5037 Hebraei,
1294 4971 1475 5028 Graeci
1523 4979 1575 5026 et
1622 4969 1812 5038 Latini,
1865 4971 1920 5026 id

322 5067 404 5114 est
435 5059 610 5113 omnis
639 5059 906 5116 Ecclesia.
940 5060 1123 5114 Posuit
1146 5066 1324 5115 autem
1367 5067 1476 5116 tres
1518 5060 1756 5134 linguas,
1793 5059 1921 5132 quia

325 5146 526 5203 Christi
557 5147 910 5219 Evangelium
943 5147 1126 5222 aliqua
1161 5149 1355 5204 harum
1404 5149 1564 5204 trium
1612 5149 1921 5221 linguarum

329 5244 414 5293 est
441 5235 703 5307 scriptum
724 5243 776 5290 et
806 5245 1102 5309 receptum.

396 5349 568 5408 Vens.
604 5353 690 5409 12.
724 5381 792 5392 -
829 5353 913 5410 Vae
939 5369 1119 5408 unum
1147 5353 1305 5408 abiit.
1329 5351 1388 5408 Id
1423 5361 1504 5408 est
1534 5351 1770 5425 primum
1825 5366 1920 5409 or-

325 5441 452 5497 dine
480 5441 811 5498 narrationis
851 5449 903 5496 et
943 5440 1129 5497 ordine
1158 5441 1439 5513 temporis.
1487 5443 1615 5498 Haec
1663 5449 1744 5498 est
1779 5441 1923 5497 enim

325 5530 625 5587 declaratio
655 5539 704 5586 et
735 5530 1012 5586 damnatio
1054 5530 1320 5586 malorum
1364 5548 1484 5602 quae
1530 5532 1631 5585 erit
1679 5539 1923 5602 tempore

324 5619 657 5680 Antichristi.

2018 4535 2261 4592 leonum.
2299 4533 2557 4606 Superius
2599 4534 2656 4588 in
2697 4535 2858 4608 plaga
2894 4534 3223 4590 locustarum
3266 4533 3400 4589 vidit
3445 4533 3615 4590 facies

2016 4619 2314 4686 hominum,
2338 4619 2424 4674 hic
2454 4619 2672 4674 leonum
2705 4636 2718 4673 :
2748 4619 2871 4691 quia
2900 4617 3142 4674 haeretici
3171 4617 3378 4690 aliquid
3422 4619 3616 4672 huma-

2016 4707 2196 4763 nitatis
2227 4708 2534 4774 ostendunt,
2581 4707 2813 4762 ministri
2856 4715 3035 4762 autem
3068 4706 3414 4776 Antichristi,
3465 4706 3614 4779 quod

2017 4797 2293 4853 docebunt
2334 4796 2494 4852 dictis
2537 4804 2592 4852 et
2633 4796 2806 4869 signis
2849 4797 2954 4852 hoc
2995 4796 3156 4852 etiam
3195 4796 3373 4868 poenis
3417 4803 3618 4869 cogent

2019 4885 2285 4942 conﬁteri.
2343 4885 2679 4942 Procedebat
2723 4887 2890 4958 ignis.
2939 4886 3111 4941 Causa
3153 4893 3372 4941 aeternae
3410 4900 3611 4956 paenae.

2027 4975 2117 5031 Vel
2147 4975 2314 5046 ignis,
2347 4975 2402 5028 id
2431 4983 2512 5029 est
2543 4974 2814 5045 cupiditas
2848 4993 2861 5042 ;
2894 4978 3110 5047 fumus,
3144 4973 3198 5029 id
3216 4982 3298 5029 est
3317 4973 3612 5045 superbia;

2019 5064 2277 5135 sulphur,
2309 5063 2364 5117 id
2394 5071 2475 5117 est
2515 5061 2654 5118 fetor
2695 5063 2963 5118 malorum
3005 5078 3249 5134 operum.
3296 5064 3507 5118 Fumus
3552 5066 3610 5118 et

2019 5147 2280 5220 sulphur.
2313 5146 2456 5202 Caeci
2484 5155 2609 5201 sunt
2637 5154 2691 5202 et
2718 5147 2772 5202 in
2797 5147 3040 5202 tenebris
3069 5147 3248 5218 positi,
3284 5154 3510 5219 propter
3531 5144 3612 5202 fe-

2020 5243 2197 5293 torem
2226 5236 2482 5292 vitiorum
2519 5245 2572 5291 et
2600 5236 2868 5292 malorum
2907 5251 3152 5307 operum.

2095 5349 2264 5407 Vsus.
2301 5353 2386 5405 18.
2409 5380 2480 5392 -
2503 5352 2696 5408 Occisa
2725 5355 2810 5408 est
2839 5353 3015 5408 tertia
3039 5370 3193 5426 pars.
3222 5351 3401 5416 Id'est,
3425 5364 3618 5407 omnes

2023 5440 2244 5511 reprobi
2277 5439 2345 5495 de
2391 5440 2654 5506 Ecclesia,
2687 5449 2739 5496 et
2774 5439 3024 5496 similiter
3067 5456 3258 5496 omnes
3301 5440 3473 5495 Judaei
3533 5440 3619 5495 vel

2022 5529 2245 5602 pagani,
2267 5528 2358 5602 qui
2384 5545 2658 5602 nunquam
2678 5529 2894 5588 fuerunt
2922 5530 3194 5602 baptizati,
3218 5544 3320 5586 nec
3335 5529 3402 5583 ab
3431 5527 3618 5585 Eccle-

2027 5618 2103 5676 sia
2134 5618 2390 5690 separati.
