3964 6178
395 263 494 318 ’731

859 260 1263 318 WALAFRIDI
1299 259 1542 317 STRABI
1580 257 1781 315 FULD.
1823 256 2000 316 MON.
2037 253 2190 313 OPP.
2230 255 2407 314 PARS
2445 257 2487 312 Ι.
2528 285 2596 299 -
2631 254 3105 313 THEOLOGICA.

3593 261 3698 317 732

395 384 655 442 invitabat
685 386 756 441 ad
785 384 1216 457 pradicandum,
1266 383 1368 439 etsi
1421 395 1653 439 necesse
1706 381 1871 439 fuerit
1923 380 1992 437 ad
2019 379 2186 449 Atia,
2247 381 2496 437 ostendat
2560 380 2820 452 pendere.
2874 383 3035 437 Luna
3077 380 3179 437 sub
3232 379 3492 453 pedibus.
3550 381 3701 438 licet

395 475 873 546 compatiendum:
905 474 1142 530 ostendit
1168 483 1350 529 tamen
1378 479 1431 529 et
1459 473 1704 544 ipsorum
1735 486 1988 538 coronas,

394 572 455 618 ut
484 564 731 619 similiter
760 564 922 619 istum
951 563 1232 630 Joannem,
1266 562 1354 618 vel
1393 562 1688 634 quemlibet
1725 561 1893 616 alium
1922 560 1991 615 de

397 667 602 708 corona
628 668 728 707 sua
754 666 856 723 pro
891 651 1054 707 modo
1083 667 1184 707 suo
1207 659 1419 707 certum
1463 649 1641 706 faciat.
1683 652 1862 723 Super
1889 665 1990 721 pe-

398 741 512 797 des.
546 741 606 796 Id
627 749 708 796 est
737 756 904 811 super
935 739 1147 811 seipsos
1177 739 1268 813 qui
1296 740 1449 812 prius
1487 739 1702 795 fuerunt
1740 738 1992 810 indigen-

395 837 476 885 tes
501 829 685 901 aliquo
717 844 825 900 quo
854 829 1114 898 nitantur,
1148 828 1248 885 sed
1277 835 1432 884 erunt
1452 835 1582 885 tunc
1610 827 1769 884 ﬁrmi.

466 918 636 974 Vens.
673 919 758 976 12.
791 947 863 959 --
897 919 1087 976 Vocem
1114 934 1404 990 magnam.
1435 915 1572 987 Qua
1599 916 1722 973 illos
1761 914 1990 990 refrige-

392 1013 490 1074 ret,
524 1013 577 1062 et
607 1006 858 1063 inimicos
886 1014 1109 1063 terreat.

459 1104 631 1160 Vens.
681 1108 769 1160 13.
802 1135 873 1147 —-
907 1107 1275 1162 Terramotus
1295 1121 1558 1177 magnus.
1592 1103 1652 1159 Id
1673 1110 1756 1160 est
1784 1101 1989 1159 terreni

389 1192 523 1249 moti
555 1201 700 1260 sunt,
734 1201 794 1249 ut
819 1195 1110 1265 puniantur
1136 1194 1191 1248 in
1213 1193 1570 1262 inferno;ve1
1617 1193 1686 1248 ad
1734 1193 1987 1249 destruc-

385 1281 589 1338 tionem
621 1281 886 1340 Ecclesia
915 1282 1114 1339 occisis
1144 1282 1442 1354 magistris.
1484 1283 1552 1338 Et
1581 1281 1800 1338 decima
1828 1298 1984 1354 pars.

389 1370 450 1426 Id
482 1379 565 1426 est
594 1371 878 1444 homo,qui
907 1373 978 1426 ad
1007 1373 1112 1428 hoc
1141 1371 1466 1427 constitutus
1499 1370 1734 1437 videtur,
1757 1377 1816 1424 ut
1846 1369 1990 1426 deci-

385 1475 510 1515 mus
537 1459 676 1515 ordo
709 1468 1054 1516 restauretur.
1109 1460 1303 1516 Occisa
1349 1463 1483 1516 sunt
1526 1460 1592 1514 in
1640 1463 1984 1515 terrmmotu.

389 1547 626 1604 Omnino
656 1547 929 1604 destructa
956 1548 1013 1604 in
1039 1548 1271 1618 inferno,
1324 1548 1411 1604 vel
1440 1555 1631 1619 postea
1687 1563 1798 1602 non
1844 1547 1988 1604 resi-

386 1644 641 1709 puerunt.
678 1638 927 1694 Gloriam
955 1641 1085 1695 Deo.
1119 1638 1180 1692 Id
1219 1645 1301 1692 est
1332 1637 1524 1692 laudes
1553 1638 1670 1692 Deo
1699 1636 1769 1692 de
1807 1636 1988 1707 justo-

387 1743 514 1782 rum
543 1726 842 1783 salvatione
868 1735 921 1782 et
948 1726 1217 1782 malorum
1245 1725 1614 1782 damnatione.

456 1843 629 1899 Vens.
667 1846 752 1898 15.
788 1845 942 1898 —-Et
971 1844 1245 1916 septimus
1277 1843 1533 1914 angelus,
1567 1849 1672 1898 etc.
1705 1841 1811 1897 Sex
1839 1840 1985 1897 tuba

389 1931 624 2003 priores,
657 1931 842 1988 saculi
895 1932 1181 2003 prasentis
1209 1931 1460 1988 atatibus
1509 1938 1854 2003 comparata,
1887 1945 1988 1987 va-

384 2020 498 2076 rios
555 2020 822 2076 bellorum
878 2020 1139 2076 Ecclesia
1195 2019 1582 2076 denuntiavere
1639 2035 1987 2088 concursus;

385 2108 615 2180 septima
629 2125 762 2165 vero
792 2109 1003 2165 sabbati
1051 2109 1239 2165 aterni
1293 2108 1502 2177 nuntia,
1551 2107 1835 2164 victoriam
1865 2117 1988 2163 tan-

382 2206 496 2254 tum
526 2208 579 2254 et
606 2197 894 2270 imperium
939 2199 1058 2255 veri
1102 2198 1270 2271 Regis
1299 2198 1520 2253 indicat.
1570 2199 1827 2254 Factum.
1883 2196 1988 2267 Qui

383 2288 536 2358 prius
567 2287 689 2343 vilis
720 2297 836 2344 erat
893 2296 946 2343 et
1001 2288 1245 2356 abjeclus
1285 2287 1397 2356 jam
1446 2295 1660 2359 regnat,
1717 2302 1986 2344 coronans

385 2377 579 2443 bonos,
614 2384 667 2432 et
694 2377 866 2432 malos
921 2377 1313 2432 condemnans.
1372 2378 1441 2431 Et
1498 2376 1769 2447 regnabit.
1811 2375 1873 2431 Id
1904 2383 1987 2431 est

381 2465 722 2538 permanebit
742 2483 972 2538 regnum
1002 2465 1174 2537 ipsius
1205 2465 1259 2519 in
1290 2463 1698 2534 sempiternum,
1762 2480 1873 2520 non
1927 2472 1986 2519 ut

385 2554 606 2626 quidam
639 2554 881 2611 haretici
911 2561 1100 2626 putant
1130 2561 1349 2609 sanctos
1377 2560 1503 2625 post
1523 2551 1808 2608 deﬁnitum
1840 2561 1984 2610 tem-

380 2659 482 2716 pus
512 2642 567 2698 in
596 2644 987 2712 mundijvitam
1008 2643 1300 2699 redituros.
1656 2638 1661 2642 ’

453 2740 624 2796 Vens.
660 2743 745 2795 16.
777 2768 849 2782 —-
877 2743 946 2796 Et
1005 2742 1207 2812 viginti
1259 2744 1502 2812 quatuor
1545 2741 1814 2796 seniores.
1860 2739 1985 2795 Non

377 2835 588 2884 tantum
612 2828 850 2885 minores
879 2829 954 2884 ita
985 2827 1293 2901 glorificent
1324 2830 1520 2896 Deum,
1555 2828 1654 2884 sed
1677 2828 1839 2882 etiam
1868 2843 1983 2882 ma-

372 2919 546 2988 jores.
583 2918 921 2974 Ceciderunt
952 2919 1016 2973 in
1044 2918 1243 2989 facies.
1278 2919 1338 2971 In
1369 2917 1570 2974 faciem
1617 2917 1764 2972 cadit
1793 2916 1884 2988 qui
1926 2917 1982 2972 in

378 3007 484 3063 hac
512 3007 619 3062 vita
651 3007 870 3077 culpam
898 3006 1167 3079 agnoscit,
1201 3021 1434 3076 eamque
1453 3004 1767 3076 paenitendo
1798 3005 1979 3061 deﬂet.

2090 469 2380 525 mundanis
2411 477 2741 526 sustentetur
2767 469 3033 537 Ecclesia,
3065 484 3133 524 ea
3165 475 3349 524 tamen
3389 485 3504 524 non
3533 469 3698 527 affec-

2091 565 2184 613 tat.
2209 561 2280 614 Et
2299 560 2364 613 in
2385 559 2570 631 capite
2600 561 2720 630 ejus
2769 575 2990 623 corona,
3045 566 3153 614 etc.
3199 558 3260 613 1d
3288 565 3372 613 est
3399 558 3692 615 duodecim

2090 647 2339 718 apostoli,
2365 647 2561 718 quibus
2589 647 2825 702 mundus
2843 645 3094 713 credidit,
3118 646 3206 704 vel
3226 647 3282 702 in
3311 645 3512 719 quibus
3529 663 3692 702 mun-

2090 735 2220 790 dum
2240 735 2368 790 vicit
2396 735 2660 792 Ecclesia.

2160 824 2336 880 Vens.
2373 828 2428 881 2.
2470 854 2540 864 —
2573 825 2875 882 Cruciatur
2920 827 2987 878 ut
3038 824 3253 896 pariat.
3304 823 3690 893 Pradicando,

2089 912 2322 968 adversa
2343 912 2561 983 patitur.
2595 911 2693 966 Vel
2723 911 2995 968 cruciatur
3047 927 3081 966 a
3113 912 3316 983 seipsa,
3352 912 3409 967 id
3442 921 3532 969 est
3569 927 3693 969 car-

2087 1017 2214 1056 nem
2246 1016 2402 1060 suam
2431 1007 2688 1067 macerat,
2722 1007 2781 1055 ut
2809 999 3125 1072 pradicatio
3159 1000 3226 1055 sit
3255 1000 3472 1057 idonea.

2161 1089 2330 1145 Vens.
2355 1093 2407 1144 3.
2439 1091 2702 1146 —Draco
2727 1106 2984 1161 magnus.
3009 1089 3136 1143 Non
3159 1089 3226 1144 de
3247 1104 3452 1163 magno
3470 1088 3691 1163 eﬂ'ectu,

2089 1178 2187 1234 sed
2215 1178 2282 1232 de
2313 1177 2553 1249 potentia
2583 1186 2634 1233 et
2665 1176 2919 1249 superbia
2946 1177 3204 1234 draconis
3246 1177 3510 1251 loquitur.

2158 1269 2227 1323 Et
2259 1281 2473 1323 cornua
2507 1267 2724 1334 ducem,
2759 1273 2861 1321 etc.
2896 1266 2956 1320 Id
3017 1274 3101 1322 est
3159 1282 3334 1339 regna
3389 1275 3444 1322 et
3476 1266 3699 1324 divitias

2088 1354 2284 1428 quibus
2307 1355 2581 1426 principes
2611 1355 2935 1428 decalogum
2967 1354 3109 1428 legis
3158 1354 3502 1427 impugnant.

2158 1454 2328 1508 Vens.
2364 1455 2414 1508 4.
2449 1485 2517 1494 —
2545 1455 2614 1509 Et
2643 1453 2843 1510 cauda.
2881 1452 2942 1508 Id
2969 1461 3053 1508 est
3072 1453 3448 1525 deceptiones,
3485 1453 3693 1525 quibus

2087 1542 2264 1599 celant
2285 1542 2430 1611 vitia,
2464 1551 2521 1598 ut
2549 1543 2721 1599 cauda
2749 1541 2998 1598 celantur
3018 1542 3216 1614 turpia.
3257 1543 3598 1599 Stellarum.
3638 1542 3699 1598 Id

2087 1639 2168 1686 est
2184 1631 2396 1686 illorum
2425 1630 2518 1704 qui
2573 1631 2876 1685 illuminant
2929 1630 3232 1689 Ecclesiam
3262 1631 3543 1699 doctrina,
3578 1647 3692 1687 non

2014 1739 2068 1800 Β
2087 1721 2216 1789 vita.
2239 1721 2409 1775 Stetit
2430 1722 2566 1776 ante
2585 1720 2904 1776 mulierem.
2929 1718 3064 1788 Qua
3085 1719 3389 1790 patiebatur
3411 1720 3690 1788 dolorem,

2087 1825 2185 1880 per
2213 1807 2358 1881 quod
2392 1808 2649 1863 credebat
2707 1808 2815 1866 cito
2870 1824 3168 1864 cessuram.
3217 1810 3320 1864 Per
3373 1809 3696 1880 passionem

2089 1898 2343 1953 credebat
2373 1897 2618 1952 diabolus
2676 1897 2976 1954 Ecclesiam
3026 1898 3388 1970 subjugatam.
3445 1900 3694 1954 Devora-

2087 1991 2195 2042 ret.
2223 1988 2445 2041 Paratus
2475 1993 2588 2041 erat
2618 1986 2780 2042 draco
2835 1987 2908 2042 ad
2963 1986 3334 2043 devorandum
3366 2005 3382 2054 ;
3427 1986 3532 2043 sed
3581 2002 3693 2044 non

2061 2076 2278 2147 potuit,
2312 2076 2441 2147 quia
2469 2082 2625 2130 natus
2656 2083 2738 2131 est
2769 2075 2861 2147 qui
2893 2076 3190 2147 prohibuit.

2157 2183 2327 2238 Vens.
2387 2185 2438 2238 5.
2491 2211 2561 2223 -
2606 2185 2678 2237 Et
2727 2185 2968 2255 peperit.
3024 2181 3240 2238 Camali
3296 2182 3688 2256 generatione,

2087 2269 2336 2326 Christus
2363 2272 2432 2326 de
2461 2270 2736 2327 Abraham
2762 2279 2815 2327 et
2846 2270 3018 2328 David
3048 2271 3368 2342 praecessit;
3405 2272 3497 2327 vel
3527 2289 3697 2344 pepe-

2085 2360 2154 2414 rit
2181 2359 2429 2416 Ecclesia
2457 2358 2644 2427 ﬁlium,
2678 2359 2735 2415 id
2765 2367 2848 2415 est
2876 2357 3040 2414 fidem
3069 2360 3272 2416 Christi
3318 2360 3375 2414 in
3425 2361 3693 2419 cordibus

2083 2448 2408 2506 auditorum.

2153 2539 2324 2593 Vens.
2373 2540 2423 2592 6.
2453 2565 2524 2578 —-
2552 2537 2752 2593 Diebus
2797 2537 2978 2592 mille.
3035 2537 3097 2592 Id
3154 2545 3238 2592 est
3276 2546 3389 2596 toto
3430 2547 3688 2611 tempore

2079 2641 2186 2698 quo
2213 2626 2460 2680 subsistit
2517 2625 2766 2682 Ecclesia
2824 2625 3211 2697 pradicatione
3260 2627 3469 2686 Christi
3506 2630 3690 2686 tribus

2080 2715 2239 2771 annis
2269 2723 2322 2770 et
2350 2714 2573 2771 dimidio
2603 2714 2766 2772 facta.

2153 2803 2347 2859 Vens..
2381 2806 2434 2858 7.
2465 2835 2534 2844 -—
2558 2805 2788 2860 Michael
2805 2807 2861 2860 et
2881 2804 3070 2876 angeli
3097 2806 3219 2876 ejus
3233 2806 3664 2878 praliabantur

2080 2892 2385 2949 Ecclesiam
2415 2899 2772 2947 sustentantes
2803 2892 3031 2963 orando,
3066 2893 3324 2948 auxilium
3354 2893 3609 2952 ferendo.

2149 3008 2320 3064 Vens.
2372 3011 2425 3064 8.
2465 3037 2535 3049 —-
2573 3009 2692 3065 Non
2733 3009 3057 3064 valuerunt.
3111 3010 3421 3066 Removere
3469 3011 3676 3067 auxilia

380 3095 549 3150 Retro
575 3094 721 3150 cadit
753 3095 843 3165 qui
873 3093 929 3147 in
960 3096 1061 3149 hac
1108 3093 1216 3148 vita
1267 3102 1491 3166 repente
1536 3093 1756 3161 decidit,
1808 3102 1861 3150 et
1906 3093 1976 3150 ad
2006 3102 2055 3165 α
2078 3098 2424 3170 angelorum,
2457 3096 2585 3170 quia
2613 3112 2723 3153 non
2751 3105 3007 3168 poterunt
3033 3098 3342 3155 Ecclesiam
3390 3099 3596 3159 ducere
3631 3101 3690 3159 in

381 3199 502 3255 qua
529 3181 794 3253 supplicia
823 3181 1051 3238 ducatur
1078 3181 1271 3237 nescit.

453 3271 624 3327 Vens.
660 3274 746 3326 18.
799 3300 869 3312 -—
931 3272 1034 3340 Qui
1078 3275 1456 3344 corruperunt
1514 3275 1746 3328 terram.
1783 3271 1844 3327 Id
1891 3278 1975 3328 est

380 3359 592 3430 seipsos
620 3375 720 3431 per
749 3358 952 3414 malam
982 3358 1372 3431 operationem,
1397 3367 1452 3418 et
1478 3358 1613 3415 alios
1642 3376 1738 3432 per
1766 3360 1969 3416 malum

381 3448 708 3520 exemplum.

447 3566 616 3621 Vens.
651 3567 735 3620 19.
769 3594 838 3606 —
865 3566 936 3621 Et
963 3568 1229 3637 apertum
1258 3568 1360 3621 est.
1393 3564 1456 3620 In
1511 3565 1615 3622 hac
1659 3572 1850 3638 quarta
1897 3566 1970 3622 vi-

374 3654 527 3711 sione
555 3654 726 3710 habes
755 3653 1038 3710 materiam
1070 3653 1211 3710 bene
1242 3661 1492 3710 ornatam
1521 3662 1574 3710 et
1598 3655 1744 3711 bona
1772 3654 1969 3711 auxilia

373 3743 683 3814 habentem,
717 3744 922 3801 scilicet
951 3743 1019 3799 de
1051 3758 1236 3816 pugna
1275 3743 1536 3799 Ecclesia
1564 3760 1731 3816 quas
1750 3744 1968 3800 diabolo

372 3832 724 3905 impugnatur
751 3841 805 3889 et
833 3841 1023 3904 aperte
1053 3840 1106 3888 et
1136 3831 1366 3902 occulte,
1401 3839 1456 3888 et
1513 3833 1568 3888 in
1599 3833 1852 3888 omnibus
1882 3833 1967 3888 his

373 3922 612 3979 ostendit
638 3924 878 3978 Joannes
910 3939 1028 3978 eam
1069 3937 1326 3992 superare
1382 3937 1481 3992 per
1535 3923 1679 3993 quod
1730 3921 1966 3979 maxime

374 4018 547 4067 armat
575 4009 764 4066 fideles
793 4027 862 4066 ne
878 4010 1133 4066 deﬁciant
1161 4010 1217 4064 in
1259 4010 1442 4082 aliqua
1473 4009 1831 4066 tribulatione.
1885 4012 1967 4068 De

367 4116 550 4172 pugna
580 4115 714 4170 ergo
745 4099 1006 4156 Ecclesia
1060 4099 1261 4170 pendet
1290 4098 1532 4172 cognitio
1577 4116 1644 4156 ex
1686 4099 1844 4156 tertia
1886 4099 1966 4156 vi-

371 4198 545 4264 sione,
565 4213 689 4268 qua
707 4203 789 4252 est
816 4196 884 4252 de
913 4196 1150 4264 injuncto
1182 4194 1360 4252 oﬁicio
1390 4195 1745 4268 praedicandi.
1787 4199 1959 4268 Aper-

372 4295 487 4342 tum
503 4294 586 4342 est
612 4284 875 4357 templum
892 4284 1012 4351 Dei,
1033 4285 1088 4339 id
1117 4291 1220 4350 est,
1252 4283 1412 4340 datus
1431 4292 1514 4340 est
1545 4285 1774 4356 Spiritus
1797 4301 1962 4343 sanc-

371 4384 477 4443 tus,
510 4391 608 4446 per
635 4391 795 4448 quem
825 4372 1080 4446 mysteria
1130 4372 1411 4440 Ecclesia,
1461 4390 1584 4446 quae
1622 4390 1722 4446 per
1771 4391 1964 4432 secun-

2076 3195 2382 3259 peccatum.

2149 3302 2315 3357 Vens.
2352 3305 2440 3357 10.
2474 3333 2544 3343 -
2571 3302 2641 3358 Et
2701 3300 2898 3357 audivi
2942 3316 3150 3358 vocem.
3183 3300 3323 3357 Cum
3350 3303 3688 3360 ostendisset

2071 3389 2346 3445 diabolum
2377 3389 2433 3443 in
2452 3391 2556 3446 hoc
2587 3390 2883 3446 certamine
2912 3391 3128 3446 occulto
3165 3391 3235 3446 ab
3284 3391 3534 3447 Ecclesia
3565 3393 3686 3450 vic-

2070 3485 2185 3533 tum
2215 3477 2414 3535 auxilio
2442 3477 2539 3533 ﬁlii
2567 3485 2621 3534 et
2650 3479 2988 3550 angelorum,
3041 3479 3323 3553 subjungit
3368 3481 3685 3538 exsultatio-

2069 3583 2168 3624 nes
2199 3567 2523 3638 angelorum
2575 3567 2840 3638 ipsorum,
2895 3567 2981 3622 vel
3028 3576 3339 3624 sanctarum
3367 3569 3681 3626 animarum

2070 3657 2138 3712 de
2169 3656 2397 3712 victoria
2423 3655 2672 3724 fratrum,
2706 3663 2763 3710 ut
2792 3655 3041 3711 laborent
3072 3657 3295 3713 vincere
3327 3658 3424 3730 qui
3454 3659 3526 3716 de
3556 3661 3677 3717 vic-

2068 3745 2206 3801 toria
2234 3761 2334 3801 sua
2353 3744 2581 3818 angelos
2611 3745 2699 3800 vel
2727 3752 2941 3800 sanctas
2973 3745 3183 3801 animas
3209 3746 3436 3802 audiunt
3493 3749 3676 3805 exsul-

2067 3842 2202 3891 tare.
2226 3835 2536 3892 Accusabat
2565 3834 2714 3891 illos.
2741 3833 2993 3890 Ofﬁcium
3023 3834 3226 3891 diaboli
3271 3843 3357 3890 est
3386 3852 3676 3909 accusare,

2066 3923 2121 3979 id
2178 3931 2260 3980 est
2287 3939 2387 3994 per
2406 3931 2692 3994 peccatum
2719 3924 3058 3980 accusabiles
3089 3925 3335 3981 reddere.
3357 3927 3462 3982 Die
3481 3944 3551 3984 ac
3575 3943 3676 3984 no-

2064 4018 2172 4072 cte.
2197 4014 2258 4067 In
2270 4012 2553 4085 prosperis
2569 4012 2914 4080 delectando,
2931 4013 2986 4068 in
3003 4013 3251 4075 adversis
3271 4015 3671 4073 contristando.

2136 4127 2306 4184 Vens.
2335 4129 2422 4183 12.
2455 4157 2525 4168 --
2553 4127 2855 4184 Descendit
2870 4127 3248 4200 diabolus.[De
3263 4129 3407 4185 coelo
3432 4148 3447 4183 :
3499 4131 3594 4187 vel
3611 4131 3676 4187 de

2064 4215 2367 4271 minoribus
2397 4215 2620 4284 sanctis,
2653 4217 2706 4270 in
2735 4216 2933 4288 quibus
2955 4218 3071 4286 jam
3128 4233 3239 4274 non
3291 4217 3463 4274 habet
3493 4219 3674 4276 locum

2064 4303 2308 4360 tentatio.
2347 4305 2539 4361 Sciens
2569 4305 2711 4378 quod
2734 4305 3017 4361 modicum
3050 4309 3268 4378 tempus
3301 4305 3490 4364 habet.
3533 4308 3670 4378 Quia

2063 4393 2212 4451 videt
2237 4393 2436 4448 multos
2457 4393 2559 4448 sibi
2579 4393 2838 4459 subtrahi,
2874 4399 2925 4448 et
2944 4392 3189 4466 inllocum
3211 4410 3369 4449 suum
3390 4395 3670 4452 substitui.

371 4465 501 4556 filim
532 4465 938 4556 ιδβθῐᾚθοᾼιῌυῖη
968 4461 1635 4556 δὲυνθδθηῖυτῃτθνθωθο
1665 4471 1789 4518 sunt
1819 4463 1960 4556 ﬁdf’"
1994 4476 2046 4537 D
2067 4485 2138 4540 Et
2164 4488 2458 4556 postquam
2485 4483 2644 4539 vidit.
2679 4483 2816 4538 Cum
2836 4483 2968 4539 vidit
2989 4461 3240 4540 diabolus
3274 4500 3334 4540 se
3361 4501 3464 4556 per
3495 4486 3676 4543 occul-

371 4553 534 4609 libus.
570 4553 733 4611 Arca.
768 4553 1017 4608 Christus
1046 4561 1130 4608 est
1185 4566 1317 4608 arca
1371 4551 1428 4606 in
1467 4567 1575 4625 quo
1613 4568 1806 4608 omnes
1859 4553 1971 4611 the-

372 4642 517 4697 sauri
545 4643 824 4713 sapientiae
853 4641 1177 4711 absconditi,
1203 4640 1296 4713 qui
1327 4640 1619 4714 complevit
1650 4642 1816 4698 Vetus
1837 4643 1970 4699 Tes-

370 4738 666 4787 tamentum
692 4738 744 4786 et
784 4731 1012 4786 instituit
1039 4730 1274 4787 Novum.
1307 4731 1378 4786 Et
1396 4731 1609 4803 grando
1631 4748 1858 4803 magna.
1906 4731 1966 4788 Id

368 4828 448 4877 est
477 4820 800 4894 quibusdam
828 4820 946 4878 visa
975 4827 1058 4876 est
1095 4819 1410 4892 pradicatio
1440 4820 1819 4878 intolerabilis.

977 4988 1206 5045 CAPUT
1232 4988 1356 5046 XII.

437 5125 608 5182 Vens.
641 5131 692 5182 1.
725 5156 793 5171 --
819 5130 890 5186 Et
926 5132 1173 5202 signum.
1208 5132 1274 5186 Et
1302 5147 1368 5186 ex
1395 5130 1478 5186 his
1510 5129 1620 5187 vidi
1661 5130 1807 5186 istud
1833 5145 1964 5204 pro-

368 5215 799 5285 cedere,scilicet
828 5216 953 5274 ﬁdei
976 5219 1226 5290 gratiam,
1251 5219 1306 5273 id
1323 5227 1403 5274 est
1422 5219 1678 5291 quiddam
1700 5235 1963 5292 magnum

365 5303 786 5380 significantem.
847 5306 944 5371 Hic
984 5306 1110 5362 facit
1148 5307 1480 5364 mentionem
1530 5308 1600 5363 de
1634 5308 1960 5366 revelatione

362 5394 679 5470 mysterium
710 5410 830 5467 qua
859 5393 1075 5449 fuerunt
1107 5396 1163 5451 in
1192 5397 1426 5453 secunda
1453 5396 1683 5464 visione,
1709 5407 1762 5453 et
1781 5399 1850 5454 de
1871 5398 1959 5455 in-

357 5487 543 5556 juncto
574 5483 752 5541 oﬁicio
799 5482 1224 5556 praedicationis,
1260 5487 1405 5559 quod
1450 5485 1738 5542 habuimus
1770 5487 1826 5541 in
1853 5495 1959 5543 ter-

361 5576 456 5641 tia,
489 5582 547 5630 ut
575 5573 731 5630 istam
764 5581 1015 5648 quartam
1049 5590 1171 5647 qua
1227 5575 1295 5631 de
1343 5590 1529 5648 pugna
1583 5575 1847 5632 Ecclesia
1906 5583 1960 5632 et

365 5663 568 5722 diaboli
595 5674 696 5737 est,
730 5681 797 5724 ex
823 5663 908 5726 his
929 5664 1157 5732 duabus,
1219 5664 1273 5722 id
1313 5672 1392 5721 est
1451 5665 1694 5723 secunda
1743 5673 1795 5724 et
1844 5675 1956 5724 ter-

2068 4579 2178 4627 tam
2209 4571 2459 4627 fraudem
2487 4587 2596 4627 non
2615 4588 2779 4643 posse
2795 4570 3082 4643 proficere,
3108 4579 3297 4644 aperta
3327 4572 3674 4632 tribulatione

2067 4659 2383 4733 aggreditur
2411 4676 2741 4733 expugnare.
2791 4663 2861 4716 Et
2890 4662 3038 4718 datae
3069 4666 3204 4718 sunt
3251 4663 3509 4731 mulieri,
3564 4673 3669 4721 etc.

2066 4748 2198 4818 Qua
2247 4748 2411 4806 etiam
2467 4757 2656 4805 contra
2719 4758 2966 4820 apertam
3022 4750 3434 4808 tribulationem
3509 4753 3676 4810 habet

2064 4838 2322 4894 auxilium
2354 4837 2422 4894 ab
2450 4839 2645 4895 eodem
2701 4837 2811 4896 ﬁlio
2840 4855 2872 4894 a
2906 4854 3014 4911 quo
3058 4839 3294 4896 habebat
3341 4847 3533 4898 contra
3580 4859 3672 4901 oc-

2063 4925 2265 4982 cultam
2282 4927 2766 5001 impugnationem.

2132 5041 2304 5099 Vens.
2332 5045 2416 5100 14.
2447 5074 2516 5084 -
2547 5045 2778 5117 Aquilae.
2813 5043 2895 5101 Illi
2916 5043 3170 5101 dicuntur
3199 5045 3416 5118 aquila,
3443 5047 3536 5120 qui
3565 5064 3667 5120 per

2061 5133 2532 5190 conversationem
2558 5133 2680 5188 vita
2712 5134 2911 5190 coelum
2940 5142 3150 5206 petunt,
3186 5142 3240 5192 et
3268 5135 3395 5192 ideo
3442 5136 3501 5192 in
3549 5138 3669 5194 Deo

2060 5220 2220 5277 ﬁxum
2245 5222 2445 5278 habent
2465 5222 2733 5277 intuitum.
2768 5225 2877 5279 Per
2907 5227 3146 5296 tempus,
3167 5227 3223 5281 et
3245 5228 3519 5298 tempora,
3556 5235 3667 5284 etc.

2061 5310 2116 5366 Si
2145 5311 2406 5382 accipitur
2450 5311 2592 5366 illius
2621 5311 2884 5368 Ecclesia
2914 5320 3084 5368 status
3106 5329 3228 5385 qua
3267 5314 3366 5368 erit
3409 5323 3667 5387 tempore

2059 5400 2389 5468 Antichristi,
2425 5399 2636 5457 dicetur
2662 5400 2818 5456 aliter
2839 5416 2943 5474 per
2964 5407 3186 5475 tempus
3215 5407 3272 5458 et
3301 5407 3562 5477 tempora
3604 5410 3664 5461 et

2060 5490 2377 5556 dimidium,
2413 5496 2538 5558 etc.,
2573 5505 2674 5560 pro
2695 5490 3076 5562 praedicatione
3115 5491 3282 5548 Helia
3313 5501 3368 5547 et
3415 5493 3612 5550 Enoch
3647 5514 3663 5560 ;

2058 5577 2102 5632 si
2123 5579 2394 5652 generalis
2422 5579 2685 5637 Ecclesia
2714 5588 2924 5652 tempus
2955 5580 3248 5652 accipitur,
3307 5580 3506 5636 dicitur
3558 5599 3666 5656 per

2059 5672 2294 5741 tempus,
2319 5674 2374 5727 et
2397 5674 2665 5742 tempora,
2681 5669 3068 5742 etdimidium,
3093 5677 3218 5738 etc.,
3236 5669 3392 5728 aliter
3403 5686 3508 5743 pro
3525 5688 3657 5744 pra-
