3968 6176
384 325 489 382 ’735

1011 321 1416 377 WALAFRIDI
1443 319 1687 376 STRABI
1715 318 1917 375 FULD.
1949 317 2123 385 MON.
2166 319 2368 376 PARS.
2409 320 2450 374 Ι.
2484 347 2554 361 --
2603 318 3078 378 THEOLOGICA.

3597 327 3712 379 736

389 449 620 505 sortium
679 464 839 503 suum
903 447 1093 503 venire
1142 445 1465 515 suﬂ‘ugiunt.
1521 445 1992 502 Citharwdorum.
2030 445 2088 506 A
2181 445 2351 500 Vnus.
2404 448 2490 499 13.
2542 473 2611 486 -
2659 445 2856 517 Opera.
2907 446 2967 502 Id
3015 453 3100 501 est
3145 447 3426 503 mercedes
3472 463 3708 520 operum

391 538 534 608 Quia
579 537 683 607 ipsi
727 537 796 592 ad
839 538 944 591 hoc
998 553 1058 590 se
1100 535 1480 604 instituerunt,
1539 542 1596 588 ut
1643 535 2000 588 extenderent

396 642 492 681 sua
525 626 694 682 corda
723 627 917 680 devota
948 641 1116 695 super
1143 624 1353 696 lignum
1381 623 1580 678 crucis.
1635 623 1998 679 Citharizan-

401 717 567 772 tium.
603 714 763 784 Quod
795 731 860 769 ex
891 712 1070 769 ofﬁcio
1101 713 1395 782 habebant,
1431 729 1595 783 Opere
1626 711 1943 783 implebant.

469 805 638 858 Vnus.
671 807 724 858 3.
755 833 823 843 -—-
854 805 924 858 Et
953 804 1284 858 cantabant.
1336 802 1396 856 Id
1444 810 1527 857 est
1574 803 1642 856 de
1685 800 1998 873 integritate

392 893 588 948 animae
618 901 670 947 et
691 892 938 963 corporis
960 892 1305 946 exsultabunt
1340 909 1353 946 :
1387 891 1534 963 quod
1575 889 1833 962 gaudium
1854 905 1998 944 nun-

395 997 555 1054 quam
586 981 665 1036 eis
694 988 1021 1048 veterascet,
1058 981 1156 1036 sed
1186 997 1404 1051 semper
1445 988 1529 1035 est
1577 979 1658 1034 eis
1688 987 1746 1033 ut
1773 994 1996 1034 novum.

467 1070 635 1126 Vnus.
672 1071 725 1126 4.
740 1101 811 1110 -
833 1072 898 1126 Hi
914 1075 1052 1125 sunt
1072 1071 1167 1143 qui
1186 1086 1318 1125 cum
1338 1069 1671 1125 mulieribus
1700 1085 1816 1124 non
1837 1071 1994 1122 sunt.

391 1158 453 1213 Id
483 1165 566 1213 est
595 1173 733 1230 quos
764 1159 835 1213 ad
864 1160 969 1214 hoc
999 1165 1058 1212 ut
1086 1165 1272 1213 essent
1299 1158 1544 1230 virgines
1579 1155 1808 1229 sanguis
1837 1155 1999 1210 Chri-

394 1245 464 1303 sti
493 1246 742 1302 elevavit.
761 1249 850 1303 Ex
871 1247 1188 1302 hominibus
1207 1248 1500 1318 primitite,
1521 1252 1627 1300 etc.
1650 1247 1720 1301 Ut
1739 1261 1806 1299 ex
1825 1260 1998 1317 grege

393 1335 630 1408 optimus
662 1350 856 1406 equus,
891 1335 978 1390 vel
1008 1352 1075 1390 ex
1106 1333 1372 1390 fructibus
1403 1333 1674 1404 primitias.

471 1451 644 1506 Vnus.
679 1454 730 1503 6.
763 1481 832 1490 —
862 1451 932 1506 Et
953 1450 1084 1505 vidi.
1121 1449 1406 1520 Descripta
1429 1449 1838 1522 impugnatione
1859 1447 2003 1504 facta

394 1555 492 1611 per
521 1539 660 1593 duas
691 1539 915 1604 bestias,
950 1539 1343 1609 suppositoque
1383 1538 1585 1592 auxilio
1629 1538 1772 1608 Agni
1816 1546 1868 1592 et
1911 1537 1999 1591 di-

393 1627 598 1699 gnitate
627 1626 845 1682 familias
875 1628 993 1696 ejus
1023 1635 1262 1693 ostensa,
1297 1626 1640 1698 subjungitur
1677 1626 1994 1693 admonitio,

391 1725 452 1772 ut
481 1717 552 1770 ad
598 1717 737 1770 hanc
782 1714 1044 1770 familiam
1091 1717 1370 1781 accedant,
1422 1722 1472 1768 et
1515 1714 1880 1782 comminatio,
1930 1721 1990 1768 ut

2097 551 2215 607 quae
2245 543 2565 606 sequuntur.
2601 533 2766 602 Quasi
2802 550 2815 588 :
2848 535 2988 590 Dum
3019 535 3072 589 in
3105 537 3308 590 mundo
3338 544 3514 606 erant,
3535 539 3707 607 majo-

2097 640 2188 678 res
2217 623 2592 679 tribulationes
2638 625 2708 678 ad
2739 625 3002 692 majorem
3031 641 3295 680 coronam
3325 626 3651 696 ingruebant
3691 643 3705 680 :

2096 713 2240 768 unde
2270 713 2408 768 adeo
2440 713 2634 782 abjecti
2665 713 3081 784 reputabantur,
3121 714 3219 769 sed
3256 715 3369 784 jam
3414 715 3550 772 nihil
3592 731 3706 787 pa-

2098 801 2321 857 tientur.

2170 891 2342 946 Vnus.
2379 893 2464 946 14.
2487 920 2559 932 -
2587 893 2655 946 Et
2685 891 2818 948 vidi.
2862 889 3099 947 Ostensa
3126 893 3566 949 remuneratione
3595 894 3708 949 bo-

2097 995 2312 1048 norum,
2343 996 2444 1051 per
2485 981 2630 1052 quod
2678 979 2941 1036 invitabat
2987 981 3060 1035 ad
3107 982 3438 1038 consortium
3485 997 3706 1052 eorum,

2100 1069 2356 1140 supponit
2382 1068 2788 1124 damnationem
2819 1069 3130 1140 impiorum,
3181 1077 3240 1124 ut
3284 1086 3384 1141 per
3427 1078 3711 1127 terrorem

2100 1158 2262 1213 ducat
2291 1157 2362 1212 ad
2391 1157 2536 1214 idem
2567 1158 2927 1228 prapositum.
2968 1159 3225 1214 Similem
3259 1160 3396 1216 Filio
3427 1160 3705 1216 hominis.

2101 1245 2238 1315 Quia
2269 1260 2378 1304 non
2401 1246 2516 1316 jam
2546 1263 2674 1302 vere
2704 1254 2822 1302 erat
2847 1246 3014 1302 Filius
3043 1246 3299 1318 hominis,
3347 1247 3443 1320 qui
3469 1246 3711 1306 immor-

2100 1334 2246 1390 talis.

2172 1424 2555 1479 Vnas.15.-—
2603 1425 2866 1496 Angelus.
2912 1424 2974 1479 Id
3022 1431 3107 1480 est
3153 1425 3344 1495 sancti,
3388 1425 3482 1498 qui
3527 1441 3711 1498 usque

2102 1513 2209 1567 huc
2239 1511 2452 1566 fuerant
2490 1513 2545 1565 in
2574 1511 2823 1567 ﬁdelibus
2872 1512 3106 1582 occulto,
3140 1512 3195 1567 in
3241 1514 3479 1570 claritate
3526 1530 3713 1586 appa—

2104 1601 2299 1656 rebunt
2322 1601 2635 1670 judicaturi,
2685 1610 2903 1656 orantes
2946 1617 3070 1657 cum
3107 1601 3401 1672 desiderio,
3451 1612 3509 1658 ut
3555 1605 3711 1659 Deus

2109 1689 2509 1761 separationem
2560 1689 2723 1745 faciat
2770 1692 3037 1746 bonorum
3079 1699 3131 1745 et
3175 1691 3465 1747 malorum.
3510 1694 3716 1748 Exi—vit

393 1805 464 1861 ab
493 1805 601 1859 alia
629 1805 920 1860 declinent.
953 1805 1211 1860 Alterum
1241 1778 1526 1875 angelum.
1552 1804 1612 1857 Id
1629 1811 1712 1857 est
1725 1778 1991 1874 praedica-
2017 1808 2068 1867 Β
2094 1779 2168 1876 ,άθ
2201 1780 2426 1852 templo-
2480 1778 2642 1834 ῙῖΧίΓο
2689 1779 3164 1876 ἀίεξιηῐυΓ--δθηςῐί
3211 1781 3278 1835 de
3307 1781 3528 1876 ῑθῐηΙξῙον
3579 1796 3713 1876 οιξω

393 1901 542 1949 tores
571 1893 663 1964 qui
693 1902 816 1947 sunt
845 1893 1002 1974 alteri
1032 1909 1063 1946 a
1091 1893 1326 1957 Christo,
1351 1893 1504 1946 idest
1534 1891 1711 1948 vicem
1741 1893 1858 1960 ejus
1890 1909 1990 1948 ex-

392 1991 704 2052 sequentes.
736 1986 846 2037 Per
863 1982 1115 2037 medium
1130 1983 1274 2037 caeli.
1300 1982 1404 2034 Per
1453 1981 1772 2036 catholicam
1803 1980 1993 2035 Eccle-

393 2071 549 2137 sium,
575 2085 740 2141 quam
761 2070 946 2125 verbis
977 2079 1028 2125 et
1047 2070 1312 2140 exemplis
1334 2085 1519 2123 secum
1540 2070 1781 2123 trahunt.
1803 2071 1991 2124 Evan-

390 2161 603 2233 gelium
646 2163 948 2214 wternum.
996 2160 1057 2212 Id
1109 2167 1193 2212 est
1237 2157 1684 2228 praedicationem
1730 2165 1993 2212 mternam

391 2250 818 2320 promittentem,
844 2256 896 2302 et
915 2247 999 2302 sui
1022 2248 1406 2304 observatores
1423 2247 1494 2301 ad
1513 2246 1872 2302 aeternitatem
1891 2247 1992 2301 du-

395 2345 627 2394 centem.
1183 2399 1188 2406 Ι

468 2427 636 2482 Vnus.
671 2427 724 2480 7.
758 2456 826 2465 —
861 2427 1069 2481 Timete
1095 2426 1419 2490 Dominum,
1453 2431 1558 2480 etc.
1590 2424 1736 2480 Bene
1761 2438 1993 2495 operan-

395 2516 486 2587 do,
509 2523 562 2570 et
591 2515 730 2570 bene
763 2515 831 2570 de
854 2529 920 2569 eo
946 2514 1338 2579 annuntiando,
1360 2519 1417 2566 ut
1447 2530 1548 2584 per
1594 2529 1694 2568 vos
1724 2513 1998 2584 gloriosus

395 2612 672 2677 appareat.
709 2605 849 2670 Quia
879 2605 1054 2659 venit.
1102 2603 1274 2670 Quasi
1321 2602 1464 2656 dicat
1496 2620 1510 2656 :
1540 2602 1664 2656 Non
1709 2601 1992 2669 deficiatis,

397 2695 522 2767 quia
552 2709 661 2749 non
691 2693 858 2766 longo
889 2701 1132 2763 tempore
1163 2691 1469 2762 patiemini.

468 2810 638 2866 Vnus.
673 2811 725 2864 8.
744 2837 814 2849 —
842 2809 912 2862 Et
933 2808 1084 2863 alius
1100 2807 1334 2878 angelus
1356 2810 1584 2862 secutus
1606 2809 1692 2861 est
1713 2821 1861 2861 eum.
1884 2805 2000 2862 Hoc

397 2886 566 2965 dicit,
619 2897 748 2970 quia
795 2896 1184 2968 praedicatores
1241 2895 1344 2948 sibi
1397 2893 1632 2950 invicem
1680 2894 1996 2950 succedunt.

400 2988 631 3045 Cecidit.
667 2986 754 3041 Bis
783 2986 1024 3057 positum
1050 2982 1379 3039 vocabulum
1411 2983 1633 3051 cecidit,
1677 2981 2002 3038 inﬁnitatem

395 3075 707 3148 signiﬁcat,
753 3074 808 3127 in
854 3089 962 3144 quo
1006 3073 1320 3128 omnimoda
1379 3071 1677 3127 destructio
1738 3071 2002 3143 intelligi-

396 3173 504 3220 tur.
555 3165 688 3220 Vino
732 3163 833 3216 ira:
865 3162 1287 3232 fornicationis.
1321 3161 1382 3214 Id
1409 3168 1491 3214 est
1519 3160 1683 3226 vitiis,
1718 3168 1770 3215 et
1799 3162 2000 3231 prazci-
2032 3171 2081 3234 α

397 3268 505 3324 pue
535 3250 857 3318 idololatria,
901 3266 1022 3320 qua:
1067 3257 1150 3303 est
1192 3249 1365 3305 dulcis
1415 3258 1577 3320 potus
1625 3250 2000 3320 peccantibus,

397 3339 596 3413 quibus
654 3339 761 3410 ipsi
826 3338 964 3394 alios
1028 3337 1344 3409 inquinant,
1417 3347 1503 3404 et,
1564 3353 1634 3393 ne
1683 3347 1834 3395 recto
1893 3348 2007 3394 tra-

396 3429 528 3484 mite
570 3427 928 3502 gradiantur,
978 3427 1278 3492 inebriant;
1328 3427 1470 3481 unde
1519 3427 1751 3483 debetur
1795 3427 1874 3482 eis
1919 3428 2002 3483 ira

396 3517 516 3574 Dei.
551 3518 752 3572 Purum
780 3517 963 3572 vinum
995 3516 1214 3584 bibitur,
1249 3516 1379 3570 dum
1421 3515 1665 3589 ﬂagellat
1711 3517 1862 3572 Deus
1908 3517 1998 3574 hic

395 3606 466 3663 ad
497 3605 931 3661 emendationem
963 3621 978 3658 :
1011 3604 1306 3670 turbidum,
1345 3605 1475 3660 dum
1520 3603 1752 3660 infertur
1790 3613 2002 3662 aeterna

393 3695 687 3752 damnatio.

467 3785 638 3841 Vnus.
675 3787 728 3838 9.
751 3813 821 3824 —
842 3785 912 3840 Et
931 3783 1168 3854 angelus
1189 3782 1412 3839 tertius.
1434 3783 1568 3838 Tres
1588 3781 1741 3854 ponit
1767 3797 1870 3854 pro
1893 3781 2000 3837 fide

392 3873 690 3940 Trinitatis,
723 3888 847 3929 cum
877 3871 980 3927 tria
1027 3873 1146 3928 haec
1176 3871 1233 3926 in
1265 3871 1460 3928 eadem
1508 3887 1745 3943 persona
1789 3871 2003 3942 possint

395 3962 756 4020 considerari.

466 4079 641 4135 Vnus.
679 4079 766 4132 10.
799 4106 868 4117 —
895 4077 1046 4146 Quod
1061 4078 1320 4133 mistum.
1346 4075 1516 4144 Quasi
1545 4075 1689 4132 dicat
1718 4093 1732 4130 :
1768 4074 1873 4143 Qui
1893 4089 2004 4129 non

395 4165 693 4238 corrigitur
723 4164 958 4221 vindicta
989 4166 1106 4234 ejus
1146 4165 1216 4220 ad
1255 4164 1657 4220 correctionem
1703 4164 1845 4233 data,
1894 4177 2003 4235 pu-

395 4257 575 4313 nietur
603 4263 814 4311 aeterna
858 4269 1041 4326 pmna.
1095 4255 1159 4309 In
1199 4255 1394 4310 calice.
1449 4253 1598 4308 Calix
1647 4261 1730 4309 est
1769 4252 2005 4308 vindicta

395 4345 513 4414 Dei,
547 4343 640 4399 ubi
669 4343 908 4414 desuper
949 4359 1161 4398 merum
1199 4342 1345 4414 quod
1375 4342 1446 4397 ad
1475 4342 1872 4399 correctionem
1899 4341 1989 4397 hic

395 4433 656 4499 vindicat,
691 4432 884 4486 subtus
914 4439 997 4486 est
1026 4430 1148 4500 faex,
1180 4431 1235 4485 id
1265 4439 1348 4486 est
1375 4431 1653 4487 damnatio
1693 4432 1750 4486 in
1776 4430 2002 4486 ultimis.

2084 1868 2200 1935 jam
2229 1877 2495 1938 apparent
2531 1883 2636 1922 non
2675 1869 2867 1939 quales
2917 1869 3046 1924 olim
3087 1868 3318 1938 fuerant,
3368 1870 3467 1924 sed
3512 1871 3712 1942 quales

2091 1957 2148 2012 in
2182 1964 2449 2011 aeternum
2492 1956 2753 2012 mansuri.
2807 1957 2948 2024 Quia
2988 1959 3143 2012 venit
3185 1961 3341 2024 hora,
3410 1967 3516 2014 etc.
3565 1958 3714 2028 Quia

2086 2061 2199 2129 jam
2236 2054 2319 2100 est
2361 2055 2751 2117 opportunum,
2801 2062 2924 2102 cum
2979 2047 3283 2119 completus
3322 2047 3394 2103 sit
3438 2064 3714 2104 numerus

2093 2150 2314 2196 tuorum
2323 2175 2335 2188 .
3256 2148 3286 2175 ο

2167 2224 2335 2277 Vnus.
2375 2225 2462 2278 18.
2483 2252 2552 2266 --
2585 2224 2655 2281 Et
2685 2225 2838 2279 alius
2869 2225 3124 2296 angelus,
3175 2231 3281 2280 etc.
3326 2223 3461 2279 Cum
3490 2232 3715 2281 sanctus

2093 2311 2332 2366 Joannes
2366 2311 2699 2367 ostendisset
2744 2313 2917 2367 Deum
2948 2320 3270 2384 potestatem
3295 2313 3574 2380 judicandi
3603 2314 3716 2368 ha—

2097 2399 2315 2454 bentem
2362 2416 2396 2454 a
2427 2399 2631 2458 sanctis
2677 2400 2980 2472 implorari,
3028 2409 3081 2455 et
3129 2400 3208 2456 sic
3251 2400 3513 2470 judicium
3563 2399 3709 2467 ﬁeri,

2095 2489 2331 2546 ostendit
2377 2491 2630 2546 eamdem
2689 2499 3011 2561 potestatem
3067 2497 3285 2546 sanctos
3343 2491 3548 2546 habere
3574 2533 3589 2560 ,
3650 2499 3710 2546 et

2096 2577 2366 2632 Christum
2415 2587 2472 2632 ut
2511 2579 2756 2647 judicent
2805 2579 3114 2650 imperare,
3172 2587 3226 2634 et
3279 2578 3400 2636 illos
3457 2579 3695 2650 imperio

2096 2667 2337 2722 obedire.
2370 2669 2530 2723 Alius
2559 2670 2812 2740 angelus,
2846 2669 2901 2723 id
2932 2677 3013 2723 est
3043 2669 3310 2737 Christus,
3363 2668 3453 2739 qui
3509 2669 3710 2724 occul-

2099 2764 2186 2811 tus
2234 2765 2286 2811 et
2332 2756 2455 2811 vilis
2504 2757 2715 2824 fuerat,
2767 2757 2822 2811 in
2871 2756 3120 2812 ﬁdelibus
3167 2757 3348 2813 clarus
3397 2758 3700 2829 apparuit,

2100 2853 2154 2900 et
2182 2845 2409 2901 veniens
2439 2845 2507 2901 de
2537 2845 2713 2912 altari,
2754 2845 2808 2900 id
2839 2854 2922 2901 est
2951 2846 3018 2902 de
3050 2847 3170 2902 loco
3200 2845 3498 2916 secretiori,
3549 2847 3706 2918 quod

2101 2950 2379 3006 nunquam
2411 2934 2502 2989 alii
2532 2935 2724 3001 sancti,
2759 2935 2908 2990 solus
2939 2935 3084 2990 enim
3113 2934 3356 2990 Christus
3385 2944 3468 2991 est
3494 2936 3699 3007 cogni-

2101 3031 2184 3078 tus
2211 3023 2280 3077 ab
2310 3023 2563 3079 omnibus
2601 3025 2718 3080 Deo
2751 3023 3244 3080 consubstantialis.
3278 3025 3433 3080 Mitte
3465 3027 3701 3096 falcem.

2104 3113 2207 3167 Per
2235 3129 2473 3168 messem
2504 3119 2666 3168 terra:
2696 3122 2749 3168 et
2775 3129 2912 3169 uvas
2941 3113 3134 3181 vineae,
3181 3113 3496 3169 earumdem
3527 3115 3711 3170 malo-

2104 3219 2224 3257 rum
2269 3202 2544 3257 damnatio
2593 3203 2942 3276 intelligitur;
2977 3203 3076 3258 sed
3118 3209 3300 3257 tamen
3340 3218 3441 3273 per
3491 3203 3710 3259 vineam

2100 3291 2222 3345 illos
2251 3290 2663 3346 determinatius
2692 3292 2958 3347 habemus
2989 3291 3080 3364 qui
3109 3291 3302 3360 majori
3347 3291 3526 3347 studio
3555 3292 3710 3348 mala

2101 3380 2482 3450 operabantur,
2535 3378 2674 3435 sicut
2711 3381 2902 3448 vineae,
2936 3387 2995 3436 ut
3022 3379 3313 3436 fructificet
3355 3381 3532 3450 major
3576 3397 3709 3437 cura

2101 3485 2266 3539 quam
2297 3476 2455 3524 terrae
2487 3468 2796 3525 adhibetur.

2173 3558 2343 3613 Vnus.
2380 3562 2464 3612 19.
2504 3580 2576 3600 --
2601 3560 2672 3614 Et
2701 3559 2863 3615 misit
2892 3559 2956 3614 in
2991 3558 3198 3626 laeum,
3241 3565 3344 3614 etc.
3375 3557 3535 3616 Unde
3564 3558 3709 3613 Pro-

2111 3647 2272 3719 pheta
2305 3663 2318 3700 :
2348 3647 2522 3703 Lacus
2568 3645 2662 3702 ubi
2702 3663 2812 3703 non
2857 3656 2974 3704 erat
3022 3661 3185 3720 aqua,
3233 3646 3287 3702 id
3334 3655 3416 3703 est
3464 3647 3708 3721 refrige-

2107 3734 2269 3791 rium.

2173 3825 2342 3879 Vnus.
2375 3827 2464 3882 20.
2499 3851 2571 3870 --
2589 3826 2658 3881 Et
2689 3825 2870 3881 exivit
2890 3825 3144 3898 sanguis.
3177 3825 3396 3881 Eterna
3425 3840 3589 3896 poma
3608 3841 3711 3898 pro

2101 3921 2328 3985 peccato
2360 3914 2662 3987 sanguinis,
2709 3928 2820 3971 non
2862 3923 3042 3970 autem
3088 3915 3272 3972 vinum
3328 3913 3476 3986 quod
3523 3923 3610 3970 est
3657 3915 3712 3969 in

2103 4002 2325 4058 cellario
2357 4003 2458 4058 Dei
2485 4003 2726 4074 ponitur.
2782 4005 2955 4076 Usque
2992 4003 3066 4060 ad
3093 4007 3284 4075 frenos
3314 4019 3606 4076 equorum,
3656 4002 3710 4059 id

2104 4099 2186 4146 est
2214 4107 2388 4164 usque
2429 4092 2497 4146 ad
2527 4091 2678 4163 ipsos
2725 4100 2970 4148 rectores
3014 4091 3327 4164 iniquorum
3374 4091 3705 4162 puniendos,

2105 4179 2311 4235 scilicet
2339 4179 2611 4236 diabolos.
2663 4183 2773 4238 Per
2801 4181 3008 4238 stadia.
3051 4181 3258 4236 Omnes
3286 4179 3534 4253 intellige
3562 4180 3707 4236 ludis

2104 4268 2311 4337 mundi,
2344 4269 2400 4323 id
2431 4276 2513 4324 est
2544 4269 2688 4326 vitiis
2716 4269 2986 4337 detentos,
3036 4269 3128 4342 qui
3167 4269 3256 4325 vel
3295 4268 3616 4341 simpliciter
3654 4269 3707 4324 in

2106 4357 2210 4412 hoc
2240 4365 2363 4412 sunt
2393 4357 2638 4428 perfecti,
2672 4358 2817 4431 quod
2846 4375 2948 4429 per
2977 4375 3075 4413 sex
3103 4357 3369 4413 habemus
3393 4375 3407 4423 ;
3439 4357 3529 4412 vel
3571 4373 3706 4427 per-

2106 4444 2379 4514 fectiores,
2411 4447 2557 4520 quod
2587 4463 2684 4519 per
2711 4455 2969 4515 centum;
2999 4447 3087 4504 vel
3114 4446 3519 4519 perfectissimi,
3558 4446 3705 4517 quad

397 4523 590 4578 Bibent
617 4520 769 4592 impii
797 4521 868 4576 de
897 4519 1042 4586 vino,
1093 4520 1148 4574 id
1187 4527 1270 4574 est
1315 4519 1386 4575 de
1424 4520 1557 4576 faece
1589 4537 1604 4574 :
1638 4521 1782 4593 quod
1813 4521 1998 4576 vinum
2029 4533 2082 4594 Ῑ)
2114 4549 2214 4606 per
2240 4534 2414 4591 mine,

396 4611 522 4682 quia
550 4610 665 4666 vult
693 4610 764 4665 ad
793 4609 1262 4681 comparationem
1289 4609 1428 4664 meri
1475 4610 1766 4665 ostendere
1813 4609 1996 4664 turbi-

397 4698 556 4767 dum,
591 4697 742 4754 addit
771 4699 918 4772 quod
947 4699 1169 4755 mistum
1199 4707 1300 4754 est.

447 4813 885 4869 Vnus.11.—Et
904 4815 1098 4884 fumus
1122 4816 1555 4870 tormentorum.
1572 4810 1732 4882 Quod
1753 4811 2006 4884 quaedam

393 4903 464 4959 de
492 4901 843 4957 damnatione
862 4901 1128 4957 malorum
1148 4909 1419 4970 numerat,
1442 4917 1553 4956 non
1581 4901 1714 4957 dicit
1731 4917 1834 4971 pro
1856 4901 2006 4955 dam-

393 4991 612 5048 natione
633 4990 1027 5047 describenda:
1045 4990 1143 5045 sed
1163 4999 1369 5045 tantum
1385 5006 1483 5061 pro
1497 4998 1705 5046 terrore
1716 4989 2005 5046 inferendo

397 5078 505 5132 illis
537 5094 672 5150 quos
701 5079 942 5134 deterret
973 5078 1041 5132 ab
1072 5093 1264 5134 eorum
1293 5078 1586 5134 consortio.
1635 5079 1916 5134 Ascendet
1943 5079 2006 5133 in

401 5168 633 5222 saecula.
668 5167 804 5222 Cum
832 5166 963 5222 dicit
995 5184 1008 5219 :
1041 5166 1306 5223 ascendet
1327 5169 1391 5223 in
1410 5168 1638 5236 saecula,
1670 5174 1821 5222 notat
1849 5175 2007 5222 aeter-

400 5270 531 5310 nam
559 5271 778 5326 pmnam
798 5255 1122 5312 continuari.
1148 5257 1255 5312 Nec
1275 5257 1480 5312 habent
1501 5259 1770 5328 requiem.
1795 5255 1966 5325 Quasi
1989 5272 2002 5310 :

399 5343 526 5400 Non
570 5343 770 5398 mirum
814 5343 859 5398 si
907 5343 984 5397 illi
1034 5343 1126 5414 qui
1180 5345 1570 5400 Antichristum
1622 5345 1988 5400 adoraverunt

397 5441 646 5505 tempore
690 5433 859 5503 ipsius
889 5432 1200 5502 punientur,
1235 5434 1363 5505 quia
1393 5433 1476 5487 sui
1505 5434 1664 5488 etiam
1695 5433 2012 5504 praeceden-

401 5531 483 5580 tes
512 5521 751 5578 ministri
783 5521 1035 5576 eamdem
1061 5538 1288 5592 poenam
1317 5524 1614 5578 habebunt.

473 5631 642 5686 Vnus.
680 5633 764 5686 12.
786 5660 854 5670 -—-
884 5631 982 5685 Hic
1001 5630 1308 5702 patientia,
1346 5638 1450 5686 etc.
1486 5631 1545 5684 Id
1576 5639 1659 5685 est
1687 5629 1776 5685 hic
1809 5629 2011 5685 debent

402 5719 676 5790 patienter
704 5719 815 5791 pati
841 5718 1032 5784 sancti,
1058 5735 1127 5774 ne
1151 5719 1368 5775 veniant
1389 5719 1457 5773 ad
1489 5727 1747 5776 aeternam
1768 5734 2006 5790 poenam.

2701 4677 2928 4734 CAPUT
2977 4677 3100 4732 XV.

2177 4829 2350 4885 Vnus.
2383 4833 2432 4883 1.
2467 4859 2535 4870 —
2565 4829 2634 4884 Et
2662 4827 2795 4894 vidi,
2827 4835 2932 4884 etc.
2983 4827 3046 4883 In
3073 4827 3159 4883 his
3188 4826 3360 4882 tribus
3403 4824 3710 4882 visionibus

2107 4918 2448 4990 supradictis,
2482 4917 2538 4973 id
2568 4925 2651 4973 est
2678 4918 3007 4994 revelatione
3037 4917 3443 4989 mysteriorum,
3485 4914 3712 4971 datione

2107 5007 2404 5074 turbarum,
2449 5014 2500 5062 et
2545 5007 2601 5062 in
2649 5023 2832 5078 pugna
2877 5006 3123 5062 mulieris
3168 5014 3360 5062 contra
3407 5003 3707 5072 diabolum,

2106 5112 2136 5150 a
2179 5095 2446 5170 principio
2498 5095 2889 5167 redemptionis
2936 5102 3260 5167 prosecutus
3320 5101 3402 5149 est
3456 5093 3712 5149 ordinem

2107 5201 2281 5256 usque
2311 5185 2384 5239 ad
2411 5184 2555 5240 diem
2579 5183 2768 5255 judicii
2803 5202 2815 5238 :
2849 5184 2905 5238 in
2935 5185 3020 5238 his
3050 5199 3185 5240 vero
3215 5183 3392 5238 tribus
3422 5181 3712 5254 sequenti-

2111 5274 2228 5340 bus,
2261 5273 2404 5329 circa
2432 5273 2618 5328 ultima
2660 5281 2904 5344 tempora
2947 5273 3286 5342 immoratur,
3339 5271 3468 5343 quia
3505 5270 3575 5325 de
3620 5269 3712 5324 his

2107 5363 2542 5433 praecedentibus
2599 5363 2653 5416 in
2713 5361 2834 5416 aliis
2896 5361 3092 5416 divinis
3158 5359 3449 5433 Scripturis
3497 5358 3711 5414 dictum

2108 5451 2477 5517 enucleatius,
2527 5451 2595 5506 de
2637 5451 2744 5512 illis
2790 5466 2921 5506 vero
2968 5467 3160 5522 parum
3207 5458 3261 5504 et
3303 5448 3594 5506 occultius.
3649 5447 3712 5502 In

2108 5542 2208 5596 hac
2238 5555 2372 5612 ergo
2403 5540 2586 5611 quinta
2615 5539 2843 5604 visione,
2890 5539 3122 5594 materia
3167 5547 3291 5594 sunt
3343 5545 3555 5608 septem
3599 5551 3709 5590 an-

2109 5630 2220 5703 geli
2251 5638 2496 5685 tenentes
2525 5629 2785 5701 phialas,.
2808 5629 2863 5683 in
2891 5630 3086 5701 quibus
3116 5629 3463 5686 continentur
3500 5626 3707 5698 plagae,

2109 5719 2164 5776 id
2195 5728 2278 5776 est
2319 5719 2717 5776 destructiones
2754 5717 3063 5792 iniquorum
3112 5718 3202 5790 qui
3248 5725 3498 5790 tempore
3546 5715 3708 5771 Anti-
