3964 6178
286 235 397 289 ’73⁸7

1298 231 1572 288 GLOSSA
1603 228 2015 289 ORDINABJA.
2047 226 2338 285 -—APOC.
2374 226 2692 284 JOAN'NIS.

3495 231 3600 284 788
3637 229 3642 234 ’

282 356 483 413 christi
511 365 698 427 erunt,
734 372 856 428 quas
885 356 1180 413 destructio
1224 358 1457 412 maxime
1483 357 1728 412 hortatur
1758 372 1900 428 prae-
1929 357 2108 418 Atur.
2142 355 2337 409 Omnis
2353 354 2548 409 ani-ma
2576 355 2787 408 vivens.
2813 351 3021 408 Omnes
3049 352 3472 419 consentientes,
3505 352 3600 425 qui

288 454 480 502 sentes
511 447 580 500 ad
611 446 947 517 patiendum.
983 447 1043 500 In
1074 446 1427 517 sequentibus
1462 445 1616 518 ponit
1661 445 1902 501 visiones

283 543 420 604 tres,
486 549 611 591 cum
661 542 893 607 quatuor
949 535 1056 589 sint
1122 535 1462 605 supradictae.
1525 533 1632 589 Sed
1698 533 1904 588 omissa

281 624 486 696 prima,
521 640 645 696 qua:
676 623 775 679 fuit
804 623 872 678 de
901 625 1244 680 correctione
1275 623 1654 691 ecclesiarum,
1684 622 1753 678 de
1783 621 1902 676 allis

281 713 464 768 tribus
495 712 645 776 dicit,
679 712 1118 769 consideratione
1179 720 1375 767 tamen.
1407 713 1477 769 Et
1497 712 1774 766 mirabile.
1797 710 1902 765 Mi-

285 817 414 858 rum
461 809 544 858 est
599 802 877 857 hominem
913 803 1131 858 habere
1178 809 1382 857 tantam
1451 807 1794 872 potestatem,
1846 807 1905 854 ut

288 891 435 947 alios
465 891 641 963 possit
671 892 948 947 damnare.
982 892 1188 963 Plagas
1225 895 1460 964 septem,
1495 889 1550 943 id
1581 897 1663 944 est
1689 904 1899 955 omnes,

288 981 720 1036 excaecationem
763 988 817 1036 et
845 979 1269 1036 destructionem
1296 979 1512 1034 illorum
1541 977 1634 1049 qui
1663 984 1903 1048 tempore

289 1068 617 1124 Antichristi
645 1075 817 1124 erunt.
857 1069 1136 1136 Quoniam
1155 1069 1219 1124 in
1248 1069 1390 1124 illis.
1419 1066 1565 1123 Vere
1593 1068 1789 1138 plagas
1809 1067 1902 1120 ha-

291 1157 522 1224 bebunt,
558 1157 685 1229 quia
713 1157 848 1212 iram
876 1157 978 1213 Dei
1005 1173 1170 1229 super
1197 1157 1416 1228 iniquos
1437 1155 1785 1221 exercebant,
1848 1161 1902 1210 et

284 1262 426 1302 vere
449 1248 804 1313 novissimus,
831 1245 962 1318 quia
989 1246 1045 1302 in
1074 1245 1279 1302 mundo
1299 1252 1425 1317 post
1443 1260 1537 1301 eas
1567 1259 1678 1300 non
1706 1242 1904 1299 inferet

284 1335 441 1391 Deus
475 1335 635 1391 alias.

381 1424 553 1480 Vens.
576 1429 632 1482 2.
651 1453 722 1467 -—
744 1426 1030 1498 Tanquam
1041 1439 1200 1480 mare
1215 1425 1462 1479 vitreum
1484 1423 1721 1478 mistum
1750 1422 1898 1493 igne.

291 1512 357 1568 Id
386 1520 472 1568 est
518 1512 864 1583 baptismum,
899 1511 993 1566 ubi
1029 1511 1154 1568 ﬁdei
1180 1512 1390 1583 puritas
1418 1510 1672 1584 exigitur,
1725 1517 1778 1565 et
1804 1511 1904 1564 ho-

287 1601 471 1657 mines
501 1617 535 1656 a
562 1601 708 1656 vitiis
737 1601 1081 1657 mandantur.
1117 1602 1390 1657 Habentes
1420 1601 1694 1668 citharas,
1726 1599 1780 1653 id
1821 1605 1906 1652 est

2003 443 2184 498 vivere
2215 443 2487 509 videntur,
2522 457 2632 496 non
2661 441 2789 512 quia
2817 449 3006 512 aperte
3052 448 3473 514 persequuntur,
3505 441 3603 500 sed

2002 540 2230 602 propter
2258 546 2588 588 consensum
2618 531 3033 585 damnabuntur.

2075 622 2244 676 Vens.
2291 623 2344 676 4.
2396 651 2464 661 -
2494 621 2672 692 Super
2705 622 2968 689 ﬂumina,
3023 626 3126 676 etc.
3160 617 3297 688 Quia
3356 618 3605 674 similiter

2004 710 2092 764 isti
2122 708 2526 764 damnabuntur
2554 725 2654 779 pro
2695 709 2961 780 sanguine
2991 723 3152 779 quem
3209 706 3486 774 fuderunt,
3517 705 3607 764 vel

2005 797 2376 869 corpdraliter,
2410 797 2496 852 vel
2526 797 2895 867 spiritualiter.

2074 887 2246 942 Vens.
2280 890 2333 942 ὃ.
2364 916 2434 926 -
2486 887 2710 941 Audi-vi.
2747 886 2806 940 Id
2837 893 2918 940 est
2947 884 3188 940 intellexi
3226 885 3375 955 ipsos
3406 884 3606 956 praedi-

2003 983 2217 1031 catores
2265 975 2357 1048 qui
2404 976 2545 1030 hanc
2602 974 2893 1029 vindictam
2951 973 3168 1042 facient,
3222 989 3331 1028 non
3373 973 3476 1028 sibi
3505 973 3604 1029 sed

2003 1062 2238 1118 Domino
2285 1063 2641 1117 attribuentes
2706 1069 2759 1117 et
2817 1062 2964 1130 juste
3011 1060 3132 1116 ﬁeri
3183 1060 3596 1116 eonﬁrmantes.

2007 1151 2112 1219 Qui
2159 1168 2217 1208 es
2254 1156 2311 1207 et
2341 1153 2436 1224 qui
2471 1168 2618 1206 eras.
2655 1150 2954 1206 Venturum
2997 1165 3110 1205 non
3153 1149 3324 1221 ponit,
3375 1149 3505 1222 quia
3540 1148 3597 1205 in

2003 1240 2255 1311 proximo
2282 1247 2568 1296 venturum
2599 1238 2879 1294 intellexit.

2077 1329 2247 1384 Vens.
2282 1331 2333 1383 6.
2367 1359 2436 1369 —
2466 1330 2538 1384 Et
2578 1329 2917 1400 sanguinem
2948 1328 3028 1384 eis
3055 1325 3262 1384 dedisti
3290 1326 3489 1383 bibere.
3546 1325 3608 1383 Id

2003 1427 2106 1485 est,
2140 1425 2398 1473 aeternam
2426 1432 2641 1488 poenam
2668 1432 2767 1487 pro
2794 1414 3058 1472 effusione
3081 1415 3382 1488 sanguinis,
3402 1416 3458 1470 in
3471 1429 3583 1487 qua

2003 1507 2373 1578 promerenda
2403 1514 2526 1561 sunt
2555 1505 2827 1561 delectati.
3137 1495 3146 1502 ’

2077 1597 2247 1651 Vens.
2281 1597 2334 1650 ’1.
2358 1625 2428 1635 -
2457 1597 2528 1650 Et
2546 1596 2759 1650 audivi.
2794 1593 2952 1663 Quod
2981 1592 3226 1664 magistri
3257 1591 3464 1661 dicunt,
3499 1591 3609 1646 dis-

285 1689 678 1746 mortiﬁcantes
726 1706 964 1757 carnem,
1007 1691 1154 1762 quod
1183 1691 1332 1745 Deus
1377 1689 1457 1744 eis
1503 1688 1751 1758 injunxit,
1815 1688 1900 1742 vel
1920 1714 1975 1775 B
2007 1684 2167 1755 cipuli
2197 1681 2536 1739 conﬁrmant.
2572 1686 2778 1750 Etiam,
2803 1683 3036 1738 Domine
3067 1685 3210 1737 Deus
3227 1684 3604 1753 omnipotens,

294 1779 446 1852 quod
475 1778 627 1850 prior
656 1777 774 1850 ipse
806 1778 952 1834 fecit.

357 1868 529 1922 Vens.
561 1871 616 1923 3.
648 1897 719 1908 —
753 1869 1055 1924 Canticum
1089 1868 1272 1939 Moysi.
1316 1867 1377 1922 Id
1407 1874 1488 1924 est
1534 1873 1775 1921 veterem
1817 1854 1925 1920 1e-.

283 1972 436 2028 gem,
469 1964 523 2010 et
572 1963 656 2010 est
686 1957 974 2012 exsultatio
1020 1957 1161 2012 bene
1191 1954 1620 2028 intelligentibus
1643 1994 1657 2023 ,
1708 1953 1763 2008 id
1817 1961 1900 2007 est

287 2045 656 2116 spiritualiter.
699 2046 822 2113 Vite,
857 2045 913 2098 id
942 2052 1024 2100 est
1062 2045 1426 2099 institutiones
1476 2043 1592 2110 Dei,
1627 2059 1728 2113 per
1761 2057 1900 2112 quas

285 2149 391 2188 nos
422 2133 490 2187 ad
509 2134 704 2203 Deum,
737 2133 824 2188 vel
845 2132 964 2204 ipse
981 2133 1047 2187 ad
1070 2149 1171 2187 nos
1200 2133 1370 2201 venit,
1405 2139 1530 2186 sunt
1550 2134 1744 2203 justw,
1773 2129 1902 2201 quia

283 2221 577 2293 unicuique
607 2237 707 2293 pro
738 2222 932 2277 merito
957 2221 1188 2277 reddunt
1221 2240 1237 2290 ;
1268 2229 1317 2276 et
1349 2237 1511 2287 verae,
1547 2219 1673 2292 quia
1690 2218 1899 2290 perdu-

289 2317 422 2366 cunt
452 2327 560 2382 quo
590 2310 929 2382 promittunt.

369 2399 539 2454 Vens.
576 2401 627 2452 4.
664 2429 732 2438 -
761 2399 983 2455 Iudicia
1009 2401 1128 2463 tua,
1155 2405 1259 2454 etc.
1296 2397 1457 2465 Quod
1489 2395 1755 2467 quosdam
1797 2393 1900 2449 eli-

289 2487 399 2558 gis,
436 2487 704 2558 quosdam
734 2487 1023 2558 reprobas,
1063 2494 1121 2541 ut
1150 2493 1488 2560 cognoscant
1525 2484 1715 2539 ﬁdeles
1780 2496 1904 2537 esse

304 2591 371 2631 ex
394 2575 620 2643 justitia.

361 2681 538 2736 Vens.
583 2681 634 2735 5.
677 2711 747 2720 -
775 2681 844 2736 Et
873 2684 1002 2753 post
1039 2681 1175 2736 haec.
1209 2680 1342 2735 Cum
1381 2679 1747 2735 ostendissent
1769 2676 1892 2731 illos

285 2770 515 2841 angelos
535 2769 740 2824 habere
769 2777 983 2839 potesta
1013 2777 1123 2823 tem
1170 2768 1452 2840 plagandi,
1501 2767 1745 2823 dicturus
1776 2781 1908 2836 quas

296 2858 492 2931 plagas
523 2858 598 2912 illi
628 2864 753 2912 sunt
783 2857 1000 2926 illaturi,
1056 2857 1204 2928 prius
1242 2858 1499 2928 proponit
1545 2871 1765 2912 causam
1798 2870 1907 2925 qua

298 2947 538 3002 ostendit
571 2946 694 3001 illos
733 2946 929 3019 dignos
977 2962 1099 3001 esse
1137 2947 1228 3018 qui
1275 2946 1471 3018 plagas
1502 2953 1627 3001 sunt
1663 2941 1905 3020 passuri,

2007 1781 2110 1828 etc.
2141 1774 2223 1827 Ex
2253 1788 2452 1844 magna
2494 1771 2778 1828 affectione
2828 1778 3151 1826 convertunt
3185 1786 3497 1825 sermonem
3535 1769 3607 1824 ad

1998 1863 2190 1916 Deum.
2214 1863 2423 1915 Justum
2452 1861 2598 1916 enim
2627 1868 2709 1915 est
2739 1868 2795 1914 ut
2817 1860 2910 1931 qui
2939 1859 3264 1930 sanguinem
3284 1859 3422 1914 fudit
3452 1858 3606 1913 bibat

1997 1951 2288 2006 vindictam
2321 1949 2620 2020 sanguinis.
3003 1947 3010 1956 ’

2073 2058 2243 2113 Vens.
2279 2061 2330 2112 9.
2364 2058 2523 2111 —Et
2548 2059 2954 2111 cestuaverunt.
2988 2054 3088 2109 Vel
3135 2053 3316 2109 aﬁlicti
3373 2051 3606 2108 aﬁicient

2001 2154 2233 2202 tortores
2262 2153 2398 2200 aestu
2428 2144 2740 2209 iracundiae,
2775 2145 2902 2199 dum
2951 2143 3294 2198 invenientur
3323 2142 3602 2213 insepara-

2000 2235 2162 2302 biles,
2195 2242 2247 2288 et
2275 2233 2353 2289 sic
2390 2240 2750 2288 aestuaverunt
2794 2233 2994 2288 invidia
3036 2241 3090 2287 et
3133 2232 3234 2286 ira.
3267 2232 3452 2303 Neque
3485 2245 3606 2302 ege-

2000 2327 2160 2378 runt.
2209 2322 2440 2376 Interius
2483 2321 2810 2391 pmnitentes
2843 2320 3121 2386 dolebant,
3154 2327 3305 2374 extra
3352 2316 3603 2374 conﬁteri

2003 2427 2115 2467 non
2145 2410 2438 2476 audebant,

2073 2527 2247 2581 Vens.
2283 2528 2375 2579 10.
2413 2556 2482 2566 -
2511 2525 2688 2597 Super
2720 2525 2907 2581 sedem
2923 2526 3130 2580 bestiae.
3153 2524 3268 2580 Hoc
3298 2522 3446 2590 dicit,
3475 2522 3605 2594 quia

2006 2616 2042 2670 ii
2073 2623 2197 2670 sunt
2223 2623 2428 2672 tantum
2456 2630 2713 2686 corpora,
2747 2623 2800 2669 et
2829 2629 2937 2668 non
2977 2613 3200 2684 spiritus
3232 2629 3246 2668 τ
3280 2629 3443 2683 super
3466 2627 3605 2683 quos

2007 2704 2235 2769 sedebit,
2283 2703 2412 2776 quia
2449 2703 2758 2774 corporalia
2811 2711 2863 2758 et
2921 2718 3030 2757 non
3077 2701 3373 2772 spiritualia
3431 2700 3602 2755 dabit.

2013 2793 2658 2862 Commanducaverunt,
2679 2799 2782 2848 etc.
2807 2794 2993 2846 Mutua
3020 2790 3355 2846 detractione
3384 2805 3444 2844 se
3477 2804 3603 2844 om-

2007 2898 2108 2937 nes
2138 2880 2464 2936 reﬁcientes.

2081 2971 2251 3026 Vens.
2277 2973 2363 3026 12.
2383 2998 2452 3009 --
2471 2970 2904 3042 Prcepararetur
2915 2970 3024 3024 via.
3041 2966 3198 3036 Quia,
3213 2964 3602 3036 ﬁnitomundo,

299 3035 509 3144 miliae"
550 3034 682 3144 qnia‘
717 3035 902 3144 ("Pilia
930 3034 1188 3144 ".‘y‘Steria
1220 3035 1480 3144 Εθθιεξδξξθ
1501 3043 1626 3144 sun}
1658 3032 1978 3144 “Velina
2011 3058 2111 3114 erit
2139 3059 2471 3114 resurrectio
2500 3032 2761 3128 ﬁdelium,
2793 3057 2884 3130 qui
2915 3032 3133 3112 venient
3174 3032 3244 3112 ab
3291 3065 3411 3111 ortu
3451 3032 3602 3122 solis,

291 3124 546 3179 omnibus
596 3123 902 3178 volentibus
959 3123 1182 3189 intrare,
1217 3140 1336 3195 quae
1367 3124 1455 3178 isti
1511 3123 1654 3177 malo
1700 3121 1896 3176 merito

285 3229 386 3268 suo
415 3228 524 3268 non
559 3219 795 3283 possunt
814 3211 1141 3284 intelligere.
1187 3215 1461 3284 Apertum
1492 3217 1575 3268 est
1605 3211 1900 3282 templum,

298 3301 353 3355 id
385 3308 470 3355 est
497 3301 737 3356 revelata
769 3308 893 3354 sunt
922 3301 1178 3372 mysteria
1221 3300 1498 3368 Ecclesiae,
1535 3301 1590 3355 in
1621 3315 1730 3372 qua
1755 3299 1904 3354 Deus

292 3389 522 3455 habitat,
558 3397 610 3444 et
640 3390 710 3444 ad
739 3389 1000 3444 honorem
1030 3390 1132 3444 Dei
1161 3390 1408 3444 militant.

372 3479 543 3533 Vens.
579 3481 630 3532 6.
655 3509 725 3518 —
745 3481 815 3533 Et
831 3479 1118 3534 exierunt.
1142 3479 1212 3533 Et
1256 3478 1382 3550 quia
1413 3479 1485 3532 ita
1513 3486 1696 3550 aperta
1725 3486 1898 3548 erant,

290 3566 518 3623 exibunt
560 3567 948 3638 praedicatores
991 3575 1046 3622 et
1117 3568 1520 3638 reprehendent
1568 3566 1712 3622 male
1761 3582 1899 3637 ope-

298 3664 507 3711 rantes.

374 3745 546 3799 Vens.
581 3745 635 3798 '7.
669 3773 738 3784 —-
767 3746 839 3800 Et
866 3761 1068 3801 unum.
1090 3743 1228 3812 Quia
1250 3744 1396 3816 quod
1418 3744 1492 3799 illi
1523 3743 1900 3816 przedicabunt

307 3848 375 3889 ex
401 3832 737 3888 institutione
753 3833 995 3903 priorum
1021 3842 1236 3903 patrum
1257 3834 1553 3904 habebunt,
1588 3833 1679 3906 qui
1708 3851 1899 3889 omnes

291 3939 431 3977 unus
451 3921 720 3991 dicuntur,
756 3922 883 3993 quia
913 3938 1079 3976 unum
1108 3922 1324 3977 docent.
1357 3923 1693 3991 Iracundiw,
1729 3923 1786 3977 id
1816 3930 1896 3978 est

293 4011 392 4066 irae
427 4027 439 4064 :
469 4010 596 4082 quia
626 4010 925 4083 corrigunt,
958 4011 1274 4081 corripiunt,
1307 4011 1447 4066 iram
1484 4013 1586 4068 Dei
1616 4012 1896 4083 peccanti-

292 4097 434 4154 tibus
482 4098 776 4170 minantur,
839 4099 1132 4170 aliquando
1180 4100 1341 4154 etiam
1397 4101 1890 4157 excommunicant.

369 4188 545 4243 Vens.
589 4193 639 4242 8.
655 4219 725 4229 —
747 4190 918 4244 Fumo
939 4206 974 4243 a
1002 4191 1320 4260 majestate,
1343 4198 1447 4244 etc.
1483 4189 1747 4258 Quamvis
1768 4197 1896 4246 tunc

296 4275 479 4333 omnia
512 4284 671 4331 erunt
703 4275 777 4331 ita
814 4284 1001 4347 aperta
1046 4276 1316 4346 ﬁdelibus,
1374 4285 1554 4333 tamen
1587 4278 1708 4350 ipsa
1737 4285 1897 4333 erunt

295 4365 482 4422 clausa
513 4366 750 4420 obscura
788 4365 1114 4420 inﬁdelibus.
1171 4367 1431 4434 Introire,
1480 4367 1537 4422 id
1587 4375 1670 4422 est
1706 4366 1900 4424 intelli-

2008 3147 2062 3202 id
2093 3155 2176 3201 est
2205 3163 2237 3202 a
2269 3147 2503 3213 Christo,
2537 3146 2756 3218 quando
2785 3146 3067 3218 incoeperit
3099 3145 3297 3210 lucere,
3332 3145 3387 3199 id
3416 3152 3498 3200 est
3546 3158 3608 3201 se

2004 3235 2378 3291 manifestare.

2073 3352 2244 3407 Vens.
2281 3355 2368 3407 13.
2399 3379 2469 3393 --
2502 3351 2636 3408 Vidi.
2669 3348 3005 3406 Eﬁusionem
3033 3349 3233 3422 phialas
3263 3365 3426 3420 super
3448 3348 3604 3416 istos,

2003 3448 2056 3496 et
2085 3441 2233 3511 ipsos
2263 3456 2372 3495 non
2402 3439 2623 3513 corrigi,
2657 3439 2754 3494 sed
2783 3440 2838 3493 in
2882 3439 3144 3508 majorem
3185 3439 3606 3494 excaecationem

2001 3528 2349 3600 praecipitari.
2402 3531 2578 3583 Exire
2629 3529 2888 3600 spiritus.
2936 3527 2996 3581 Id
3041 3535 3122 3582 est
3170 3542 3364 3582 omnes
3410 3526 3606 3597 impios

2001 3618 2091 3688 qui
2119 3634 2222 3688 pro
2242 3616 2412 3672 nimia
2443 3616 2649 3671 malitia
2661 3616 2879 3672 dicendi
2900 3623 3025 3670 sunt
3047 3615 3269 3685 spiritus
3296 3614 3561 3670 immundi
3583 3634 3598 3682 ;

2000 3705 2106 3772 vel,
2138 3705 2289 3776 ipsos
2317 3706 2616 3771 daemones,
2651 3720 2790 3775 quos
2819 3705 2873 3758 in
2923 3703 3184 3759 cordibus
3233 3703 3467 3758 aliorum
3514 3719 3610 3775 ga-

1999 3803 2213 3849 nerant.
2262 3793 2411 3849 Sicut
2457 3793 2604 3848 enim
2651 3792 2839 3847 ﬁdeles
2888 3808 2984 3846 sua
3048 3791 3292 3847 doctrina
3335 3799 3607 3862 generant

1997 3880 2161 3938 ﬁdem
2211 3882 2408 3937 Christi
2448 3881 2502 3936 in
2551 3881 2810 3936 cordibus
2877 3881 3130 3950 aliorum,
3183 3879 3263 3935 sic
3310 3879 3399 3933 isti
3441 3877 3603 3932 mali-

2000 3971 2073 4025 tia
2139 3969 2434 4025 diabolum.
2499 3971 2811 4026 Ranarum.
2866 3970 3030 4025 Ranae
3079 3968 3133 4023 in
3189 3968 3302 4023 luto
3366 3982 3594 4023 moran-

2000 4067 2104 4138 tur,
2138 4066 2191 4113 et
2218 4059 2451 4132 garrulae
2479 4066 2624 4126 sunt,
2653 4067 2706 4115 et
2735 4058 2856 4114 aliis
2903 4058 3140 4130 quietem
3187 4056 3440 4113 auferunt
3473 4072 3486 4112 :
3518 4055 3598 4112 sic

2001 4155 2056 4203 et
2082 4147 2190 4202 isti.

2069 4254 2242 4310 Vens.
2278 4256 2363 4309 14.
2393 4284 2463 4296 -
2489 4254 2828 4320 Procedunt,
2874 4262 2980 4310 etc.
3032 4254 3341 4310 Procedunt
3388 4251 3599 4308 daemo-

1998 4358 2116 4409 nes,
2150 4349 2204 4398 et
2228 4343 2585 4416 congregabit
2614 4343 2883 4409 diabolus,
2917 4342 3040 4414 quia
3069 4358 3258 4398 omnes
3297 4357 3459 4396 unus.

295 4469 431 4525 gere
463 4452 597 4508 illud
627 4453 895 4509 occultum
917 4454 1016 4509 Dei
1038 4454 1324 4523 judicium,
1360 4427 1528 4526 quare
1545 4455 1680 4511 alios
1716 4456 1901 4528 elegit,

2077 4432 2250 4487 Vens.
2284 4435 2372 4488 16.
2402 4463 2471 4472 -
2500 4434 2571 4487 Et
2593 4432 2964 4504 congregabit.
2998 4431 3060 4485 Id
3081 4438 3184 4497 est,
3229 4429 3429 4486 facient
3477 4427 3601 4485 illos

295 4542 435 4596 alios
473 4542 754 4612 reprobat,
806 4542 979 4598 donec
1026 4543 1082 4597 in
1131 4542 1239 4598 ﬁne
1267 4544 1454 4599 mundi
1477 4553 1661 4616 aperte
1689 4561 1902 4619 cogno-

297 4639 450 4685 scent
482 4629 676 4686 sancti.
711 4631 831 4697 Vel,
864 4631 1085 4686 introire
1113 4631 1328 4686 interim
1357 4631 1412 4686 in
1442 4633 1762 4700 Ecclesiam,
1797 4635 1902 4691 do-

296 4731 402 4774 nec
429 4718 696 4789 completa
745 4719 812 4773 sit
859 4719 1172 4775 omnimoda
1201 4720 1471 4777 damnatio
1527 4722 1792 4777 maiorm
1847 4723 1904 4779 in

288 4807 514 4875 judicio,
549 4807 678 4880 quia
706 4815 898 4880 postea
935 4816 1148 4865 constat
1172 4825 1280 4866 non
1311 4811 1620 4867 intraturos.

911 4932 1135 4989 CAPUT
1171 4933 1317 4989 XVI.

375 5063 616 5121 Vens.2.
649 5091 718 5105 --
757 5064 988 5121 Vulnus.
1023 5066 1391 5122 Inobedientia
1432 5076 1514 5123 est
1543 5083 1710 5126 causa
1739 5085 1904 5142 quare

296 5152 494 5208 vulnus
522 5152 655 5208 illud
684 5152 791 5208 ﬁat.

369 5267 543 5322 Vens.
576 5271 630 5324 2.
665 5298 734 5308 —
755 5269 826 5323 Et
840 5270 1032 5340 factus
1050 5271 1404 5341 estsanguis.
1429 5271 1490 5326 Id
1521 5280 1601 5326 est
1630 5272 1904 5329 damnatio

298 5357 414 5425 ejus
443 5355 587 5410 illata
637 5363 720 5411 est
748 5372 849 5427 pro
885 5358 1148 5430 sanguine
1179 5373 1341 5428 quem
1375 5358 1699 5417 effuderunt.
1756 5363 1904 5417 San-

300 5447 447 5515 guis,
486 5443 541 5499 id
591 5452 692 5510 est,
726 5445 1000 5501 damnatio
1029 5446 1117 5501 illa
1149 5455 1251 5501 erit
1283 5452 1554 5521 tanquam
1582 5451 1815 5516 mortui,
1848 5450 1905 5505 id

299 5541 382 5587 est
427 5532 822 5603 irrevocabils;
872 5534 1013 5590 sicut
1058 5536 1204 5591 enim
1231 5545 1478 5592 mortuus
1507 5552 1617 5594 non
1663 5537 1806 5594 redit
1832 5539 1905 5596 ad

297 5620 488 5694 vitam,
520 5622 603 5683 sic
648 5622 745 5680 illa
789 5623 1057 5682 sententia
1085 5625 1449 5684 damnationis
1476 5641 1587 5684 non
1614 5627 1904 5686 revocabi-

2002 4521 2206 4576 habere
2248 4519 2503 4576 ﬁduciam
2562 4521 2618 4575 in
2659 4520 3009 4586 Antichristo,
3054 4519 3145 4590 qui
3194 4527 3276 4573 est
3322 4517 3599 4590 refugium

2003 4609 2253 4664 omnibus
2284 4609 2590 4665 volentibus
2620 4608 2788 4663 furari
2817 4607 3022 4663 sanctis
3064 4607 3230 4662 ﬁdem
3277 4623 3434 4661 suam
3468 4625 3482 4673 ;
3512 4605 3600 4662 vel

2000 4696 2070 4752 ad
2100 4713 2262 4768 quem
2283 4697 2658 4770 gloriabuntur
2685 4711 2879 4752 omnes
2898 4694 3026 4752 mali
3052 4695 3393 4751 diversarum
3424 4702 3602 4751 secta-

2002 4803 2124 4842 rum
2132 4829 2145 4842 .

2075 4901 2244 4954 Vens.
2279 4901 2364 4953 17.
2397 4928 2468 4939 -
2494 4901 2566 4954 Et
2594 4900 2868 4971 septimus
2889 4899 3141 4970 angelus.
3177 4897 3413 4954 Ostenso
3430 4913 3599 4968 super

2004 5004 2142 5062 quos
2167 4988 2349 5059 angeli
2390 4986 2600 5057 phialas
2646 5005 2772 5042 suas
2813 4986 3114 5053 effundant,
3170 4987 3425 5058 supponit
3473 4986 3606 5058 quid

2005 5076 2236 5149 contigit
2269 5075 2401 5146 ipsis
2449 5077 2608 5130 malis
2655 5093 2752 5146 per
2799 5075 3118 5131 effusionem
3158 5077 3335 5145 istam,
3397 5075 3608 5131 scilicet

2005 5166 2133 5238 quia
2157 5165 2246 5220 hic
2274 5172 2533 5235 quantum
2560 5171 2831 5234 poterunt,
2885 5165 3284 5237 repugnabunt,
3331 5163 3490 5237 quasi
3532 5164 3603 5218 ab

2003 5255 2123 5326 ipsa
2151 5253 2422 5309 infusione
2450 5254 2763 5324 acceperint
2789 5254 3212 5323 incrementum,
3255 5254 3354 5310 sed
3387 5252 3608 5310 tandem

2004 5343 2359 5398 detrudentur
2385 5342 2443 5397 in
2471 5342 2771 5398 infernum.

2076 5450 2246 5506 Vens.
2280 5452 2366 5504 18.
2397 5479 2468 5490 —-
2494 5451 2565 5504 Et
2592 5452 2752 5520 facta
2781 5453 2866 5505 est
2896 5451 3121 5507 civitas.
3157 5451 3386 5520 Pr0pter
3440 5447 3603 5499 istam

2005 5536 2409 5594 damnationem
2439 5545 2494 5594 et
2520 5545 2743 5611 pr0pter
2780 5548 3010 5610 peccata
3057 5555 3178 5611 quae
3221 5536 3325 5607 ipsi
3372 5532 3599 5602 addunt,

2004 5625 2266 5684 damnata
2295 5633 2378 5684 est
2405 5626 2526 5700 ipsa
2553 5626 2772 5700 civitas,
2805 5635 2859 5685 et
2885 5627 3064 5686 divisa
3089 5632 3173 5686 est
3198 5636 3360 5696 poena
3389 5618 3604 5678 unicui-
