3968 6176
376 221 481 276 ’739

909 218 1312 277 WALAFRIDI
1337 217 1582 277 STRABI
1610 215 1813 276 FULD.
1842 214 2016 274 MON.
2049 213 2204 273 OPP.
2235 214 2412 274 PARS
2438 217 2482 273 Ι.
2512 245 2582 264 σ-
2609 215 3081 276 THEOLOGICA.

3550 221 3711 342 'MO1

377 359 484 416 que
510 356 610 414 pro
633 341 847 411 merito,
878 343 1078 400 Judaeis
1107 344 1313 400 scilicet
1340 350 1394 399 et
1436 343 1708 414 gentibus,
1736 350 1790 398 et
1819 341 1972 398 falsis
1988 344 2044 406 A
2156 341 2325 398 Vens.
2358 345 2411 399 2.
2445 372 2516 382 -
2544 343 2813 400 Inebriati
2841 347 2998 410 sunt,
3023 349 3134 399 etc.
3155 340 3304 400 Sicut
3349 341 3534 401 ebrius
3555 344 3682 398 nihi

377 433 725 489 Christianis.
770 434 1037 490 Civitates
1059 435 1321 505 gentium
1371 432 1719 499 ceciderunt,
1771 431 1828 487 id
1875 439 1976 500 est,

377 535 567 578 omnes
599 521 948 578 collectiones
991 521 1258 577 malorum
1303 521 1358 576 in
1401 520 1756 594 generatione
1804 520 1979 592 prima

375 611 708 666 manentium
737 611 1138 671 damnabantur
1171 629 1184 666 :
1219 610 1448 677 carnali,
1494 627 1602 667 non
1635 609 1691 666 in
1740 610 1980 668 secunda

377 700 798 772 regeneratione
820 699 1106 772 spirituali.

451 791 618 845 Vens.
653 793 738 846 19.
771 819 840 830 --
877 791 1034 844 Venit
1072 790 1134 843 in
1163 791 1517 845 memoriam.
1554 789 1614 843 Id
1657 795 1758 856 est,
1792 804 1978 845 recor-

379 879 535 934 datus
566 886 648 934 est
675 879 822 934 Deus
851 877 1069 949 singula
1096 886 1322 948 peccata
1353 893 1540 934 eorum
1563 893 1790 949 quorum
1821 877 1976 948 prius

374 967 657 1023 videbatur
685 966 905 1022 oblitus.
939 969 1085 1023 Dare
1101 969 1154 1022 ei
1183 968 1438 1023 calicem.
1489 967 1573 1022 Ad
1604 967 1706 1021 hoc
1756 975 1813 1021 ut
1854 967 1973 1038 ipse

373 1056 523 1112 Deus
553 1057 709 1112 daret
738 1056 846 1110 illis
875 1070 1092 1126 pcenam
1121 1062 1490 1111 mensuratam
1520 1071 1618 1126 pro
1647 1055 1972 1111 delectatio-

373 1145 536 1201 nibus
565 1161 703 1218 quas
733 1144 1060 1200 habuerunt.
1093 1144 1359 1200 Retribuit
1375 1146 1524 1200 Deus
1549 1144 1707 1199 malis
1735 1160 1838 1216 pro
1863 1161 1978 1200 me-

369 1233 505 1302 ritis,
540 1233 596 1289 id
623 1242 706 1290 est
737 1233 884 1305 quod
911 1241 1246 1304 meruerunt,
1279 1233 1378 1289 sed
1430 1249 1543 1289 non
1565 1241 1827 1305 quantum
1856 1249 1972 1290 me-

366 1331 610 1389 ruerunt,
647 1329 704 1378 ut
731 1322 788 1378 in
816 1323 934 1391 ipsa
961 1321 1315 1378 retributione
1351 1322 1445 1377 ubi
1472 1330 1619 1393 patet
1645 1322 1876 1393 justitia,
1911 1322 1980 1377 sit

374 1412 539 1468 etiam
569 1411 969 1468 misericordia.
1007 1413 1286 1469 Universae
1314 1413 1469 1468 enim
1499 1413 1602 1466 vite
1621 1413 1849 1468 Domini
1879 1411 1982 1468 mi.

371 1502 681 1558 sericordia
711 1505 770 1556 et
785 1497 1015 1556 veritas.
1049 1500 1212 1555 Bonis
1244 1500 1408 1556 etiam
1436 1500 1530 1556 dat
1553 1516 1655 1571 pro
1684 1500 1894 1557 meritis
1925 1508 1980 1557 et

374 1589 498 1662 plus
529 1605 692 1661 quam
733 1597 1069 1657 meruerunt,
1121 1597 1179 1644 ut
1220 1590 1598 1646 misericordia
1643 1589 1718 1645 ibi
1754 1589 1980 1660 justitia:

385 1679 698 1750 praevaleat.

437 1770 608 1824 Vens.
643 1772 729 1823 30.
764 1797 833 1808 —
875 1769 944 1822 Et
979 1770 1163 1824 omnis
1184 1769 1378 1827 insula
1406 1773 1573 1842 fugit.
1598 1771 1668 1825 Et
1684 1768 1818 1826 vidit
1835 1769 1981 1840 quod

388 1873 579 1913 omnes
609 1858 702 1929 qui
731 1872 831 1928 pro
871 1858 988 1912 Deo
1019 1857 1204 1913 afﬂicti
1251 1859 1304 1913 in
1352 1861 1554 1915 mundo
1603 1867 1656 1915 et
1691 1858 1979 1914 virtutibus

369 1946 670 2002 eminentes
699 1955 956 2018 respectu
978 1948 1174 2002 harum
1202 1964 1511 2018 poenarum,
1542 1949 1598 2004 in
1627 1949 1733 2005 vita
1765 1962 1864 2003 sua
1892 1947 1977 2004 vi—

375 2042 624 2091 laverunt
655 2037 931 2091 consortia
963 2038 1274 2109 impiorum,
1313 2046 1365 2093 et
1397 2037 1522 2094 ideo
1569 2052 1682 2092 non
1726 2045 1852 2093 sunt
1891 2036 1975 2092 in-

361 2124 510 2180 venti
559 2124 614 2178 in
632 2125 811 2196 poenis
833 2141 1044 2181 eorum.

432 2231 604 2286 Vens.
632 2235 721 2289 2i.
757 2262 827 2273 -
855 2235 1176 2290 Talentum.
1201 2232 1405 2288 Talenti
1434 2247 1644 2305 genera
1673 2239 1797 2288 sunt
1824 2231 1932 2288 tria
1955 2248 1970 2286 :

365 2335 646 2392 magnum,
677 2330 898 2377 centum
957 2329 1010 2378 et
1033 2322 1226 2395 viginti
1256 2322 1561 2388 librarum;
1592 2320 1855 2388 medium,
1879 2336 1977 2392 sep

359 2409 608 2481 tuaginta
662 2409 909 2477 duarum,
966 2411 1147 2465 minus
1195 2411 1612 2484 quinquaginta.
1656 2411 1737 2466 De
1785 2409 1966 2465 medio

369 2497 460 2553 hic
482 2497 633 2564 dicit,
656 2499 784 2570 quia
813 2508 1137 2570 peccatores
1176 2499 1232 2554 in
1262 2500 1612 2574 septuaginta
1642 2499 1853 2554 duabus
1872 2497 1969 2552 lin-

359 2586 484 2659 guis
514 2602 624 2642 non
659 2587 921 2660 effugient
950 2590 1092 2646 hanc
1111 2589 1423 2645 vindictam.

429 2679 499 2732 Et
536 2677 1092 2749 blasphemaverunt.
1159 2678 1216 2732 Id
1267 2687 1367 2746 est,
1423 2677 1476 2731 in
1517 2675 1725 2732 inferno
1771 2673 1955 2747 positi,

357 2765 605 2836 quamvis
636 2767 810 2822 sciant
842 2783 901 2821 se
925 2767 1222 2837 promerito
1253 2767 1453 2837 puniri,
1488 2766 1748 2820 dolebunt
1777 2772 1961 2820 tamen

358 2853 503 2924 quod
532 2855 677 2910 Deus
706 2863 910 2910 tantam
941 2855 1237 2925 potentiam
1265 2855 1430 2911 habet
1470 2855 1616 2926 quod
1654 2853 1849 2926 plagas
1877 2853 1956 2908 eis

351 2941 575 3013 inferat,
611 2951 664 3000 et
696 2952 779 3000 est
809 2944 1167 3016 blasphemia.

931 3137 1155 3195 CAPUT
1191 3137 1365 3192 XVII.

421 3303 592 3360 Vens.
629 3307 682 3359 1.
715 3333 783 3343 -
813 3305 884 3359 Et
910 3305 1065 3360 venit
1093 3321 1263 3375 unus,
1298 3313 1401 3360 etc.
1438 3303 1575 3359 Cum
1621 3304 1947 3379 descripsis-

349 3399 432 3447 set
460 3392 649 3466 plagas
675 3407 813 3464 quas
844 3393 1077 3448 inferent
1105 3394 1492 3465 praedicatores
1523 3401 1767 3466 tempore
1794 3396 1946 3450 Anti-

347 3480 557 3548 christi,
591 3489 642 3536 et
673 3481 1077 3538 damnationem
1125 3490 1386 3538 aeternam
1427 3499 1590 3555 quam
1632 3483 1796 3538 iidem
1839 3500 1944 3555 pa-

343 3568 544 3624 tientur
574 3570 744 3642 impii,
775 3579 959 3627 monet
987 3572 1272 3628 attendere
1335 3588 1532 3630 causas
1576 3572 1748 3644 ipsius
1788 3573 1944 3628 dam-

343 3659 598 3715 nationis.
626 3659 796 3729 Quasi
829 3679 842 3714 :
877 3660 1106 3717 Ostendi
1149 3662 1301 3717 vobis
1348 3662 1479 3734 quid
1510 3662 1566 3716 in
1620 3661 1714 3717 illo
1763 3661 1942 3719 futuro

340 3745 450 3818 fiet,
503 3749 667 3804 modo
717 3758 907 3805 cavete
951 3750 1107 3805 vobis
1147 3767 1245 3805 vos
1303 3758 1572 3821 potentes,
1626 3751 1754 3822 quia
1796 3751 1943 3807 idem

341 3837 611 3904 diabolus,
647 3838 738 3911 qui
768 3847 896 3895 tunc
934 3839 1009 3894 ita
1038 3847 1225 3911 aperte
1256 3840 1490 3911 decipiet
1533 3841 1741 3896 occulte
1786 3842 1941 3897 deci-

337 3926 417 3998 pit
446 3927 721 4000 quodidie,
746 3936 798 3983 et
830 3929 900 3983 ad
931 3929 1184 3985 eumdem
1215 3929 1490 3984 interitum
1510 3946 1608 3985 vos
1636 3929 1940 4002 ducet,quo

337 4022 391 4070 et
420 4015 562 4070 illos.
598 4017 846 4088 Angelis.
882 4018 1127 4090 Angelus
1171 4017 1261 4073 hic
1298 4018 1462 4073 habet
1503 4035 1795 4088 personam
1835 4019 1938 4074 do-

337 4103 531 4171 centis,
561 4104 799 4159 Joannes
830 4104 1090 4161 discentis
1119 4115 1596 4178 personamtenet.
1636 4108 1939 4164 Ostendam

341 4193 441 4249 tibi
469 4193 917 4262 damnationem,
950 4194 1008 4249 id
1029 4203 1109 4251 est
1142 4211 1358 4252 causam
1409 4195 1770 4252 damnationis
1817 4213 1938 4251 ma-

337 4281 535 4350 lorum,
571 4281 684 4354 qui,
717 4281 910 4338 relicto
940 4284 1220 4351 Creatore,
1267 4284 1609 4342 fornicantur
1657 4301 1782 4342 cum
1819 4285 1937 4342 dee—

333 4387 515 4440 mone,
549 4371 699 4426 idola
727 4372 980 4439 colendo,
1013 4380 1232 4429 terrena
1279 4374 1530 4445 amando,
1582 4374 1937 4432 immunditiae

2074 430 2252 500 timet,
2286 431 2361 486 sic
2390 431 2626 487 terrenis
2646 431 2991 499 inhaerentes,
3024 432 3292 488 intentum
3321 432 3698 489 excaecabun-

2083 527 2170 575 tur
2199 536 2383 577 amore
2414 527 2594 589 terrae,
2626 529 2685 577 ut
2713 537 2814 578 nec
2835 522 3009 578 Deum
3036 521 3282 594 diligant,
3334 537 3438 578 nec
3493 536 3701 593 poenas

2081 609 2324 666 timeant.
3115 608 3117 610 ’

2152 725 2323 780 Vens.
2357 729 2410 780 3.
2431 755 2499 766 —
2519 725 2810 784 Mulierem
2834 725 3142 784 sedentem.
3177 726 3239 782 Id
3267 733 3368 796 est,
3396 724 3523 781 illos
3543 725 3691 782 mol-

2079 812 2160 869 les
2192 814 2282 885 qui
2310 813 2442 871 Eva;
2463 816 2515 869 la
2539 830 2648 885 qua
2667 823 2950 887 peccatum
2966 815 3213 887 incoepit)
3229 814 3646 872 conformantur
3669 833 3686 880 ;

2080 902 2172 973 qui
2198 903 2397 958 habent
2426 903 2708 960 diabolum
2734 903 3172 974 fundamentum,
3201 904 3294 976 qui
3329 911 3412 960 est
3456 905 3690 976 sangui-

2079 1006 2215 1046 neus
2247 999 2300 1046 et
2331 991 2385 1047 in
2415 1009 2475 1048 se
2506 1001 2557 1049 et
2586 993 2642 1048 in
2665 993 2777 1048 suis
2811 1012 2828 1061 ;
2854 993 2943 1050 vel
2991 994 3118 1066 quia
3161 993 3487 1064 sanguinem
3519 1007 3689 1049 sanc—

2080 1086 2257 1135 torum
2279 1079 2528 1149 fundunt,
2563 1082 2782 1154 eloquia
2817 1082 2922 1138 Dei
2967 1082 3110 1138 male
3129 1082 3456 1154 intelligunt.
3483 1083 3688 1154 Capita

2079 1173 2313 1242 septem.
2338 1168 2592 1242 Quinque
2620 1187 2812 1226 sensus
2842 1171 3112 1243 corporis,
3136 1179 3190 1228 et
3208 1178 3400 1242 postea
3433 1186 3688 1226 errorem

2079 1264 2135 1314 et
2162 1258 2383 1314 tandem
2414 1258 2826 1327 Antichristum,
2865 1275 2964 1332 per
3010 1275 3133 1332 qua:
3175 1267 3384 1332 septem
3430 1256 3687 1314 diabolus

2081 1345 2231 1403 ducit
2259 1347 2512 1405 homines
2539 1349 2610 1404 ad
2638 1356 2944 1421 peccatum.
2982 1349 3206 1406 Cornua
3232 1349 3444 1406 decem.
3476 1347 3538 1403 Id
3600 1354 3686 1403 est

2080 1433 2274 1491 decem
2309 1453 2483 1510 regna
2531 1454 2652 1510 quae
2693 1445 2851 1493 erunt
2899 1445 3144 1510 tempore
3188 1436 3527 1503 Antichristi,
3577 1451 3684 1508 per

2081 1541 2204 1596 quae
2233 1525 2337 1581 alia
2365 1526 2759 1600 intelliguntur.

2151 1640 2323 1695 Vens.
2357 1641 2410 1696 4.
2441 1671 2511 1682 -
2559 1641 2922 1698 Circumdata
2969 1656 3258 1714 purpura.
3296 1637 3358 1695 Id
3401 1647 3485 1696 est
3504 1638 3677 1712 regali

1994 1711 2048 1772 Β
2077 1736 2231 1784 veste
2263 1729 2446 1785 dicent
2475 1745 2534 1784 se
2567 1746 2731 1802 reges
2751 1739 2809 1785 ut
2847 1711 3142 1800 decipiant.
3177 1729 3344 1785 Auro.
3397 1727 3538 1796 Quia
3574 1711 3678 1782 ivi-

2086 1817 2360 1873 debuntur
2390 1819 2570 1873 divina
2601 1819 2862 1889 sapientia
2892 1817 3196 1874 illuminati.
3241 1818 3513 1874 Poculum
3563 1834 3676 1872 au-

2079 1922 2259 1971 reum,
2295 1907 2351 1962 id
2381 1916 2464 1962 est
2493 1907 2735 1963 divinam
2765 1908 3122 1979 Scripturam,
3155 1923 3259 1979 qua
3307 1914 3564 1978 potantur
3609 1904 3676 1959 ﬁ-

2083 1995 2234 2052 deles
2264 1997 2330 2049 ad
2363 1996 2609 2051 salutem.
2643 1997 3090 2052 Abominatione.
3124 1995 3182 2050 Id
3203 2003 3285 2051 est
3306 2011 3447 2068 quas,
3478 2010 3675 2050 secun-

2077 2083 2206 2139 dum
2236 2083 2360 2139 illas
2389 2085 2777 2156 expositiones,
2811 2085 3011 2141 debent
3036 2083 3193 2154 abjici
3242 2083 3310 2139 ab
3357 2082 3673 2139 hominibus

2076 2172 2204 2245 quia
2226 2173 2626 2230 immunditiam
2660 2174 2836 2231 carnis
2868 2174 3065 2231 docent
3094 2181 3147 2229 et
3175 2171 3485 2228 fornicaria
3529 2173 3668 2228 Deo.

2140 2289 2310 2344 Vens.
2373 2292 2422 2344 ὃ.
2457 2320 2528 2332 --
2584 2293 2656 2348 Et
2709 2291 2771 2347 in
2829 2294 3038 2362 fronte.
3073 2289 3333 2360 Quamvis
3364 2289 3432 2344 sit
3460 2288 3532 2344 ita
3562 2288 3670 2343 ha-

2068 2376 2193 2432 bilis
2222 2378 2291 2433 ad
2322 2377 2726 2450 decipiendum,
2759 2388 2958 2449 tamen,
2992 2395 3024 2436 o
3051 2377 3259 2449 ﬁdeles,
3283 2395 3353 2433 ne
3397 2378 3667 2449 despere-

2068 2465 2156 2535 tis,
2192 2466 2318 2539 quia
2348 2467 2513 2523 habet
2537 2471 2600 2523 in
2629 2472 2842 2540 fronte,
2883 2468 2938 2523 id
2969 2476 3053 2524 est
3095 2467 3151 2522 in
3190 2465 3498 2533 manifesto,
3545 2466 3667 2539 sig-

2063 2569 2193 2609 num
2238 2556 2383 2626 quod
2430 2556 2657 2612 rudibus
2705 2565 2788 2612 est
2849 2555 3162 2628 mysterium
3219 2555 3361 2610 istud
3409 2570 3518 2626 quo
3573 2554 3666 2609 dat

2062 2643 2367 2715 exemplum
2400 2643 2632 2700 faciendi
2652 2653 2896 2716 peccata,
2918 2661 3021 2718 pro
3051 2644 3248 2717 quibus
3276 2643 3485 2700 terreni
3513 2659 3542 2697 a
3573 2659 3661 2697 sa-

2057 2731 2165 2787 lute
2187 2730 2427 2788 ﬁdelium
2455 2734 2806 2806 repellentur.

2125 2856 2297 2913 Vens.
2325 2860 2375 2913 6.
2417 2889 2488 2899 —
2518 2861 2763 2916 Ebriam.
2816 2858 2878 2914 Id
2920 2864 3004 2914 est
3048 2857 3367 2928 depressam
3416 2854 3665 2912 vindicta

2049 2960 2152 3018 pro
2197 2945 2460 3003 effusione
2505 2948 2783 3020 sanguinis
2819 2965 2833 3001 :
2881 2955 2938 3001 ut
2984 2963 3099 3017 prae
3146 2945 3429 3001 doloribus
3471 2944 3659 2999 nimiis

2049 3034 2256 3092 nesciat
2283 3035 2378 3091 ubi
2406 3035 2492 3090 sit.
2526 3039 2595 3092 Et
2623 3039 2871 3094 miratus
2902 3053 3048 3092 sum.
3081 3035 3182 3091 Hic
3211 3034 3374 3090 habet
3403 3033 3658 3089 Joannes

2047 3139 2345 3195 personam
2374 3125 2594 3180 illorum
2615 3125 2724 3197 qui,
2759 3141 2883 3182 cum
2914 3124 3098 3181 vident
3126 3123 3300 3179 malos
3345 3122 3403 3176 in
3450 3122 3660 3178 mundo

2046 3212 2332 3280 exaltatos,
2356 3213 2625 3269 mirantur
2643 3230 2765 3270 cum
2787 3213 3010 3269 audiunt
3027 3228 3220 3285 pcenas
3242 3210 3521 3284 quaeipsis
3539 3226 3658 3265 ma-

2045 3299 2114 3357 lis
2141 3303 2543 3372 promittuntur,
2592 3311 2646 3358 et
2692 3319 2816 3359 cum
2866 3302 2942 3359 ita
2979 3302 3086 3356 sint
3131 3299 3416 3372 puniendi,
3473 3314 3648 3372 quare

2044 3389 2195 3446 Deus
2223 3391 2482 3461 permittit
2510 3390 2635 3447 illos
2673 3391 2929 3448 exaltari.
2981 3390 3087 3447 Sed
3136 3390 3400 3445 docentur
3446 3387 3656 3444 intelli-

2043 3495 2175 3552 gere
2204 3479 2350 3534 illam
2381 3479 2766 3536 exaltationem
2792 3480 2975 3536 datam
3003 3480 3074 3535 ad
3103 3479 3368 3549 majorem
3401 3491 3654 3533 exceca-

2041 3567 2268 3636 tionem,
2301 3576 2354 3625 et
2381 3569 2604 3627 tandem
2625 3571 2772 3640 juste
2800 3569 2992 3626 inferri
3039 3576 3304 3626 aeternam
3333 3566 3653 3623 damnatio-

2043 3671 2190 3713 nem.

2115 3773 2284 3828 Vens.
2314 3802 2385 3814 —
2413 3775 2468 3828 7.
2503 3803 2573 3814 -
2600 3778 2712 3846 Ego
2746 3773 2850 3830 tibi
2880 3773 3085 3830 dicam.
3121 3770 3181 3827 Id
3213 3778 3298 3828 est
3341 3787 3514 3845 quare
3541 3787 3650 3843 pu-

2041 3860 2258 3917 niantur
2281 3861 2368 3916 isti
2398 3861 2544 3928 mali,
2580 3863 2634 3918 id
2663 3871 2745 3917 est
2775 3861 3026 3918 diabolus
3054 3861 3148 3934 qui
3178 3876 3273 3917 eos
3301 3876 3539 3932 peccare
3567 3860 3650 3916 fe-

2041 3950 2111 4007 cit
2144 3966 2158 4006 :
2192 3951 2336 4022 quod
2367 3957 2449 4007 est
2476 3950 2836 4025 incognitum,
2868 3951 2974 4006 nisi
3007 3950 3204 4007 doctis.

2109 4094 2282 4151 Vens.
2314 4097 2367 4150 8.
2399 4125 2470 4136 —
2497 4097 2700 4153 Bestia;
2747 4062 2886 4170 quw‘
2907 4098 3103 4169 portat
3144 4111 3291 4150 eam.
3335 4092 3539 4163 Bestia,
3587 4093 3647 4148 id

2002 4240 2006 4242 _
2039 4189 2123 4240 est
2142 4183 2414 4252 diabolus,
2446 4192 2644 4256 portat,
2675 4184 2731 4240 id
2769 4194 2851 4240 est
2897 4183 3058 4256 regit,
3107 4183 3418 4254 mulierem,
3466 4182 3526 4238 id
3563 4189 3647 4238 est

2038 4287 2228 4328 omnes
2248 4272 2422 4328 malos
2438 4271 2797 4330 eﬂ‘eminatos.
2823 4273 2927 4343 Qui
2947 4271 3092 4329 enim
3111 4271 3249 4328 alios
3279 4271 3442 4345 regit,
3481 4270 3645 4344 quasi

2043 4375 2183 4416 onus
2213 4360 2495 4433 regiminis
2524 4371 2747 4433 portare
2787 4361 3005 4418 dicitur.
3054 4361 3205 4417 Fuit.
3254 4362 3395 4416 Ante
3440 4359 3644 4416 adven-

335 4461 647 4517 serviendo.
672 4461 1000 4519 Meretricis.
1032 4463 1292 4519 Meretrix
1313 4463 1419 4519 ista
1455 4439 1655 4538 magna
1694 4473 1776 4521 est
1821 4468 1932 4522 An-
1962 4439 2148 4506 Dium
2169 4449 2839 4520 οδτίδῐίιῖιαδιιίῐάίὸδοιυε
2856 4449 3147 4507 mammam
3167 4456 3519 4538 Ροῐθδίθίὲωι
3540 4449 3640 4538 ξοδ

331 4547 635 4616 tichristus,
689 4558 742 4605 et
785 4550 918 4606 mali
967 4551 1060 4623 qui
1103 4560 1350 4624 tempore
1399 4554 1517 4622 ejus
1557 4536 1717 4609 'emm
1749 4574 1763 4622 ς
1815 4571 1938 4626 qua,
2039 4547 2163 4610 post
2187 4538 2316 4596 licet
2343 4555 2454 4596 non
2481 4540 2696 4612 penitus
2726 4540 2924 4610 amisit,
2957 4547 3136 4594 tamen
3163 4553 3274 4594 non
3298 4536 3515 4594 modice
3535 4537 3640 4626 de-

327 4637 441 4706 jam
488 4638 643 4693 sedet
689 4655 855 4710 super
885 4656 1074 4712 aquas,
1128 4641 1185 4697 id
1231 4650 1315 4697 est
1353 4642 1468 4711 jam
1523 4650 1720 4715 regnat
1774 4625 1937 4714 super
2039 4625 2300 4682 bilitatam
2326 4628 2511 4684 habet.
2545 4629 2864 4686 Ascensura
2896 4632 3000 4684 est.
3033 4626 3175 4697 Quia
3202 4634 3448 4715 tempore
3477 4625 3634 4682 Anti-

331 4725 507 4782 malos
553 4733 823 4798 potentes,
879 4746 1109 4800 quorum
1161 4731 1402 4786 omnium
1449 4731 1566 4802 ipse
1598 4713 1696 4786 est
1754 4713 1930 4803 caput.

2072 4715 2224 4771 hristi
2252 4724 2579 4788 potestatem
2608 4717 2854 4789 recipiet,
2887 4732 2986 4789 per
3002 4716 3127 4771 illos
3147 4715 3294 4772 enim
3315 4713 3407 4786 qui
3429 4713 3485 4770 in
3504 4729 3638 4786 pec-

337 4817 465 4885 ριιω
494 4816 650 4873 sedet
679 4835 848 4890 super
870 4835 1043 4891 aquas
1064 4822 1300 4887 multas,
1325 4820 1379 4874 id
1418 4827 1519 4886 est,
1573 4837 1695 4892 quae
1742 4829 1935 4893 regnat
2034 4804 2139 4860 cati
2167 4804 2448 4875 profundis
2474 4813 2603 4893 sunt
2632 4806 2890 4863 ascendet
2919 4806 2974 4860 in
3014 4803 3322 4860 elationem.
3459 4805 3523 4858 in
3551 4805 3639 4859 iu-

327 4920 494 4976 super
519 4907 718 4962 multos
748 4890 978 4979 populbs
1025 4924 1164 4979 quos
1213 4910 1430 4964 attrahit,
1472 4908 1543 4964 ad
1585 4890 1646 4966 ge
1698 4890 1929 4965 luxdria.
2035 4895 2270 4950 teritum
2296 4895 2417 4950 ibit.
2455 4892 2615 4962 Quia,
2639 4903 2852 4950 mortuo
2891 4893 3240 4959 ADIICDI‘iStO,
3266 4890 3501 4962 amplius
3522 4907 3634 4947 non

325 4993 482 5050 Unde
516 4995 781 5052 Dominus
811 4998 879 5051 ad
906 4997 1008 5052 Job
1035 5015 1049 5051 ε
1091 4999 1276 5053 γέν-ιλιαδ
1307 5001 1427 5070 ejus
1456 4998 1590 5070 (λοι),
1625 4998 1744 5070 χι),
1779 4999 1930 5055 scin-
2031 4982 2250 5037 habebit
2278 4984 2522 5039 tentandi
2552 4983 2750 5038 locum.
2795 4984 3169 5039 Mirabuntur.
3214 4981 3356 5070 ‘Cum
3398 4979 3633 5034 viderint

325 5090 411 5137 cet
440 5083 642 5140 diaboli
664 5087 729 5141 in
753 5086 976 5151 lumbis,
1011 5086 1227 5156 quando
1262 5068 1410 5144 viros
1455 5068 1714 5160 (quorum
1757 5089 1928 5144 semi-
2029 5070 2505 5160 mallPOleS'fatem
2529 5088 2682 5127 suam
2702 5071 2777 5126 ίίθι
2796 5071 3162 5160 δηηὶωιθιβῐην
3196 5068 3458 5160 ἀοίθδωξι
3483 5086 3494 5122 ⁵
3519 5084 3629 5124 non

323 5169 540 5225 narium
579 5172 633 5226 in
683 5173 882 5228 lumbis
918 5174 1022 5246 est)
1069 5175 1309 5246 decipit:
1361 5178 1425 5232 in
1470 5157 1759 5246 umbilico,
1802 5193 1928 5234 cum
2030 5158 2183 5231 quaSi
2216 5159 2560 5230 Ραθηίίθηίθεν
2593 5160 2692 5214 sed
2735 5167 2936 5214 tantum
2997 5159 3352 5215 θάπὶίτδιηῑθεσ
3404 5157 3630 5246 δθΡτεῗη

327 5258 586 5315 mulieres
619 5260 874 5332 (quarum
903 5279 1091 5319 semen
1121 5271 1203 5320 est
1231 5265 1512 5336 umbilico)
1536 5267 1754 5338 decipit.
1769 5267 1925 5325 Unde

328 5348 598 5421 Propheta
620 5351 842 5420 (Ezech.
877 5353 1018 5424 xvr),
1044 5353 1116 5409 ad
1141 5354 1438 5410 Jerusalem
1467 5335 1626 5428 quasi
1655 5335 1726 5412 ad
1744 5373 1924 5414 mere-
2025 5337 2356 5410 superbiam.
2390 5345 2443 5394 ει
2470 5337 2526 5392 in
2546 5337 2614 5392 iis
2643 5337 2944 5392 innituntur
2972 5335 3243 5393 inﬁdeles-

323 5437 514 5496 tricem
548 5457 561 5494 :
595 5441 661 5497 In
689 5439 779 5496 die
810 5445 967 5499 ortus
997 5445 1108 5510 sui,
1143 5443 1199 5498 id
1242 5452 1325 5501 est
1371 5445 1475 5501 hoc
1520 5453 1765 5519 tempore
1811 5463 1922 5504 sae-
2092 5452 2264 5508 Vens.
2298 5455 2386 5509 10.
2419 5483 2488 5494 -
2537 5453 2789 5526 Quinque
2828 5453 3177 5510 ceciderunt.
3227 5447 3425 5516 Adam,
3460 5449 3508 5506 si
3562 5449 3620 5506 in

321 5526 450 5596 culi,
483 5544 600 5586 non
633 5533 722 5587 est
744 5532 1018 5603 praecisus
1039 5532 1342 5592 umbilicus
1374 5537 1526 5601 tuus,
1558 5534 1616 5592 id
1659 5543 1760 5606 est,
1811 5550 1921 5592 non
2020 5537 2328 5598 obedientia
2354 5549 2780 5614 perseverasset,
2814 5557 3010 5598 sensus
3040 5538 3289 5613 corporis
3317 5537 3391 5595 ad
3419 5537 3626 5596 nullam

318 5614 606 5676 refrenasti
634 5618 920 5678 luxuriam.
2019 5629 2344 5702 voluptatem
2373 5638 2727 5700 verterentur,
2749 5630 2946 5688 malam
2972 5629 3182 5689 scilicet
3209 5648 3225 5698 ;
3257 5626 3356 5685 sed
3375 5643 3626 5702 perpac-

2027 5250 2234 5320 capita.
2269 5249 2370 5303 Per
2400 5249 2516 5304 haec
2548 5256 2775 5319 septem,
2811 5248 2974 5320 erigit
3007 5246 3259 5303 diabolus
3287 5245 3542 5302 homines
3576 5245 3633 5300 in
