3964 6178
351 210 456 267 7M

1246 206 1516 264 GLOSSA
1553 205 1963 266 ORDINABIA.
2004 234 2074 248 —
2119 202 2320 260 APOC.
2354 203 2671 262 JOANNIS.

3560 204 3667 260 7L2

361 342 550 391 catum
586 334 659 390 ita
699 331 939 404 corrupti
1002 338 1144 399 sunt,
1177 339 1234 388 ut
1269 333 1382 402 jam
1425 332 1670 388 naturale
1708 333 1778 387 sit
1823 323 2038 392 lerﬁaA
2065 331 2234 386 vidua
2261 347 2375 387 non
2407 346 2552 386 sum.
2589 327 2725 399 Quia
2752 326 2930 384 habeo
2959 325 3392 385 consolationem
3438 327 3496 386 in
3525 334 3670 384 tem-

360 430 533 489 tactu,
577 422 786 493 sapida,
821 429 1000 494 gustu,
1051 437 1184 476 nare
1233 420 1522 490 odorifera,
1573 421 1693 475 visu
1747 420 1972 492 pulchra

369 526 646 582 quaerere.
684 510 750 566 Hi
777 518 901 565 sunt
933 508 1171 583 quinque
1207 526 1369 582 reges
1417 525 1514 580 per
1551 524 1687 581 quos
1723 508 1971 563 diabolus

365 599 425 655 in
455 599 689 671 pueritia
735 599 898 672 regit,
952 599 1080 670 quia
1124 598 1242 670 ipse
1289 598 1387 653 fuit
1429 614 1592 654 causa
1637 613 1804 670 quare
1853 613 1972 654 cor-

367 697 774 760 rumperentur.
809 687 876 743 Hi
903 695 1027 743 sunt
1073 687 1312 760 quinque
1356 687 1458 742 viri
1501 687 1875 742 Samaritanze.
1911 686 1972 740 In

360 779 588 847 juventa
615 777 858 834 succedit
884 792 1062 843 error,
1095 792 1218 831 nam
1249 783 1540 847 postquam
1588 775 1970 832 discretionem

366 867 555 936 habet,
591 866 722 922 et'si
768 874 978 938 peccat,
1019 865 1130 933 jam
1177 880 1287 920 non
1331 864 1601 931 sensibus,
1654 863 1751 920 sed
1798 862 1971 918 errori

364 955 712 1026 imputatur:
744 954 812 1010 de
858 969 964 1028 quo
1010 953 1320 1008 Dominus:
1372 955 1545 1023 Quem
1592 969 1748 1010 nunc
1808 953 1971 1009 habes

368 1061 490 1101 non
519 1048 605 1100 est
636 1048 770 1100 tuus
799 1043 885 1098 vir
914 1035 1096 1114 (Joan.
1124 1043 1224 1114 Iv).

441 1131 613 1188 Vens.
650 1135 735 1187 11.
770 1162 840 1174 --
869 1133 944 1188 De
973 1135 1188 1204 septem
1219 1134 1328 1187 est.
1369 1129 1510 1200 Quia
1541 1128 1790 1184 similiter
1835 1143 1971 1201 pec-

369 1228 476 1291 cat,
509 1228 564 1276 et
592 1219 840 1277 similiter
866 1220 1123 1292 punietur
1158 1237 1173 1274 :
1205 1224 1261 1276 et
1289 1220 1410 1292 ipse
1452 1223 1669 1289 octava,
1703 1217 1828 1292 quia
1856 1234 1972 1275 om-

366 1326 470 1368 nes
497 1309 848 1378 transcendit,
881 1316 934 1365 et
963 1308 1020 1364 in
1049 1307 1294 1382 nequitia
1315 1316 1367 1364 et
1399 1308 1454 1363 in
1483 1322 1666 1380 poena.

443 1397 616 1454 Vens.
668 1400 755 1453 15.
787 1397 1078 1470 —Populi
1116 1400 1274 1464 sunt,
1316 1403 1443 1466 etc.,
1476 1395 1531 1452 id
1561 1404 1644 1453 est
1672 1405 1971 1470 praesentes

369 1485 522 1554 mali,
557 1503 623 1542 ex
651 1486 800 1542 omni
829 1485 1146 1542 diversitate
1175 1485 1456 1540 hominum
1491 1484 1726 1542 collecti.

440 1576 613 1630 Vens.
648 1577 734 1630 16.
767 1603 840 1616 —-
884 1575 1206 1631 Desolatam
1244 1576 1482 1645 facient.
1534 1574 1800 1631 Solatium
1846 1574 1969 1631 dia-

2070 420 2368 492 poralibus.

2142 510 2314 563 Vens.
2366 511 2418 563 8.
2467 537 2540 549 —
2575 507 2737 564 Mors.
2784 506 3047 563 Absentia
3092 506 3234 575 vitae,
3287 505 3343 561 id
3419 513 3501 562 est
3547 505 3669 575 Dei,

2073 595 2200 668 quia
2230 597 2518 668 praesentia
2548 595 2663 665 ejus
2692 596 2804 651 vita
2835 603 2938 650 est.

2142 685 2312 741 Vens.
2349 691 2400 741 9.
2434 714 2504 725 —
2532 686 2602 740 Et
2631 686 2864 753 ﬂebunt.
2900 683 3004 739 Alii
3034 692 3212 738 autem
3245 683 3508 756 gaudium
3537 697 3669 754 per-

2070 781 2296 847 petuum
2325 774 2624 829 habebunt.
2659 776 2823 846 Reges
2862 778 3047 829 terrae.
3083 773 3256 828 Etiam
3288 773 3369 827 illi
3396 773 3488 846 qui
3527 771 3668 826 bene

2071 871 2323 919 rexerunt
2354 862 2724 918 terrenitatem
2755 879 2906 917 suam
2939 881 2952 927 ;
2988 863 3083 917 sed
3143 862 3437 932 aliquando
3493 859 3666 916 forni-

2071 952 2175 1008 cati
2197 960 2320 1007 sunt
2348 967 2471 1008 cum
2502 953 2624 1017 ista,
2657 951 2936 1017 dolebunt,
2988 950 3132 1022 quod
3179 966 3459 1021 nunquam
3517 949 3678 1004 simi-

2071 1039 2153 1097 les
2183 1040 2292 1096 illis
2322 1040 2534 1096 fuerint.
2574 1041 2710 1096 Cum
2740 1039 2986 1096 viderint
3006 1042 3232 1110 fumum
3258 1039 3516 1096 incendii
3545 1040 3667 1109 ejus

2071 1129 2127 1184 id
2174 1138 2277 1197 est,
2318 1145 2442 1186 cum
2488 1127 2789 1184 defecerint
2849 1127 3069 1192 divitiae,
3125 1128 3273 1201 quod
3317 1135 3400 1183 est
3450 1126 3666 1200 signum

2071 1218 2261 1274 aeterni
2303 1217 2541 1275 incendii
2581 1216 2818 1286 iudicii;
2860 1215 2950 1273 vel
2981 1231 3104 1273 cum
3168 1216 3402 1274 viderint
3450 1230 3670 1288 poenam

2072 1306 2364 1363 exaltatam
2394 1306 2536 1362 ultra
2568 1305 2812 1362 modum.

2142 1395 2315 1451 Vens.
2352 1398 2439 1452 11.
2465 1426 2534 1436 -
2563 1397 2635 1451 Et
2663 1395 3040 1466 negotiatores
3074 1398 3242 1450 terras
3268 1395 3503 1464 ﬂebunt.
3526 1393 3669 1464 Quia

2069 1483 2164 1540 illa
2193 1484 2371 1556 perire
2393 1483 2674 1555 dolebunt,
2697 1483 2752 1539 in
2772 1484 2968 1557 quibus
2987 1498 3140 1540 suam
3161 1484 3494 1556 deputabunt
3512 1499 3673 1556 pros-

2067 1573 2376 1644 peritatem.

368 1663 480 1720 boli
509 1671 592 1719 est
621 1663 855 1736 perditio
877 1663 1163 1729 malorum,
1190 1679 1326 1735 quos
1357 1663 1549 1734 perdet
1580 1663 1851 1735 completo
1871 1678 2039 1753 nu-B
2145 1662 2314 1717 Vens.
2361 1666 2448 1719 12.
2480 1691 2549 1704 --
2599 1663 2740 1718 Auri
2786 1666 2841 1718 et
2887 1663 3130 1734 argenti,
3177 1671 3278 1718 etc.
3321 1662 3428 1717 Per
3475 1677 3669 1718 aurum

366 1768 524 1808 mero
553 1752 867 1823 impiorum.
890 1754 961 1807 Et
976 1753 1212 1808 nudam.
1237 1751 1493 1807 Diabolus
1516 1752 1680 1807 habet
1698 1760 1970 1823 protesta-

367 1849 479 1896 tem
501 1840 738 1896 faciendi
760 1841 915 1914 signa
937 1840 1006 1895 ad
1027 1840 1426 1911 decipiendum,
1450 1841 1591 1896 hanc
1609 1842 1800 1912 perdet
1821 1857 1969 1898 com-

369 1929 520 2002 pleto
551 1945 777 1985 numero
807 1929 1094 1994 bonorum,
1130 1944 1257 2000 quia
1287 1935 1479 2000 postea
1498 1930 1720 1986 tcntatio
1751 1946 1858 1985 non
1877 1932 1970 1984 ha-

367 2019 518 2075 bebit
546 2011 747 2076 locum.
777 2019 1004 2074 Carnes.
1040 2017 1247 2072 Carnes
1286 2017 1593 2074 fornicarize
1636 2019 1969 2075 manducare

367 2107 642 2175 dicuntur,
677 2106 805 2179 quia
832 2105 1130 2162 inferendis
1157 2106 1334 2178 pmnis
1364 2106 1794 2163 delectabantur.

443 2199 575 2270 Igne
605 2197 1064 2254 concremabunt.
1101 2196 1160 2250 Id
1189 2202 1289 2266 est,
1322 2197 1800 2252 tormentabuntur
1833 2213 1968 2270 pro-

369 2285 820 2342 delectationibus
851 2285 966 2356 ejus
998 2300 1132 2356 quas
1161 2284 1331 2340 secuti
1361 2292 1504 2339 sunt.

444 2375 614 2430 Vens.
664 2376 751 2430 17.
801 2404 871 2415 -
917 2376 1102 2430 Donec
1142 2377 1610 2430 consummentur
1654 2374 1834 2431 verba.
1888 2374 1969 2430 De

371 2462 741 2535 promissione
771 2461 1125 2534 premiorum
1150 2461 1239 2518 vel
1257 2478 1558 2534 poenarum.

934 2676 1161 2734 CAPUT
1209 2674 1404 2732 XVIII.

442 2838 613 2894 Vens.
647 2840 698 2892 1.
731 2865 801 2877 --
830 2837 900 2891 Et
925 2840 1053 2909 post
1075 2837 1191 2892 hcec
1207 2836 1340 2891 vidi.
1363 2834 1425 2890 In
1443 2834 1547 2890 hac
1567 2841 1718 2889 sexta
1737 2833 1966 2900 visione,

368 2925 485 2999 agit
515 2926 583 2982 de
605 2924 810 2981 ultimis
829 2924 1006 2996 pmnis
1037 2940 1172 2997 quas
1201 2924 1471 2995 patientur
1489 2923 1640 2995 impii
1672 2923 1726 2977 in
1756 2922 1968 2978 inferno

365 3031 472 3089 pro
506 3014 738 3088 singulis
757 3013 995 3086 peccatis
1029 3033 1043 3082 ;
1074 3021 1128 3069 et
1172 3013 1409 3086 primum
1457 3013 1526 3068 de
1573 3011 1846 3084 Babylone
1885 3028 1969 3068 os-
1992 3050 2042 3113 Ο

366 3104 542 3161 tendit
574 3122 588 3171 ;
622 3112 814 3175 postea
852 3103 922 3159 de
951 3101 1126 3158 bestia
1168 3110 1222 3157 et
1270 3099 1759 3173 pseudoprOplietis
1795 3119 1809 3168 ;
1841 3108 1966 3156 tan-

367 3194 492 3248 dem
523 3193 592 3248 de
622 3191 741 3264 ipso
766 3191 984 3248 diabolo
1013 3191 1070 3246 in
1099 3206 1205 3263 quo
1235 3187 1359 3245 finis
1387 3197 1555 3261 patet,
1587 3189 1643 3245 in
1687 3206 1794 3262 quo
1815 3189 1966 3245 dam-

366 3291 498 3339 nato
529 3281 634 3338 erit
661 3280 805 3336 ﬁnis.
839 3282 1002 3336 Istam
1035 3279 1435 3335 damnationem
1455 3287 1840 3351 prosecuturus
1859 3287 1961 3349 est,

361 3355 424 3428 et
443 3386 478 3426 a
509 3371 720 3428 Christo
748 3369 1102 3443 praedicatam
1125 3383 1248 3425 esse
1275 3366 1424 3437 dicit,
1459 3375 1515 3422 ut
1542 3369 1718 3438 major
1747 3367 1798 3425 ei
1828 3365 1965 3425 fides

367 3460 657 3520 habeatur.

440 3549 614 3604 Vens.
639 3553 693 3607 2.
722 3577 791 3589 --
825 3545 1054 3612 Cecidit,
1079 3547 1302 3603 cecidit.
1333 3544 1422 3600 Bis
1449 3561 1551 3616 pro
1581 3544 1783 3617 duplici
1809 3545 1964 3600 dam-

365 3637 586 3693 natione
615 3636 811 3692 animae
849 3645 902 3691 et
931 3634 1198 3706 corporis,
1224 3633 1311 3689 vel
1343 3633 1467 3707 quia
1494 3634 1828 3691 aeternaliter
1856 3650 1962 3706 pu-

364 3727 563 3782 nietur.
604 3725 865 3784 Custodia
887 3726 1070 3781 omnis
1091 3725 1327 3796 spiritus
1347 3723 1650 3779 immundi.
1675 3723 1963 3779 Daemones

364 3815 422 3871 in
460 3815 645 3886 pravis
698 3814 958 3870 cordibus
1003 3829 1105 3884 pro
1153 3812 1333 3868 carnis
1371 3811 1642 3868 illecebris
1691 3818 1818 3866 sunt
1862 3810 1964 3866 im-

365 3903 575 3968 mundi,
607 3919 704 3975 per
733 3902 931 3958 mentis
963 3901 1252 3957 elationem
1280 3900 1554 3968 volucres,
1593 3899 1683 3956 vel
1704 3899 1838 3972 quia
1861 3916 1962 3972 per

366 3993 511 4049 hunc
531 4008 720 4048 aerem
741 3992 1068 4048 discurrunt.

434 4082 607 4138 Vens.
640 4085 692 4136 3.
725 4110 796 4122 —
831 4082 908 4136 De
955 4080 1186 4135 virtute.
1234 4077 1296 4134 Id
1331 4085 1414 4134 est
1456 4077 1526 4134 de
1573 4077 1814 4150 peccatis
1861 4093 1962 4150 per

365 4187 488 4243 quae
516 4169 872 4242 acquiruntur
901 4167 1122 4238 divitiae,
1159 4166 1287 4240 quia
1315 4167 1494 4223 omnis
1523 4167 1698 4238 dives,
1732 4166 1819 4224 vel
1865 4165 1963 4222 ini-

365 4275 526 4332 quus,
559 4258 647 4314 vel
676 4259 854 4313 haeres
883 4256 1076 4328 iniqui.

432 4349 604 4403 Vens.
638 4349 692 4402 4.
722 4377 794 4389 -
826 4348 892 4402 Et
910 4345 1102 4402 audivi
1122 4385 1136 4399 .
1166 4343 1366 4401 Dicens
1386 4343 1623 4400 futuram
1643 4343 1794 4401 illam
1812 4343 1960 4400 dam-

360 4435 638 4493 nationem
683 4435 756 4492 ad
810 4441 1131 4506 praesentes,
1201 4433 1460 4504 supponit
1504 4435 1949 4490 admonitionem.
1976 4409 2031 4470 D

357 4527 550 4594 Exite,
583 4525 706 4598 quia
734 4524 1008 4580 modicum
1038 4531 1249 4595 tempus
1279 4531 1545 4594 superest,
1563 4539 1686 4596 quo
1716 4539 1817 4595 pro
1845 4539 1955 4580 me-

360 4615 466 4669 rito
497 4614 766 4685 accipient
794 4612 1124 4669 mercedem.

431 4703 605 4758 Vens.
639 4705 690 4757 5.
720 4731 789 4746 -
819 4701 1096 4770 Quoniam
1123 4705 1505 4774 pervenerunt
1540 4706 1791 4774 peccata,
1844 4709 1947 4756 etc.

359 4792 590 4847 Peccata
618 4790 939 4862 perveniunt
971 4807 1145 4863 usque
1175 4791 1246 4846 ad
1289 4797 1661 4862 contemptum
1704 4789 1806 4844 Dei
1852 4805 1951 4861 per

357 4881 830 4953 impuenitcntiam.

429 4970 602 5026 Vens.
636 4971 686 5024 6.
720 4999 789 5011 -—
808 4968 1041 5025 Reddite
1071 4969 1180 5024 illi.
1205 4999 1273 5008 —
1291 4967 1440 5025 Sicut
1460 4967 1752 5023 vindictam
1771 4981 1950 5022 meam

357 5057 427 5114 de
457 5059 634 5126 vobis,
666 5058 759 5131 qui
788 5057 1118 5132 purgamini,
1167 5057 1427 5123 exercuit,
1463 5057 1541 5112 sic
1570 5072 1666 5112 vos
1697 5057 1951 5126 injuriam

357 5162 536 5204 meam
567 5147 837 5203 vindicate
866 5147 920 5202 in
949 5147 1074 5202 illis.
1107 5147 1409 5220 Duplieate
1446 5147 1717 5219 duplicia,
1767 5146 1824 5201 id
1869 5154 1951 5202 est

355 5236 552 5293 animae
580 5243 632 5292 et
660 5236 875 5310 corpori
901 5237 1137 5307 majores
1179 5251 1374 5309 poenas
1396 5234 1589 5291 inferte
1635 5250 1800 5308 quam
1845 5234 1950 5308 ipsi

356 5325 532 5382 vobis.

425 5415 597 5470 Vens.
622 5416 678 5470 7.
697 5443 765 5455 —-
788 5415 1077 5482 Quantum
1097 5414 1436 5487 gloriﬁcavit
1449 5429 1526 5483 se,
1542 5420 1646 5470 etc.
1667 5412 1782 5469 Hoc
1804 5421 1949 5469 recte

354 5502 571 5572 dicitur,
603 5502 733 5578 quia
761 5502 1030 5577 recipiunt
1068 5502 1159 5560 alii
1206 5503 1348 5576 plus,
1401 5502 1490 5558 alii
1523 5501 1722 5558 minus.
1773 5502 1950 5558 Causa

353 5591 698 5651 discretionis
725 5593 885 5664 hujus
915 5592 1112 5666 repetit
1139 5592 1285 5666 quod
1313 5591 1526 5649 dixerat
1573 5589 1846 5665 superius.
1878 5593 1949 5650 Et

2067 1750 2350 1822 sapientia,
2385 1757 2673 1824 argentum
2703 1751 2891 1806 divina
2921 1751 3153 1823 eloquia.
3191 1750 3438 1806 Christus
3486 1751 3540 1806 in
3587 1751 3670 1806 la-

2067 1839 2194 1911 pide
2230 1840 2472 1910 pretioso
2505 1840 2838 1910 significatur
2868 1858 2882 1905 ;
2925 1839 3154 1910 apostoli
3201 1839 3256 1894 in
3302 1840 3620 1911 margaritis
3653 1857 3670 1894 :

2066 1927 2125 1982 in
2156 1927 2321 1998 bysso
2351 1927 2586 1982 candido
2616 1936 2932 1983 sanctorum
2957 1927 3369 1996 justiﬁcationes
3404 1947 3418 1994 ;
3453 1928 3508 1982 in
3546 1945 3673 2000 pur-

2067 2031 2202 2087 pura
2233 2016 2553 2086 martyrium
2585 2035 2600 2082 ;
2635 2017 2692 2070 in
2723 2017 2900 2072 serico
2930 2015 3215 2088 virginitas
3249 2035 3262 2081 ;
3295 2016 3350 2069 in
3381 2031 3544 2072 cocco
3575 2033 3673 2070 ru-

2069 2104 2173 2160 beo
2203 2105 2439 2160 charitas
2472 2123 2487 2173 ;
2522 2105 2577 2159 in
2629 2105 2782 2178 ligno
2832 2106 3016 2176 thyino
3055 2105 3374 2176 imputribili
3419 2112 3676 2160 constan-

2069 2193 2140 2248 tia
2169 2193 2493 2249 indeﬁciens
2529 2213 2546 2261 ;
2580 2194 2634 2248 in
2663 2195 2829 2249 ebore
2876 2194 3128 2249 virtutum
3177 2193 3525 2265 pulchritudo
3557 2212 3572 2262 ;
3620 2194 3677 2248 in

2069 2297 2180 2337 aere
2211 2281 2470 2338 fortitudo
2502 2289 2552 2337 et
2580 2281 2971 2355 longanimitas
3004 2301 3018 2348 ;
3070 2282 3127 2336 in
3175 2281 3324 2337 ferro
3366 2281 3674 2338 sublimita-

2068 2370 2139 2425 tis
2167 2386 2397 2426 acumen
2430 2389 2444 2438 ;
2478 2371 2533 2426 in
2562 2386 2835 2427 marmore
2865 2372 3066 2427 invicta
3094 2371 3391 2426 humilitas.

2140 2460 2311 2515 Vens.
2349 2463 2436 2514 13.
2469 2489 2538 2500 —
2572 2460 3026 2515 Cinnamomum.
3054 2460 3112 2513 In
3143 2459 3511 2526 cinnamomo,
3535 2459 3671 2514 odor

2068 2547 2326 2603 virtutem
2371 2563 2507 2620 quas
2555 2548 2810 2602 simulant
2848 2547 3081 2620 intelligi
3123 2548 3307 2604 debet.
3359 2549 3573 2604 Simila:
3611 2553 3668 2604 et

2071 2638 2271 2704 tritici,
2302 2636 2361 2690 id
2391 2645 2474 2692 est
2503 2653 2666 2692 carne
2698 2637 2917 2703 Christi,
2955 2653 3058 2707 qua
3089 2636 3278 2691 fideles
3305 2652 3432 2691 vere
3454 2637 3668 2691 satian-

2067 2731 2174 2791 tur,
2208 2725 2428 2795 reprobi
2457 2725 2748 2780 irritantur.
2787 2726 3191 2798 Mancipiorum
3221 2730 3279 2782 et
3304 2727 3655 2782 animarum.

2068 2813 2362 2886 Distinguit
2394 2829 2408 2869 :
2442 2815 2569 2886 quia
2595 2814 2818 2886 quidam
2835 2813 2966 2868 fiunt
2987 2814 3130 2870 servi
3170 2822 3379 2869 tantum
3419 2830 3666 2885 corpore,

2068 2909 2127 2956 ut
2180 2902 2427 2972 Ioseph;
2483 2903 2702 2974 quidam
2767 2903 2930 2958 etiam
2994 2903 3197 2969 animo,
3256 2911 3316 2957 ut
3373 2904 3420 2958 si
3497 2903 3664 2976 Egy-

2068 2990 2213 3061 ptius
2245 2991 2492 3046 venditus
2520 2991 2727 3056 Iudaeo,
2760 2992 2867 3047 ritu
2895 3007 3082 3048 eorum
3111 2991 3552 3073 cirqumcidatur,
3575 2991 3664 3049 vel

2064 3094 2407 3153 paganorum
2439 3080 2585 3135 idola
2613 3080 2769 3136 colat.

2136 3195 2309 3250 Vens.
2338 3198 2427 3252 20.
2450 3225 2520 3236 -
2538 3197 2840 3251 Exsultate
2861 3212 3029 3268 super
3049 3211 3192 3251 eam.
3216 3195 3507 3268 Postquam
3522 3211 3660 3267 prte-

2064 3283 2198 3340 dixit
2225 3284 2367 3340 hanc
2395 3284 2802 3340 damnationem
2833 3284 3069 3339 futuram
3097 3284 3298 3355 impiis,
3323 3292 3510 3340 monet
3557 3285 3662 3341 bo-

2063 3389 2165 3430 nos
2212 3373 2500 3439 exsultare,
2551 3383 2610 3428 ut
2655 3375 2992 3430 concordent
3039 3374 3224 3429 divino
3255 3374 3508 3444 judicio;
3568 3373 3658 3430 vel

2065 3463 2211 3535 quia,
2244 3463 2328 3517 his
2357 3461 2646 3530 damnatis,
2682 3463 2926 3534 sequitur
2946 3479 3137 3518 eorum
3166 3463 3561 3518 remuneratio.

2133 3551 2304 3606 Vens.
2340 3554 2427 3608 21.
2460 3581 2530 3592 -
2559 3553 2630 3606 Et
2656 3553 2913 3606 sustulit.
2943 3551 3133 3606 Elevat
3164 3553 3310 3607 Deus
3353 3551 3547 3621 malos,
3600 3559 3660 3606 ut

2063 3639 2285 3712 gravius
2305 3639 2492 3710 puniat
2522 3639 2610 3693 vel
2638 3647 2912 3695 corruant.
2944 3641 3210 3712 Lapidem
3251 3642 3412 3713 quasi
3468 3641 3656 3697 mola-

2061 3744 2203 3784 rem.
2235 3727 2320 3782 Ad
2349 3727 2583 3782 litteram
2613 3729 2774 3784 etiam
2804 3727 2988 3783 omnia
3021 3729 3122 3782 ista
3165 3728 3281 3784 visa
3341 3737 3487 3784 sunt.
3547 3731 3656 3786 Hoc

2062 3818 2295 3889 impetu.
2345 3817 2638 3888 Postquam
2697 3816 2983 3887 descriptae
3034 3823 3158 3872 sunt
3187 3817 3416 3889 singulae
3460 3833 3655 3888 pcenaa,

2062 3905 2368 3961 ostenditur
2396 3904 2500 3958 sibi
2530 3905 2724 3960 modus
2755 3904 3140 3970 damnationis,
3201 3905 3357 3977 quasi
3395 3905 3604 3962 diceret
3645 3923 3660 3961 :

2061 3992 2222 4063 Quod
2252 3994 2361 4049 vidi
2391 3993 2732 4064 prardictum,
2765 3994 2874 4049 vidi
2908 3993 3070 4049 etiam
3093 3995 3210 4064 jam
3238 3993 3542 4066 impletum,
3585 3995 3661 4050 si-

2059 4077 2149 4138 cut
2179 4082 2336 4138 vides
2365 4082 2418 4137 in
2449 4083 2554 4138 hac
2598 4082 2812 4156 ﬁgura;
2845 4083 2934 4139 vel
2964 4100 2978 4138 :
3025 4091 3230 4156 quanto
3273 4082 3397 4156 plus
3441 4081 3658 4140 exaltati

2061 4179 2240 4241 erunt,
2275 4178 2426 4228 tanto
2457 4172 2681 4246 gravius
2697 4171 2913 4229 cadent.

2647 4353 2871 4411 CAPUT
2909 4353 3063 4410 XIX.

2137 4505 2307 4563 Vens.
2340 4511 2393 4564 1.
2423 4536 2494 4549 -
2531 4510 2663 4566 Post
2692 4510 2807 4565 haec
2833 4508 3045 4567 audivi.
3091 4507 3152 4564 Id
3196 4516 3301 4575 est,
3351 4508 3657 4566 damnatio-

2065 4610 2192 4651 nem
2218 4595 2487 4652 malorum
2516 4597 2626 4652 vidi
2655 4597 3000 4668 completam,
3036 4597 3176 4653 sicut
3203 4612 3237 4654 a
3288 4597 3506 4654 Christo
3553 4615 3655 4654 au-

2063 4682 2272 4740 dieram
2301 4685 2700 4756 complendam.
2734 4686 2895 4740 Modo
2929 4686 3206 4758 subjungit
3247 4686 3393 4758 quod
3439 4687 3508 4743 de
3557 4688 3659 4743 ista

2061 4771 2408 4829 damnatione
2440 4774 2614 4829 sancti
2645 4773 2913 4829 exsultant
2961 4775 3099 4830 sicut
3144 4775 3336 4831 moniti
3385 4784 3542 4832 erant
3589 4775 3658 4832 ad

2060 4861 2440 4917 exsultandum
2468 4861 2521 4916 in
2551 4879 2714 4916 versu
2745 4863 2838 4917 illo
2873 4879 2885 4918 :
2935 4863 3236 4920 Exsultate
3281 4881 3449 4936 super
3506 4882 3651 4932 eam,

2059 4952 2205 5017 caeli,
2235 4967 2336 5022 per
2365 4951 2508 5022 quod
2537 4951 2706 5006 multo
2763 4952 2986 5025 gravior
3013 4952 3334 5026 intelligitur
3348 4970 3510 5026 pmna
3530 4971 3652 5009 ma-

2057 5037 2252 5094 lorum.
2304 5040 2574 5112 Alleluia,
2606 5049 2710 5097 etc.
2735 5041 2864 5098 Ideo
2888 5041 3117 5098 dicimus
3139 5041 3371 5110 alleluia,
3393 5043 3518 5115 quia
3535 5043 3655 5100 laus

2059 5135 2139 5184 est
2170 5130 2284 5183 Deo
2311 5136 2524 5194 nostro,-
2581 5137 2634 5184 et
2685 5130 2810 5202 quia
2856 5131 2982 5186 talia
3031 5131 3190 5190 nobis
3228 5130 3374 5201 fecit,
3421 5141 3653 5192 antono-

2055 5217 2279 5273 mastice
2310 5233 2435 5273 eum
2464 5217 2688 5274 laudare
2723 5219 3005 5276 debemus.

2125 5332 2296 5386 Vens.
2331 5334 2384 5388 4.
2408 5362 2478 5376 —-
2512 5335 2582 5389 Et
2610 5333 2940 5390 ceciderunt
2957 5335 3224 5401 seniores,
3261 5343 3369 5392 etc.
3404 5338 3528 5392 Non
3547 5336 3649 5390 mi-

2053 5435 2216 5476 nores
2249 5421 2421 5476 sancti
2452 5421 2794 5477 solummodo
2825 5422 2894 5478 de
2923 5423 3028 5479 hac
3075 5424 3416 5480 damnatione
3449 5424 3646 5479 lauda-

2052 5516 2247 5566 verunt
2275 5509 2469 5578 Deum,
2506 5511 2606 5567 sed
2635 5511 2797 5567 etiam
2817 5511 2896 5567 illi
2923 5512 3160 5584 majores
3191 5513 3285 5586 qui
3312 5512 3368 5569 in
3397 5511 3645 5568 Ecclesia

2049 5597 2266 5657 fuerunt
2286 5597 2500 5670 iudices
2529 5607 2584 5658 et
2610 5600 2869 5659 doctores
2895 5600 3150 5661 aliorum.
3187 5602 3383 5659 Amen.
3433 5599 3648 5672 Specia-
