3968 6176
344 251 448 308 Ἣτ3

832 248 1237 308 WALAFRIDI
1275 251 1520 309 STRABI
1557 248 1755 308 FULD.
1795 247 1969 308 MON.
2009 246 2163 309 OPP.
2203 249 2380 309 PARS
2417 250 2461 306 Ι.
2502 280 2571 293 -
2607 249 3078 308 THEOLOGICA.

3551 251 3664 306 7η

348 375 471 432 liter
499 375 646 430 Deus
666 373 969 432 laudandus
991 384 1074 432 est
1104 377 1174 434 de
1201 377 1324 444 hoc,
1351 376 1498 448 quod
1541 375 1792 434 inimicos
1819 375 2014 436 nos-A
2121 375 2297 431 Vens.
2334 378 2420 432 17.
2453 407 2521 416 -
2548 377 2621 432 Et
2650 376 2764 432 vidi
2779 392 2961 432 unum
2977 375 3270 448 angelum.
3290 373 3524 431 Ostensa
3541 374 3667 447 dig-

347 472 464 521 tros
491 463 564 517 ita
591 471 766 533 punit.

418 551 591 608 Vens.
623 557 675 609 5.
707 583 778 598 -
807 554 876 608 Et
908 571 1034 621 vox,
1069 562 1176 610 etc.
1207 554 1366 610 Dicta
1410 555 1762 610 damnatione
1817 569 1942 609 ma-

347 640 523 696 lorum
551 649 602 697 et
633 642 988 698 exsultatione
1019 651 1354 711 sanctorum,
1378 644 1632 715 supponit
1687 643 1942 699 admoni-

346 729 549 785 tionem
580 731 647 785 ad
685 739 1005 802 praesentes,
1039 731 1194 804 quasi
1226 732 1404 788 dicat:
1439 733 1664 788 Vidistis
1700 733 1942 788 exsulta-

347 817 568 885 tionem,
600 820 764 875 modo
787 835 884 875 vos
935 821 1220 891 providete
1255 821 1413 876 vobis
1451 821 1523 876 ad
1571 829 1807 877 vestram
1857 837 1942 876 sa-

347 906 532 963 lutem.
556 909 782 964 Pusilli.
821 907 926 976 Qui
960 917 1238 982 nequeunt
1265 909 1456 964 altiora
1503 919 1800 982 penetrare
1831 926 1946 982 my-

347 996 531 1060 steria,
565 1012 666 1053 nec
695 998 796 1053 Dei
809 1006 1057 1068 possunt
1093 999 1322 1070 implere
1363 999 1654 1055 consilium
1687 1017 1702 1053 :
1768 1000 1943 1056 Vende

345 1086 555 1152 omnia,
583 1089 638 1141 et
667 1102 898 1160 sequere
924 1103 1036 1154 me,
1084 1086 1467 1161 intelliguntur
1514 1088 1734 1145 nomine
1780 1087 1946 1160 pusil-

343 1171 540 1228 lorum.

415 1262 586 1318 Vens.
620 1265 672 1317 6.
705 1296 773 1306 —
805 1265 878 1321 Et
904 1265 1097 1321 audivi
1125 1267 1286 1338 quasi
1325 1282 1531 1332 vocem,
1565 1274 1672 1322 etc.
1708 1264 1945 1322 Ostensa

342 1349 529 1406 laetitia
560 1367 721 1424 quam
768 1351 1040 1408 habebant
1082 1354 1257 1410 sancti
1303 1354 1372 1410 de
1415 1354 1722 1426 perditione
1763 1353 1942 1410 malo-

343 1455 487 1506 rum,
523 1441 782 1511 supponit
807 1441 970 1496 aliam
998 1441 1239 1498 laetitiam
1274 1443 1521 1514 ipsorum
1553 1459 1718 1515 quam
1747 1443 1816 1498 de
1838 1443 1944 1498 sal-

343 1527 556 1584 vatione
593 1546 689 1584 sua
710 1530 898 1602 (quam
929 1531 1171 1586 dicturus
1191 1532 1294 1602 est)
1324 1533 1619 1587 habebunt.

419 1619 588 1672 Vens.
624 1621 676 1672 7.
709 1621 867 1674 —Et
902 1637 1052 1676 uxor
1081 1623 1222 1692 ejus,
1256 1628 1360 1676 etc.
1403 1621 1473 1675 Et
1500 1621 1832 1676 conveniens
1862 1629 1946 1676 est

2038 463 2211 520 nitate
2259 464 2478 531 Christi,
2515 481 2616 536 per
2637 480 2802 537 quam
2831 464 3108 521 diabolum
3137 479 3460 536 expugnare
3508 471 3673 534 pote-

2041 553 2134 619 rit,
2193 553 2380 608 subdit
2409 554 2833 609 admonitionem
2863 553 2931 608 de
2951 553 3228 625 praesenti,
3250 553 3404 623 quasi
3425 551 3671 608 diceret:

2037 642 2142 713 ipsi
2172 643 2264 697 tali
2295 643 2579 698 adharere
2609 643 2841 699 debetis.
2910 643 3182 699 Omnibus
3225 642 3437 697 avibus.
3487 639 3677 696 Omni-

2043 731 2145 785 bus
2188 729 2450 786 fidelibus
2483 732 2574 803 qui
2601 731 2774 804 agiles
2807 738 2861 786 et
2889 730 3041 787 leves
3073 737 3196 785 sunt
3226 730 3281 784 in
3323 730 3674 801 promotione

2041 819 2316 875 bonorum
2363 835 2612 891 operum.
2661 821 2869 888 Venite,
2901 829 3004 876 etc.
3055 819 3201 874 Bene
3253 819 3554 889 operando,
3609 817 3673 872 in

2040 909 2233 964 eadem
2271 907 2404 975 ﬁde,
2460 925 2570 963 non
2615 909 2872 964 diversas
2914 909 3152 963 haereses
3191 916 3484 979 sequentes
3528 907 3674 961 sicut

2041 997 2166 1051 mali
2203 1017 2216 1063 ;
2251 997 2338 1053 vel
2372 1016 2385 1052 :
2449 998 2517 1052 de
2546 997 2795 1069 partibus
2822 996 3008 1052 mundi
3050 995 3283 1052 diversis
3329 996 3398 1050 ad
3438 1011 3530 1052 me
3572 1011 3674 1051 ve-

2041 1085 2172 1140 nite.
2207 1088 2277 1141 Et
2305 1087 2750 1159 congregamini.
2809 1084 3017 1155 Quasi:
3049 1083 3275 1139 Multum
3296 1083 3510 1139 debetis
3538 1099 3669 1140 esse

2041 1174 2278 1243 solliciti,
2346 1184 2403 1230 ut
2431 1175 2497 1230 ad
2528 1175 2671 1231 hanc
2699 1188 2914 1232 coenam
2945 1174 3133 1230 venire
3158 1173 3396 1245 possitis,
3417 1172 3675 1245 quianisi

2041 1264 2182 1320 bene
2208 1264 2600 1337 pugnaveritis,
2625 1263 2846 1320 diabolo
2889 1263 3256 1321 succumbetis
3289 1281 3305 1330 ;
3351 1262 3481 1335 quia
3518 1261 3664 1318 mul-

2043 1359 2156 1408 tum
2197 1360 2419 1424 paratus
2456 1361 2538 1408 est
2581 1369 2781 1410 nocere
2843 1352 3021 1420 vobis,
3064 1368 3188 1409 eum
3229 1359 3414 1407 tamen
3457 1351 3664 1407 auxilio

2044 1441 2144 1496 Dei
2175 1457 2440 1514 superare
2469 1441 2738 1513 poteritis.

2117 1531 2286 1585 Vens.
2315 1535 2404 1588 20.
2437 1561 2508 1571 -—
2544 1531 2656 1586 Vivi
2715 1532 2882 1587 missi
2939 1533 3075 1587 sunt
3123 1529 3183 1586 hi
3223 1527 3350 1586 duo.
3383 1527 3656 1585 Videlicet

2041 1619 2404 1675 Antichristus
2429 1628 2482 1674 et
2513 1620 2594 1674 sui
2643 1619 2870 1691 apostoli
2909 1620 3146 1688 majores
3205 1633 3397 1689 poenas
3442 1617 3650 1689 patien-

348 1714 405 1761 ut
428 1707 699 1778 jungatur
725 1707 977 1764 Ecclesia
1008 1709 1245 1774 Christo,
1279 1709 1405 1781 quia
1431 1709 1548 1781 ipsa
1587 1711 1838 1767 Ecclesia
1865 1711 1945 1766 fe-
1967 1737 2021 1796 B
2057 1716 2145 1763 tur
2174 1725 2336 1780 quam
2367 1709 2480 1776 alii,
2511 1709 2581 1764 ad
2611 1708 3019 1764 similitudinem
3038 1707 3183 1763 illius
3211 1707 3302 1781 qui
3332 1707 3488 1763 vivus
3509 1723 3653 1763 com-

354 1795 426 1850 cit
457 1811 516 1850 se
546 1795 800 1851 idoneam
833 1805 889 1851 ut
921 1798 1279 1868 reciperetur.

422 1883 592 1938 Vens.
621 1887 708 1939 10.
744 1915 812 1925 -
844 1887 914 1940 Et
945 1887 1140 1948 cecidi,
1185 1894 1286 1941 etc.
1337 1885 1474 1956 Quia
1521 1903 1646 1941 cum
1692 1888 1958 1957 majorem

355 1987 442 2026 me
465 1971 726 2050 intellexi,
761 1981 814 2029 et
842 1973 1068 2029 obedire
1102 1983 1324 2045 paratus
1354 1975 1450 2040 fui,
1485 1975 1563 2030 sic
1594 1984 1647 2031 et
1678 1993 1774 2032 vos
1817 1977 1954 2032 obe-

352 2059 464 2116 dite
490 2061 640 2118 mihi.
682 2063 806 2117 Vide
837 2079 908 2117 ne
939 2065 1166 2134 feceris.
1201 2065 1261 2118 In
1289 2064 1460 2120 veteri
1507 2063 1630 2137 lege
1678 2080 1786 2120 non
1832 2082 1958 2137 pro-

357 2149 533 2204 hibuit
561 2165 620 2204 se
651 2150 920 2216 adorari;
951 2151 1046 2206 sed
1078 2160 1201 2222 post
1231 2153 1628 2222 ascensionem,
1649 2153 1842 2209 videns
1862 2172 1953 2209 su-

353 2253 456 2308 per
482 2255 540 2294 se
563 2239 854 2294 exaltatum
875 2240 1170 2309 hominem,
1193 2242 1263 2296 ab
1278 2242 1497 2297 homine
1518 2242 1694 2297 timuit
1707 2243 1948 2300 adorari.

425 2329 829 2385 Testimonium
849 2330 1023 2396 enim,
1059 2337 1163 2386 etc.
1218 2329 1498 2403 Quidquid
1537 2332 1823 2405 prophetae
1879 2333 1956 2388 di-

356 2424 570 2486 xerunt,
605 2417 858 2489 perhibet
890 2418 1104 2474 Christo
1129 2419 1515 2475 testimonium.

422 2527 589 2582 VEns.
616 2530 703 2584 11.
725 2557 795 2568 -
824 2529 893 2583 Et
908 2529 1023 2584 vidi
1051 2531 1254 2586 caelum
1287 2535 1571 2602 apertum.
1601 2531 1760 2587 Dicta
1792 2531 1952 2587 dam-

343 2615 560 2672 natione
589 2616 964 2688 Babylonis,et
997 2619 1361 2674 exsultatione
1393 2635 1558 2690 quam
1603 2620 1730 2676 inde
1775 2621 1948 2676 habe-

346 2705 482 2759 bunt
525 2705 716 2771 sancti,
791 2707 1049 2777 supponit
1110 2707 1520 2763 damnationem
1579 2707 1750 2778 ipsius
1803 2709 1950 2764 Anti-

357 2793 550 2848 christi
577 2803 631 2848 et
658 2795 1035 2865 apostolorum
1080 2797 1216 2865 ejus,
1269 2797 1414 2867 quod
1459 2804 1542 2851 est
1590 2796 1665 2850 ibi
1697 2813 1709 2851 :
1742 2799 1813 2851 Et
1842 2815 1947 2869 ap-

339 2884 621 2954 prehensa
649 2888 732 2940 est
773 2885 968 2939 bestia.
1028 2885 1097 2938 Et
1125 2885 1232 2954 isti,
1265 2902 1432 2956 quare
1487 2885 1891 2940 damnabuntur
1917 2887 1948 2941 τ

349 2970 481 3042 quia
505 2981 886 3042 pugnaverunt
915 2979 1110 3028 contra
1143 2973 1417 3027 Christum
1462 2981 1720 3045 quantum
1761 2982 1948 3045 potue-

342 3067 486 3126 runt,
519 3067 570 3116 et
599 3067 779 3115 tamen
807 3061 1055 3115 Christus
1086 3061 1224 3116 bene
1243 3061 1439 3132 poterit
1455 3061 1694 3129 vincere,
1720 3063 1812 3134 qui
1839 3070 1950 3118 tan-
1969 3091 2018 3155 Ο

343 3156 454 3202 tam
485 3148 646 3202 habet
669 3156 996 3220 potestatem
1033 3151 1334 3204 secundum
1379 3149 1713 3205 divinitatem
1746 3160 1799 3207 et
1852 3153 1924 3208 hu

343 3235 677 3302 manitatem,
710 3237 856 3308 quod
887 3236 1068 3291 nullus
1098 3238 1272 3307 possit
1308 3237 1564 3293 resistere
1613 3238 1682 3309 ei,
1733 3247 1786 3295 et
1818 3240 1942 3297 ideo

345 3324 611 3380 debemus
641 3341 765 3380 eum
785 3325 1018 3400 imitari.
1053 3326 1207 3382 Unde
1238 3335 1290 3382 et
1341 3327 1459 3398 ipse
1515 3328 1942 3386 admonitionem

341 3412 686 3484 interponit:
720 3416 790 3470 Et
840 3415 955 3472 vidi
997 3433 1179 3472 unum
1225 3419 1510 3489 angelum.
1545 3417 1670 3473 Vidi
1718 3427 1942 3475 vocatos

345 3501 416 3557 ad
437 3502 672 3572 nuptias,
706 3502 816 3558 vidi
846 3503 1008 3558 etiam
1040 3513 1094 3560 et
1141 3505 1232 3576 qui
1268 3513 1496 3576 possunt
1542 3507 1732 3564 venire
1771 3525 1785 3562 :
1817 3524 1943 3562 nam

344 3589 548 3644 bonum
607 3592 905 3662 adjutorem
955 3602 1008 3648 et
1067 3593 1240 3650 bonos
1296 3595 1500 3650 habent
1547 3596 1939 3653 admonitores.

344 3679 531 3752 Equus
561 3681 742 3748 albus,
774 3681 830 3736 id
880 3690 964 3737 est
1011 3698 1139 3738 caro
1187 3683 1389 3738 Christi
1432 3693 1657 3756 portans
1703 3685 1942 3741 Verbum

343 3767 443 3822 Dei
475 3768 545 3823 ad
579 3768 779 3824 bellum
809 3778 1003 3826 contra
1032 3771 1331 3827 diabolum.

412 3856 582 3912 Vens.
632 3861 718 3916 12.
750 3890 819 3900 -
848 3861 1006 3917 Sicut
1039 3862 1274 3929 ﬂamma
1308 3863 1480 3933 ignis.
1539 3861 1679 3930 Quia
1723 3862 1944 3918 combu-

343 3945 412 4002 rit
440 3945 590 4013 vitia,
621 3955 672 4001 et
704 3949 974 4014 accendit,
1007 3957 1061 4003 et
1093 3949 1379 4004 illuminat.
1429 3951 1556 4006 Haac
1599 3950 1786 4006 omnia
1822 3951 1942 4006 sine

344 4043 598 4106 respectu
626 4035 858 4104 alicujus
890 4037 1036 4092 dicta
1067 4045 1211 4107 sunt,
1233 4045 1291 4092 ut
1308 4045 1511 4092 tantum
1543 4046 1796 4095 notemus
1817 4055 1943 4109 qua-

343 4122 412 4178 lis
442 4123 510 4178 sit
540 4130 594 4178 et
625 4131 825 4194 quanta
855 4125 1046 4196 possit.

417 4225 586 4281 Vens.
621 4227 708 4280 13.
740 4255 812 4266 -
847 4228 1077 4282 Verbum
1096 4228 1215 4283 Dei.
1252 4226 1311 4282 Id
1341 4234 1468 4283 est:
1514 4228 1634 4300 Ipse
1663 4228 1832 4294 dixit,
1885 4233 1943 4286 et

345 4316 504 4384 facta
548 4317 687 4370 sunt
720 4315 894 4385 (Psal.
928 4316 1119 4386 xxxn)
1153 4330 1168 4370 :
1214 4331 1316 4385 per
1353 4331 1514 4387 quem
1557 4316 1739 4373 omnia
1784 4317 1942 4372 Pater

344 4401 492 4470 fecit,
526 4410 581 4458 et
604 4419 708 4474 per
729 4419 891 4476 quem
919 4403 1084 4459 Pater
1103 4403 1308 4460 mundo
1339 4419 1398 4460 se
1428 4404 1786 4460 annuntiavit.

416 4510 589 4566 Vens.
622 4512 709 4567 14.
743 4539 813 4551 -
875 4511 1060 4567 Vistiti
1089 4511 1310 4583 byssina
1345 4511 1469 4568 albo
1511 4515 1568 4568 et
1599 4511 1829 4569 mundo.
1878 4512 1938 4568 Id

345 4607 452 4665 est,
483 4599 538 4653 in
568 4599 891 4669 corporibus
919 4599 1159 4668 mundis,
1195 4600 1286 4672 qui
1315 4600 1386 4655 ab
1424 4599 1624 4656 illicitis
1653 4600 1938 4657 refrenan-

345 4695 450 4757 tur,
482 4694 536 4741 et
563 4687 780 4743 stimulo
811 4688 1090 4745 charitatis
1122 4689 1192 4745 ad
1222 4688 1368 4744 bona
1395 4689 1707 4757 incitantur,
1738 4690 1797 4745 id
1853 4696 1938 4746 est

344 4775 413 4831 ad
436 4775 720 4845 justitiam.

415 4895 586 4952 Vens.
623 4897 710 4952 15.
745 4925 809 4935 -
860 4895 1088 4952 Gladius
1105 4910 1179 4951 ea:
1224 4899 1466 4968 utraque
1515 4899 1683 4967 parte
1709 4897 1933 4951 acutus.

346 4983 408 5041 Id
436 4992 539 5052 est,
573 4984 754 5040 divina
775 4983 1065 5052 sententia,
1118 4983 1366 5040 incidens
1408 4999 1599 5054 pravas
1645 4979 1937 5056 cogitatio-

345 5088 445 5128 nes
473 5073 670 5128 mentis
692 5080 744 5127 et
772 5072 992 5127 illicitos
1021 5079 1202 5128 motus
1231 5072 1480 5143 corporis
1514 5091 1527 5138 ;
1561 5071 1648 5127 vel
1679 5073 1844 5127 Vetus
1885 5078 1938 5127 et

345 5159 560 5216 Novum
597 5161 1022 5216 Testamentum.
1060 5163 1225 5233 Reget
1259 5177 1352 5217 eas
1389 5203 1402 5217 .
1453 5161 1682 5216 Sanctos
1725 5160 1793 5216 de
1835 5161 1940 5216 vir-

347 5256 460 5304 tute
488 5248 544 5303 in
574 5248 827 5304 virtutem
858 5249 1251 5320 promovendo,
1283 5249 1460 5305 malos
1489 5249 1558 5307 de
1600 5249 1731 5306 vitio
1773 5250 1831 5304 in
1861 5248 1940 5306 vi-

345 5337 480 5392 tium
507 5336 618 5392 labi
649 5336 898 5392 sinendo.

418 5453 589 5509 Vnns.
625 5454 712 5507 16.
747 5480 816 5491 -
845 5453 915 5507 Et
945 5450 1112 5508 habet
1135 5453 1200 5508 in
1230 5455 1586 5510 vestimento.
1624 5453 1723 5509 Vel
1737 5452 1794 5507 in
1823 5467 1939 5509 cor-

344 5539 505 5598 dibus
533 5540 777 5599 ﬁdelium
805 5539 900 5615 qui
919 5548 1045 5598 sunt
1073 5540 1454 5600 vestimentum
1501 5541 1640 5614 Filii,
1681 5541 1942 5616 scriptum

347 5639 432 5689 est
460 5649 476 5690 :
511 5633 628 5691 Sea:
652 5639 870 5706 regum:

2056 1797 2286 1853 buritur.

2128 1886 2298 1941 Vens.
2336 1890 2424 1944 21.
2478 1917 2546 1928 —-
2591 1887 2661 1943 Et
2698 1879 2890 1944 ceteri
2921 1887 3092 1943 occisi
3136 1890 3292 1942 sunt.
3337 1885 3396 1939 Id
3413 1892 3522 1952 est,
3557 1901 3651 1941 se-

2057 1991 2256 2047 quaces
2288 1992 2474 2032 eorum
2505 1975 2704 2031 minori
2732 1992 2894 2048 paena
2939 1975 3240 2046 punientur,
3295 1974 3382 2030 vel
3426 1974 3512 2029 illi
3561 1974 3652 2046 qui

2056 2072 2213 2119 erunt
2241 2065 2445 2132 cmteri,
2478 2063 2593 2121 sive
2623 2065 2694 2119 ad
2737 2081 2860 2120 eum
2899 2064 3168 2129 converSi,
3209 2063 3374 2118 occisi
3426 2063 3652 2129 mundo,

2054 2151 2238 2208 vivent
2265 2154 2400 2210 Deo.
2435 2154 2506 2208 Et
2526 2171 2719 2210 omnes
2739 2168 2886 2219 aves,
2920 2152 2976 2208 id
3005 2161 3087 2207 est
3109 2167 3298 2207 omnes
3326 2151 3522 2217 sancti,
3558 2151 3655 2206 de-

2053 2240 2233 2298 lectati
2263 2249 2389 2297 sunt
2417 2242 2486 2299 de
2514 2257 2678 2314 poena
2707 2241 2943 2309 illorum,
2969 2249 3023 2298 et
3048 2241 3116 2297 de
3135 2239 3377 2313 profectu
3398 2240 3651 2296 fratrum.

2657 2427 2883 2484 CAPUT
2911 2426 3042 2483 XX.

2122 2597 2292 2651 Vens.
2318 2599 2368 2651 1.
2393 2627 2462 2637 -
2481 2598 2554 2652 Et
2569 2597 2681 2652 vidi
2700 2597 2987 2669 angelum.
3002 2595 3156 2652 Dicta
3178 2596 3522 2652 damnatione
3542 2595 3651 2650 Ba-

2049 2684 2262 2755 bylonis
2281 2692 2333 2739 et
2348 2684 2661 2740 Antichristi
2683 2693 2734 2740 et
2775 2685 3376 2756 pseudoapostolorum,
3394 2683 3656 2756 supponit

2048 2773 2455 2828 damnationem
2467 2773 2636 2844 ipsius
2651 2773 2870 2840 diaboli,
2893 2782 2947 2828 et
2961 2773 3460 2844 praeponitcausam
3479 2789 3655 2845 quare

2049 2869 2102 2916 et
2138 2870 2350 2932 tempus
2382 2878 2489 2934 quo
2547 2862 2942 2917 damnabitur:
2987 2870 3040 2916 et
3084 2862 3204 2933 quis
3252 2861 3402 2916 illum
3449 2861 3655 2932 poterit

2048 2952 2286 3017 vincere,
2321 2951 2528 3007 scilicet
2555 2950 2646 3006 ille
2677 2951 2769 3022 qui
2802 2952 2856 3004 in
2885 2951 3073 3004 humili
3105 2951 3342 3005 adventu
3370 2951 3547 3020 potuit
3575 2949 3653 3004 il-

2043 3055 2132 3094 um
2165 3039 2337 3111 ligare
2371 3057 2443 3112 qu
2461 3047 2647 3094 antum
2669 3039 2863 3105 voluit,
2899 3037 3234 3112 gloriﬁcatus
3264 3039 3518 3094 eumdem
3537 3053 3654 3092 om-

2047 3127 2176 3185 nino
2207 3129 2491 3184 destruere
2530 3129 2747 3199 poterit.
2797 3114 3032 3200 Abyssif
3058 3128 3303 3198 Abyssus
3357 3127 3652 3182 tenebrosa

2050 3224 2311 3272 vocantur
2333 3217 2501 3272 corda
2535 3217 2826 3288 impiorum
2859 3235 2873 3282 ;
2907 3216 2994 3272 vel
3033 3216 3151 3286 ipse
3193 3213 3466 3282 diabolus,
3508 3231 3652 3286 quos

2043 3306 2308 3362 Dominus
2339 3306 2532 3362 saevire
2561 3304 2824 3376 permittit
2853 3312 2906 3360 et
2953 3303 3196 3360 refrenat
3245 3303 3460 3374 quando
3508 3302 3649 3360 vult.

2122 3395 2291 3451 Vens.
2324 3399 2377 3452 2.
2409 3424 2479 3435 —-
2506 3394 2910 3466 Apprehendit.
2945 3393 3006 3447 Id
3033 3400 3133 3459 est,
3167 3407 3430 3464 peccasse
3447 3399 3647 3447 osten-

2036 3483 2115 3539 dit
2147 3484 2278 3538 dum
2309 3501 2368 3539 se
2399 3484 2698 3539 immunem
2727 3498 2758 3536 a
2779 3490 3005 3553 peccato
3026 3482 3118 3537 ille
3138 3482 3389 3538 diabolus
3417 3479 3640 3537 occidit.

2034 3574 2255 3644 Ligavit
2281 3590 2431 3629 eum.
2467 3573 2761 3628 Sciendum
2784 3571 2934 3644 quod
2973 3571 3220 3627 similiter
3257 3571 3313 3626 in
3359 3571 3646 3626 Abraham

2035 3671 2085 3717 et
2115 3661 2238 3716 aliis
2271 3661 2524 3716 ﬁdelibus
2556 3661 2808 3716 diabolus
2837 3659 2934 3714 fuit
2971 3661 3172 3733 ligatus
3231 3659 3369 3714 sicut
3413 3659 3470 3713 in
3519 3659 3641 3714 istis

2034 3751 2399 3821 praesentibus
2432 3770 2445 3817 ;
2480 3751 2578 3805 sed
2611 3751 2665 3804 in
2695 3750 2800 3804 illis
2839 3749 3028 3820 ligavit
3059 3765 3185 3820 spes
3215 3748 3380 3804 futuri
3411 3748 3635 3814 Christi,

2043 3837 2096 3893 in
2125 3839 2242 3894 istis
2290 3840 2408 3911 ipse
2433 3839 2683 3894 Christus
2709 3839 3007 3894 adveniens
3036 3837 3245 3912 ligavit.

2117 3948 2287 4002 Vens.
2321 3949 2373 4001 3.
2405 3977 2474 3987 —
2503 3947 2572 4002 Et
2591 3947 2751 4001 misit
2781 3961 2912 4001 eum
2965 3952 3070 4001 etc.
3107 3943 3248 4013 Quia
3279 3943 3487 4013 ejectus
3519 3958 3554 3999 a
3577 3942 3642 3997 ﬁ-

2041 4036 2276 4101 delibus,
2308 4035 2364 4089 in
2392 4035 2549 4089 malis
2580 4035 2745 4105 cmpit
2763 4033 3033 4088 dominari
3070 4032 3346 4100 atrocius;
3378 4032 3460 4088 sic
3489 4031 3636 4103 legi-

2041 4133 2130 4180 tur
2157 4125 2212 4178 in
2239 4123 2563 4196 Evangelio,
2594 4123 2741 4194 quod
2774 4123 2994 4178 intravit
3042 4122 3097 4175 in
3133 4137 3352 4191 porcos.
3385 4121 3645 4194 Signavit

2041 4229 2210 4287 super
2237 4213 2423 4279 illum,
2458 4220 2563 4267 etc.
2597 4212 2658 4266 Id
2688 4219 2770 4266 est
2801 4211 3060 4282 sigillum,
3081 4209 3280 4281 posuit,
3308 4209 3516 4265 scilicet
3562 4209 3644 4262 si-

2044 4318 2215 4375 gnum
2247 4300 2450 4365 crucis,
2488 4300 2635 4372 quod
2660 4316 2784 4354 eum
2830 4299 2909 4355 sic
2959 4306 3204 4371 superat,
3247 4306 3303 4352 ut
3331 4315 3360 4352 a
3387 4295 3646 4352 ﬁdelibus

2042 4389 2290 4462 repellat.
2321 4391 2391 4444 Et
2415 4393 2540 4462 post
2569 4389 2684 4444 haec
2716 4392 2951 4460 Oportet,
2983 4395 3111 4454 etc.,
3156 4395 3212 4442 ut
3258 4385 3488 4456 recipiat
3535 4400 3644 4457 po-

2036 4486 2290 4535 testatem
2321 4494 2482 4550 quam
2513 4476 2701 4532 habuit
2729 4485 2852 4533 ante
2882 4477 3173 4550 adventum
3197 4473 3420 4530 Christi.

2107 4568 2278 4623 Vens.
2315 4567 2370 4621 4.
2400 4597 2470 4607 -
2499 4568 2568 4621 Et
2613 4566 2734 4622 vide
2778 4565 2953 4621 sedes.
3002 4565 3195 4637 Ligato
3237 4561 3480 4628 diabolo,
3525 4561 3637 4617 vidi

2038 4657 2242 4714 solutos
2271 4654 2546 4721 fideles,et
2566 4653 2809 4709 minores
2832 4652 3070 4724 praelatis
3087 4652 3198 4708 suis
3219 4651 3446 4708 obedire
3475 4664 3650 4721 para-

2035 4753 2142 4814 tos,
2177 4751 2229 4800 et
2258 4743 2516 4815 prrelatos
2542 4742 2789 4812 judicare
2812 4742 3083 4797 subditos.
3124 4740 3247 4795 Vidi
3290 4740 3346 4794 in
3391 4747 3645 4810 tempore

2035 4832 2312 4907 ligationis
2343 4831 2645 4888 Ecclesiam
2668 4831 2737 4886 ad
2771 4831 2908 4886 bene
2937 4829 3275 4901 Operandum
3305 4829 3381 4882 ita
3405 4827 3646 4883 solutam

2037 4930 2092 4979 et
2120 4923 2225 4977 hoc
2254 4922 2447 4977 eodem
2479 4929 2744 4991 tempore,
2776 4919 2896 4974 illos
2926 4919 3017 4990 qui
3039 4935 3141 4990 pro
3159 4918 3376 4973 Christo
3394 4917 3641 4972 moriun-

2038 5020 2123 5066 tur
2149 5010 2259 5066 vidi
2286 5010 2466 5064 statim
2496 5009 2551 5063 in
2580 5008 2810 5081 gloriam
2839 5008 3061 5072 intrare,
3106 5021 3383 5078 nunquam
3416 5005 3488 5060 ad
3549 5001 3640 5058 in-

2035 5099 2183 5155 feros
2213 5099 2568 5166 descendere,
2603 5097 2739 5151 sicut
2768 5097 3042 5151 Abraham
3072 5104 3124 5151 et
3163 5093 3345 5151 caueri
3395 5093 3630 5164 prOphe-

2037 5196 2106 5245 tae
2135 5187 2553 5250 descenderunt,
2585 5186 2834 5257 quamvis
2850 5185 2980 5254 justi
3011 5184 3249 5239 fuerunt.
3296 5185 3367 5238 Et
3404 5184 3633 5238 animas

2039 5277 2464 5334 decollatoru-m.
2501 5277 2568 5330 Et
2595 5274 2705 5330 vidi
2752 5275 2999 5330 similiter
3045 5274 3254 5327 animas
3301 5286 3497 5326 eorum
3545 5268 3639 5342 qui

2037 5381 2148 5421 non
2169 5365 2549 5421 adoraverunt.
2587 5366 2656 5418 Et
2696 5366 2988 5419 vixerunt.
3020 5363 3089 5417 Et
3118 5377 3227 5417 non
3275 5361 3399 5415 dico
3455 5359 3642 5415 vivent

2038 5462 2092 5509 et
2121 5453 2431 5526 regnabant
2462 5453 2516 5508 in
2546 5451 2748 5518 futuro,
2782 5451 2878 5507 sed
2910 5451 3073 5507 etiam
3113 5449 3171 5506 in
3208 5450 3315 5504 hoc
3360 5446 3642 5520 praesenti,

2039 5541 2247 5600 scilicet
2276 5560 2343 5597 ex
2370 5557 2477 5614 quo
2506 5540 2782 5599 interfecti
2805 5548 2926 5604 sunt
2972 5539 3225 5599 vixerunt
3262 5544 3316 5598 et
3361 5552 3639 5610 regnave-

2043 5638 2170 5689 runt
2196 5647 2323 5691 cum
2351 5630 2584 5689 Christo.
