4002 6184
337 277 440 330 745

1153 274 1425 332 GLOSSA
1462 275 1872 332 ORDINARIA.
1914 305 1982 316 —-
2019 274 2220 331 APOC.
2262 275 2576 332 JOANNIS.

3531 283 3636 336 7L6

409 400 580 455 Vsus.
606 401 658 454 5.
683 429 753 442 —
775 399 978 456 Ceteri
992 415 1120 457 vero
1135 405 1492 458 mortuorum
1504 417 1621 457 non
1640 402 1933 467 vixerunt,
1966 400 2183 462 Aaeris
2213 407 2266 456 et
2296 399 2476 471 terrae,
2509 399 2805 456 dubitalilis
2844 417 2954 457 non
3001 410 3083 457 est
3125 403 3258 474 quin
3297 419 3397 474 per
3453 405 3640 478 ignem

339 489 396 545 id
413 496 497 544 est
516 495 749 544 aeternas
767 488 1037 559 patientur
1045 504 1255 559 poenas,
1272 497 1326 544 et
1339 489 1395 543 in
1406 491 1510 545 hoc
1520 491 1796 561 praesenti,
1818 488 1943 561 quia

343 577 522 632 statim
549 577 879 633 moriuntur.
902 578 1028 634 Haec
1057 581 1146 634 est
1172 580 1531 634 resurrectio.
1566 576 1726 646 Quod
1755 578 1946 633 diabo-

337 666 422 722 lus
450 665 521 722 ita
548 664 750 738 ligatus
780 673 879 735 est,
914 673 969 722 et
996 665 1144 737 quod
1173 682 1203 720 a
1232 666 1471 738 peccatis
1501 674 1794 738 resurgunt
1839 667 1943 722 ho-

334 755 532 823 mines,
567 761 622 810 et
651 753 798 826 quod
825 754 960 825 ipsis
989 755 1218 810 mortuis
1247 755 1429 809 statim
1457 754 1652 810 animae
1690 754 1943 810 fruuntur

339 851 546 900 aeterna
574 843 786 914 requie,
819 850 902 898 est
946 842 1124 914 prima
1166 843 1498 899 resurrectio
1542 850 1594 900 et
1632 843 1938 915 potissima.

339 933 556 989 Prima.
588 931 674 987 Ad
702 929 1066 988 diﬂ‘erentiam
1095 931 1238 1000 illius
1267 948 1388 1004 quae
1418 931 1523 988 erit
1553 932 1715 988 simul
1744 932 1801 989 in
1819 932 1943 989 ani-

335 1036 429 1077 ma
457 1028 511 1078 et
539 1035 794 1092 corpore,
825 1021 944 1077 haec
966 1020 1164 1076 dicitur
1178 1021 1372 1092 prima.

417 1110 524 1178 Qui
546 1111 710 1167 habet
734 1114 979 1183 partem.
1002 1109 1060 1165 Si
1080 1125 1270 1165 omnes
1292 1109 1522 1181 perfecti
1542 1127 1666 1167 esse
1687 1126 1798 1166 non
1817 1125 1945 1181 pos-

333 1206 484 1266 sunt,
517 1213 621 1255 nec
647 1197 704 1254 in
737 1199 932 1254 eadem
977 1197 1217 1254 claritate
1264 1197 1431 1254 futuri
1492 1207 1637 1254 sunt.
1687 1199 1944 1256 Secunda

331 1305 508 1356 mors,
540 1287 598 1342 id
627 1295 731 1356 est,
765 1287 1039 1343 damnatio
1067 1295 1294 1354 aeterna,
1327 1304 1450 1359 quae
1472 1287 1574 1342 erit
1613 1288 1672 1341 in
1710 1303 1945 1359 corpore

331 1384 388 1433 et
416 1377 475 1432 in
501 1376 685 1432 anima
711 1377 1095 1448 reproborum,
1128 1391 1238 1431 non
1293 1377 1665 1447 apprehendat
1714 1376 1940 1444 electos,

334 1467 431 1538 qui
459 1466 518 1521 in
545 1465 696 1522 nullo
713 1482 952 1537 unquam
971 1472 1263 1539 augentur.
1283 1465 1390 1521 Sed
1408 1470 1579 1521 erunt
1605 1466 1942 1533 sacerdotes,

331 1555 389 1610 id
421 1562 508 1612 est
533 1562 769 1612 aeternas
798 1555 987 1612 laudes
1017 1553 1310 1611 oﬂ‘erentes
1339 1554 1622 1612 Divinitati
1655 1563 1708 1611 et
1747 1556 1945 1610 huma-

333 1643 510 1699 nitati.

407 1758 581 1814 Vitas.
599 1757 654 1813 7.
673 1786 743 1799 —
761 1759 839 1814 De
870 1773 1114 1815 carcere.
1149 1758 1210 1814 Id
1239 1767 1342 1828 est,
1375 1757 1444 1813 de
1467 1757 1725 1814 cordibus
1748 1774 1946 1829 repro-
1974 1765 2028 1827 Β

333 1847 554 1913 borum,
587 1846 642 1902 in
674 1845 873 1917 quibus
901 1847 1065 1902 modo
1092 1846 1291 1919 ligatus
1320 1855 1424 1913 est,
1456 1863 1525 1901 ne
1553 1863 1655 1917 pro
1676 1847 1814 1903 velle
1843 1863 1946 1904 saa-

329 1935 463 1991 viat.
491 1937 692 2007 Magog.
713 1935 773 1990 Id
791 1943 872 1990 est
891 1935 1154 2005 detectos,
1185 1935 1243 1991 id
1254 1942 1338 1990 est
1366 1951 1558 1990 omnes
1621 1943 1945 2006 persecuto-

325 2039 421 2078 res
449 2023 732 2079 diabolum
768 2023 825 2078 in
853 2039 912 2078 se
944 2031 1214 2096 tegentes,
1250 2031 1304 2080 et
1357 2024 1579 2079 tandem
1599 2024 1668 2079 ad
1701 2033 1946 2095 apertam

329 2111 773 2183 persecutionem
800 2112 1184 2183 procedentes.
1219 2111 1319 2168 Vel
1348 2112 1416 2167 ad
1433 2112 1668 2167 litteram
1697 2113 1797 2167 has
1809 2113 1947 2168 duas

329 2208 530 2273 gentes
557 2200 709 2272 prius
739 2201 982 2267 seducet,
1016 2208 1070 2256 et
1100 2217 1202 2271 per
1230 2217 1322 2256 eas
1363 2201 1433 2256 ad
1477 2201 1613 2256 alios
1660 2201 1941 2272 procedet.

398 2289 474 2343 Et
499 2289 913 2346 circumierunt
939 2292 1128 2345 castra
1159 2292 1506 2356 sanctorum,
1542 2289 1598 2343 id
1618 2296 1701 2344 est
1719 2290 1946 2346 eosdem

331 2385 555 2433 sanctos
601 2376 659 2432 in
702 2376 987 2434 virtutibus
1028 2378 1268 2434 munitos
1311 2385 1366 2433 et
1410 2377 1698 2434 unanimes
1741 2379 1798 2434 in
1842 2379 1948 2435 hoc

331 2465 505 2521 bello.

412 2555 586 2610 Vnus.
610 2557 696 2610 10.
717 2583 786 2595 —
805 2556 904 2610 Die
924 2571 990 2610 ac
1020 2559 1204 2611 nocte.
1226 2555 1342 2611 Hoc
1370 2554 1521 2624 dicit,
1557 2563 1814 2626 respectu
1836 2553 1956 2629 glo-

328 2642 432 2698 rite
465 2651 800 2714 sanctorum,
832 2659 952 2716 quae
982 2651 1064 2698 est
1087 2643 1225 2710 dies,
1275 2651 1329 2698 et
1376 2659 1661 2715 poenarum
1707 2661 1946 2716 suarum,

332 2748 460 2803 quae
493 2739 576 2788 est
603 2747 730 2787 nox.

404 2830 577 2885 Vens.
612 2833 698 2884 11.
721 2859 791 2870 ——
811 2831 881 2885 Et
913 2829 1028 2886 vidi
1070 2832 1360 2888 thronum.
1407 2832 1560 2888 Dicta
1581 2831 1949 2888 destructione

328 2918 538 2974 diaboli
569 2926 621 2974 et
652 2934 875 2973 suorum
906 2919 1295 2989 membrorum,
1334 2921 1592 2991 supponit
1622 2922 1950 2976 destructio-

325 3023 461 3062 nem
489 3007 697 3074 mundi,
731 3007 799 3062 ad
829 3008 1094 3077 majorem
1112 3024 1329 3079 poenam
1361 3009 1672 3079 impiorum.
1715 3010 1949 3082 Compe-

2041 483 2149 540 tiat.
2182 485 2292 541 Sed
2320 487 2390 541 de
2417 503 2555 557 aqua
2583 486 2874 554 dubitatur,
2907 501 3035 543 nam
3050 489 3437 562 purgationem
3465 489 3522 546 in
3552 506 3640 548 se-

2041 574 2159 647 ipsa
2187 573 2389 630 habere
2417 575 2673 631 creditur.

2114 663 2283 718 Vens.
2301 667 2356 720 2.
2371 692 2441 706 -
2459 664 2620 720 Sicut
2639 680 2904 737 sponsam
2923 669 3208 722 ornatam.
3241 665 3392 722 Sicut
3407 679 3642 738 sponsus

2042 750 2322 823 praemittit
2348 769 2579 808 munera
2617 768 2833 823 sponsae
2863 761 3156 826 antequam
3187 769 3309 810 eam
3336 756 3520 823 ducat,
3561 755 3642 812 sic

2046 840 2290 895 Christus
2317 841 2582 898 Ecclesiae
2609 839 2772 897 ﬁdem
2803 850 2856 898 et
2874 842 3104 899 virtutes
3121 851 3174 900 et
3192 843 3333 900 bona
3353 859 3523 916 opera
3544 859 3640 902 an-

2042 936 2262 1000 tequam
2305 945 2425 984 eam
2467 929 2730 1000 suscipiat
2774 930 2830 984 in
2873 931 3068 1003 gloria.

2116 1018 2287 1074 Vens.
2312 1022 2364 1072 3.
2391 1048 2461 1060 —
2490 1019 2679 1075 Vocem
2697 1037 2965 1090 magnam
2995 1021 3063 1078 de
3081 1020 3302 1078 throno.
3323 1021 3457 1078 Cum
3473 1021 3642 1079 dixis-

2043 1111 2127 1162 set
2157 1122 2217 1162 se
2246 1105 2464 1162 videsse
2494 1107 2899 1163 innovationem
2931 1109 3320 1165 elementorum
3349 1118 3405 1167 et
3426 1110 3642 1183 gloriﬁ-

2044 1194 2317 1251 cationem
2339 1203 2675 1263 sanctorum,
2708 1197 3046 1270 incognitum
3075 1198 3130 1252 id
3161 1205 3296 1266 erat,
3329 1207 3401 1266 et,
3433 1215 3503 1256 ne
3549 1200 3641 1256 in-

2044 1283 2307 1340 credibile
2352 1285 2587 1354 videtur,
2629 1285 2852 1356 apponit
2887 1286 3256 1343 auctoritatem
3307 1296 3638 1346 sanctorum.

2044 1372 2280 1438 Patrum,
2314 1372 2406 1446 qui
2434 1374 2540 1429 hoc
2582 1373 2970 1444 praedixerunt.
3015 1376 3154 1431 Ecce
3188 1377 3636 1434 tabernaculum.

2045 1461 2105 1517 Id
2135 1469 2217 1516 est
2255 1461 2313 1516 in
2363 1461 2599 1518 evidenti
2648 1470 2749 1532 est,
2807 1463 2951 1534 quod
2998 1463 3051 1516 in
3093 1463 3279 1519 eadem
3321 1465 3496 1537 gloria
3542 1465 3646 1521 erit

2045 1549 2358 1604 humanitas
2390 1550 2592 1605 Christi
2620 1550 2675 1605 in
2706 1566 2811 1623 qua
2841 1551 3110 1622 militavit,
3142 1559 3196 1608 et
3224 1553 3472 1610 homines
3517 1569 3642 1610 cum

2045 1637 2238 1693 imitati
2269 1647 2321 1694 et
2350 1654 2413 1694 ea
2443 1647 2568 1694 sunt
2606 1640 2745 1695 bene
2791 1641 2894 1694 usi.

2120 1729 2194 1783 Et
2219 1728 2329 1801 ipsi
2359 1730 2598 1800 populus
2629 1730 2770 1801 ejus.
2811 1729 2873 1784 Id
2916 1736 3018 1800 est,
3039 1729 3093 1784 in
3113 1729 3637 1799 nullooﬂ‘endentes,

2046 1816 2191 1887 quod
2222 1831 2334 1872 non
2365 1832 2487 1872 esse
2516 1824 2697 1888 potest
2726 1818 2854 1871 dum
2885 1827 3010 1872 sunt
3037 1819 3093 1873 in
3114 1833 3281 1874 carne
3297 1819 3530 1874 mortali.

2114 1905 2540 1961 Vens.4.—Et
2563 1923 2732 1962 mors.
2766 1907 2906 1964 Vere
2964 1922 3075 1962 non
3128 1915 3284 1964 erunt
3338 1907 3415 1964 ibi
3468 1907 3643 1979 lacry-

2043 2010 2167 2061 mae,
2201 1994 2327 2065 quia
2351 2009 2463 2050 non
2493 1995 2595 2050 erit
2623 2010 2785 2050 causa
2812 1995 3192 2067 lacrymarum.

2117 2101 2288 2157 Vens.
2311 2104 2362 2156 5.
2385 2131 2455 2141 -
2475 2103 2545 2157 Et
2576 2101 2746 2158 dixit.
2797 2101 2964 2170 Quasi
3011 2103 3154 2158 dicat
3188 2121 3202 2156 :
3254 2101 3445 2159 Scribe
3478 2102 3644 2175 quid-

2047 2189 2176 2261 quid
2205 2197 2486 2245 ostensum
2517 2198 2598 2245 est
2629 2190 2723 2246 tibi
2754 2191 2821 2245 de
2850 2193 2949 2247 hac
2978 2191 3342 2248 innovatione.
3383 2193 3498 2248 Hoc
3543 2206 3644 2262 pro

2044 2278 2272 2333 utilitate
2303 2279 2654 2349 praesentium
2699 2278 2895 2334 factum
2943 2287 3044 2346 est,
3097 2279 3292 2350 quibus
3338 2279 3457 2336 haec
3512 2280 3647 2336 scri-

2044 2366 2176 2422 bere
2199 2366 2386 2436 jussus
2435 2383 2575 2421 sum.
2627 2367 2865 2423 Scribe:
2914 2370 3047 2441 quia
3095 2367 3230 2433 haec,
3279 2375 3382 2423 etc.
3434 2368 3644 2424 Jubens

2045 2455 2306 2524 scribere,
2359 2463 2412 2511 et
2442 2455 2563 2510 aliis
2591 2455 2862 2525 nuntiare,
2897 2456 3151 2526 supponit
3186 2456 3639 2525 exhortationem,

2043 2551 2102 2598 ut
2129 2559 2322 2598 omnes
2351 2543 2419 2598 ad
2443 2544 2581 2598 hanc
2610 2544 3014 2600 innovationem
3045 2543 3295 2599 laborent
3347 2545 3644 2616 pertinere.

2121 2649 2296 2706 Vens.
2322 2652 2374 2705 6.
2412 2653 2552 2706 —Et
2602 2650 2756 2706 dixit
2802 2651 2965 2706 mihi.
2986 2650 3497 2707 Positaauctoritate
3517 2666 3649 2706 san-

2047 2745 2256 2794 ctorum
2285 2739 2354 2795 de
2383 2739 2487 2795 hac
2514 2739 2879 2804 innovatione,
2913 2739 3067 2810 ponit
3083 2738 3454 2796 auctoritatem
3475 2739 3649 2811 ipsius

2046 2828 2168 2883 Dei.
2202 2829 2440 2884 Factum
2470 2833 2574 2884 est.
2642 2828 2724 2883 Ne
2756 2836 3022 2899 quaereret
3052 2827 3290 2899 aliquis:
3335 2828 3477 2897 Quid
3523 2836 3651 2900 post

2047 2916 2194 2972 illam
2229 2917 2634 2972 innovationem
2678 2915 2913 2972 futurum
2967 2924 3069 2987 est,
3122 2916 3318 2974 dicitur
3363 2917 3468 2973 sibi
3515 2917 3651 2974 nihil

2048 3013 2257 3061 restare
2273 3004 2578 3061 faciendum
2589 3048 2601 3061 .

325 3097 393 3151 tit
426 3097 570 3150 enim
602 3103 658 3150 ut
687 3095 978 3152 destructis
1009 3097 1165 3152 malis
1193 3099 1428 3152 mundus
1469 3098 1792 3168 destruatur,
1848 3115 1944 3154 se-
1982 3128 2032 3190 ρ
2055 3182 2074 3190 Α
2122 3095 2306 3167 Alpha
2342 3105 2393 3151 et
2419 3113 2628 3168 omega.
2663 3092 2830 3162 Quasi
2859 3093 3005 3190 dicat
3038 3093 3645 3190 :IIancinnovationem

329 3185 574 3241 eundum
605 3185 751 3257 quod
774 3185 844 3239 ab
887 3186 966 3240 eis
997 3185 1172 3240 fuerat
1202 3194 1508 3256 corruptus.
1545 3187 1700 3258 Saepe
1739 3187 1952 3243 locutus
1989 3182 2229 3240 'facere
2259 3191 2468 3255 potero,
2503 3185 2627 3256 quia
2657 3200 2763 3257 ego
2781 3183 2962 3240 omnia
2982 3183 3179 3251 creavi,
3204 3191 3257 3239 et
3277 3183 3333 3238 in
3366 3183 3651 3240 meomnia

331 3268 408 3323 de
438 3268 835 3342 gloriﬁcatione
869 3278 1186 3326 sanctorum
1217 3278 1269 3325 et
1296 3271 1364 3325 de
1406 3271 1586 3341 pomis
1633 3271 1946 3342 impiorum,

327 3373 447 3412 non
477 3357 683 3414 fecerat
702 3359 1034 3413 mentionem
1065 3375 1376 3430 corporum,
1413 3359 1458 3414 si
1493 3360 1756 3414 deberent
1781 3359 1951 3434 glori-

331 3444 491 3502 ﬁcari
519 3447 604 3503 vel
632 3447 852 3519 puniri;
888 3448 1012 3504 ideo
1043 3448 1134 3504 hic
1161 3456 1347 3519 aperte
1394 3448 1632 3504 ostendit
1681 3464 1765 3504 ea.

404 3562 681 3620 Vaas.12.
699 3593 769 3604 —
789 3565 867 3618 Et
895 3564 1022 3618 libri
1051 3566 1235 3634 aperti
1263 3569 1420 3619 sunt.
1453 3563 1622 3631 Libri,
1646 3564 1703 3619 id
1724 3574 1824 3631 est,
1868 3566 1949 3620 di-

325 3649 458 3705 vina
485 3658 756 3722 praecepta
780 3667 901 3722 quae
945 3651 1402 3723 quizdimiserunt,
1428 3653 1600 3707 scient
1621 3670 1680 3708 se
1701 3669 1803 3723 pro
1832 3670 1946 3708 me-

327 3739 434 3794 rito
461 3738 673 3810 puniri;
706 3739 792 3795 vel
825 3739 957 3793 libri
1006 3747 1133 3794 sunt
1180 3741 1526 3796 conscientiae
1585 3741 1941 3813 singulorum,

327 3844 452 3900 qua:
472 3835 674 3899 apertze
694 3827 948 3883 omnibus
971 3836 1148 3883 erunt.
1197 3831 1357 3884 Ali-us
1381 3831 1537 3886 liber.
1582 3831 1641 3884 Id
1663 3839 1761 3896 est,
1798 3831 1948 3885 Chri.

327 3924 468 3982 stus,
494 3916 584 3988 qui
614 3924 740 3970 tunc
767 3917 1018 3972 omnibus
1047 3918 1332 3988 apparebit
1362 3927 1556 3988 potens
1589 3925 1642 3973 et
1682 3919 1795 3974 suis
1839 3920 1944 3974 da-

323 4003 407 4058 bit
435 4004 620 4058 vitam.
654 4004 772 4072 Vel,
805 4005 947 4059 liber
977 4013 1058 4061 est
1104 4007 1448 4077 praescientia
1497 4008 1617 4077 Dei,
1672 4008 1943 4080 quia_tunc

325 4101 516 4164 aperte
547 4093 718 4148 scient
747 4094 873 4147 mali
922 4110 984 4149 se
1033 4111 1142 4150 non
1194 4095 1614 4166 przedestinatos
1664 4097 1733 4151 ad
1775 4097 1943 4151 vitam

328 4197 494 4253 quam
525 4181 579 4236 in
611 4183 815 4237 mundo
847 4183 1144 4239 existentes
1175 4184 1279 4238 sibi
1307 4185 1712 4256 promittebant.
1747 4187 1834 4241 Ex
1855 4187 1941 4241 his

327 4287 455 4340 qua:
481 4271 693 4343 scripta
737 4276 922 4326 erant.
979 4273 1081 4327 Per
1125 4275 1584 4344 comparationem
1633 4282 1943 4329 sanctorum

324 4358 484 4429 impii
513 4359 910 4414 damnabuntur
941 4378 954 4414 :
988 4361 1170 4432 legent
1205 4363 1350 4417 enim
1379 4363 1512 4434 ipsis
1543 4363 1694 4435 impii
1721 4363 1778 4417 in
1806 4363 1940 4434 ipsis

325 4441 534 4497 sanctis
564 4459 686 4514 quae
734 4458 900 4516 agere
948 4444 1258 4500 noluerunt.

403 4548 577 4602 Vens.
599 4552 684 4603 13.
705 4579 774 4589 -
794 4551 864 4604 Et
879 4549 1033 4606 dedit
1059 4567 1216 4606 mare
1261 4555 1531 4609 mortuos.
1580 4552 1707 4608 Vult
1752 4561 1937 4624 aperte

326 4637 622 4692 ostendere
650 4653 880 4708 corpora
910 4646 1250 4694 mortuorum
1294 4649 1773 4713 quantumcunque
1819 4640 1936 4698 fue-

325 4725 439 4781 rint
469 4725 725 4793 dissecta,
749 4724 805 4781 in
834 4727 927 4783 illo
950 4727 1157 4798 judicio
1188 4727 1468 4797 viviﬁcari,
1522 4730 1667 4802 quod
1711 4730 1933 4803 quidam

326 4829 441 4873 non
473 4815 724 4872 credunt.

405 4921 577 4977 Vens.
603 4921 689 4977 14.
713 4921 916 4978 -Ηιεε
941 4927 1026 4980 est
1046 4941 1197 4981 mors
1209 4925 1474 4981 secunda.
1517 4923 1684 4994 Quasi
1738 4925 1884 4983 dicat
1914 4944 1929 4980 :

329 5011 535 5068 Cavete
564 5010 721 5067 vobis
750 5027 781 5066 a
811 5019 985 5068 morte
1005 5011 1203 5085 prima,
1233 5013 1361 5086 quia
1399 5031 1465 5069 ex
1494 5014 1584 5069 illa
1625 5014 1800 5086 prima
1837 5031 1930 5072 se-

344 5099 533 5172 quitur
569 5099 686 5157 haec
740 5100 1002 5157 secunda.

909 5278 1134 5337 CAPUT
1196 5281 1348 5337 XXI.

404 5403 558 5461 Vens
579 5407 632 5460 1.
653 5404 812 5460 —Et
849 5403 984 5459 vidi.
1033 5405 1094 5461 In
1137 5405 1238 5462 hac
1281 5405 1514 5477 septima
1559 5405 1769 5462 visione
1815 5407 1930 5478 agit

327 5493 397 5550 de
426 5492 774 5549 innovatione
818 5492 1227 5566 elementorum,
1277 5494 1666 5566 gloriﬁcatione
1715 5502 1932 5553 sancto-

327 5598 469 5652 rum,
498 5582 819 5638 describens
849 5582 1042 5638 merita
1069 5599 1170 5655 per
1199 5601 1321 5657 quae
1341 5586 1515 5641 sancti
1535 5585 1610 5640 ita
1638 5583 1929 5658 gloriﬁcati

284 5704 289 5707 -
328 5679 478 5729 sunt.
531 5672 744 5730 Certum
773 5688 984 5729 novum
1015 5676 1074 5728 et
1107 5677 1328 5732 terram
1366 5692 1588 5734 novam.
1626 5675 1928 5733 Immutatio

469 5777 713 5836 Pauca.
753 5775 944 5837 CXIV.

2050 3273 2587 3328 consummabantur.
2623 3274 2880 3330 Sitienti.
2914 3274 3038 3330 Non
3066 3273 3208 3329 dabo
3238 3272 3440 3330 sitienti
3469 3273 3538 3330 ad
3551 3274 3651 3331 ho-

2048 3375 2165 3416 ram
2175 3397 2194 3428 ,-
2212 3361 2310 3416 sed
2325 3362 2718 3432 perseveranti.

2117 3468 2288 3523 Vnus.
2319 3470 2373 3523 '7.
2397 3497 2466 3508 —
2487 3469 2795 3526 Possidebit
2827 3470 2963 3527 haec.
3000 3471 3059 3525 Id
3089 3478 3191 3540 est,
3237 3469 3509 3544 meipsum
3559 3471 3652 3544 qui

2045 3572 2166 3612 sum
2196 3557 2522 3628 principium
2563 3559 2742 3612 omnis
2773 3559 3150 3614 beatitudinis.

2117 3663 2286 3719 Vnus.
2321 3669 2372 3718 8.
2397 3694 2466 3704 —
2491 3664 2738 3720 Timidis.
2759 3665 2818 3719 Id
2851 3673 2933 3720 est
2963 3682 2978 3720 :
3009 3665 3118 3720 illis
3149 3665 3241 3738 qui
3272 3666 3468 3724 timore
3522 3682 3648 3738 pm-

2043 3767 2238 3806 narum
2270 3750 2431 3806 ﬁdem
2461 3753 2708 3823 accipere
2735 3753 2967 3826 fugiunt,
3002 3753 3088 3810 vel
3145 3762 3428 3828 acceptam
3475 3755 3644 3812 relin-

2044 3849 2232 3912 quunt,
2267 3841 2371 3895 erit
2398 3848 2600 3896 {eterna
2629 3841 2928 3898 damnatio.

2115 3938 2283 4016 Vens.
2319 3941 2369 3991 6.
2402 3967 2471 3978 —
2506 3939 2636 3994 Veni
2661 3943 2718 3995 ct
2751 3939 3066 3996 ostentam.
3133 3939 3420 4011 Descripta
3469 3938 3646 4011 gloria

2042 4041 2205 4097 quam
2237 4026 2468 4080 habituri
2491 4035 2617 4081 sunt
2647 4028 2837 4097 sancti,
2862 4027 2991 4083 dicit
3019 4043 3128 4100 quo
3156 4029 3372 4096 merito,
3403 4028 3492 4086 vel
3535 4044 3642 4100 quc

2042 4115 2244 4169 auxilio
2274 4116 2569 4186 accepturi.

2111 4221 2281 4274 Vens.
2306 4223 2391 4274 10.
2413 4250 2482 4261 —
2503 4223 2566 4276 In
2593 4227 2842 4279 montem
2901 4241 3191 4295 magnum.
3253 4224 3500 4279 Christus
3556 4231 3642 4280 est

2040 4326 2219 4379 mons,
2255 4309 2379 4381 quia
2406 4310 2795 4367 munimentum
2827 4328 3047 4368 suorum
3075 4329 3334 4384 magnum
3360 4320 3462 4380 est,
3507 4311 3639 4383 quia

2037 4405 2206 4452 totum
2254 4400 2515 4454 mundum
2561 4401 2753 4472 replet,
2803 4403 2977 4467 altus,
3046 4403 3172 4473 quia
3227 4399 3613 4472 insuperabilis

1965 4486 2294 4547 DOstendit
2331 4490 2476 4544 mihi
2510 4491 2820 4545 civitatem.
2865 4491 2934 4544 Et
2981 4506 3147 4561 super
3189 4489 3338 4547 illum
3388 4497 3632 4545 montem

2035 4577 2271 4631 ostendit
2297 4577 2558 4633 Ecclesim
2589 4577 3019 4633 fundamentum.

2105 4684 2725 4740 Vnas.11.—Lumen.
2757 4684 2877 4754 Ipsa
2906 4683 3212 4739 Jerusalem
3261 4683 3498 4739 caelestis
3549 4683 3632 4740 lu-

2032 4783 2164 4826 cens
2193 4788 2290 4842 pro
2321 4773 2484 4827 modo
2513 4788 2631 4840 suo,
2663 4780 2744 4826 est
2788 4772 2979 4827 similis
3018 4773 3249 4841 Christo,
3294 4773 3384 4845 qui
3427 4773 3526 4828 fuit
3572 4773 3628 4828 in

2029 4861 2309 4932 proposito
2331 4861 2539 4928 firmus,
2572 4870 2626 4915 et
2652 4861 2843 4916 lucens
2884 4861 2941 4915 in
2995 4861 3300 4917 virtutibus.
3354 4863 3622 4935 Jaspidis.

2030 4951 2209 5005 Durus
2238 4960 2321 5006 est
2345 4951 2484 5021 lapis
2513 4951 2620 5019 hic,
2654 4958 2706 5005 et
2735 4950 2924 5006 viridis
2985 4967 2998 5005 :
3060 4950 3142 5007 sic
3195 4950 3440 5009 Ecclesia
3491 4952 3628 5010 nitet

2029 5037 2154 5108 ﬁde,
2188 5047 2241 5094 et
2269 5039 2325 5093 in
2355 5055 2420 5094 ea
2448 5037 2655 5093 ﬁrmata
2705 5047 2803 5094 est.

2099 5136 2270 5192 Vens.
2306 5141 2392 5194 12.
2426 5167 2496 5177 -
2524 5137 2765 5192 Murum.
2814 5136 2871 5190 Id
2917 5144 3000 5192 est
3045 5136 3320 5192 Christum
3361 5137 3624 5196 defenso-

2028 5242 2161 5291 rem,
2195 5225 2285 5297 qui
2305 5241 2541 5298 magnus
2571 5225 2626 5281 in
2658 5226 2807 5293 Sion,
2841 5225 2978 5281 altus
3009 5242 3133 5282 cum
3163 5228 3342 5284 Patre.
3388 5227 3489 5285 Vel
3543 5228 3629 5285 in-

2027 5315 2212 5386 tellige
2243 5314 2562 5371 defensores
2591 5315 2842 5381 aliorum,
2875 5315 2966 5386 qui
2999 5323 3121 5370 sunt
3163 5317 3352 5390 magni
3397 5317 3455 5372 in
3499 5317 3626 5372 vin-

2027 5404 2203 5459 cendo
2232 5404 2385 5460 alios.
2415 5404 2520 5460 Alii
2551 5421 2619 5458 ne
2648 5405 2948 5474 vincantur,
2990 5405 3046 5460 id
3091 5413 3192 5474 est,
3246 5405 3520 5477 apostolos
3536 5403 3626 5458 vel

2026 5494 2337 5565 prophetas,
2395 5492 2483 5548 vel
2539 5493 2766 5564 angelos
2823 5494 3064 5549 veritatis
3127 5495 3365 5549 nuntios.
3429 5493 3628 5547 Portus

2027 5581 2336 5639 duodecim.
2367 5581 2427 5636 Id
2454 5589 2556 5651 est,
2591 5582 2940 5653 patriarchas,
2991 5598 3092 5654 per
3147 5596 3377 5654 quorum
3432 5593 3630 5633 exem-

2024 5669 2178 5742 plum
2203 5669 2295 5726 alii
2320 5670 2389 5727 ad
2416 5669 2581 5728 ﬁdem
2637 5670 3064 5729 introducantur.
3121 5670 3221 5727 Vel
3267 5673 3458 5741 portae,
3496 5679 3632 5735 apo-

3203 5776 3275 5834 24
