3968 6176
371 250 479 304 ’74⁸7

977 247 1380 328 VVALAFRIDI
1409 244 1652 300 STRABI
1681 243 1884 299 FULD.
1916 241 2090 298 MON.
2125 242 2277 299 OPP.
2310 243 2486 299 PARS
2512 244 2554 298 Ι.
2585 241 3140 298 —THEOLOGICA.

3552 244 3660 296 748

380 371 523 438 stoli,
558 370 649 442 qui
679 370 816 426 alios
845 369 1195 426 introducunt
1223 369 1280 423 in
1306 367 1633 425 Ecclesiam.
1666 367 1884 440 Angeli,
1916 366 1972 422 id
2001 367 2058 428 Α
2076 383 2265 423 muros
2291 375 2345 423 et
2371 374 2560 439 portas
2587 375 2640 422 et
2681 365 3052 433 fundamenta,
3103 373 3158 421 et
3203 365 3355 436 ipsos
3399 364 3542 422 inter
3590 381 3674 434 se,

381 467 484 527 est,
517 459 717 515 subditi
747 459 838 531 qui
883 457 1126 530 perfecte
1171 457 1418 513 instructi
1469 456 1524 511 in
1572 456 1694 513 loco
1742 456 1972 528 angelo-

379 563 502 603 rum
532 555 657 602 sunt
704 547 996 602 substituti.
1048 546 1320 602 Numerus
1338 554 1618 617 portarum
1664 545 1970 614 duodecim,

375 652 498 710 quae
524 651 625 708 per
651 643 880 707 quatuor
926 635 1113 689 mundi
1157 641 1340 706 partes
1386 633 1489 689 sub
1526 635 1764 690 ternario
1818 649 1974 690 com-

361 723 804 796 prehenduntur,
840 722 908 778 ad
935 722 1256 794 mysterium
1283 722 1520 794 pertinet
1537 721 1824 778 duodecim
1852 736 1976 792 apo-

365 813 662 878 ’stolorum,
695 828 794 882 per
824 826 977 882 quos.
1001 809 1140 867 ﬁdes
1190 811 1466 867 Trinitatis
1513 810 1832 868 diffunditur
1876 826 1976 882 per

380 900 566 957 orbem
588 899 1059 972 quadripertitum.
1091 901 1333 957 Nom-ina
1352 902 1652 973 inscripta,
1675 908 1780 956 etc.
1797 899 1856 954 Id
1895 905 1976 954 est

380 987 642 1044 memoria
669 996 983 1044 sanctorum
1010 989 1229 1044 Patrum
1260 989 1460 1044 veteris
1489 987 1630 1060 legis
1659 996 1742 1044 est
1769 988 1824 1043 in
1846 1002 1978 1059 apo-

384 1077 557 1144 stolis,
593 1077 718 1150 quia
747 1077 891 1148 quod
909 1077 987 1132 illi
1014 1078 1379 1149 praedixerunt
1410 1077 1669 1144 futurum,
1701 1077 1758 1132 hi
1779 1077 1978 1133 docent

354 1175 360 1184 ‘
385 1165 737 1237 completum.
762 1167 863 1222 Vel
890 1182 1083 1223 omnes
1111 1175 1303 1240 gentes
1334 1167 1391 1221 in
1447 1167 1556 1223 ﬁde
1604 1165 1978 1238 apostolorum

377 1261 432 1310 et
459 1253 751 1311 dilectione
793 1270 984 1310 eorum
1027 1263 1155 1311 sunt
1200 1255 1412 1327 positae.
1457 1255 1614 1312 Unde
1665 1272 1680 1310 :
1726 1254 1980 1326 Epistola

376 1345 574 1401 nostra
593 1359 685 1399 vos
697 1344 831 1400 estis
842 1345 1132 1416 scriptain
1151 1344 1404 1401 cordibus
1422 1346 1634 1400 nostris
1649 1341 1723 1415 (II
1732 1343 1854 1400 Cor.
1870 1341 1973 1414 III)-

348 1458 352 1461 ’
439 1467 611 1524 Vnus.
647 1469 734 1522 13.
757 1497 827 1508 -
847 1467 924 1523 Ab
952 1468 1169 1525 oriente
1193 1472 1372 1541 portw
1405 1471 1538 1525 tres.
1590 1467 1808 1534 Oriens,
1875 1465 1976 1521 Ju-

377 1553 482 1611 daei
514 1572 529 1610 :
562 1570 595 1610 a
625 1554 821 1627 quibus
852 1555 935 1612 sol
957 1555 1180 1625 justitiae
1209 1563 1362 1612 ortus
1393 1564 1492 1623 est,
1519 1564 1572 1613 et
1618 1555 1675 1612 in
1693 1555 1779 1611 his
1807 1563 1980 1627 portae

365 1652 499 1714 tres,
535 1644 659 1715 quia
686 1643 743 1699 in
772 1644 858 1700 his
903 1645 1138 1716 primum
1180 1643 1319 1700 ﬁdes
1373 1644 1673 1712 Trinitatis,
1732 1643 1980 1699 nuntiata

2071 457 2211 512 alios
2236 455 2486 525 majores,
2520 455 2658 511 alios
2677 456 2939 521 minores,
2960 455 3048 511 hic
3070 453 3384 526 exsequitur
3402 453 3580 527 qualis
3602 453 3682 510 sit

2056 562 2261 601 murus
2289 552 2345 601 et
2373 545 2547 617 qualis
2558 545 2678 616 ipsa
2689 545 2882 601 civitas
2901 551 2953 600 et
2966 543 3373 600 fundamentum
3393 550 3448 599 et
3480 550 3675 614 porta.

2072 636 2374 692 Structura
2383 635 2539 691 muri
2549 635 2672 706 ejus
2681 649 2757 691 ea:
2772 633 2956 707 lapide
2969 633 3280 706 jaspide.ld
3291 640 3392 703 est,
3410 631 3456 688 si
3482 631 3681 704 aliquis

2073 723 2156 780 sic
2185 723 2256 779 ad
2280 724 2386 779 hoc
2412 722 2708 779 instructus
2750 729 2809 777 ut
2855 722 2926 778 sit
2965 721 3224 778 defensor
3289 721 3540 786 aliorum,
3569 721 3680 800 hoc

2073 812 2238 868 habet
2266 828 2332 868 ex
2359 810 2466 868 ﬁde
2497 827 2657 884 quam
2684 810 2912 867 ﬁrmiter
2938 818 3087 866 tenet
3114 818 3168 867 et
3195 809 3480 881 pmdicat,
3511 824 3678 881 quam

2073 901 2254 974 Jaspis
2281 900 2472 957 viridis
2502 899 2790 972 signiﬁcat,
2823 907 2882 956 ut
2911 900 2982 955 sit
3009 898 3270 956 defensor
3289 899 3540 955 aliorum.
3566 898 3682 956 Au-

2075 1006 2224 1045 rum.
2258 989 2591 1061 Sapientiam
2617 988 2838 1044 denotat
2867 1004 3098 1054 aurum;
3135 988 3328 1044 vitrum
3347 995 3534 1044 autem
3551 985 3688 1069 ﬁdei

2074 1077 2393 1149 puritatem,
2426 1094 2534 1151 qua
2561 1094 2656 1133 ore
2673 1077 2935 1149 promittit
2965 1077 3110 1150 quod
3138 1077 3308 1134 corde
3337 1076 3530 1133 credit.

2147 1184 2320 1240 Vnus.
2345 1186 2431 1240 19.
2455 1215 2526 1226 -
2545 1184 2749 1257 Jaspis.
2781 1183 2984 1240 Viridis
3014 1191 3098 1240 est
3127 1183 3213 1239 hic
3242 1181 3402 1254 lapis,
3453 1189 3510 1238 et
3553 1181 3683 1238 ideo

2076 1271 2317 1329 virorem
2349 1271 2475 1329 ﬁdei
2504 1272 3020 1329 immarcescentem'
3044 1270 3333 1346 signiﬁcat.
3369 1270 3471 1328 Vel
3491 1271 3681 1344 jaspis

2078 1369 2160 1418 est
2206 1370 2514 1417 sanctorum
2562 1360 2699 1418 ﬁdes
2739 1377 2850 1417 non
2892 1376 3258 1429 marcescens,
3307 1359 3407 1416 sed
3460 1375 3687 1432 semper

2077 1449 2134 1505 in
2181 1450 2366 1522 Operis
2411 1451 2592 1507 virore
2655 1466 3030 1522 perseverans.

2148 1557 2479 1630 Sapphirus.
2513 1555 2716 1612 Similis
2745 1565 2828 1612 est
2873 1571 3066 1612 sereno
3097 1555 3254 1625 ccelo,
3273 1554 3365 1628 qui
3383 1569 3685 1628 percussus

2079 1645 2242 1700 radiis
2282 1644 2415 1701 solis
2470 1645 2752 1701 ardentem
2806 1645 2985 1700 imittit
3042 1643 3347 1718 fulgorem;
3409 1642 3686 1716 signiﬁcat

374 1733 445 1788 ab
477 1732 739 1804 apostolis
770 1740 823 1789 et
852 1749 882 1788 a
908 1733 1205 1805 pr0phetis.
1238 1733 1458 1805 Aquilo,
1491 1733 1704 1807 frigida:
1742 1740 1934 1806 gentes
1957 1728 2041 1788 :B
2071 1741 2247 1789 autem
2275 1733 2611 1788 altitudinem
2641 1733 2758 1804 spei
2787 1741 3098 1790 sanctorum
3131 1748 3362 1805 quorum
3383 1747 3682 1788 conversa-

371 1837 492 1894 quae
519 1829 644 1892 post
672 1821 891 1877 Iudaeos
922 1821 1288 1878 crediderunt.
1322 1823 1405 1877 Ab
1444 1831 1648 1893 austro,
1699 1821 1755 1876 id
1803 1829 1888 1878 est
1941 1837 1973 1876 a

375 1909 621 1966 claritate
651 1908 798 1978 ﬁdei,
850 1925 971 1982 quae
1021 1916 1105 1965 est
1149 1911 1218 1966 ab
1259 1911 1494 1967 adventu
1529 1910 1745 1967 Christi.
1770 1911 1853 1966 Ab
1887 1925 1976 1966 oc-

371 2013 523 2065 casu,
555 1997 611 2053 id
641 2006 726 2054 est
752 1998 822 2053 ab
851 1998 1037 2053 ultima
1067 2006 1225 2055 aetate
1254 1999 1442 2054 mundi
1490 2016 1610 2072 quae
1655 2015 1756 2072 per
1793 1998 1974 2055 Eliam

373 2093 429 2143 et
452 2087 644 2144 Enoch
690 2085 856 2142 ﬁdem
903 2086 1178 2142 Trinitatis
1223 2087 1470 2160 recipiet.

341 2259 343 2261 ι
437 2193 611 2249 VERS.
641 2195 728 2248 14.
758 2224 830 2234 -—
850 2194 1061 2251 Murus.
1096 2194 1158 2250 Id
1189 2201 1290 2262 est,
1323 2193 1461 2250 ﬁdes
1492 2193 1694 2250 Christi
1723 2209 1832 2266 qua
1847 2210 1974 2250 mu-

362 2281 498 2337 nivit
523 2281 701 2352 ipsam
757 2281 1047 2348 civitatem,
1080 2282 1246 2338 habet
1274 2281 1564 2339 duodecim
1610 2282 1972 2355 patriarchas,

366 2386 467 2442 per
487 2385 624 2443 quos
660 2368 934 2438 fundatur,
986 2370 1115 2443 quia
1157 2370 1233 2425 illi
1278 2370 1440 2442 primi
1486 2372 1628 2428 hanc
1675 2370 1841 2428 ﬁdem
1890 2378 1977 2426 te-

370 2467 625 2528 nuerunt,
679 2466 730 2514 et
760 2458 816 2512 in
858 2459 966 2514 illis
1013 2458 1316 2514 innituntur
1361 2459 1671 2532 quicunque
1700 2461 1768 2515 ad
1815 2458 1979 2515 ﬁdem

379 2547 664 2603 accedunt.
691 2549 761 2603 Et
790 2548 854 2602 in
883 2549 1023 2620 ipsis
1054 2548 1365 2605 duodecim.
1399 2547 1573 2616 Quam
1603 2546 1768 2604 ﬁdem
1787 2547 1876 2602 isti
1907 2555 1981 2603 te-

379 2643 532 2706 nent,
579 2635 657 2691 illi
686 2643 973 2692 venturam
1018 2635 1422 2704 intellexerunt,
1473 2643 1528 2693 et
1573 2636 1979 2709 praenuntiave-

381 2732 526 2782 runt.

442 2831 615 2887 Vnus.
652 2833 740 2885 15.
770 2859 842 2872 --
870 2832 941 2886 Et
970 2831 1066 2905 qui
1099 2830 1431 2904 loquebatur
1460 2846 1703 2887 mecum.
1744 2829 1868 2885 Vidi
1897 2829 1979 2886 ci—

369 2920 596 2976 vitatem
620 2919 782 2974 istam
805 2919 880 2975 ita
902 2919 1169 2974 munitam
1189 2927 1243 2975 et
1285 2927 1623 2986 ornatam,et
1642 2935 1753 2974 non
1790 2935 1981 2974 omnes

375 3008 450 3064 ibi
478 3005 589 3065 vidi
621 3007 864 3078 mquales
894 3007 1036 3063 inter
1056 3025 1115 3062 se
1153 3025 1165 3061 :
1204 3008 1304 3063 sed
1333 3023 1777 3080 unumquemque
1796 3006 1983 3079 perfe-

378 3101 525 3148 ctum
539 3107 640 3162 pro
654 3091 818 3145 modo
833 3107 950 3146 suo.
969 3092 1288 3146 Mansuram
1325 3091 1703 3148 arandi-neum
1723 3109 1975 3147 auream.
1995 3086 2045 3149 C

373 3181 436 3237 Id
467 3188 569 3250 est,
602 3179 839 3234 divinam
869 3178 1202 3250 Scripturam
1249 3179 1350 3235 Dei
1389 3180 1652 3250 sapientia
1701 3180 1971 3252 composi-

373 3275 509 3336 tam,
543 3284 667 3338 quae
697 3267 870 3340 tangit
901 3275 955 3323 et
984 3267 1213 3322 illustrat
1237 3269 1406 3325 corda
1435 3268 1694 3325 ﬁdelium.
1731 3272 1796 3328 Ut
1815 3271 1978 3326 meti-

373 3360 539 3414 retur
557 3356 851 3413 civitatem
869 3360 924 3414 et
933 3361 1132 3431 portas
1147 3360 1286 3430 ejus.
1310 3357 1368 3412 Id
1385 3366 1484 3426 est,
1511 3358 1810 3414 secundum
1826 3374 1972 3415 men.

363 3460 548 3500 suram
577 3444 735 3500 daret
765 3445 923 3501 etiam
952 3446 1256 3502 minoribus
1287 3446 1707 3519 intelligentiam
1734 3448 1973 3519 ipsarum

366 3533 790 3605 Scripturarum.

434 3633 499 3687 In
528 3632 736 3705 quadra
764 3633 952 3704 posita
981 3635 1084 3687 est.
1120 3630 1368 3700 Quatuor
1399 3632 1590 3702 latera,
1624 3631 1781 3700 ﬁdes,
1817 3649 1966 3704 spes,

360 3721 612 3786 Charitas,
646 3721 906 3792 operatio,
940 3737 1062 3793 quae
1092 3729 1218 3776 sunt
1247 3721 1498 3793 aequalia,
1533 3722 1661 3794 quia
1715 3730 1974 3794 quantum

361 3809 484 3883 quis
522 3808 714 3877 credit,
749 3817 956 3864 tantum
1024 3817 1243 3880 sperat:
1295 3818 1553 3882 quantum
1613 3818 1818 3882 sperat,
1851 3819 1973 3866 tan-

359 3906 477 3953 tum
506 3896 728 3969 diligit:
765 3905 1027 3969 quantum
1076 3898 1274 3970 diligit,
1326 3906 1534 3954 tantum
1583 3907 1860 3970 operatur.
1914 3901 1975 3954 In

366 3985 580 4058 quadro
613 4000 770 4056 ergo,
794 3985 922 4056 quia
949 3985 1178 4041 robusta
1208 3985 1334 4056 ﬁde,
1367 3987 1695 4060 longanimis
1716 4003 1832 4058 spe,
1859 4003 1976 4043 am-

362 4072 454 4145 pla
484 4073 770 4142 charitate,
806 4073 996 4128 efﬁcax
1024 4089 1212 4144 opere.
1245 4075 1345 4130 Vel
1377 4083 1609 4130 quatuor
1651 4075 1822 4131 latera
1853 4083 1978 4132 sunt

369 4169 605 4234 quatuor
646 4161 981 4232 principales
1033 4161 1282 4232 virtutes,
1331 4179 1560 4234 quarum
1605 4181 1714 4220 una
1744 4180 1854 4220 non
1873 4165 1976 4220 de-

369 4249 461 4306 bet
492 4249 657 4306 aliam
687 4250 978 4305 excedere.
1016 4251 1077 4318 In
1110 4251 1328 4305 homine
1360 4267 1492 4322 ergo
1550 4259 1630 4307 est
1683 4254 1978 4324 prudentia

373 4338 666 4410 appetendi
695 4337 823 4393 boni
854 4345 906 4392 et
926 4338 1132 4393 vitandi
1162 4339 1309 4406 mali,
1345 4355 1508 4411 quam
1539 4341 1780 4413 sequitur
1835 4349 1978 4397 tem-

373 4427 639 4498 perantia,
671 4435 728 4482 ut
757 4442 791 4482 a
821 4426 1188 4500 voluptatibus
1216 4428 1380 4483 homo
1402 4445 1460 4484 se
1503 4431 1738 4485 retrahat
1778 4447 1793 4485 :
1841 4438 1968 4502 post
1992 4448 2047 4508 D

381 4515 501 4571 haec
531 4523 614 4570 est
643 4514 920 4582 fortitudo,
955 4523 1012 4571 ut
1066 4516 1213 4588 quod
1258 4517 1530 4590 intelligit,
1564 4526 1822 4590 operetur
1861 4537 1874 4574 :
1907 4519 1976 4574 de

380 4602 507 4659 hinc
530 4603 753 4673 justitia,
787 4612 844 4658 ut
871 4604 951 4661 sic
998 4621 1127 4661 suos
1175 4613 1330 4661 actus
1377 4613 1656 4678 temperet,
1706 4624 1776 4663 ne
1818 4607 1978 4662 nimis

376 4690 555 4760 justus
585 4691 671 4748 vel
693 4692 908 4764 sapiens
939 4693 1042 4748 sibi
1073 4694 1340 4749 videatur.
1372 4697 1481 4750 Per
1500 4695 1709 4762 stadia,
1733 4696 1978 4752 Stadium

389 4787 474 4837 est
501 4779 654 4837 locus
684 4789 737 4837 et
769 4797 965 4838 cursus
995 4790 1048 4838 et
1075 4799 1350 4851 mensura,
1386 4791 1439 4838 et
1469 4792 1592 4839 octo
1620 4782 1821 4840 faciunt
1865 4784 1980 4842 mil-

385 4867 535 4936 liare,
569 4878 717 4926 notat
747 4878 929 4926 autem
957 4871 1244 4926 tendentes
1257 4872 1326 4927 ad
1357 4871 1620 4927 bravium.

454 4959 756 5016 Duodecim
786 4960 990 5015 millia.
1024 4959 1091 5013 Hi
1120 4959 1348 5030 perfecti
1377 4969 1501 5016 sunt
1528 4961 1583 5016 in
1614 4959 1722 5017 ﬁde
1747 4961 1979 5018 Trinita-

339 5119 342 5121 _
380 5044 451 5102 tis
479 5061 545 5101 ex
575 5054 805 5119 quatuor
821 5045 1010 5102 mundi
1040 5048 1301 5118 partibus.

459 5159 629 5216 Vnus.
668 5163 755 5217 17.
801 5192 871 5202 -
913 5162 1175 5219 Mensura
1221 5163 1485 5220 hominis.
1540 5165 1701 5221 Juxta
1747 5165 1980 5222 litteram

385 5254 608 5305 sanctus
637 5248 873 5305 Joannes
902 5251 1137 5306 ostendit
1192 5252 1449 5325 angelum
1497 5254 1822 5324 apparuisse
1877 5253 1980 5310 sibi

386 5337 440 5393 in
473 5336 655 5408 specie
685 5337 940 5410 hominis,
972 5347 1030 5394 ut
1057 5347 1244 5412 aperte
1275 5341 1492 5397 denotet
1511 5358 1636 5397 eum
1673 5343 1767 5414 qui
1810 5343 1980 5417 signi-

383 5426 650 5484 ﬁcabatur
677 5442 869 5484 verum
898 5428 1170 5500 angelum,
1201 5428 1258 5485 id
1291 5437 1375 5486 est
1402 5429 1596 5487 Filium
1625 5431 1747 5500 Dei,
1797 5440 1851 5489 et
1879 5448 1980 5489 ve-

387 5530 510 5572 rum
536 5515 813 5573 hominem
833 5515 1020 5573 fuisse.

457 5622 630 5686 Vitas.
664 5625 752 5681 18.
783 5653 854 5666 -
881 5624 953 5681 Et
980 5628 1126 5682 erat.
1158 5624 1386 5682 Dixerat
1411 5623 1470 5681 in
1497 5624 1601 5683 hac
1620 5624 1838 5684 civitate
1857 5642 1982 5686 esse

2069 1823 2146 1878 tio
2172 1822 2228 1877 in
2255 1821 2408 1878 caelis
2429 1829 2531 1891 est,
2566 1821 2657 1894 qui
2687 1829 2739 1877 et
2769 1837 2802 1877 a
2830 1837 2959 1878 vero
2988 1822 3105 1878 sole
3133 1821 3375 1877 innovati
3405 1820 3691 1876 ardentius

2072 1910 2273 1968 eterna
2304 1918 2571 1983 quaerunt,
2596 1919 2651 1966 et
2680 1910 2816 1966 alios
2847 1927 3096 1982 quaerere
3129 1911 3348 1980 docent,
3383 1910 3634 1966 dicentes
3665 1926 3682 1964 :

2073 2001 2274 2057 Nostra
2297 2001 2646 2057 conversatio
2659 2001 2724 2055 in
2735 2000 2890 2056 caelis
2903 2004 2987 2056 est
3004 2000 3179 2071 (Phil.
3199 1999 3301 2070 ιιι).
3321 1998 3681 2056 Chalcedoni.

2073 2089 2259 2161 (831).)
2289 2088 2540 2145 Colorem
2570 2088 2823 2159 pallentis
2851 2088 3092 2145 lucernae
3154 2087 3245 2144 hic
3285 2087 3427 2158 lapis
3467 2087 3681 2143 habet:

2074 2176 2264 2252 fulget,
2301 2185 2430 2244 etc.,
2460 2194 2635 2250 usque
2661 2177 2734 2234 ad
2763 2186 3084 2249 peccatores
3123 2185 3178 2233 et
3220 2175 3447 2249 fragiles
3504 2175 3579 2232 ad
3625 2191 3686 2231 se

2074 2267 2299 2322 trahunt
2323 2266 2539 2338 sibique
2577 2266 2934 2338 conjungunt.

2147 2373 2507 2446 Smaragdus.
2565 2372 2696 2444 (Ιο.)
2743 2371 2984 2441 Quartus
2998 2372 3178 2427 nimiae
3206 2370 3494 2427 viriditatis
3515 2384 3683 2441 super

2079 2477 2272 2519 omnes
2303 2462 2502 2518 herbas
2535 2469 2589 2520 et
2618 2461 2861 2528 frondes,
2895 2460 3033 2517 adeo
3059 2469 3119 2515 ut
3145 2460 3326 2528 etiam,
3351 2467 3482 2526 etc.,
3507 2474 3684 2533 usque

2081 2551 2154 2606 ad
2183 2558 2370 2622 quarta
2399 2550 2596 2608 dicitur
2621 2549 2758 2606 ﬁdes
2785 2557 3008 2620 propter
3027 2556 3255 2621 quatuor
3280 2547 3605 2619 Evangelia.

2149 2658 2320 2713 Vnus.
2343 2661 2432 2715 20.
2465 2688 2534 2699 —
2563 2657 2882 2728 Sardonyx.
2907 2655 3038 2728 (In.)
3068 2655 3298 2725 Quintus
3326 2654 3580 2719 tricolor,
3605 2653 3683 2708 ni-

2080 2761 2183 2819 ger
2207 2746 2263 2800 in
2292 2746 2422 2813 imo,
2455 2746 2736 2813 candidus,
2768 2752 2896 2812 etc.,
2928 2761 3103 2818 usque
3133 2744 3206 2800 ad
3243 2743 3389 2816 quod
3441 2743 3683 2816 quinque

2077 2833 2332 2890 sensibus
2365 2835 2562 2908 agitur,
2597 2833 2786 2908 quinta
2815 2832 3033 2890 dicitur.

2147 2941 2400 2998 Sardius.
2434 2941 2630 2998 Sextus
2659 2939 2940 3012 sanguinei
2969 2938 3167 2996 coloris
3197 2937 3459 3006 unicolor,
3483 2945 3685 3010 marty-

2079 3029 2146 3084 rii
2176 3029 2409 3103 gloriam
2439 3028 2726 3102 signiﬁcat.
2762 3030 2956 3086 Sextus
2985 3029 3109 3103 quia
3141 3036 3290 3084 sexta
3320 3026 3457 3083 feria
3505 3027 3684 3083 cruci-

2072 3116 2211 3172 ﬁxus
2239 3127 2322 3173 est
2351 3118 2615 3174 Christus.
2649 3117 2750 3175 Vel
2778 3117 3002 3173 Sardius
3033 3117 3218 3174 rubeaa
3274 3123 3435 3172 terrae
3472 3115 3684 3172 habens

2073 3206 2340 3278 speciem,
2373 3197 2648 3281 signiﬁcat
2677 3215 2900 3263 sanctos
2927 3205 3018 3278 qui
3049 3207 3176 3263 licet
3202 3221 3327 3263 cum
3355 3205 3559 3260 mentis
3591 3221 3681 3260 su-

2077 3295 2273 3352 blimes
2301 3295 2601 3363 intellectu,
2635 3304 2818 3352 tamen
2845 3294 3156 3369 fragilitatis
3186 3311 3298 3351 suae
3315 3293 3682 3350 recordantur

2074 3385 2414 3442 attendentes
2447 3401 2508 3442 se
2535 3383 2676 3442 ﬁlios
2723 3384 2878 3456 Adae,
2922 3385 3014 3456 qui
3063 3384 3230 3440 rubra
3274 3391 3423 3440 terra
3460 3382 3681 3448 dicitur,

2072 3472 2166 3546 qui
2194 3481 2350 3530 sexta
2379 3474 2467 3530 die
2497 3473 2674 3530 factus
2704 3481 2806 3544 est,
2840 3473 2985 3529 unde
3015 3481 3068 3530 et
3089 3472 3303 3529 sardius
3315 3480 3504 3529 sextus
3525 3472 3684 3528 indu-

2071 3562 2228 3618 citur.

2144 3669 2421 3741 BcryIlus.
2445 3667 2602 3741 (Ben.
2635 3667 2654 3741 )
2683 3667 2924 3725 Octavus
2971 3675 3056 3724 est
3095 3666 3513 3740 praedicantium
3544 3681 3683 3738 ope-

2075 3756 2234 3812 ratio.
2270 3757 2438 3813 Lucet
2466 3756 2727 3828 beryllus,
2767 3765 2895 3825 etc.,
2931 3773 3104 3829 usque
3141 3756 3216 3812 ad
3262 3770 3395 3811 cura
3455 3763 3687 3812 terrena

2073 3844 2550 3900 administrationis
2579 3844 2646 3899 ad
2676 3844 2945 3916 pallorem
2976 3843 3172 3901 activae
3207 3844 3334 3900 vitae
3369 3844 3683 3899 redeuntes.

2151 3949 2438 4020 Topazius.
2468 3947 2658 4002 Nonus
2688 3947 2904 4019 ponitur
2922 3946 3012 4003 hic
3039 3946 3197 4018 lapis,
3234 3946 3359 4018 quia
3409 3946 3594 4001 rarior
3631 3953 3680 4000 et

2074 4035 2386 4107 pretiosior,
2419 4042 2472 4091 et
2499 4035 2665 4090 habet
2695 4035 2833 4091 duos
2860 4035 3074 4092 colores
3095 4051 3162 4090 ex
3190 4049 3323 4090 auro
3353 4042 3409 4091 et
3449 4036 3683 4090 aetherea

2076 4123 2337 4190 claritate,
2370 4123 2610 4180 maxime
2639 4125 2828 4181 lucens
2876 4140 2997 4180 cum
3044 4123 3336 4195 splendore
3377 4123 3513 4178 solis
3562 4131 3683 4179 tan-

2077 4212 2242 4285 gitur,
2285 4227 2551 4284 superans
2613 4213 2855 4268 omnium
2905 4229 3241 4285 gemmarum
3314 4211 3590 4282 claritate,
3629 4212 3682 4267 in

2077 4295 2546 4372 aspectum'suum
2571 4301 2922 4375 singulariter
2966 4317 3275 4373 provocens
3327 4301 3681 4372 aspicientes,

2078 4406 2241 4462 quem
2262 4390 2308 4444 si
2335 4389 2460 4461 plus
2486 4391 2646 4461 polis,
2696 4391 2954 4446 obscuras
3005 4408 3017 4445 :
3066 4390 3114 4444 si
3152 4398 3358 4445 naturae
3400 4389 3682 4462 relinquis,

2078 4479 2279 4534 clarior
2301 4487 2383 4534 est
2415 4487 2500 4534 :et
2518 4479 2650 4534 nihil
2681 4488 2764 4534 est
2785 4479 2996 4536 charius
3024 4480 3243 4552 regibus
3260 4479 3408 4534 inter
3439 4479 3681 4534 divitias.

2079 4568 2568 4640 Contemplativam
2607 4569 2774 4624 vitam
2805 4567 3095 4641 signiﬁcat,
3131 4584 3291 4641 quam
3331 4568 3684 4640 sanctireges

2080 4656 2332 4713 omnibus
2363 4672 2586 4729 operum
2618 4657 2820 4714 divitiis
2851 4666 2904 4712 et
2933 4657 3165 4728 gemmis
3195 4656 3457 4712 virtutum
3494 4654 3689 4726 praefe-

2084 4751 2210 4800 runt
2240 4754 2293 4801 et
2321 4744 2376 4799 in
2407 4761 2527 4800 eam
2559 4746 2795 4801 maxime
2844 4753 3096 4816 aspectus
3141 4761 3270 4801 suos
3315 4745 3582 4817 dirigunt,
3634 4750 3688 4799 et

2035 4908 2039 4910 _
2088 4840 2242 4888 tanto
2272 4833 2526 4904 amplius,
2561 4843 2760 4906 quanto
2802 4833 3142 4905 frequentius
3188 4832 3370 4889 divina
3408 4832 3685 4888 illustran-

2079 4927 2172 4975 tur
2201 4921 2395 4994 gratia.
2431 4923 2513 4977 Ex
2544 4922 2754 4978 interna
2780 4923 3043 4978 charitate
3099 4922 3252 4978 color
3319 4936 3544 4989 aureus,
3620 4937 3684 4976 ex

2081 5009 2370 5064 dulcedine
2402 5010 2876 5080 contemplationis
2904 5011 3160 5076 aetherus,
3205 5026 3326 5082 qua:
3372 5026 3440 5066 ex
3505 5009 3685 5065 attritu

2081 5097 2268 5154 sazculi
2299 5113 2517 5170 semper
2536 5098 2895 5166 obscurascit,
2928 5099 3019 5155 vix
3049 5099 3191 5156 enim
3219 5106 3400 5171 potest
3439 5099 3566 5170 quis
3615 5098 3683 5153 si-

2078 5185 2192 5241 mul
2221 5185 2501 5242 doloribus
2528 5187 2737 5260 attingi,
2772 5196 2825 5244 et
2854 5188 3143 5260 tranquilla
3176 5195 3359 5243 mente
3375 5187 3504 5243 caeli
3545 5202 3686 5261 gau-

2079 5273 2166 5330 dia
2195 5273 2410 5331 intueri.
2443 5275 2543 5331 Vel
2570 5275 2616 5330 si
2637 5276 2796 5347 polis,
2835 5276 3004 5348 quod
3025 5277 3072 5332 si
3104 5275 3456 5348 dignitatibus
3492 5275 3684 5332 saeculi

2079 5363 2314 5420 honoras
2344 5379 2460 5434 eos,
2493 5371 2547 5421 et
2595 5380 2780 5432 ornas,
2830 5365 3088 5423 obscuras
3131 5383 3146 5421 :
3193 5365 3317 5436 quia
3331 5364 3683 5436 contempla-

2081 5452 2211 5510 tioni
2239 5451 2418 5508 minus
2446 5461 2654 5522 vacant,
2678 5453 2764 5510 vel
2792 5453 2990 5510 minori
3017 5453 3224 5511 meritis
3253 5451 3407 5510 ﬁunt.
3437 5453 3511 5509 Et
3541 5454 3682 5510 sicut

2079 5541 2137 5596 in
2160 5548 2356 5599 octavo
2385 5548 2466 5598 est
2493 5542 2672 5600 activa
2700 5543 2826 5611 vita,
2860 5542 2942 5600 sic
2968 5542 3026 5599 in
3072 5557 3217 5599 nono
3249 5541 3674 5614 contemplativa

2081 5644 2204 5702 quas
2230 5639 2314 5688 est
2337 5631 2681 5703 angelorum,
2711 5647 2940 5704 quorum
2989 5639 3117 5690 sunt
3168 5646 3369 5690 novem
3423 5631 3676 5696 ordines.
