4002 6184
299 248 398 302 ’749

1184 242 1454 299 GLOSSA
1485 243 1894 300 ORDlNARlA.
1926 273 1994 284 ——
2026 243 2228 300 APOC.
2283 244 2596 299 JOANNIS.

3490 251 3593 302 750

300 370 496 427 Dicunt
522 369 743 441 quidam
775 368 922 441 quod
943 369 1186 425 omnium
1217 370 1456 441 lapidum
1477 370 1688 426 colores
1708 369 1892 438 habet,
1928 374 1980 433 Β
2002 369 2131 425 dum
2162 385 2268 424 nox
2295 379 2396 438 est,
2431 369 2485 424 id
2527 377 2608 424 est
2647 368 2798 423 locus
2843 369 3158 425 insidiarum
3193 387 3205 424 :
3241 370 3338 425 sed
3369 371 3496 443 quia
3526 372 3599 427 ibi

305 458 446 515 unde
474 467 528 514 et
555 473 757 514 nomen
784 457 966 526 habet,
1000 458 1130 529 quia
1158 472 1286 528 pan,
1320 459 1374 512 id
1406 468 1488 514 est
1515 473 1695 513 omne.
1727 460 1794 513 Et
1824 459 1905 513 in-

307 547 522 605 venitur
549 547 608 602 in
633 546 811 602 insula
847 547 1084 618 Egypti,
1130 563 1250 618 quae
1280 547 1476 604 dicitur
1517 548 1788 618 T0pazon,
1824 547 1904 604 si-

305 634 531 710 gniﬁcat
579 643 801 692 sanctos
842 635 1096 691 omnibus
1133 635 1405 692 coloribus
1443 635 1702 694 virtutum
1749 635 1908 708 fulgi-

303 725 422 781 dos.

379 842 813 913 Chrysoprasus.
848 840 909 894 In
939 839 1089 896 India
1117 839 1354 895 nascitur
1385 839 1576 896 viridis
1614 854 1906 911 aureasque

305 930 566 985 misturae.
591 928 824 998 Quidam
845 929 1010 985 etiam
1041 945 1347 1000 purpureus
1366 945 1489 986 cum
1515 929 1681 1002 guttis
1703 929 1906 999 aureis,

305 1017 580 1091 signiﬁcat
616 1033 711 1074 eos
754 1018 844 1089 qui
872 1018 1114 1074 virorem
1144 1024 1364 1073 aeternae
1409 1017 1597 1089 patriae
1644 1017 1908 1074 charitate

304 1114 608 1174 merentur,
632 1114 686 1162 et
713 1106 875 1162 aliam
905 1122 1238 1178 purpuream
1259 1107 1504 1178 martyrii
1523 1107 1831 1173 ostendunt,
1857 1113 1912 1162 et

306 1197 435 1269 quia
473 1195 780 1267 exemplum
817 1196 1036 1250 Domini
1075 1203 1391 1267 sequuntur,
1426 1195 1481 1250 in
1510 1195 1682 1263 India,
1718 1194 1773 1249 id
1803 1202 1906 1261 est,

302 1299 478 1356 prope
509 1292 691 1340 ortum
721 1283 855 1339 solis
882 1291 1027 1353 sunt,
1057 1292 1115 1340 .et
1143 1298 1269 1340 cum
1297 1283 1515 1339 Christo
1552 1298 1787 1356 regnare
1818 1299 1912 1338 ex-

302 1381 573 1446 spectant.
609 1374 670 1429 In
697 1372 922 1429 denario
951 1388 1181 1428 numero
1211 1379 1352 1440 sunt,
1387 1371 1683 1444 decalogus
1712 1371 1909 1442 imple-

303 1469 391 1518 tur
419 1478 522 1534 per
551 1461 917 1527 dilectionem,
952 1477 1074 1532 quae
1101 1477 1212 1516 non
1241 1459 1444 1516 ﬁnitur.
1479 1460 1651 1532 Igitur
1678 1460 1732 1515 in
1753 1461 1910 1531 chry-

307 1565 541 1621 sopraso
571 1565 707 1621 opus
733 1549 980 1621 martyrii
1009 1549 1258 1622 signatur
1299 1557 1353 1605 et
1395 1548 1700 1620 prmmium.
1741 1548 1909 1619 Chry-

307 1655 430 1706 son,
459 1655 653 1695 aurum
685 1655 701 1694 :
732 1654 949 1711 prasos,
979 1654 1200 1709 porrum
1229 1637 1443 1694 dicitur.

2003 458 2123 514 dies
2153 466 2436 530 perpetua,
2468 458 2646 513 omnis
2677 459 2834 514 timor
2859 457 3150 513 auferetur.

2075 547 2245 603 Vens.
2278 551 2366 604 26.
2389 576 2460 590 ο·-
2481 548 2753 619 A/Tercnt.
2788 547 2870 601 Ad
2902 546 3309 602 similitudinem
3339 547 3601 603 victorum

2006 636 2098 708 qui
2131 636 2299 707 spolia
2330 636 2383 690 in
2413 652 2542 691 suas
2571 635 2736 690 urbes
2769 634 2968 690 ferunt.
3457 695 3464 706 ,

2077 726 2250 782 Vens.
2280 727 2370 783 27.
2393 755 2463 768 --
2481 727 2602 781 Non
2621 725 2862 781 intrabit
2884 727 2945 779 in
2966 739 3109 780 eam.
3137 723 3292 780 Dicta
3320 725 3604 781 honestate

2005 815 2256 880 civitatis,
2290 830 2361 869 ne
2394 814 2682 887 quisquam
2712 813 2884 868 falsus
2912 813 3081 868 frater
3124 814 3190 867 ad
3239 813 3476 885 aliquem
3503 815 3606 871 ho-

2007 919 2127 959 rum
2149 904 2414 976 graduum
2433 903 2750 976 pertingere
2772 909 3148 974 praesumeret,
3171 902 3489 958 determinat
3518 902 3610 974 qui

2008 997 2134 1048 sunt
2161 991 2429 1059 intraturi,
2464 991 2557 1064 qui
2584 1007 2714 1048 non.
2921 991 2926 994 ’

2582 1177 2806 1234 CAPUT
2845 1177 3024 1232 XXII.

2079 1317 2250 1373 Vnus.
2283 1321 2334 1373 1.
2369 1347 2438 1358 -
2466 1319 2538 1374 Et
2579 1318 2846 1375 ostendit.
2896 1317 3192 1390 Postquam
3221 1318 3383 1374 situm
3411 1319 3606 1376 civita-

2007 1407 2096 1477 tis,
2124 1407 2440 1478 dignitatem
2470 1407 2606 1477 ejus,
2640 1415 2693 1463 et
2725 1422 2910 1462 muros
2941 1416 2994 1464 et
3026 1406 3373 1464 fundamenta
3417 1416 3606 1465 osten-

2008 1496 2105 1564 dit,
2137 1494 2394 1552 describit
2422 1496 2772 1552 refectionem
2817 1512 2980 1569 quam
3026 1497 3174 1553 Deus
3218 1497 3418 1554 civitati
3459 1515 3604 1570 pra:-

2007 1584 2139 1653 buit,
2173 1594 2225 1640 et
2250 1585 2307 1640 in
2333 1586 2608 1656 praesenti,
2643 1584 2874 1640 maxime
2905 1586 2960 1640 in
2987 1584 3186 1642 futuro.
3222 1586 3283 1641 In
3311 1586 3608 1658 prmsentia

2010 1673 2239 1729 Deitatis
2263 1673 2351 1731 vel
2378 1674 2676 1730 imitatione
2705 1673 2828 1730 vitae
2856 1674 3019 1747 Agni,
3069 1675 3159 1747 qui
3195 1675 3475 1753 preposuit
3501 1691 3606 1733 no-

379 1741 753 1837 Ηναεῖνξίὴτιε-
803 1739 1137 1837 Πηάθοίωξλε
1184 1747 1268 1796 θδί
1290 1740 1402 1837 _hi°
1431 1738 1590 1837 “illis:
1625 1753 1747 1837 θξπη
1777 1753 1907 1795 aere
1935 1734 1990 1794 B
2014 1762 2100 1818 bis
2124 1762 2181 1817 in
2210 1779 2271 1818 se
2297 1763 2625 1834 exemplum.
2671 1734 2952 1820 Flaviani.
3005 1734 3063 1818 Id
3087 1734 3176 1819 est
3196 1734 3403 1837 aquam
3431 1763 3610 1821 ﬂuen-

310 1837 557 1886 mutatur
584 1829 640 1884 in
669 1844 868 1886 sereno
893 1829 1238 1900 perspicuus,
1286 1829 1343 1884 in
1389 1828 1575 1884 nubilo
1617 1827 1903 1895 obscurus,

307 1916 580 1991 signiﬁcat
611 1917 1031 1974 discretissimos
1061 1917 1314 1974 doctores
1342 1916 1592 1973 omnibus
1636 1915 1907 1988 qualitati-

308 2007 434 2073 bus,
467 2005 737 2076 moribus,
765 2005 1031 2073 atatibus,
1067 2005 1434 2062 intellectibus
1480 2021 1541 2062 se
1586 2011 1907 2078 contempe-

306 2103 519 2151 rantes.

383 2181 758 2239 Amethistus.
788 2179 1154 2238 Duodecimus
1182 2180 1319 2254 lapis
1345 2189 1427 2238 est
1452 2197 1778 2254 purpureus,
1807 2181 1909 2237 mi-

316 2279 406 2328 sto
435 2270 619 2327 colore
645 2269 804 2326 violas
833 2278 887 2325 et
914 2285 1057 2327 rosa:
1086 2271 1350 2343 quasdam
1379 2269 1685 2326 ﬂammulas
1731 2269 1801 2327 de
1848 2285 1910 2328 se

311 2358 620 2415 effundens.
653 2359 964 2429 Purpureus
995 2357 1164 2426 color,
1198 2357 1466 2431 signiﬁcat
1489 2357 1728 2415 caelestis
1752 2357 1912 2430 regni

310 2447 548 2516 habitus,
600 2446 865 2520 angelicae
907 2446 1183 2501 societatis
1228 2446 1589 2518 principatum
1635 2445 1704 2501 ad
1749 2461 1910 2518 quem

309 2535 532 2592 venturi
560 2542 684 2590 sunt
711 2533 905 2590 sancti.
940 2534 1092 2589 Viola
1122 2534 1378 2590 humilem
1426 2541 1732 2591 sanctorum
1759 2548 1913 2590 vere-

310 2624 568 2682 cundiam
597 2639 721 2680 cum
747 2622 919 2678 odore
950 2623 1104 2678 bona
1131 2623 1481 2695 operationis.
1533 2623 1674 2678 Rosa
1700 2621 1877 2694 pretio
1894 2649 1912 2664 -

309 2727 431 2780 sam
460 2720 696 2768 mortem
725 2720 1045 2784 martyrum,
1077 2711 1168 2784 qui
1199 2726 1310 2767 non
1339 2711 1501 2767 modo
1533 2711 1674 2768 inter
1703 2726 1782 2779 se,
1815 2710 1912 2768 sed

309 2802 482 2858 etiam
513 2800 585 2857 ad
612 2800 862 2856 inimicos
892 2809 946 2856 et
974 2808 1358 2871 persecutores
1395 2800 1641 2856 ﬂammas
1669 2798 1912 2857 charita-

307 2889 382 2946 tis
415 2889 680 2945 emittunt.
716 2887 996 2961 Signiﬁcat
1025 2887 1189 2961 igitur
1216 2889 1533 2944 amethistus
1562 2887 1800 2945 scelestis
1825 2903 1914 2944 re-

307 2978 413 3051 gni
461 2993 680 3050 semper
727 2976 1046 3032 memoriam
1092 2977 1146 3031 in
1196 2976 1450 3032 cordibus
1496 2975 1810 3046 humilium,
1860 2984 1917 3033 et

2017 1859 2144 1921 tem,
2175 1851 2229 1906 id
2256 1860 2338 1907 est
2366 1860 2622 1908 aeternam
2673 1851 3081 1907 beatitudinem.
3130 1852 3189 1907 In
3231 1852 3415 1924 specie
3459 1868 3616 1924 aqua

2015 1948 2229 1996 notatur
2257 1940 2455 1996 ablutio
2485 1940 2756 2011 baptismi,
2808 1955 2916 2011 qua
2944 1940 3014 1994 ad
3044 1939 3202 1994 istam
3230 1939 3616 1997 beatitudinem

2014 2029 2350 2101 pervenitur.
2379 2032 2458 2085 De
2495 2029 2622 2086 sede
2658 2030 2780 2084 Dei.
2830 2028 2890 2084 Id
2919 2036 3003 2084 est
3049 2027 3118 2083 de
3161 2028 3268 2084 illis
3312 2028 3366 2083 in
3415 2029 3614 2102 quibus

2013 2117 2383 2191 principaliter
2411 2115 2623 2175 sedebit
2651 2119 2820 2186 Deus,
2851 2117 2976 2189 quia
3005 2117 3060 2172 in
3103 2117 3208 2172 illis
3236 2117 3474 2175 maxime
3510 2126 3612 2188 est,

2015 2214 2070 2262 et
2096 2222 2196 2277 per
2225 2206 2640 2262 instructionem
2689 2221 2878 2261 eorum
2910 2205 3148 2260 minores
3187 2207 3611 2263 coronabuntur.

2086 2295 2256 2352 Vens.
2287 2299 2342 2353 2.
2375 2324 2444 2335 —-
2471 2297 2545 2350 Et
2569 2311 2644 2352 ea:
2673 2299 2932 2367 utraque.
2965 2293 3120 2350 Circa
3145 2294 3369 2364 ﬂumen,
3414 2295 3472 2352 id
3509 2303 3612 2363 est,

2013 2382 2068 2438 in
2099 2384 2204 2440 hac
2231 2382 2338 2438 vita
2367 2383 2632 2438 habemus
2665 2383 2884 2455 lignum
2910 2384 3060 2449 vita,
3110 2383 3165 2437 id
3212 2390 3296 2438 est
3334 2398 3532 2455 corpus
3561 2391 3616 2441 et

2013 2471 2333 2544 sanguinem
2356 2471 2575 2537 Christi,
2606 2471 2662 2526 in
2695 2471 2891 2542 quibus
2919 2469 3193 2527 reﬁcimur
3218 2471 3357 2526 ultra
3385 2471 3607 2539 ﬂumen,

2013 2559 2068 2615 id
2093 2567 2193 2629 est,
2227 2560 2284 2616 in
2311 2559 2488 2616 futuro
2529 2558 2854 2615 habebimus
2896 2558 3072 2630 ipsum
3118 2567 3463 2630 praesentem.
3511 2559 3612 2617 Vel

2011 2664 2114 2721 per
2127 2648 2274 2705 circa
2293 2648 2514 2716 ﬂumen,
2530 2647 2862 2719 accipiamus
2880 2654 3092 2719 tempus
3111 2655 3237 2703 ante
3251 2647 3607 2720 baptismum,

2012 2754 2112 2810 per
2138 2737 2299 2806 ultra,
2327 2735 2460 2793 illud
2490 2735 2634 2808 quod
2664 2735 2758 2792 fuit
2787 2743 2911 2808 post
2935 2735 3284 2808 baptismum,
3306 2744 3365 2793 ut
3385 2736 3607 2794 denote-

2012 2842 2134 2882 mus
2161 2825 2351 2882 ﬁdeles
2379 2832 2431 2881 et
2459 2825 2515 2880 in
2541 2823 2710 2881 veteri
2741 2831 2796 2880 et
2823 2823 2880 2879 in
2910 2840 3048 2880 nova
3077 2824 3200 2897 lege
3245 2823 3484 2882 salvatos
3511 2841 3611 2898 per

2012 2913 2308 2979 Christum,
2341 2914 2486 2987 quod
2515 2912 2838 2987 signiﬁcavit
2866 2912 3083 2985 Moyses
3129 2913 3224 2986 qui
3267 2913 3419 2970 duxit
3463 2913 3608 2971 filios

2013 3002 2181 3060 Israel
2210 3019 2382 3076 usque
2411 3001 2480 3058 ad
2501 3002 2702 3058 ﬂumen
2722 3001 2991 3070 Iordanis,
3015 3008 3068 3058 et
3085 3003 3245 3058 Iesus
3268 3000 3410 3059 ﬁlius
3428 3002 3602 3066 Nave.

304 3066 461 3165 main
482 3066 767 3165 egfegiam
782 3065 1130 3165 νίηυίθῐηνιξί
1151 3064 1314 3121 etiam
1333 3080 1436 3165 Ρῗθ
1469 3065 1908 3165 ,ίίξίωίθξδ-οἷθηίν
1929 3091 1978 3154 C
2007 3091 2101 3165 qui
2129 3091 2199 3146 de
2233 3064 2456 3146 ﬂumine
2499 3089 2749 3146 Iordanis
2794 3089 2944 3146 duxit
2978 3064 3082 3147 veos
3126 3089 3184 3145 in
3224 3098 3423 3147 terram
3469 3064 3605 3164 pro?

306 3162 364 3212 et
397 3153 467 3210 de
495 3153 668 3210 salute
698 3169 883 3209 eorum
913 3161 1125 3224 curent,
1157 3170 1278 3225 quae
1321 3161 1404 3209 est
1429 3153 1598 3210 virtus
1629 3153 1905 3211 virtutum.

305 3242 573 3301 Colorum
601 3242 842 3299 varietas
867 3241 1126 3299 virtutum
1154 3241 1540 3314 multiplicitas.

386 3375 559 3432 Van.
590 3376 682 3434 21.
695 3404 765 3416 -
785 3377 856 3432 Et
875 3374 1165 3432 duodecim
1182 3378 1378 3447 portae.
1399 3373 1567 3443 Quasi
1585 3372 1728 3429 dicat
1748 3389 1763 3430 :
1786 3372 1910 3431 Dixi

309 3479 443 3522 esse
489 3464 778 3520 duodecim
824 3471 1030 3535 portas,
1080 3470 1135 3519 et
1181 3478 1306 3518 cum
1351 3463 1422 3518 ita
1469 3461 1576 3517 sint
1619 3461 1910 3518 duodecim

307 3553 422 3608 illae
449 3561 641 3624 portas,
674 3552 730 3607 id
759 3559 841 3608 est
867 3553 1144 3624 prophetae
1182 3551 1587 3608 introducentes
1631 3550 1702 3606 ad
1747 3549 1909 3606 fidem

307 3641 592 3697 Trinitatis
621 3657 688 3696 ex
719 3648 945 3712 quatuor
973 3639 1160 3695 mundi
1186 3639 1450 3711 partibus.
1499 3641 1604 3696 Per
1631 3640 1908 3711 singulas,

309 3730 370 3786 id
389 3738 494 3799 est,
511 3746 612 3802 per
631 3729 1040 3784 instructionem
1059 3727 1401 3800 singulorum
1423 3746 1438 3795 ;
1469 3732 1608 3783 sunt
1625 3729 1911 3799 margari-

314 3824 410 3888 τίε,
444 3819 499 3874 id
530 3826 632 3886 est,
655 3817 952 3874 imitatores
982 3831 1190 3885 eorum,
1215 3815 1307 3888 qui
1326 3816 1395 3871 de
1419 3831 1739 3891 quacunque
1757 3823 1912 3888 parte

311 3906 505 3963 mundi
534 3907 606 3962 ad
635 3904 799 3962 ﬁdem
828 3904 1103 3961 Trinitatis
1140 3912 1422 3970 vocentur,
1472 3912 1595 3959 sunt
1641 3903 1912 3976 splendidi

312 3995 622 4052 virtutibus.
652 3995 900 4067 Singulae
915 3999 1114 4067 portae,
1138 4001 1243 4048 etc.
1277 3991 1442 4062 Quasi
1469 3991 1612 4050 dicat
1646 4010 1662 4048 :
1694 3993 1780 4049 Ad
1808 3992 1913 4049 hoc

310 4092 370 4139 ut
401 4091 586 4141 essent
612 4091 804 4154 portae,
837 4082 1069 4154 Oportuit
1100 4097 1222 4137 esse
1243 4081 1586 4154 margaritas.
1609 4082 1821 4138 Platece
1841 4082 1915 4138 ci-

311 4175 515 4228 vitatis
544 4189 772 4228 aurum.
806 4171 865 4224 Id
896 4179 980 4226 est
1008 4169 1291 4241 sapientia,
1322 4170 1410 4226 vel
1452 4169 1698 4226 claritate
1743 4168 1909 4240 pleni,

312 4260 505 4315 mundi
535 4276 568 4315 a
595 4259 866 4316 criminali
896 4259 1132 4315 macula.
1173 4259 1388 4315 Vitrum
1411 4275 1516 4331 per
1547 4257 1819 4315 lucidum.
1852 4257 1914 4313 Id

311 4356 402 4404 est
430 4347 607 4403 nullas
635 4348 826 4404 sordes
871 4347 928 4402 in
966 4363 1026 4402 se
1071 4346 1330 4402 celantes.
1382 4347 1480 4402 Vel
1528 4347 1651 4418 quia
1689 4354 1915 4418 possunt

2005 3179 2303 3236 missionis.
2326 3180 2564 3252 Lignum
2591 3180 2744 3236 vita.
2762 3177 2935 3248 Quasi
2967 3176 3112 3235 dicat
3143 3195 3158 3234 :
3191 3179 3314 3251 Ipse
3351 3178 3604 3237 refectio.

2006 3283 2134 3324 nem
2163 3267 2276 3338 dat,
2307 3268 2427 3339 ipse
2455 3267 2616 3324 etiam
2646 3267 2737 3324 dat
2766 3266 2847 3324 eis
2875 3267 2968 3340 qui
2995 3275 3252 3340 pararent
3282 3282 3379 3326 eos
3406 3267 3605 3342 quibus

2007 3356 2126 3430 ipse
2157 3355 2372 3412 reddat.

2074 3448 2336 3502 Fructus.
2368 3443 2428 3499 Id
2458 3451 2541 3500 est
2576 3444 2874 3516 prophetas
2920 3451 2974 3501 et
3023 3445 3303 3516 apostolos
3340 3444 3397 3501 in
3441 3444 3605 3504 ﬁdem

2007 3534 2282 3591 Trinitatis
2327 3548 2427 3605 per
2473 3541 2697 3605 quatuor
2740 3532 2926 3588 mundi
2966 3541 3147 3604 partes
3193 3533 3582 3592 fructiﬁcantes

2007 3625 2078 3678 Et
2107 3624 2249 3694 [alia
2271 3623 2432 3694 ligni.
2461 3621 2629 3690 Quasi
2655 3622 2802 3678 dicat
2825 3639 2838 3678 :
2860 3622 2932 3676 Et
2960 3620 3104 3693 quod
3136 3621 3385 3678 Christus
3411 3624 3606 3680 reddet

2009 3710 2260 3778 fructum,
2289 3710 2395 3766 hoc
2424 3710 2524 3766 erit
2550 3710 2651 3778 sic,
2683 3710 2832 3783 quod
2860 3707 3112 3780 apostoli,
3145 3716 3200 3765 et
3228 3717 3354 3782 post
3387 3725 3484 3768 eos
3513 3711 3602 3769 alii

2010 3799 2168 3856 etiam
2198 3806 2458 3871 spargent
2485 3797 2612 3855 folia
2639 3798 2810 3870 ipsius
2839 3797 3057 3854 Christi.

2082 3916 2252 3972 Vens.
2286 3919 2339 3972 6.
2369 3945 2439 3958 —-
2466 3917 2539 3972 Et
2566 3913 2720 3971 dixit
2749 3916 2910 3972 mihi.
2943 3914 3091 3972 Sicut
3120 3914 3177 3971 in
3205 3913 3476 3988 principio
3504 3929 3602 3987 po-

2011 4003 2116 4060 suit
2143 4002 2665 4060 commendationem
2695 4003 2937 4071 visionis,
2969 4003 3050 4060 sic
3081 4003 3240 4060 etiam
3271 4004 3385 4074 jam
3426 4003 3494 4059 ad
3525 4001 3606 4059 ul-

2011 4093 2200 4148 timum
2228 4091 2398 4164 ponit.
2431 4094 2726 4150 Dominus.
2746 4093 2816 4148 Et
2842 4093 2982 4150 bene
3008 4092 3177 4150 debes
3205 4092 3450 4160 credere,
3482 4092 3609 4165 quia

2011 4180 2103 4237 ille
2132 4181 2223 4254 qui
2252 4180 2307 4235 in
2337 4189 2604 4253 potestate
2632 4181 2791 4236 habet
2817 4181 2956 4237 dona
2995 4182 3226 4254 Spiritus
3274 4181 3468 4249 sancti,
3512 4197 3611 4254 per

2012 4285 2173 4342 quem
2222 4270 2386 4326 locuti
2443 4279 2566 4327 sunt
2610 4270 2793 4327 omnia
2837 4270 3117 4342 prophetae
3162 4287 3281 4343 quae
3328 4270 3604 4326 dixerunt.

2012 4359 2288 4432 Angelum
2317 4377 2505 4428 suum,
2539 4367 2641 4415 etc.
2675 4359 2826 4415 Sicut
2853 4359 3080 4432 angelus
3107 4358 3321 4425 Joanni,
3341 4357 3422 4414 sic
3437 4359 3608 4415 Joan-

313 4436 450 4492 mali
480 4436 536 4491 in
572 4437 828 4507 operibus
871 4435 1168 4508 nequitiam
1206 4450 1381 4503 suam,
1413 4434 1560 4492 velut
1586 4435 1641 4492 in
1669 4435 1984 4515 δρεουῙονθ
2013 4463 2112 4503 nes
2155 4450 2501 4504 commendat
2545 4447 2826 4518 discipulis
2871 4447 2981 4503 suis
3013 4464 3028 4502 :
3063 4446 3214 4518 quasi
3260 4447 3406 4503 dicat
3436 4464 3451 4502 :
3481 4446 3607 4504 Non

315 4539 678 4598 cognoscere.

395 4639 566 4696 Vens.
601 4643 691 4699 23.
727 4668 796 4682 -—
821 4640 941 4697 Non
970 4642 1093 4712 eget
1121 4639 1258 4696 sole.
1308 4638 1410 4696 Hic
1433 4639 1607 4695 sancti
1656 4646 1820 4711 egent
1847 4639 1919 4695 ad

319 4729 603 4786 servitium
633 4729 746 4784 sole
777 4736 830 4785 et
857 4728 1001 4797 luna,
1036 4727 1110 4783 ibi
1140 4743 1249 4782 non
1281 4745 1295 4784 :
1327 4727 1475 4784 Deus
1504 4728 1648 4784 enim
1674 4728 1834 4799 plene
1862 4727 1919 4783 il-

315 4817 605 4874 luminahit
634 4833 750 4873 eos.
783 4816 902 4885 Vel,
935 4833 1048 4872 non
1071 4821 1194 4887 eget
1213 4817 1346 4882 sole,
1367 4833 1543 4889 neque
1567 4817 1726 4884 luna,
1749 4816 1804 4873 id
1836 4824 1920 4874 est

317 4906 620 4975 majoribus
647 4905 736 4962 vel
764 4905 1064 4960 minoribus
1090 4904 1552 4977 praedicatoribus.

397 5021 568 5076 Vens.
601 5023 694 5077 24.
726 5051 795 5061 -
815 5022 884 5076 Et
902 5021 1294 5076 ambulabunt.
1317 5020 1488 5074 Tanta
1515 5018 1620 5076 erit
1649 5019 1738 5075 lux
1769 5018 1823 5074 in
1843 5016 1918 5074 fu-

309 5098 466 5174 turo,
496 5108 644 5180 quod
663 5124 835 5182 usque
865 5109 935 5163 ad
964 5107 1127 5165 ﬁnem
1157 5107 1363 5176 mundi,
1389 5108 1756 5165 ambulabunt
1775 5123 1917 5180 gen-

325 5200 428 5263 tes,
442 5195 502 5252 id
515 5204 599 5251 est
607 5196 1069 5268 promovebuntur
1093 5196 1164 5253 de
1183 5195 1328 5252 bono
1348 5196 1404 5251 in
1423 5195 1636 5252 melius.
1658 5197 1724 5251 In
1742 5197 1917 5252 lumi-

318 5299 415 5340 ne.
438 5284 501 5340 In
522 5300 620 5355 spe
640 5284 798 5352 hujus
812 5284 1030 5340 luminis
1050 5285 1136 5340 vel
1155 5300 1256 5356 per
1273 5284 1474 5352 lumen,
1493 5283 1582 5340 vel
1599 5299 1699 5356 per
1716 5284 1914 5349 lucem,

307 5372 413 5442 _vel
431 5389 528 5445 per
547 5373 733 5429 radios
749 5373 1078 5446 cognitionis
1099 5375 1236 5443 ejus.
1259 5376 1428 5446 Reges
1449 5377 1634 5430 terrae.
1658 5373 1720 5428 Id
1740 5380 1822 5428 est
1841 5369 1918 5428 illi

322 5462 558 5530 majores
587 5461 679 5532 qui
708 5471 906 5534 regunt
933 5463 1302 5536 terrenitatem
1332 5478 1484 5517 suam
1515 5469 1568 5516 et
1595 5460 1844 5518 aliorum.

397 5549 568 5614 Vens.
601 5552 699 5628 25.
718 5580 787 5611 -έ-
807 5553 876 5607 Et
889 5555 1090 5625 portae.
1115 5552 1173 5604 In
1198 5549 1450 5622 praesenti
1479 5549 1768 5622 aliquando
1796 5549 1920 5603 sub-

309 5637 552 5714 trahitur
580 5638 916 5710 praedicatio,
964 5655 1033 5695 ne
1063 5637 1215 5695 fures
1258 5639 1462 5694 intrent
1504 5646 1560 5695 et
1602 5636 1920 5696 conculeent

2016 4543 2242 4608 propter
2270 4553 2358 4593 me
2388 4537 2529 4592 facta
2557 4544 2638 4592 est
2671 4536 2787 4592 haec
2835 4534 3167 4592 annuntiatio
3214 4533 3367 4602 mihi,
3413 4534 3510 4591 sed
3552 4542 3612 4590 ut

2016 4640 2114 4681 vos
2144 4625 2276 4680 mihi
2307 4625 2561 4682 credatis.

2089 4731 2260 4788 Vens.
2293 4734 2346 4786 8.
2376 4761 2447 4772 -
2467 4732 2537 4786 Et
2567 4733 2864 4802 postquam
2901 4729 3206 4797 audissem,
3238 4734 3295 4786 et
3317 4730 3602 4788 vidissem.

2017 4819 2117 4876 Hic
2143 4820 2238 4875 dat
2265 4820 2421 4875 nobis
2449 4818 2773 4889 intelligere,
2820 4818 2965 4889 quod
3014 4833 3114 4889 pro
3156 4816 3242 4872 his
3288 4819 3344 4874 in
3380 4835 3606 4874 venera-

2017 4908 2165 4964 tione
2206 4908 2466 4964 dehemus
2511 4923 2633 4963 eum
2677 4906 2898 4976 habere,
2929 4921 3032 4963 nec
3061 4914 3267 4962 tantum
3316 4922 3460 4974 eum,
3511 4905 3611 4963 sed

2015 4995 2459 5064 Deum'adorare,
2494 5004 2545 5052 et
2573 5013 2672 5067 per
2700 4996 3102 5051 observantiam
3131 4995 3418 5053 verborum
3459 4995 3606 5063 libri,

2014 5083 2442 5158 puriﬁcationem
2469 5085 2784 5156 angelorum
2813 5084 3094 5156 consequi.

2087 5191 2256 5248 Vens.
2293 5195 2345 5248 9.
2377 5221 2446 5232 —
2475 5193 2544 5247 Et
2572 5193 2824 5262 fratrum
2861 5194 3106 5260 tuorum,
3141 5199 3242 5249 etc.
3272 5192 3396 5250 Non
3425 5201 3550 5250 sunt
3579 5207 3614 5250 α

2017 5295 2244 5336 munere
2276 5281 2576 5352 pr0phetiae
2617 5279 2778 5336 alieni
2819 5281 3066 5351 putandi,
3115 5282 3206 5354 qui
3248 5282 3452 5339 habent
3486 5297 3610 5352 gra-

2017 5369 2146 5424 tiam
2190 5368 2575 5439 interpretandi
2622 5385 2636 5423 :
2681 5365 2750 5424 ut'
2786 5370 3156 5442 Augustinus,
3209 5369 3566 5441 Hieronymus
3592 5411 3607 5433 ,

2018 5459 2357 5525 Ambrosius,
2395 5457 2718 5532 Gregorius,
2753 5465 2858 5514 etc.

2088 5547 2257 5602 Vens.
2294 5550 2379 5604 11.
2400 5579 2469 5589 -
2496 5550 2598 5617 Qui
2624 5551 2807 5615 nocet,
2840 5553 3038 5604 noceat
3071 5547 3271 5604 adhuc.
3315 5545 3450 5614 Quia
3481 5559 3609 5615 pos-

2018 5644 2100 5692 set
2127 5635 2289 5709 objici
2318 5637 2463 5711 quod
2498 5637 2700 5694 malum
2729 5645 2877 5694 esset
2920 5638 3240 5710 prophetare
3264 5632 3447 5700 malis,
3471 5647 3606 5706 cum
