3968 6176
273 252 379 304 ’753

1376 255 1626 313 EXPOS.
1660 258 1734 316 IN
1764 258 1871 315 XX
1899 259 2157 322 PRIMOS
2185 265 2521 326 PSALMOS.

3463 285 3566 338 ’754

268 390 490 448 faciant.
524 392 641 448 Hoc
669 399 754 448 est
782 393 928 449 enim
958 411 1073 452 non
1085 397 1240 454 abire
1271 399 1338 453 in
1384 399 1620 458 consilio
1668 402 1875 474 impio-
1907 384 2099 446 Αδιιω
2129 389 2371 446 Chismm
2399 393 2595 449 Filium
2623 397 2760 466 eius:
2791 407 2847 454 ει
2885 399 2944 454 in
2989 401 3249 473 ερίτίιαω
3297 411 3565 474 saucium.

268 497 421 546 rum,
454 496 557 536 nec
586 485 741 537 stare
768 482 830 537 in
848 483 937 539 via
945 489 1328 556 peccatorum,
1357 503 1460 544 nec
1480 489 1670 546 sedere
1694 492 1758 546 in
1773 507 1875 547 ca-

270 569 470 625 thedra
490 571 870 642 pestilentiae;
893 572 991 627 sed
1020 573 1202 643 potius
1232 575 1501 632 meditari
1529 578 1593 633 in
1625 579 1741 651 lege
1771 582 1875 637 Do-

268 659 437 725 mini,
460 673 569 712 non
605 659 950 732 necessitate,
977 663 1077 717 sed
1097 663 1371 720 voluntate
1385 706 1398 735 ,
1413 665 1530 722 sine
1543 667 1870 737 cessatione,

269 746 420 818 quod
451 745 722 818 signiﬁcat
749 748 838 804 die
866 766 932 804 ac
960 754 1145 808 nocte.
1196 752 1315 820 Vel,
1357 753 1498 809 sicut
1543 755 1681 811 solet
1725 757 1874 812 Scri-

265 842 450 906 ptura,
482 835 632 892 diem
660 853 762 908 pro
789 840 1092 910 prosperis,
1124 849 1176 896 et
1206 847 1429 898 noctem
1477 859 1580 914 pro
1623 844 1874 902 adversis

266 939 476 995 ponere
501 941 513 978 :
547 932 604 980 ut
632 941 810 996 neque
839 926 1025 982 laetitia
1055 945 1237 984 rerum
1266 932 1670 1002 temporalium,
1696 951 1874 1006 neque

266 1013 572 1068 adversitas
605 1015 1028 1070 transitoriarum
1076 1027 1314 1074 mentem
1359 1022 1637 1093 sequentis
1681 1023 1873 1078 Domi-

264 1117 400 1156 num
430 1110 633 1157 avertat
664 1119 694 1156 a
713 1105 1063 1161 meditatione
1096 1107 1294 1163 divinae
1312 1109 1472 1181 legis.
1510 1109 1644 1178 Quae
1693 1128 1873 1183 quan-

264 1197 383 1245 tum
415 1191 480 1244 sit
513 1193 847 1260 necessaria,
882 1195 1045 1249 etiam
1075 1195 1152 1250 ibi
1199 1198 1522 1264 ostenditur,
1568 1200 1660 1254 ubi
1707 1202 1873 1256 Josue

263 1279 515 1334 ministro
545 1288 598 1334 et
629 1283 853 1338 conscio
881 1283 1229 1356 legislatoris,
1265 1286 1354 1358 qui
1386 1287 1569 1358 legem
1589 1289 1802 1359 primus
1821 1298 1874 1346 et

262 1367 443 1439 prime
480 1368 761 1437 didicerat,
813 1371 1077 1428 Dominus
1120 1376 1378 1446 praecepit
1409 1383 1468 1431 ut
1494 1378 1756 1433 volumen
1790 1379 1872 1435 le-

261 1459 352 1528 gis
400 1473 512 1512 non
559 1458 795 1525 deserat,
840 1461 938 1516 sed
1001 1463 1288 1518 meditetur
1334 1465 1390 1519 in
1434 1465 1527 1520 illo
1575 1467 1769 1522 diebus
1807 1485 1873 1524 ac

264 1546 546 1613 noctibus,
579 1551 644 1603 ut
665 1547 876 1621 dirigat
904 1552 1055 1607 viam
1076 1569 1257 1621 suam,
1285 1557 1340 1609 et
1356 1555 1645 1626 intelligat
1666 1559 1874 1613 cuncta

267 1650 392 1706 quae
420 1636 521 1690 ait.

338 1749 395 1805 Si
425 1758 606 1806 autem
633 1753 870 1825 apertius
902 1755 1023 1826 quis
1051 1755 1276 1828 requirit
1306 1757 1452 1829 quod
1487 1757 1534 1811 si
1570 1758 1874 1814 consilium
1892 1749 1944 1808 Β

263 1839 591 1912 impiorum,
686 1842 1056 1914 multipliciter
1119 1845 1401 1915 Scriptura
1463 1845 1714 1918 loquitur,
1822 1855 1875 1903 et

260 1928 500 1985 maxime
528 1929 664 1986 liber
697 1932 788 2004 qui
819 1933 1012 1989 dicitur
1042 1934 1350 2004 Sapientiae,
1403 1935 1495 1989 ubi
1526 1935 1600 1990 ait
1631 1951 1644 1990 :
1695 1937 1872 1992 Dixe-

260 2020 587 2092 runtimpii
615 2022 770 2093 apud
804 2038 864 2078 se
892 2039 1007 2078 non
1048 2027 1201 2079 recte
1253 2025 1584 2095 cogitantes.
1637 2025 1707 2080 Et
1751 2034 1873 2095 post

260 2121 444 2176 pauca
476 2125 490 2161 :
533 2109 741 2176 Venite,
768 2116 823 2166 et
859 2114 1127 2182 fruamur
1149 2114 1325 2169 .bonis
1342 2130 1462 2185 quae
1484 2117 1637 2180 sunt,
1660 2117 1717 2171 et
1737 2119 1870 2169 uta-

259 2211 399 2250 mur
417 2201 683 2254 creatura
707 2203 979 2272 tanquam
1000 2203 1366 2272 injuventute
1383 2202 1556 2257 celeri
1565 2206 1668 2257 ter.
1689 2202 1876 2268 ﬁEtite-

260 2298 423 2338 rum:
459 2285 854 2358 Opprimamus
873 2306 1176 2362 pauperem
1187 2293 1434 2362 justum,
1466 2306 1571 2347 nec
1613 2293 1870 2348 veterani

261 2388 628 2431 revereamur
646 2393 816 2433 canos
839 2379 1012 2434 multi
1031 2379 1319 2451 temporis,
1368 2386 1472 2435 etc.

348 2513 443 2568 Via
460 2526 587 2566 vero
607 2515 968 2584 peccatorum
1011 2518 1110 2579 est,
1154 2513 1223 2567 de
1253 2528 1361 2585 qua
1415 2511 1698 2568 Psalmista
1743 2512 1870 2568 alibi

256 2610 385 2675 post
414 2601 536 2656 talia
566 2601 845 2673 subjungit
885 2619 898 2656 :
959 2603 1084 2657 Haec
1123 2603 1215 2656 via
1266 2602 1498 2658 illorum
1529 2601 1869 2658 scandalum

258 2694 424 2767 ipsis.
445 2691 512 2744 Et
534 2689 798 2744 Dominus
829 2689 902 2744 ait
926 2690 1212 2763 :Spatiosa
1233 2693 1324 2746 via
1345 2695 1429 2746 est
1451 2707 1571 2764 quae
1602 2691 1762 2746 ducit
1796 2691 1868 2746 ad

257 2785 523 2837 mortem.
551 2779 791 2836 Cathera
811 2783 1002 2834 autem
1035 2781 1379 2853 pestilentiae
1434 2795 1746 2850 perversam
1794 2780 1867 2834 si-

258 2867 488 2943 gniﬁcat
537 2867 853 2938 doctrinam,
904 2885 1024 2942 quae
1065 2868 1351 2940 dupliciter
1399 2867 1455 2922 tit
1499 2887 1516 2924 :
1553 2875 1643 2922 aut
1680 2875 1868 2939 aperte

255 2959 327 3013 ad
360 2957 566 3013 scelera
596 2972 822 3029 operum
853 2957 1148 3024 invitando,
1185 2958 1323 3012 sicut
1372 2957 1627 3012 Salomon
1677 2957 1731 3012 in
1768 2959 1869 3011 Pa-

257 3047 464 3103 rabolis
481 3046 718 3102 ostendit
737 3045 958 3102 dicens:
986 3047 1096 3102 Fili
1136 3047 1218 3101 mi
1285 3091 1302 3114 ,
1327 3048 1379 3102 si
1401 3050 1452 3101 te
1523 3045 1864 3102 lactaverint

251 3139 603 3210 peccatores,
634 3151 708 3190 ne
727 3137 1015 3208 aquiescas
1037 3137 1153 3191 eis:
1178 3137 1230 3190 si
1249 3135 1506 3191 dixerint
1527 3155 1546 3190 :
1591 3136 1722 3190 Veni
1766 3149 1867 3191 no-

255 3227 498 3292 biscum,
512 3224 853 3281 insidiemur
863 3225 1151 3296 sanguini,
1169 3224 1576 3280 abscondamus
1604 3223 1867 3280 tendicu-

259 3317 347 3370 las
363 3318 566 3370 contra
581 3314 867 3370 insontem
882 3317 1122 3384 frustra,
1149 3322 1252 3370 etc.
1276 3315 1382 3368 Aut
1418 3313 1474 3368 in
1496 3328 1735 3368 errorem
1779 3312 1868 3366 in-

257 3402 538 3470 ducendo,
571 3403 707 3459 sicut
727 3402 801 3458 ibi
849 3410 972 3474 post
1002 3402 1184 3474 aliqua
1213 3402 1471 3473 sequitur,
1515 3401 1609 3456 ubi
1641 3409 1694 3457 et
1730 3401 1869 3458 hanc

259 3492 580 3550 cathedram
625 3492 828 3548 sellam
867 3491 1108 3546 nominat
1163 3491 1398 3547 dicens:
1445 3492 1646 3547 Mulier
1665 3492 1862 3556 stulta,

261 3587 320 3640 et
367 3583 639 3648 clamosa,
685 3583 964 3654 plenaque
996 3581 1300 3650 illecebris,
1338 3585 1394 3636 et
1439 3581 1591 3636 nihil
1638 3581 1868 3636 omnino

261 3673 471 3736 sciens,
493 3671 639 3726 sedit
651 3671 715 3726 in
733 3671 947 3742 foribus
967 3671 1166 3728 domus
1185 3687 1302 3726 suce
1337 3685 1506 3742 super
1537 3667 1758 3724 sellam.
1798 3667 1869 3722 Et

259 3768 386 3832 post
401 3773 579 3831 pauca
612 3775 626 3812 :
683 3759 853 3832 Aqua
873 3760 1101 3831 furtiva:
1116 3758 1394 3815 dulciores
1415 3760 1568 3826 sunt,
1607 3761 1664 3813 et
1698 3757 1867 3829 panis

259 3848 628 3906 absconditus
646 3850 873 3904 suavior
893 3867 911 3904 :
925 3864 1046 3919 quae
1057 3847 1266 3919 absque
1278 3847 1441 3902 dubio
1460 3860 1773 3918 perversam
1795 3845 1867 3900 si-

255 3935 525 4011 gniﬁcant
554 3936 854 3992 doctrinam
889 3954 903 3991 :
941 3937 1058 3992 haec
1089 3952 1322 4006 namque
1343 3935 1527 3990 omnia
1565 3934 1620 3989 in
1663 3942 1867 3989 tantum

261 4026 484 4099 reprobi
515 4034 806 4092 sectantur,
839 4033 892 4080 et
920 4025 1180 4081 sectando
1213 4025 1412 4081 divinae
1452 4023 1592 4097 legis
1640 4023 1866 4078 medita-

259 4116 469 4172 tionem
497 4123 775 4188 respuunt,
796 4124 848 4170 et
869 4122 1246 4181 exsecrantur,
1264 4122 1339 4185 ut,
1353 4114 1503 4184 juxta
1516 4114 1863 4185 Prophetam,

262 4205 394 4261 odio
443 4204 677 4259 habeant
717 4205 1098 4276 corripientem
1154 4204 1209 4258 in
1255 4212 1401 4274 pota,
1460 4209 1512 4258 et
1558 4200 1867 4275 loquentem

259 4292 505 4365 perfecte
549 4292 954 4362 abominantur,
1030 4292 1318 4364 dicantque
1380 4293 1495 4346 Deo
1553 4290 1808 4348 :Recede
1833 4308 1868 4346 a

260 4383 444 4450 nobis,
467 4383 770 4439 scientiam
785 4384 1009 4438 viarum
1056 4386 1288 4438 tuarum
1320 4381 1606 4438 nolumus.

335 4508 494 4564 Hunc
524 4506 791 4574 ordinem,
828 4523 987 4580 quem
1045 4506 1132 4562 hic
1162 4505 1371 4577 primus
1400 4505 1646 4578 psalmus
1693 4514 1871 4562 osten-

260 4596 359 4661 dit,
391 4595 711 4668 planissime
757 4595 813 4651 in
855 4594 1007 4652 brevi
1036 4595 1526 4667 comprehenderis,
1577 4611 1698 4668 quae
1728 4596 1871 4652 mala

259 4686 372 4741 sint
420 4684 763 4751 declinanda,
813 4693 866 4741 et
911 4702 1033 4758 quae
1077 4685 1216 4741 bona
1255 4684 1522 4751 facienda,
1575 4684 1631 4739 in
1685 4685 1870 4742 multis

259 4774 399 4831 locis
429 4789 585 4830 sacra
613 4773 891 4846 Scriptura
921 4783 1100 4830 servat
1133 4792 1146 4828 :
1175 4774 1316 4830 sicut
1346 4773 1478 4828 illud
1508 4782 1591 4830 est
1620 4773 1748 4831 huic
1796 4774 1870 4829 si-

253 4864 386 4918 mile
416 4863 560 4918 beati
585 4863 774 4919 Jacobi
806 4862 1322 4934 apostolidicentis:
1367 4863 1706 4936 Abjicientes
1759 4880 1870 4920 om-

258 4969 396 5009 nem
426 4951 880 5018 immunditiam,
901 4957 958 5008 et
991 4951 1406 5008 abundantiam
1481 4953 1740 5020 malitiae,
1807 4955 1870 5011 in

258 5041 709 5099 mansuetudine
727 5042 999 5115 suscipite
1012 5042 1256 5097 insitum
1272 5040 1519 5107 verbum,
1536 5042 1677 5114 quod
1687 5046 1871 5114 potest

259 5131 484 5189 salvare
498 5132 723 5188 animas
741 5135 976 5188 vestras.
1001 5132 1069 5186 Et
1089 5130 1286 5186 iterum
1305 5131 1601 5188 :Resistite
1633 5131 1868 5208 diabolo,

260 5221 320 5274 et
334 5217 519 5289 fugiet
534 5233 569 5271 a
586 5217 733 5273 vobis
751 5235 770 5271 :
806 5218 1136 5290 appropiate
1157 5217 1414 5282 Domino,
1443 5219 1501 5272 et
1516 5216 1875 5289 appropiabit

261 5307 432 5363 vobis.
457 5303 630 5375 Quem
643 5303 804 5360 etiam
823 5304 1070 5361 ordinem
1091 5304 1445 5361 celeberrime
1458 5312 1601 5360 tenet
1622 5303 1872 5362 Ecclesia

261 5393 319 5450 in
367 5394 722 5451 sacramentis
771 5395 1169 5451 renascentium
1220 5410 1286 5451 ex
1344 5409 1488 5466 aqua
1547 5401 1600 5450 et
1673 5393 1872 5465 Spiritu

264 5492 477 5550 sancto,
533 5491 588 5539 ut
634 5483 784 5555 prius
825 5483 1209 5540 abrenuntient
1246 5483 1490 5550 diabolo,
1539 5490 1592 5538 et
1620 5483 1872 5538 omnibus

261 5573 479 5644 pompis
548 5572 634 5629 vel
697 5572 953 5645 operibus
1009 5574 1146 5642 ejus,
1187 5581 1242 5629 et
1277 5580 1465 5644 postea
1515 5570 1874 5643 profiteantur

267 5662 496 5718 credere
529 5679 589 5720 se
615 5663 672 5719 in
700 5663 874 5719 Deum
908 5663 1122 5720 Patrem
1152 5663 1596 5738 omnipotentem,
1633 5669 1683 5718 et
1713 5662 1769 5717 in
1785 5662 1872 5716 Je-

1975 484 2027 531 et
2055 479 2360 536 Ecclesiam
2380 483 2719 553 catholicam,
2768 503 2831 544 ac
2878 489 3262 547 remissionem
3311 501 3566 563 peccato-

1974 581 2094 620 rum
2135 585 2148 632 ;
2197 576 2250 622 et
2293 570 2371 626 sic
2414 570 2690 644 tingantur
2722 592 2858 647 aqua
2916 578 3156 648 salutari,
3217 580 3569 652 incorporeu-

1974 661 2168 727 turque
2198 657 2460 714 Ecclesiae
2487 662 2662 730 (extra
2704 680 2867 736 quam
2916 667 3124 722 etiamsi
3167 669 3436 741 quispiam
3481 686 3572 727 su-

1972 759 2072 814 pra
2103 745 2244 800 dicta
2269 745 2480 814 fecerit,
2515 751 2698 807 salvus
2728 768 2852 809 esse
2880 771 2989 810 non
3033 759 3254 830 poterit)
3293 775 3359 815 ac
3397 775 3570 815 mem-

1975 831 2072 886 bra
2097 833 2231 906 ligni
2260 836 2384 892 vita:
2413 837 2588 895 effecti
2617 840 2876 912 incipiant
2903 845 2970 898 ad
3001 845 3117 914 ejus
3164 846 3572 904 similitudinem

1975 921 2219 978 tendere.
2257 923 2416 992 Quod
2439 927 2625 982 beatus
2655 930 2850 986 Paulus
2889 934 3069 988 verbis
3113 935 3572 1007 subsequentibus

1974 1025 2283 1066 consonans
2313 1016 2546 1070 ostendit
2576 1017 2763 1073 dicens
2794 1037 2806 1074 :
2848 1023 3169 1096 Quicunque
3187 1024 3458 1096 baptizati
3473 1043 3572 1082 su-

1973 1117 2100 1155 mus
2113 1101 2175 1155 in
2196 1102 2412 1159 Christo
2425 1107 2574 1175 Jesu,
2593 1107 2654 1161 in
2675 1113 2854 1164 morte
2870 1112 3050 1182 ipsius
3062 1113 3126 1167 ba
3128 1114 3337 1185 ptizati
3347 1131 3573 1171 sumus:

1973 1192 2288 1262 consepulti
2309 1193 2462 1248 enim
2491 1212 2686 1251 sumus
2717 1214 2847 1253 cum
2873 1199 2973 1255 illo
3001 1217 3104 1272 per
3132 1202 3475 1274 baptismum
3505 1206 3568 1259 in

1972 1283 2232 1344 mortem,
2267 1285 2333 1336 ut
2360 1284 2626 1354 quomodo
2653 1289 2974 1343 resurrexit
3009 1289 3570 1348 Christusamortuis

1971 1383 2075 1438 per
2090 1369 2333 1439 gloriam
2361 1373 2550 1428 Patris
2581 1374 2700 1429 :ita
2721 1379 2776 1429 et
2806 1392 2909 1432 nos
2937 1378 3001 1432 in
3030 1379 3282 1436 novitate
3312 1381 3569 1436 ambule-

1973 1473 2121 1512 mus.
2167 1459 2226 1513 Si
2255 1462 2411 1515 enim
2449 1464 2824 1533 complantati
2870 1468 3014 1536 facti
3052 1484 3246 1523 sumus
3292 1469 3571 1526 similitu-

1973 1545 2096 1600 dini
2112 1549 2311 1603 mortis
2331 1551 2472 1617 eius,
2493 1553 2666 1606 simul
2687 1557 2744 1608 et
2759 1558 3192 1612 resurrectionis
3227 1559 3462 1615 erimus.

2046 1689 2212 1744 Vans.
2239 1694 2290 1746 3.
2351 1722 2421 1732 —
2451 1695 2524 1748 Et
2555 1696 2666 1749 erit
2706 1701 2996 1769 tanquam,
3044 1705 3149 1754 etc.
3202 1700 3316 1755 Hoc
3364 1700 3572 1771 lignum

1975 1783 2216 1848 tempore
2246 1780 2518 1850 passionis
2546 1799 2657 1838 suae
2687 1785 2755 1840 de
2785 1787 3078 1857 semetipso
3105 1788 3176 1842 ait
3207 1804 3220 1843 :
3252 1789 3310 1844 Si
3329 1791 3391 1844 in
3406 1791 3573 1845 viridi

1976 1867 2127 1938 ligno
2154 1869 2269 1923 haec
2297 1872 2544 1940 faciunt,
2570 1873 2632 1927 in
2665 1875 2822 1928 arido
2843 1876 2938 1946 qui
2965 1876 3064 1945 ﬁet
3089 1881 3110 1931 ἵ
3133 1877 3212 1930 Ad
3243 1878 3345 1932 hoc
3365 1877 3574 1950 lignum

1973 1955 2018 2009 si
2047 1957 2748 2026 praevaricatorextenderit
2775 1978 2993 2017 manum
3022 1980 3192 2030 suam,
3232 1973 3291 2021 .et
3324 1981 3573 2036 sumpse-

1973 2043 2037 2098 rit
2067 2045 2133 2100 de
2160 2045 2334 2101 fructu
2362 2047 2498 2115 ejus,
2534 2048 2676 2104 vivet
2707 2050 2760 2103 in
2791 2059 3070 2107 aeternum.
3097 2053 3254 2120 Quod
3277 2061 3328 2107 et
3354 2053 3407 2107 in
3427 2055 3571 2125 Apo-

1971 2134 2178 2205 calypsi
2209 2136 2394 2190 victori
2427 2138 2688 2206 promittit
2711 2138 2902 2194 dicens
2930 2159 2942 2194 :
2975 2143 3234 2197 Vincenti
3255 2143 3389 2198 dabo
3410 2144 3569 2199 edere

1972 2223 2037 2279 de
2069 2223 2219 2295 ligno
2236 2226 2381 2287 vitaz,
2418 2227 2560 2296 quod
2579 2232 2664 2283 est
2679 2230 2740 2284 in
2751 2230 3014 2300 paradiso
3036 2233 3136 2286 Dei
3152 2232 3282 2286 mei.

2041 2333 2353 2387 Decursum
2371 2338 2556 2388 autem
2586 2351 2882 2406 aquarum,
2903 2344 2994 2390 aut
3025 2336 3282 2407 Spiritum
3323 2345 3570 2393 sanctum

1969 2417 2231 2493 intellige,
2265 2420 2400 2476 sicut
2419 2421 2766 2492 Evangelista
2799 2424 3085 2479 Dominum
3113 2426 3313 2481 dixisse
3347 2427 3574 2483 scribit:

1973 2507 2077 2574 Qui
2097 2507 2275 2562 credit
2295 2510 2357 2563 in
2377 2526 2485 2576 me,
2511 2512 2661 2566 sicut
2681 2512 2835 2567 dixit
2866 2515 3179 2585 Scriptura,
3213 2515 3458 2584 flumina
3501 2517 3566 2571 de

1968 2600 2162 2652 ventre
2183 2599 2304 2668 ejus
2320 2599 2672 2672 ﬂuentaquae
2708 2603 2854 2658 vitae.
2893 2600 3050 2670 Quod
3103 2619 3381 2674 exponens
3432 2603 3568 2659 sub-

1962 2685 2141 2758 jungit
2169 2685 2358 2741 dicens
2394 2705 2408 2742 :
2439 2689 2546 2743 Hoc
2575 2692 2767 2744 autem
2789 2691 2940 2746 dixit
2961 2692 3025 2746 de
3042 2692 3280 2764 Spiritu,
3301 2709 3465 2765 quem
3481 2710 3567 2749 ac-

1968 2777 2190 2847 cepturi
2207 2780 2372 2831 erant
2389 2777 2679 2833 credentes
2698 2779 2759 2833 in
2774 2795 2902 2835 eum
2924 2780 3109 2849 .Cujus
3139 2797 3304 2852 opere
3321 2781 3464 2836 facta
3484 2789 3567 2838 est

1968 2863 2085 2935 ipsa
2114 2863 2412 2919 incarnatio
2441 2865 2756 2932 Salvatoris,
2789 2870 3090 2925 secundum
3147 2869 3292 2941 quod
3341 2870 3564 2926 Gabriel

1968 2953 2194 3023 angelus
2223 2953 2290 3008 de
2321 2954 2478 3009 beata
2507 2955 2605 3010 Dei
2635 2956 2897 3028 genitrice
2927 2959 3096 3013 Maria
3123 2959 3360 3031 loquitur
3389 2960 3458 3014 ad
3475 2960 3565 3014 Jo-

1967 3043 2102 3113 seph
2132 3042 2320 3098 dicens
2345 3060 2358 3097 :
2392 3044 2517 3100 Noli
2540 3047 2740 3101 timere
2757 3048 3008 3119 accipere
3024 3048 3261 3104 Mariam
3273 3051 3564 3121 conjugem

1895 3110 1944 3173 (ἶ
1970 3110 2145 3196 tuam,
2162 3131 2304 3203 quod
2320 3134 2474 3187 enim
2496 3134 2556 3188 in
2575 3149 2640 3188 ea
2656 3137 2859 3189 natum
2877 3110 2978 3205 est,
3017 3135 3084 3191 de
3115 3136 3335 3210 Spiritu
3367 3110 3562 3194 sancto

1969 3224 2073 3276 est.
2113 3221 2217 3274 Aut
2263 3221 2474 3293 eloquia
2519 3221 2935 3294 Scripturarum,
2981 3240 3103 3296 quae
3165 3225 3563 3297 praenuntiave-

1968 3316 2092 3364 runt
2119 3309 2187 3364 de
2217 3310 2450 3364 adventu
2474 3310 2624 3379 justi,
2657 3310 2968 3385 futurasque
3013 3312 3069 3368 in
3116 3313 3332 3370 Christo
3348 3315 3562 3387 passio-

1969 3414 2067 3454 nes
2097 3405 2149 3454 et
2176 3399 2509 3469 posteriores
2529 3399 2748 3470 glorias,
2786 3401 2920 3457 sicut
2951 3402 3068 3473 ipse
3091 3403 3268 3472 justus
3306 3411 3360 3460 et
3402 3404 3560 3473 justi-

1968 3486 2138 3542 ﬁcans
2175 3488 2438 3542 Dominus
2468 3489 2727 3560 apostolis
2755 3497 2878 3560 post
2912 3493 3372 3549 resurrectionem
3416 3507 3569 3548 suam

1968 3575 2208 3648 loquitur
2237 3576 2426 3632 dicens
2458 3593 2472 3630 :
2505 3578 2630 3633 Haec
2647 3583 2784 3633 sunt
2821 3580 2986 3635 verba
3021 3598 3144 3653 quae
3180 3581 3400 3638 locutus
3435 3599 3563 3640 sum

1968 3665 2042 3721 ad
2059 3682 2169 3731 vos,
2209 3682 2340 3720 cum
2379 3665 2564 3721 adhuc
2595 3682 2774 3723 essem
2802 3667 3080 3724 vobiscum
3103 3689 3121 3724 :
3155 3672 3423 3743 quoniam
3456 3688 3561 3728 ne-

1969 3770 2119 3812 cesse
2153 3757 2240 3810 est
2275 3753 2509 3826 impleri
2533 3756 2724 3811 omnia
2751 3773 2872 3828 quae
2905 3759 3121 3830 scripta
3146 3763 3296 3814 sunt
3322 3759 3385 3815 in
3446 3761 3562 3832 lege

1968 3843 2153 3916 Moysi,
2175 3846 2230 3898 et
2243 3842 2530 3916 prophetis
2546 3847 2602 3899 et
2614 3844 2851 3916 psalmis
2883 3844 2950 3900 de
2979 3861 3088 3902 me.
3121 3846 3225 3902 Et:
3254 3848 3404 3904 Tunc
3421 3863 3559 3920 ape-

1967 3933 2090 3989 ruit
2104 3931 2224 3988 illis
2240 3948 2489 3998 sensum,
2509 3935 2576 3988 ut
2591 3933 2987 4005 intelligerent
3018 3934 3364 4007 Scripturas,
3397 3943 3457 3989 ut
3497 3951 3561 3991 ex

1969 4021 2048 4077 eis
2091 4029 2365 4077 sumerent
2409 4021 2691 4078 humorem
2737 4021 2976 4093 vitalem,
3024 4039 3185 4096 quem
3220 4024 3566 4080 credentibus

1967 4110 2349 4178 ministrarent,
2402 4111 2703 4166 secundum
2733 4112 2877 4184 quod
2895 4112 3160 4184 Propheta
3198 4113 3304 4169 illis
3337 4113 3566 4186 promit-

1968 4199 2029 4255 tit
2082 4199 2272 4256 dicens
2304 4217 2317 4254 :
2351 4200 2637 4257 Haurietis
2667 4218 2841 4274 aquas
2869 4203 2932 4257 in
2961 4202 3162 4274 gaudio
3207 4202 3272 4259 de
3315 4204 3568 4274 fontibus

1967 4288 2295 4346 Saluatoris.
2330 4291 2473 4345 Nam
2517 4288 2661 4361 quod
2725 4290 2919 4347 divina
2935 4292 3153 4364 eloquia
3171 4305 3427 4363 aquarum
3470 4307 3569 4347 no-

1969 4377 2116 4433 mine
2147 4377 2539 4450 significentur,
2571 4379 2754 4434 multis
2784 4379 2839 4433 in
2868 4379 3002 4436 locis
3047 4380 3234 4435 eadem
3293 4379 3567 4452 Scriptura

1886 4471 1939 4533 D
1970 4475 2192 4523 testatur
2218 4485 2230 4521 :
2265 4467 2332 4522 de
2354 4467 2548 4539 quibus
2577 4483 2746 4522 unum
2762 4474 2842 4523 est
2877 4483 2888 4523 :
2922 4469 3077 4541 Aqua
3089 4467 3376 4541 profunda
3405 4469 3570 4525 verba

1969 4571 2044 4614 ea:
2083 4573 2176 4612 ore
2215 4557 2342 4623 viri,
2362 4561 2420 4612 et
2465 4561 2686 4614 torrens
2730 4556 3198 4628 redundansfons
3249 4558 3568 4630 sapientiae.

2042 4694 2282 4748 Fructus
2296 4697 2476 4748 autem
2506 4699 2558 4746 et
2576 4693 2719 4764 folia
2741 4691 2909 4764 hujus
2929 4691 3070 4763 ligni
3090 4699 3233 4758 sunt,
3254 4707 3376 4764 qua;
3404 4692 3571 4763 coepit

1968 4780 2098 4837 Jesu
2129 4779 2306 4837 facere
2336 4788 2388 4837 et
2404 4780 2604 4837 docere
2640 4797 2653 4835 :
2687 4779 2756 4837 de
2784 4793 2891 4852 quo
2921 4779 3145 4852 quidam
3179 4780 3567 4852 discipulorum

1969 4867 2326 4942 loquebantur
2359 4887 2372 4922 :
2408 4869 2513 4937 Qui
2530 4870 2646 4940 fuit
2662 4869 2748 4926 vir
2773 4870 3050 4942 propheta
3079 4873 3278 4941 potens
3314 4870 3379 4924 in
3407 4883 3568 4942 opere

1970 4963 2026 5015 et
2041 4975 2296 5015 sermone
2313 4974 2504 5015 coram
2519 4960 2627 5014 Deo
2645 4961 2701 5013 et
2721 4959 2877 5013 omni
2910 4958 3137 5030 populo.

2043 5099 2200 5170 Quod
2229 5115 2357 5156 vero
2385 5099 2474 5170 ait}
2490 5101 2554 5156 in
2590 5105 2838 5173 tempore
2868 5115 2985 5166 suo,
3005 5097 3300 5172 Apostolus
3329 5104 3577 5174 exposuit

1971 5189 2160 5246 dicens
2193 5207 2205 5244 :
2229 5189 2323 5247 Ubi
2338 5190 2495 5246 venit
2507 5189 2805 5262 plenitudo
2824 5190 3110 5262 temporis,
3134 5189 3295 5245 misit
3310 5191 3458 5248 Deus
3474 5193 3572 5248 Fi-

1975 5278 2118 5334 lium
2133 5294 2322 5344 suum,
2346 5280 2570 5350 factum
2601 5294 2675 5334 ea:
2701 5278 2960 5344 muliere,
2986 5280 3208 5349 factum
3237 5280 3336 5338 sub
3355 5280 3490 5352 lege,
3510 5285 3575 5337 ut

1972 5381 2082 5434 eos,
2116 5369 2211 5440 qui
2255 5368 2354 5423 sub
2386 5367 2501 5438 lege
2545 5371 2732 5433 erant,
2772 5365 3095 5434 redimeret,
3124 5371 3191 5424 ut
3219 5368 3576 5441 adeptionem

1971 5455 2224 5526 ﬁliorum
2239 5457 2617 5529 reciperemus
2642 5475 2660 5510 :
2695 5472 2815 5527 quae
2847 5464 2968 5511 sunt
3004 5455 3209 5512 fructus
3253 5455 3408 5528 ligni.

1962 5601 1966 5609 ι
2046 5572 2310 5644 Quodque
2343 5571 2622 5645 subjungit
2653 5590 2666 5627 :
2701 5577 2758 5629 et
2787 5575 2996 5646 folium
3043 5576 3164 5645 ejus
3199 5588 3312 5628 non
3345 5571 3570 5639 defluet.

1977 5664 2264 5720 verborum
2296 5663 2411 5733 ejus
2445 5662 2777 5720 immobilem
2809 5662 3078 5735 signiﬁcat
3119 5659 3443 5716 ﬁrmitatem.
3489 5659 3580 5717 Sic
