  <div class='ocr_page' id='page_1' title='image "/cluster/home/n/w/nwhite01/storage/ocr_20150623/114/hvd.32044052819893/383.png"; bbox 0 0 3968 6176; ppageno 0'>
   <div class='ocr_carea' id='block_1_1' title="bbox 331 292 437 346">
    <p class='ocr_par' dir='ltr' id='par_1_1' title="bbox 331 292 437 346">
     <span class='ocr_line' id='line_1_1' title="bbox 331 292 437 346; baseline 0.019 -2"><span class='ocrx_word' id='word_1_1' title='bbox 331 292 437 346; x_wconf 73' lang='lat'><strong><em>755</em></strong></span> 
     </span>
    </p>
   </div>
   <div class='ocr_carea' id='block_1_2' title="bbox 936 287 3150 353">
    <p class='ocr_par' dir='ltr' id='par_1_2' title="bbox 936 287 3150 353">
     <span class='ocr_line' id='line_1_2' title="bbox 936 287 3150 353; baseline 0.002 -9"><span class='ocrx_word' id='word_1_2' title='bbox 936 288 1340 346; x_wconf 79' lang='lat' dir='ltr'><strong><em>WALAFRIDI</em></strong></span> <span class='ocrx_word' id='word_1_3' title='bbox 1380 288 1623 346; x_wconf 79' lang='lat' dir='ltr'><strong><em>STRABI</em></strong></span> <span class='ocrx_word' id='word_1_4' title='bbox 1666 289 1863 347; x_wconf 85' lang='lat' dir='ltr'><strong><em>FULD.</em></strong></span> <span class='ocrx_word' id='word_1_5' title='bbox 1898 288 2070 347; x_wconf 89' lang='lat' dir='ltr'><strong><em>MON.</em></strong></span> <span class='ocrx_word' id='word_1_6' title='bbox 2108 287 2267 353; x_wconf 77' lang='grc' dir='ltr'><strong><em>ΟΡΡὲ</em></strong></span> <span class='ocrx_word' id='word_1_7' title='bbox 2296 288 2474 347; x_wconf 83' lang='lat' dir='ltr'><strong>PARS</strong></span> <span class='ocrx_word' id='word_1_8' title='bbox 2504 291 2546 347; x_wconf 91' lang='lat' dir='ltr'><strong><em>l.</em></strong></span> <span class='ocrx_word' id='word_1_9' title='bbox 2579 322 2649 333; x_wconf 90' lang='lat'>—</span> <span class='ocrx_word' id='word_1_10' title='bbox 2677 290 3150 349; x_wconf 79' lang='lat' dir='ltr'><strong><em>THEOLOGICA.</em></strong></span> 
     </span>
    </p>
   </div>
   <div class='ocr_carea' id='block_1_3' title="bbox 3539 295 3649 350">
    <p class='ocr_par' dir='ltr' id='par_1_3' title="bbox 3539 295 3649 350">
     <span class='ocr_line' id='line_1_3' title="bbox 3539 295 3649 350; baseline -0.009 0"><span class='ocrx_word' id='word_1_11' title='bbox 3539 295 3649 350; x_wconf 77' lang='lat'><strong><em>756</em></strong></span> 
     </span>
    </p>
   </div>
   <div class='ocr_carea' id='block_1_4' title="bbox 334 411 3648 489">
    <p class='ocr_par' dir='ltr' id='par_1_4' title="bbox 334 411 3648 489">
     <span class='ocr_line' id='line_1_4' title="bbox 334 411 3648 489; baseline 0.002 -21"><span class='ocrx_word' id='word_1_12' title='bbox 334 413 458 486; x_wconf 87' lang='lat' dir='ltr'><strong><em>ipsa</em></strong></span> <span class='ocrx_word' id='word_1_13' title='bbox 477 411 551 470; x_wconf 84' lang='lat' dir='ltr'><strong><em>ait</em></strong></span> <span class='ocrx_word' id='word_1_14' title='bbox 583 430 597 469; x_wconf 74' lang='grc' dir='ltr'><strong>ε</strong></span> <span class='ocrx_word' id='word_1_15' title='bbox 634 414 846 472; x_wconf 63' lang='lat' dir='ltr'><strong><em>Caelum</em></strong></span> <span class='ocrx_word' id='word_1_16' title='bbox 863 417 921 471; x_wconf 90' lang='lat' dir='ltr'><strong><em>et</em></strong></span> <span class='ocrx_word' id='word_1_17' title='bbox 943 418 1096 471; x_wconf 88' lang='lat' dir='ltr'><strong><em>terra</em></strong></span> <span class='ocrx_word' id='word_1_18' title='bbox 1125 413 1470 483; x_wconf 87' lang='lat' dir='ltr'><strong><em>transibunt,</em></strong></span> <span class='ocrx_word' id='word_1_19' title='bbox 1524 414 1689 472; x_wconf 89' lang='lat' dir='ltr'><strong><em>verba</em></strong></span> <span class='ocrx_word' id='word_1_20' title='bbox 1735 419 1929 472; x_wconf 89' lang='lat' dir='ltr'><strong><em>autem</em></strong></span> <span class='ocrx_word' id='word_1_21' title='bbox 1957 417 2014 479; x_wconf 87' lang='lat' dir='ltr'><strong>A</strong></span> <span class='ocrx_word' id='word_1_22' title='bbox 2104 416 2278 471; x_wconf 74' lang='lat' dir='ltr'><strong><em>Vens.</em></strong></span> <span class='ocrx_word' id='word_1_23' title='bbox 2309 417 2441 473; x_wconf 78' lang='grc'><strong><em>2.-</em></strong></span> <span class='ocrx_word' id='word_1_24' title='bbox 2469 415 2795 472; x_wconf 81' lang='lat' dir='ltr'><strong><em>Astiterunt</em></strong></span> <span class='ocrx_word' id='word_1_25' title='bbox 2821 432 2996 489; x_wconf 88' lang='lat' dir='ltr'><strong><em>reges,</em></strong></span> <span class='ocrx_word' id='word_1_26' title='bbox 3022 424 3128 473; x_wconf 89' lang='lat' dir='ltr'><strong><em>etc.</em></strong></span> <span class='ocrx_word' id='word_1_27' title='bbox 3161 416 3281 474; x_wconf 83' lang='lat' dir='ltr'><strong><em>Hoc</em></strong></span> <span class='ocrx_word' id='word_1_28' title='bbox 3296 416 3365 473; x_wconf 89' lang='lat' dir='ltr'><strong><em>de</em></strong></span> <span class='ocrx_word' id='word_1_29' title='bbox 3384 432 3648 489; x_wconf 88' lang='lat' dir='ltr'><strong><em>persecu-</em></strong></span> 
     </span>
    </p>
   </div>
   <div class='ocr_carea' id='block_1_5' title="bbox 339 505 1121 560">
    <p class='ocr_par' dir='ltr' id='par_1_5' title="bbox 339 505 1121 560">
     <span class='ocr_line' id='line_1_5' title="bbox 339 505 1121 560; baseline -0.001 -2"><span class='ocrx_word' id='word_1_30' title='bbox 339 518 468 560; x_wconf 86' lang='lat' dir='ltr'><strong><em>mea</em></strong></span> <span class='ocrx_word' id='word_1_31' title='bbox 503 520 620 560; x_wconf 88' lang='lat' dir='ltr'><strong><em>non</em></strong></span> <span class='ocrx_word' id='word_1_32' title='bbox 657 505 1004 560; x_wconf 86' lang='lat' dir='ltr'><strong><em>transibunt.</em></strong></span> <span class='ocrx_word' id='word_1_33' title='bbox 1113 522 1121 527; x_wconf 89' lang='grc'>·</span> 
     </span>
    </p>
   </div>
   <div class='ocr_carea' id='block_1_6' title="bbox 419 591 1951 665">
    <p class='ocr_par' dir='ltr' id='par_1_6' title="bbox 419 591 1951 665">
     <span class='ocr_line' id='line_1_6' title="bbox 419 591 1951 665; baseline 0.001 -19"><span class='ocrx_word' id='word_1_34' title='bbox 419 591 501 647; x_wconf 90' lang='lat' dir='ltr'><strong><em>De</em></strong></span> <span class='ocrx_word' id='word_1_35' title='bbox 527 593 908 665; x_wconf 79' lang='lat' dir='ltr'><strong><em>prosperitate</em></strong></span> <span class='ocrx_word' id='word_1_36' title='bbox 925 594 1121 648; x_wconf 86' lang='lat' dir='ltr'><strong><em>autem</em></strong></span> <span class='ocrx_word' id='word_1_37' title='bbox 1140 593 1426 662; x_wconf 82' lang='lat' dir='ltr'><strong><em>factorum</em></strong></span> <span class='ocrx_word' id='word_1_38' title='bbox 1445 593 1567 664; x_wconf 83' lang='lat' dir='ltr'><strong><em>ejus</em></strong></span> <span class='ocrx_word' id='word_1_39' title='bbox 1588 599 1642 647; x_wconf 91' lang='lat' dir='ltr'><strong><em>et</em></strong></span> <span class='ocrx_word' id='word_1_40' title='bbox 1670 592 1831 648; x_wconf 88' lang='lat' dir='ltr'><strong><em>Pater</em></strong></span> <span class='ocrx_word' id='word_1_41' title='bbox 1849 607 1951 664; x_wconf 90' lang='lat' dir='ltr'><strong><em>per</em></strong></span> 
     </span>
    </p>
   </div>
   <div class='ocr_carea' id='block_1_7' title="bbox 344 679 1951 755">
    <p class='ocr_par' dir='ltr' id='par_1_7' title="bbox 344 679 1951 755">
     <span class='ocr_line' id='line_1_7' title="bbox 344 679 1951 755; baseline 0.001 -20"><span class='ocrx_word' id='word_1_42' title='bbox 344 679 542 735; x_wconf 88' lang='lat' dir='ltr'><strong><em>Isaiam</em></strong></span> <span class='ocrx_word' id='word_1_43' title='bbox 569 680 830 752; x_wconf 79' lang='lat' dir='ltr'><strong><em>promittit</em></strong></span> <span class='ocrx_word' id='word_1_44' title='bbox 862 697 875 734; x_wconf 87' lang='lat'><strong>:</strong></span> <span class='ocrx_word' id='word_1_45' title='bbox 901 681 1131 737; x_wconf 80' lang='lat' dir='ltr'><strong><em>Verbum</em></strong></span> <span class='ocrx_word' id='word_1_46' title='bbox 1153 697 1364 751; x_wconf 87' lang='lat' dir='ltr'><strong><em>meum,</em></strong></span> <span class='ocrx_word' id='word_1_47' title='bbox 1384 681 1527 755; x_wconf 89' lang='lat' dir='ltr'><strong><em>quod</em></strong></span> <span class='ocrx_word' id='word_1_48' title='bbox 1547 681 1868 754; x_wconf 84' lang='lat' dir='ltr'><strong><em>egredietur</em></strong></span> <span class='ocrx_word' id='word_1_49' title='bbox 1885 681 1951 737; x_wconf 89' lang='lat' dir='ltr'><strong><em>de</em></strong></span> 
     </span>
    </p>
   </div>
   <div class='ocr_carea' id='block_1_8' title="bbox 344 762 1955 841">
    <p class='ocr_par' dir='ltr' id='par_1_8' title="bbox 344 762 1955 841">
     <span class='ocr_line' id='line_1_8' title="bbox 344 762 1955 841; baseline -0.001 -14"><span class='ocrx_word' id='word_1_50' title='bbox 344 784 439 827; x_wconf 89' lang='lat' dir='ltr'><strong><em>ore</em></strong></span> <span class='ocrx_word' id='word_1_51' title='bbox 467 785 609 836; x_wconf 87' lang='lat' dir='ltr'><strong><em>meo,</em></strong></span> <span class='ocrx_word' id='word_1_52' title='bbox 633 786 750 826; x_wconf 88' lang='lat' dir='ltr'><strong><em>non</em></strong></span> <span class='ocrx_word' id='word_1_53' title='bbox 779 773 1099 826; x_wconf 79' lang='lat' dir='ltr'><strong><em>revertetur</em></strong></span> <span class='ocrx_word' id='word_1_54' title='bbox 1131 769 1204 825; x_wconf 87' lang='lat' dir='ltr'><strong><em>ad</em></strong></span> <span class='ocrx_word' id='word_1_55' title='bbox 1233 786 1323 827; x_wconf 88' lang='lat' dir='ltr'><strong><em>me</em></strong></span> <span class='ocrx_word' id='word_1_56' title='bbox 1338 787 1579 827; x_wconf 84' lang='lat' dir='ltr'><strong><em>vacuum</em></strong></span> <span class='ocrx_word' id='word_1_57' title='bbox 1611 771 1738 826; x_wconf 85' lang='lat' dir='ltr'><strong><em>:sed</em></strong></span> <span class='ocrx_word' id='word_1_58' title='bbox 1770 762 1955 841; x_wconf 66' lang='lat' dir='ltr'><strong><em>faciet</em></strong></span> 
     </span>
    </p>
   </div>
   <div class='ocr_carea' id='block_1_9' title="bbox 350 858 1952 932">
    <p class='ocr_par' dir='ltr' id='par_1_9' title="bbox 350 858 1952 932">
     <span class='ocr_line' id='line_1_9' title="bbox 350 858 1952 932; baseline 0.002 -20"><span class='ocrx_word' id='word_1_59' title='bbox 350 873 683 930; x_wconf 85' lang='lat' dir='ltr'><strong><em>quacunque</em></strong></span> <span class='ocrx_word' id='word_1_60' title='bbox 723 858 895 925; x_wconf 86' lang='lat' dir='ltr'><strong><em>volui,</em></strong></span> <span class='ocrx_word' id='word_1_61' title='bbox 929 862 987 914; x_wconf 85' lang='lat' dir='ltr'><strong><em>et</em></strong></span> <span class='ocrx_word' id='word_1_62' title='bbox 1014 860 1438 932; x_wconf 87' lang='lat' dir='ltr'><strong><em>prosperabitur</em></strong></span> <span class='ocrx_word' id='word_1_63' title='bbox 1471 860 1535 914; x_wconf 89' lang='lat' dir='ltr'><strong><em>in</em></strong></span> <span class='ocrx_word' id='word_1_64' title='bbox 1565 858 1653 914; x_wconf 87' lang='lat' dir='ltr'><strong><em>his</em></strong></span> <span class='ocrx_word' id='word_1_65' title='bbox 1705 859 1777 914; x_wconf 88' lang='lat' dir='ltr'><strong><em>ad</em></strong></span> <span class='ocrx_word' id='word_1_66' title='bbox 1830 876 1952 932; x_wconf 83' lang='lat' dir='ltr'><strong><em>quoe</em></strong></span> 
     </span>
    </p>
   </div>
   <div class='ocr_carea' id='block_1_10' title="bbox 339 945 689 1001">
    <p class='ocr_par' dir='ltr' id='par_1_10' title="bbox 339 945 689 1001">
     <span class='ocr_line' id='line_1_10' title="bbox 339 945 689 1001; baseline -0.006 0"><span class='ocrx_word' id='word_1_67' title='bbox 339 946 473 1001; x_wconf 82' lang='lat' dir='ltr'><strong><em>misi</em></strong></span> <span class='ocrx_word' id='word_1_68' title='bbox 524 945 689 1001; x_wconf 87' lang='lat' dir='ltr'><strong><em>illud.</em></strong></span> 
     </span>
    </p>
   </div>
   <div class='ocr_carea' id='block_1_11' title="bbox 413 1032 1921 1109">
    <p class='ocr_par' dir='ltr' id='par_1_11' title="bbox 413 1032 1921 1109">
     <span class='ocr_line' id='line_1_11' title="bbox 413 1032 1921 1109; baseline 0.003 -21"><span class='ocrx_word' id='word_1_69' title='bbox 413 1032 583 1089; x_wconf 73' lang='lat' dir='ltr'><strong><em>Vnus.</em></strong></span> <span class='ocrx_word' id='word_1_70' title='bbox 618 1034 903 1092; x_wconf 72' lang='grc' dir='ltr'><strong><em>4.-Νοη</em></strong></span> <span class='ocrx_word' id='word_1_71' title='bbox 936 1037 1019 1093; x_wconf 88' lang='lat' dir='ltr'><strong><em>sic</em></strong></span> <span class='ocrx_word' id='word_1_72' title='bbox 1055 1036 1238 1109; x_wconf 88' lang='lat' dir='ltr'><strong><em>impii,</em></strong></span> <span class='ocrx_word' id='word_1_73' title='bbox 1290 1043 1395 1092; x_wconf 96' lang='lat' dir='ltr'><strong><em>etc.</em></strong></span> <span class='ocrx_word' id='word_1_74' title='bbox 1470 1037 1639 1109; x_wconf 86' lang='lat' dir='ltr'><strong><em>Impii</em></strong></span> <span class='ocrx_word' id='word_1_75' title='bbox 1683 1052 1797 1093; x_wconf 87' lang='lat' dir='ltr'><strong><em>non</em></strong></span> <span class='ocrx_word' id='word_1_76' title='bbox 1840 1036 1921 1092; x_wconf 86' lang='lat' dir='ltr'><strong><em>sic</em></strong></span> 
     </span>
    </p>
   </div>
   <div class='ocr_carea' id='block_1_12' title="bbox 351 1122 1962 1198">
    <p class='ocr_par' dir='ltr' id='par_1_12' title="bbox 351 1122 1962 1198">
     <span class='ocr_line' id='line_1_12' title="bbox 351 1122 1962 1198; baseline 0.001 -22"><span class='ocrx_word' id='word_1_77' title='bbox 351 1122 811 1195; x_wconf 86' lang='lat' dir='ltr'><strong><em>quemadmodum</em></strong></span> <span class='ocrx_word' id='word_1_78' title='bbox 854 1123 933 1179; x_wconf 90' lang='lat' dir='ltr'>illi</span> <span class='ocrx_word' id='word_1_79' title='bbox 982 1124 1075 1197; x_wconf 86' lang='lat' dir='ltr'><strong><em>qui</em></strong></span> <span class='ocrx_word' id='word_1_80' title='bbox 1116 1140 1219 1198; x_wconf 91' lang='lat' dir='ltr'><strong><em>per</em></strong></span> <span class='ocrx_word' id='word_1_81' title='bbox 1250 1124 1606 1181; x_wconf 77' lang='lat' dir='ltr'><strong><em>imitationem</em></strong></span> <span class='ocrx_word' id='word_1_82' title='bbox 1653 1125 1708 1180; x_wconf 88' lang='lat' dir='ltr'><strong><em>in</em></strong></span> <span class='ocrx_word' id='word_1_83' title='bbox 1755 1132 1962 1180; x_wconf 90' lang='lat' dir='ltr'><strong><em>tantum</em></strong></span> 
     </span>
    </p>
   </div>
   <div class='ocr_carea' id='block_1_13' title="bbox 347 1210 1964 1287">
    <p class='ocr_par' dir='ltr' id='par_1_13' title="bbox 347 1210 1964 1287">
     <span class='ocr_line' id='line_1_13' title="bbox 347 1210 1964 1287; baseline 0.002 -21"><span class='ocrx_word' id='word_1_84' title='bbox 347 1210 419 1266; x_wconf 92' lang='lat' dir='ltr'><strong><em>ad</em></strong></span> <span class='ocrx_word' id='word_1_85' title='bbox 459 1210 869 1268; x_wconf 85' lang='lat' dir='ltr'><strong><em>similitudinem</em></strong></span> <span class='ocrx_word' id='word_1_86' title='bbox 918 1211 1053 1287; x_wconf 84' lang='lat' dir='ltr'><strong><em>ligni</em></strong></span> <span class='ocrx_word' id='word_1_87' title='bbox 1101 1213 1235 1269; x_wconf 60' lang='lat' dir='ltr'><strong><em>vita;</em></strong></span> <span class='ocrx_word' id='word_1_88' title='bbox 1280 1212 1588 1285; x_wconf 86' lang='lat' dir='ltr'><strong><em>proficiunt,</em></strong></span> <span class='ocrx_word' id='word_1_89' title='bbox 1634 1221 1693 1270; x_wconf 90' lang='lat' dir='ltr'><strong><em>ut</em></strong></span> <span class='ocrx_word' id='word_1_90' title='bbox 1728 1212 1964 1270; x_wconf 87' lang='lat' dir='ltr'><strong><em>videndo</em></strong></span> 
     </span>
    </p>
   </div>
   <div class='ocr_carea' id='block_1_14' title="bbox 342 1298 1963 1375">
    <p class='ocr_par' dir='ltr' id='par_1_14' title="bbox 342 1298 1963 1375">
     <span class='ocr_line' id='line_1_14' title="bbox 342 1298 1963 1375; baseline 0.001 -21"><span class='ocrx_word' id='word_1_91' title='bbox 342 1298 731 1357; x_wconf 71' lang='lat' dir='ltr'><strong><em>beatitudinem</em></strong></span> <span class='ocrx_word' id='word_1_92' title='bbox 753 1308 808 1358; x_wconf 88' lang='lat' dir='ltr'><strong><em>et</em></strong></span> <span class='ocrx_word' id='word_1_93' title='bbox 836 1302 1206 1359; x_wconf 72' lang='lat' dir='ltr'><strong><em>aeternitatem</em></strong></span> <span class='ocrx_word' id='word_1_94' title='bbox 1245 1303 1380 1373; x_wconf 89' lang='lat' dir='ltr'><strong><em>ejus,</em></strong></span> <span class='ocrx_word' id='word_1_95' title='bbox 1399 1302 1504 1375; x_wconf 87' lang='lat' dir='ltr'><strong><em>ipsi</em></strong></span> <span class='ocrx_word' id='word_1_96' title='bbox 1532 1302 1674 1358; x_wconf 89' lang='lat' dir='ltr'><strong><em>beati</em></strong></span> <span class='ocrx_word' id='word_1_97' title='bbox 1702 1309 1756 1359; x_wconf 91' lang='lat' dir='ltr'><strong><em>et</em></strong></span> <span class='ocrx_word' id='word_1_98' title='bbox 1770 1300 1963 1359; x_wconf 75' lang='lat' dir='ltr'><strong><em>aeterni</em></strong></span> 
     </span>
    </p>
   </div>
   <div class='ocr_carea' id='block_1_15' title="bbox 348 1389 1963 1464">
    <p class='ocr_par' dir='ltr' id='par_1_15' title="bbox 348 1389 1963 1464">
     <span class='ocr_line' id='line_1_15' title="bbox 348 1389 1963 1464; baseline 0.002 -21"><span class='ocrx_word' id='word_1_99' title='bbox 348 1389 484 1460; x_wconf 89' lang='lat' dir='ltr'><strong><em>sint,</em></strong></span> <span class='ocrx_word' id='word_1_100' title='bbox 512 1390 668 1460; x_wconf 84' lang='lat' dir='ltr'><strong><em>juxta</em></strong></span> <span class='ocrx_word' id='word_1_101' title='bbox 700 1390 845 1463; x_wconf 90' lang='lat' dir='ltr'><strong><em>quod</em></strong></span> <span class='ocrx_word' id='word_1_102' title='bbox 868 1391 1018 1447; x_wconf 91' lang='lat' dir='ltr'><strong><em>Deus</em></strong></span> <span class='ocrx_word' id='word_1_103' title='bbox 1048 1407 1148 1464; x_wconf 90' lang='lat' dir='ltr'><strong><em>per</em></strong></span> <span class='ocrx_word' id='word_1_104' title='bbox 1178 1391 1373 1447; x_wconf 86' lang='lat' dir='ltr'><strong><em>Isaiam</em></strong></span> <span class='ocrx_word' id='word_1_105' title='bbox 1393 1392 1716 1463; x_wconf 84' lang='lat' dir='ltr'><strong><em>prophetam</em></strong></span> <span class='ocrx_word' id='word_1_106' title='bbox 1733 1390 1963 1463; x_wconf 90' lang='lat' dir='ltr'><strong><em>promit-</em></strong></span> 
     </span>
    </p>
   </div>
   <div class='ocr_carea' id='block_1_16' title="bbox 350 1477 1962 1554">
    <p class='ocr_par' dir='ltr' id='par_1_16' title="bbox 350 1477 1962 1554">
     <span class='ocr_line' id='line_1_16' title="bbox 350 1477 1962 1554; baseline 0.005 -22"><span class='ocrx_word' id='word_1_107' title='bbox 350 1478 413 1533; x_wconf 89' lang='lat' dir='ltr'><strong><em>tit</em></strong></span> <span class='ocrx_word' id='word_1_108' title='bbox 440 1477 637 1535; x_wconf 88' lang='lat' dir='ltr'><strong><em>dicens</em></strong></span> <span class='ocrx_word' id='word_1_109' title='bbox 672 1497 688 1535; x_wconf 88' lang='lat'><strong>:</strong></span> <span class='ocrx_word' id='word_1_110' title='bbox 717 1479 1040 1538; x_wconf 88' lang='lat' dir='ltr'><strong><em>Secundum</em></strong></span> <span class='ocrx_word' id='word_1_111' title='bbox 1060 1480 1179 1538; x_wconf 84' lang='lat' dir='ltr'><strong><em>dies</em></strong></span> <span class='ocrx_word' id='word_1_112' title='bbox 1196 1481 1350 1538; x_wconf 88' lang='lat' dir='ltr'><strong><em>enim</em></strong></span> <span class='ocrx_word' id='word_1_113' title='bbox 1374 1481 1519 1554; x_wconf 93' lang='lat' dir='ltr'><strong><em>ligni</em></strong></span> <span class='ocrx_word' id='word_1_114' title='bbox 1538 1484 1709 1538; x_wconf 85' lang='lat' dir='ltr'><strong><em>erunt</em></strong></span> <span class='ocrx_word' id='word_1_115' title='bbox 1726 1480 1844 1538; x_wconf 84' lang='lat' dir='ltr'><strong><em>dies</em></strong></span> <span class='ocrx_word' id='word_1_116' title='bbox 1858 1497 1962 1554; x_wconf 87' lang='lat' dir='ltr'><strong><em>po-</em></strong></span> 
     </span>
    </p>
   </div>
   <div class='ocr_carea' id='block_1_17' title="bbox 353 1568 666 1641">
    <p class='ocr_par' dir='ltr' id='par_1_17' title="bbox 353 1568 666 1641">
     <span class='ocr_line' id='line_1_17' title="bbox 353 1568 666 1641; baseline -0.006 -16"><span class='ocrx_word' id='word_1_117' title='bbox 353 1568 482 1641; x_wconf 83' lang='lat' dir='ltr'><strong><em>puli</em></strong></span> <span class='ocrx_word' id='word_1_118' title='bbox 526 1569 666 1627; x_wconf 86' lang='lat' dir='ltr'><strong><em>met.</em></strong></span> 
     </span>
    </p>
   </div>
   <div class='ocr_carea' id='block_1_18' title="bbox 417 1657 1956 1732">
    <p class='ocr_par' dir='ltr' id='par_1_18' title="bbox 417 1657 1956 1732">
     <span class='ocr_line' id='line_1_18' title="bbox 417 1657 1956 1732; baseline 0.001 -18"><span class='ocrx_word' id='word_1_119' title='bbox 417 1657 525 1714; x_wconf 89' lang='lat' dir='ltr'><strong><em>Sed</em></strong></span> <span class='ocrx_word' id='word_1_120' title='bbox 547 1662 822 1732; x_wconf 87' lang='lat' dir='ltr'><strong><em>tanquam</em></strong></span> <span class='ocrx_word' id='word_1_121' title='bbox 837 1658 1021 1731; x_wconf 86' lang='lat' dir='ltr'><strong><em>pulvis</em></strong></span> <span class='ocrx_word' id='word_1_122' title='bbox 1049 1658 1238 1714; x_wconf 89' lang='lat' dir='ltr'><strong><em>aridus</em></strong></span> <span class='ocrx_word' id='word_1_123' title='bbox 1267 1665 1320 1715; x_wconf 89' lang='lat' dir='ltr'><strong><em>et</em></strong></span> <span class='ocrx_word' id='word_1_124' title='bbox 1351 1657 1691 1726; x_wconf 84' lang='lat' dir='ltr'><strong><em>infecundus,</em></strong></span> <span class='ocrx_word' id='word_1_125' title='bbox 1725 1664 1784 1714; x_wconf 92' lang='lat' dir='ltr'><strong><em>ut</em></strong></span> <span class='ocrx_word' id='word_1_126' title='bbox 1827 1664 1956 1729; x_wconf 89' lang='lat' dir='ltr'><strong><em>pote</em></strong></span> 
     </span>
    </p>
   </div>
   <div class='ocr_carea' id='block_1_19' title="bbox 342 1744 1952 1820">
    <p class='ocr_par' dir='ltr' id='par_1_19' title="bbox 342 1744 1952 1820">
     <span class='ocr_line' id='line_1_19' title="bbox 342 1744 1952 1820; baseline 0.001 -19"><span class='ocrx_word' id='word_1_127' title='bbox 342 1744 505 1802; x_wconf 87' lang='lat' dir='ltr'><strong><em>alieni</em></strong></span> <span class='ocrx_word' id='word_1_128' title='bbox 531 1744 604 1802; x_wconf 88' lang='lat' dir='ltr'><strong><em>ab</em></strong></span> <span class='ocrx_word' id='word_1_129' title='bbox 650 1747 877 1804; x_wconf 88' lang='lat' dir='ltr'><strong><em>humore</em></strong></span> <span class='ocrx_word' id='word_1_130' title='bbox 918 1763 1083 1820; x_wconf 85' lang='lat' dir='ltr'><strong><em>supra</em></strong></span> <span class='ocrx_word' id='word_1_131' title='bbox 1129 1747 1394 1804; x_wconf 90' lang='lat' dir='ltr'><strong><em>dictarum</em></strong></span> <span class='ocrx_word' id='word_1_132' title='bbox 1446 1761 1732 1820; x_wconf 88' lang='lat' dir='ltr'><strong><em>aquarum,</em></strong></span> <span class='ocrx_word' id='word_1_133' title='bbox 1780 1747 1952 1819; x_wconf 88' lang='lat' dir='ltr'><strong><em>proji—</em></strong></span> 
     </span>
    </p>
   </div>
   <div class='ocr_carea' id='block_1_20' title="bbox 342 1834 1951 1894">
    <p class='ocr_par' dir='ltr' id='par_1_20' title="bbox 342 1834 1951 1894">
     <span class='ocr_line' id='line_1_20' title="bbox 342 1834 1951 1894; baseline 0 -3"><span class='ocrx_word' id='word_1_134' title='bbox 342 1834 556 1891; x_wconf 90' lang='lat' dir='ltr'><strong><em>ciuntur</em></strong></span> <span class='ocrx_word' id='word_1_135' title='bbox 595 1851 630 1892; x_wconf 87' lang='lat' dir='ltr'><strong><em>a</em></strong></span> <span class='ocrx_word' id='word_1_136' title='bbox 676 1835 947 1894; x_wconf 82' lang='lat' dir='ltr'><strong><em>soliditate</em></strong></span> <span class='ocrx_word' id='word_1_137' title='bbox 993 1843 1048 1892; x_wconf 88' lang='lat' dir='ltr'><strong><em>et</em></strong></span> <span class='ocrx_word' id='word_1_138' title='bbox 1092 1836 1384 1893; x_wconf 85' lang='lat' dir='ltr'><strong><em>stabilitate</em></strong></span> <span class='ocrx_word' id='word_1_139' title='bbox 1430 1843 1590 1892; x_wconf 61' lang='lat' dir='ltr'><strong><em>terra;</em></strong></span> <span class='ocrx_word' id='word_1_140' title='bbox 1635 1836 1692 1892; x_wconf 92' lang='lat' dir='ltr'><strong><em>in</em></strong></span> <span class='ocrx_word' id='word_1_141' title='bbox 1731 1844 1951 1892; x_wconf 90' lang='lat' dir='ltr'><strong><em>ventum</em></strong></span> 
     </span>
    </p>
   </div>
   <div class='ocr_carea' id='block_1_21' title="bbox 341 1924 1953 1998">
    <p class='ocr_par' dir='ltr' id='par_1_21' title="bbox 341 1924 1953 1998">
     <span class='ocr_line' id='line_1_21' title="bbox 341 1924 1953 1998; baseline 0 -16"><span class='ocrx_word' id='word_1_142' title='bbox 341 1924 649 1996; x_wconf 75' lang='lat' dir='ltr'><strong><em>praesentis,</em></strong></span> <span class='ocrx_word' id='word_1_143' title='bbox 708 1924 915 1982; x_wconf 88' lang='lat' dir='ltr'><strong><em>scilicet</em></strong></span> <span class='ocrx_word' id='word_1_144' title='bbox 958 1924 1224 1983; x_wconf 58' lang='lat' dir='ltr'><strong><em>Ecclesia</em></strong></span> <span class='ocrx_word' id='word_1_145' title='bbox 1251 1932 1307 1982; x_wconf 88' lang='lat' dir='ltr'><strong><em>et</em></strong></span> <span class='ocrx_word' id='word_1_146' title='bbox 1352 1924 1567 1996; x_wconf 83' lang='lat' dir='ltr'><strong><em>futurae,</em></strong></span> <span class='ocrx_word' id='word_1_147' title='bbox 1615 1924 1953 1998; x_wconf 88' lang='lat' dir='ltr'><strong><em>projectique</em></strong></span> 
     </span>
    </p>
   </div>
   <div class='ocr_carea' id='block_1_22' title="bbox 345 2013 1953 2088">
    <p class='ocr_par' dir='ltr' id='par_1_22' title="bbox 345 2013 1953 2088">
     <span class='ocr_line' id='line_1_22' title="bbox 345 2013 1953 2088; baseline 0 -17"><span class='ocrx_word' id='word_1_148' title='bbox 345 2013 583 2071; x_wconf 81' lang='lat' dir='ltr'><strong><em>existunt</em></strong></span> <span class='ocrx_word' id='word_1_149' title='bbox 613 2013 770 2071; x_wconf 90' lang='lat' dir='ltr'><strong><em>cibus</em></strong></span> <span class='ocrx_word' id='word_1_150' title='bbox 798 2013 1089 2087; x_wconf 86' lang='lat' dir='ltr'><strong><em>serpentis,</em></strong></span> <span class='ocrx_word' id='word_1_151' title='bbox 1122 2014 1192 2072; x_wconf 93' lang='lat' dir='ltr'><strong><em>de</em></strong></span> <span class='ocrx_word' id='word_1_152' title='bbox 1232 2031 1341 2088; x_wconf 89' lang='lat' dir='ltr'><strong><em>quo</em></strong></span> <span class='ocrx_word' id='word_1_153' title='bbox 1384 2014 1649 2087; x_wconf 90' lang='lat' dir='ltr'><strong><em>scriptum</em></strong></span> <span class='ocrx_word' id='word_1_154' title='bbox 1691 2023 1775 2071; x_wconf 91' lang='lat' dir='ltr'><strong><em>est</em></strong></span> <span class='ocrx_word' id='word_1_155' title='bbox 1822 2032 1836 2071; x_wconf 88' lang='lat'><strong>:</strong></span> <span class='ocrx_word' id='word_1_156' title='bbox 1882 2016 1953 2071; x_wconf 78' lang='lat' dir='ltr'><strong><em>Et</em></strong></span> 
     </span>
    </p>
   </div>
   <div class='ocr_carea' id='block_1_23' title="bbox 344 2102 1952 2179">
    <p class='ocr_par' dir='ltr' id='par_1_23' title="bbox 344 2102 1952 2179">
     <span class='ocr_line' id='line_1_23' title="bbox 344 2102 1952 2179; baseline 0 -20"><span class='ocrx_word' id='word_1_157' title='bbox 344 2106 600 2176; x_wconf 89' lang='lat' dir='ltr'><strong><em>serpenti</em></strong></span> <span class='ocrx_word' id='word_1_158' title='bbox 611 2104 802 2177; x_wconf 82' lang='lat' dir='ltr'><strong><em>pulvis</em></strong></span> <span class='ocrx_word' id='word_1_159' title='bbox 814 2105 986 2178; x_wconf 89' lang='lat' dir='ltr'><strong><em>panis</em></strong></span> <span class='ocrx_word' id='word_1_160' title='bbox 1000 2107 1145 2179; x_wconf 85' lang='lat' dir='ltr'><strong><em>ejus.</em></strong></span> <span class='ocrx_word' id='word_1_161' title='bbox 1171 2105 1375 2163; x_wconf 81' lang='lat' dir='ltr'><strong><em>Ventus</em></strong></span> <span class='ocrx_word' id='word_1_162' title='bbox 1392 2110 1572 2160; x_wconf 88' lang='lat' dir='ltr'><strong><em>autem</em></strong></span> <span class='ocrx_word' id='word_1_163' title='bbox 1601 2102 1721 2176; x_wconf 90' lang='lat' dir='ltr'><strong><em>ipse</em></strong></span> <span class='ocrx_word' id='word_1_164' title='bbox 1752 2102 1952 2159; x_wconf 84' lang='lat' dir='ltr'><strong><em>diabo-</em></strong></span> 
     </span>
    </p>
   </div>
   <div class='ocr_carea' id='block_1_24' title="bbox 340 2189 1953 2269">
    <p class='ocr_par' dir='ltr' id='par_1_24' title="bbox 340 2189 1953 2269">
     <span class='ocr_line' id='line_1_24' title="bbox 340 2189 1953 2269; baseline -0.001 -22"><span class='ocrx_word' id='word_1_165' title='bbox 340 2190 426 2248; x_wconf 89' lang='lat' dir='ltr'><strong><em>lus</em></strong></span> <span class='ocrx_word' id='word_1_166' title='bbox 471 2189 808 2269; x_wconf 76' lang='lat' dir='ltr'><strong><em>intelligitur,</em></strong></span> <span class='ocrx_word' id='word_1_167' title='bbox 857 2192 998 2250; x_wconf 84' lang='lat' dir='ltr'><strong><em>sicut</em></strong></span> <span class='ocrx_word' id='word_1_168' title='bbox 1041 2192 1304 2264; x_wconf 91' lang='lat' dir='ltr'><strong><em>scriptum</em></strong></span> <span class='ocrx_word' id='word_1_169' title='bbox 1346 2200 1427 2248; x_wconf 91' lang='lat' dir='ltr'><strong><em>est</em></strong></span> <span class='ocrx_word' id='word_1_170' title='bbox 1463 2191 1713 2266; x_wconf 78' lang='lat' dir='ltr'><strong><em>:,Aquilo</em></strong></span> <span class='ocrx_word' id='word_1_171' title='bbox 1750 2194 1953 2249; x_wconf 85' lang='lat' dir='ltr'><strong><em>ventus</em></strong></span> 
     </span>
    </p>
   </div>
   <div class='ocr_carea' id='block_1_25' title="bbox 343 2279 1954 2353">
    <p class='ocr_par' dir='ltr' id='par_1_25' title="bbox 343 2279 1954 2353">
     <span class='ocr_line' id='line_1_25' title="bbox 343 2279 1954 2353; baseline -0.002 -15"><span class='ocrx_word' id='word_1_172' title='bbox 343 2280 543 2338; x_wconf 89' lang='lat' dir='ltr'><strong><em>durus.</em></strong></span> <span class='ocrx_word' id='word_1_173' title='bbox 574 2280 809 2337; x_wconf 78' lang='lat' dir='ltr'><strong><em>Nomine</em></strong></span> <span class='ocrx_word' id='word_1_174' title='bbox 838 2288 1017 2337; x_wconf 88' lang='lat' dir='ltr'><strong><em>autem</em></strong></span> <span class='ocrx_word' id='word_1_175' title='bbox 1044 2280 1247 2338; x_wconf 74' lang='lat' dir='ltr'><strong><em>dexter</em></strong></span> <span class='ocrx_word' id='word_1_176' title='bbox 1275 2288 1520 2352; x_wconf 84' lang='lat' dir='ltr'><strong><em>vocatur,</em></strong></span> <span class='ocrx_word' id='word_1_177' title='bbox 1552 2280 1644 2353; x_wconf 89' lang='lat' dir='ltr'><strong><em>qui</em></strong></span> <span class='ocrx_word' id='word_1_178' title='bbox 1675 2287 1729 2337; x_wconf 91' lang='lat' dir='ltr'><strong><em>et</em></strong></span> <span class='ocrx_word' id='word_1_179' title='bbox 1784 2279 1954 2352; x_wconf 88' lang='lat' dir='ltr'><strong><em>spiri-</em></strong></span> 
     </span>
    </p>
   </div>
   <div class='ocr_carea' id='block_1_26' title="bbox 344 2367 1945 2444">
    <p class='ocr_par' dir='ltr' id='par_1_26' title="bbox 344 2367 1945 2444">
     <span class='ocr_line' id='line_1_26' title="bbox 344 2367 1945 2444; baseline 0 -19"><span class='ocrx_word' id='word_1_180' title='bbox 344 2377 428 2425; x_wconf 90' lang='lat' dir='ltr'><strong><em>tus</em></strong></span> <span class='ocrx_word' id='word_1_181' title='bbox 449 2368 647 2426; x_wconf 89' lang='lat' dir='ltr'><strong><em>dicitur</em></strong></span> <span class='ocrx_word' id='word_1_182' title='bbox 672 2369 1044 2426; x_wconf 80' lang='lat' dir='ltr'><strong><em>fornicationis</em></strong></span> <span class='ocrx_word' id='word_1_183' title='bbox 1072 2369 1131 2427; x_wconf 92' lang='lat' dir='ltr'><strong><em>in</em></strong></span> <span class='ocrx_word' id='word_1_184' title='bbox 1156 2370 1423 2444; x_wconf 87' lang='lat' dir='ltr'><strong><em>propheta</em></strong></span> <span class='ocrx_word' id='word_1_185' title='bbox 1455 2385 1469 2426; x_wconf 92' lang='lat'><strong>:</strong></span> <span class='ocrx_word' id='word_1_186' title='bbox 1501 2377 1555 2426; x_wconf 88' lang='lat' dir='ltr'><strong><em>et</em></strong></span> <span class='ocrx_word' id='word_1_187' title='bbox 1584 2369 1653 2426; x_wconf 89' lang='lat' dir='ltr'><strong><em>ab</em></strong></span> <span class='ocrx_word' id='word_1_188' title='bbox 1681 2367 1945 2441; x_wconf 81' lang='lat' dir='ltr'><strong><em>Apostolo</em></strong></span> 
     </span>
    </p>
   </div>
   <div class='ocr_carea' id='block_1_27' title="bbox 344 2456 1953 2534">
    <p class='ocr_par' dir='ltr' id='par_1_27' title="bbox 344 2456 1953 2534">
     <span class='ocr_line' id='line_1_27' title="bbox 344 2456 1953 2534; baseline 0.001 -21"><span class='ocrx_word' id='word_1_189' title='bbox 344 2457 649 2515; x_wconf 87' lang='lat' dir='ltr'><strong><em>nominatur</em></strong></span> <span class='ocrx_word' id='word_1_190' title='bbox 678 2459 937 2534; x_wconf 86' lang='lat' dir='ltr'><strong><em>spiritus,</em></strong></span> <span class='ocrx_word' id='word_1_191' title='bbox 957 2458 1056 2532; x_wconf 87' lang='lat' dir='ltr'><strong><em>qui</em></strong></span> <span class='ocrx_word' id='word_1_192' title='bbox 1071 2475 1226 2517; x_wconf 88' lang='lat' dir='ltr'><strong><em>nunc</em></strong></span> <span class='ocrx_word' id='word_1_193' title='bbox 1243 2462 1513 2533; x_wconf 86' lang='lat' dir='ltr'><strong><em>aperatur</em></strong></span> <span class='ocrx_word' id='word_1_194' title='bbox 1542 2460 1606 2517; x_wconf 93' lang='lat' dir='ltr'><strong><em>in</em></strong></span> <span class='ocrx_word' id='word_1_195' title='bbox 1633 2457 1774 2529; x_wconf 80' lang='lat' dir='ltr'><strong><em>ﬁliis</em></strong></span> <span class='ocrx_word' id='word_1_196' title='bbox 1793 2456 1953 2529; x_wconf 80' lang='lat' dir='ltr'><strong><em>difﬁ-</em></strong></span> 
     </span>
    </p>
   </div>
   <div class='ocr_carea' id='block_1_28' title="bbox 346 2547 574 2606">
    <p class='ocr_par' dir='ltr' id='par_1_28' title="bbox 346 2547 574 2606">
     <span class='ocr_line' id='line_1_28' title="bbox 346 2547 574 2606; baseline 0 -2"><span class='ocrx_word' id='word_1_197' title='bbox 346 2547 574 2606; x_wconf 70' lang='lat' dir='ltr'><strong><em>dentiw.</em></strong></span> 
     </span>
    </p>
   </div>
   <div class='ocr_carea' id='block_1_29' title="bbox 429 2633 1957 2711">
    <p class='ocr_par' dir='ltr' id='par_1_29' title="bbox 429 2633 1957 2711">
     <span class='ocr_line' id='line_1_29' title="bbox 429 2633 1957 2711; baseline -0.002 -17"><span class='ocrx_word' id='word_1_198' title='bbox 429 2636 603 2694; x_wconf 72' lang='lat' dir='ltr'><strong><em>Vens.</em></strong></span> <span class='ocrx_word' id='word_1_199' title='bbox 626 2639 677 2695; x_wconf 78' lang='lat'><strong><em>5.</em></strong></span> <span class='ocrx_word' id='word_1_200' title='bbox 700 2666 772 2680; x_wconf 89' lang='lat'><strong><em>--</em></strong></span> <span class='ocrx_word' id='word_1_201' title='bbox 786 2635 910 2696; x_wconf 85' lang='lat' dir='ltr'><strong><em>Ideo</em></strong></span> <span class='ocrx_word' id='word_1_202' title='bbox 925 2653 1043 2695; x_wconf 91' lang='lat' dir='ltr'><strong><em>non</em></strong></span> <span class='ocrx_word' id='word_1_203' title='bbox 1058 2642 1376 2711; x_wconf 86' lang='lat' dir='ltr'><strong><em>resurgent,</em></strong></span> <span class='ocrx_word' id='word_1_204' title='bbox 1393 2644 1499 2694; x_wconf 89' lang='lat' dir='ltr'><strong><em>etc.</em></strong></span> <span class='ocrx_word' id='word_1_205' title='bbox 1536 2636 1593 2693; x_wconf 89' lang='lat' dir='ltr'><strong><em>Si</em></strong></span> <span class='ocrx_word' id='word_1_206' title='bbox 1640 2635 1827 2708; x_wconf 84' lang='lat' dir='ltr'><strong><em>aliqua</em></strong></span> <span class='ocrx_word' id='word_1_207' title='bbox 1866 2633 1957 2691; x_wconf 92' lang='lat' dir='ltr'><strong><em>hic</em></strong></span> 
     </span>
    </p>
   </div>
   <div class='ocr_carea' id='block_1_30' title="bbox 364 2713 1953 2799">
    <p class='ocr_par' dir='ltr' id='par_1_30' title="bbox 364 2713 1953 2799">
     <span class='ocr_line' id='line_1_30' title="bbox 364 2713 1953 2799; baseline -0.002 -17"><span class='ocrx_word' id='word_1_208' title='bbox 364 2722 677 2782; x_wconf 69' lang='lat' dir='ltr'><strong><em>differentia</em></strong></span> <span class='ocrx_word' id='word_1_209' title='bbox 704 2724 1024 2799; x_wconf 89' lang='lat' dir='ltr'><strong><em>accipienda</em></strong></span> <span class='ocrx_word' id='word_1_210' title='bbox 1050 2734 1135 2783; x_wconf 88' lang='lat' dir='ltr'><strong><em>est</em></strong></span> <span class='ocrx_word' id='word_1_211' title='bbox 1159 2726 1299 2782; x_wconf 89' lang='lat' dir='ltr'><strong><em>inter</em></strong></span> <span class='ocrx_word' id='word_1_212' title='bbox 1322 2713 1525 2799; x_wconf 80' lang='lat' dir='ltr'><strong><em>impios</em></strong></span> <span class='ocrx_word' id='word_1_213' title='bbox 1541 2727 1600 2781; x_wconf 85' lang='lat' dir='ltr'><strong><em>et</em></strong></span> <span class='ocrx_word' id='word_1_214' title='bbox 1607 2727 1953 2798; x_wconf 87' lang='lat' dir='ltr'><strong><em>peccatores,</em></strong></span> 
     </span>
    </p>
   </div>
   <div class='ocr_carea' id='block_1_31' title="bbox 343 2811 1955 2889">
    <p class='ocr_par' dir='ltr' id='par_1_31' title="bbox 343 2811 1955 2889">
     <span class='ocr_line' id='line_1_31' title="bbox 343 2811 1955 2889; baseline -0.002 -19"><span class='ocrx_word' id='word_1_215' title='bbox 343 2815 524 2888; x_wconf 84' lang='lat' dir='ltr'><strong><em>impii</em></strong></span> <span class='ocrx_word' id='word_1_216' title='bbox 550 2813 889 2889; x_wconf 85' lang='lat' dir='ltr'><strong><em>intelligendi</em></strong></span> <span class='ocrx_word' id='word_1_217' title='bbox 919 2822 1065 2882; x_wconf 91' lang='lat' dir='ltr'><strong><em>sunt,</em></strong></span> <span class='ocrx_word' id='word_1_218' title='bbox 1094 2814 1164 2871; x_wconf 90' lang='lat' dir='ltr'><strong><em>de</em></strong></span> <span class='ocrx_word' id='word_1_219' title='bbox 1193 2812 1389 2887; x_wconf 88' lang='lat' dir='ltr'><strong><em>quibus</em></strong></span> <span class='ocrx_word' id='word_1_220' title='bbox 1432 2812 1699 2870; x_wconf 90' lang='lat' dir='ltr'><strong><em>Dominus</em></strong></span> <span class='ocrx_word' id='word_1_221' title='bbox 1752 2811 1883 2869; x_wconf 87' lang='lat' dir='ltr'><strong><em>dicit</em></strong></span> <span class='ocrx_word' id='word_1_222' title='bbox 1939 2829 1955 2866; x_wconf 87' lang='lat'><strong>:</strong></span> 
     </span>
    </p>
   </div>
   <div class='ocr_carea' id='block_1_32' title="bbox 364 2901 1956 2977">
    <p class='ocr_par' dir='ltr' id='par_1_32' title="bbox 364 2901 1956 2977">
     <span class='ocr_line' id='line_1_32' title="bbox 364 2901 1956 2977; baseline -0.002 -17"><span class='ocrx_word' id='word_1_223' title='bbox 364 2902 469 2974; x_wconf 88' lang='lat' dir='ltr'><strong><em>Qui</em></strong></span> <span class='ocrx_word' id='word_1_224' title='bbox 496 2919 613 2961; x_wconf 87' lang='lat' dir='ltr'><strong><em>non</em></strong></span> <span class='ocrx_word' id='word_1_225' title='bbox 629 2904 813 2962; x_wconf 88' lang='lat' dir='ltr'><strong><em>credit</em></strong></span> <span class='ocrx_word' id='word_1_226' title='bbox 826 2905 889 2961; x_wconf 90' lang='lat' dir='ltr'><strong><em>in</em></strong></span> <span class='ocrx_word' id='word_1_227' title='bbox 905 2904 1138 2971; x_wconf 87' lang='lat' dir='ltr'><strong><em>Filium,</em></strong></span> <span class='ocrx_word' id='word_1_228' title='bbox 1148 2905 1275 2977; x_wconf 84' lang='lat' dir='ltr'><strong><em>jam</em></strong></span> <span class='ocrx_word' id='word_1_229' title='bbox 1283 2903 1578 2976; x_wconf 86' lang='lat' dir='ltr'><strong><em>judicatus</em></strong></span> <span class='ocrx_word' id='word_1_230' title='bbox 1607 2905 1710 2959; x_wconf 87' lang='lat' dir='ltr'><strong><em>est.</em></strong></span> <span class='ocrx_word' id='word_1_231' title='bbox 1747 2901 1956 2958; x_wconf 86' lang='lat' dir='ltr'><strong><em>Pecca-</em></strong></span> 
     </span>
    </p>
   </div>
   <div class='ocr_carea' id='block_1_33' title="bbox 362 2989 1956 3064">
    <p class='ocr_par' dir='ltr' id='par_1_33' title="bbox 362 2989 1956 3064">
     <span class='ocr_line' id='line_1_33' title="bbox 362 2989 1956 3064; baseline -0.004 -13"><span class='ocrx_word' id='word_1_232' title='bbox 362 2997 509 3051; x_wconf 81' lang='lat' dir='ltr'><strong><em>tores</em></strong></span> <span class='ocrx_word' id='word_1_233' title='bbox 537 3008 666 3051; x_wconf 90' lang='lat' dir='ltr'><strong><em>vero</em></strong></span> <span class='ocrx_word' id='word_1_234' title='bbox 696 2992 892 3064; x_wconf 80' lang='lat' dir='ltr'><strong><em>quibus</em></strong></span> <span class='ocrx_word' id='word_1_235' title='bbox 929 2992 1099 3063; x_wconf 86' lang='lat' dir='ltr'><strong><em>judex</em></strong></span> <span class='ocrx_word' id='word_1_236' title='bbox 1154 2991 1396 3048; x_wconf 86' lang='lat' dir='ltr'><strong><em>dicturus</em></strong></span> <span class='ocrx_word' id='word_1_237' title='bbox 1438 2998 1523 3046; x_wconf 90' lang='lat' dir='ltr'><strong><em>est</em></strong></span> <span class='ocrx_word' id='word_1_238' title='bbox 1552 3008 1565 3045; x_wconf 91' lang='lat'><strong>:</strong></span> <span class='ocrx_word' id='word_1_239' title='bbox 1603 2989 1881 3047; x_wconf 81' lang='lat' dir='ltr'><strong><em>Discedite</em></strong></span> <span class='ocrx_word' id='word_1_240' title='bbox 1920 3006 1956 3045; x_wconf 92' lang='lat' dir='ltr'><strong><em>a</em></strong></span> 
     </span>
    </p>
   </div>
   <div class='ocr_carea' id='block_1_34' title="bbox 351 3076 1958 3153">
    <p class='ocr_par' dir='ltr' id='par_1_34' title="bbox 351 3076 1958 3153">
     <span class='ocr_line' id='line_1_34' title="bbox 351 3076 1958 3153; baseline -0.004 -14"><span class='ocrx_word' id='word_1_241' title='bbox 351 3097 463 3149; x_wconf 88' lang='lat' dir='ltr'><strong><em>me,</em></strong></span> <span class='ocrx_word' id='word_1_242' title='bbox 478 3080 773 3138; x_wconf 84' lang='lat' dir='ltr'><strong><em>maledicti</em></strong></span> <span class='ocrx_word' id='word_1_243' title='bbox 801 3082 865 3137; x_wconf 89' lang='lat' dir='ltr'><strong><em>in</em></strong></span> <span class='ocrx_word' id='word_1_244' title='bbox 875 3082 1065 3153; x_wconf 81' lang='lat' dir='ltr'><strong><em>ignem</em></strong></span> <span class='ocrx_word' id='word_1_245' title='bbox 1075 3083 1377 3137; x_wconf 63' lang='lat' dir='ltr'><strong><em>aeternum.</em></strong></span> <span class='ocrx_word' id='word_1_246' title='bbox 1391 3077 1499 3149; x_wconf 85' lang='lat' dir='ltr'><strong><em>Qui</em></strong></span> <span class='ocrx_word' id='word_1_247' title='bbox 1522 3082 1820 3151; x_wconf 86' lang='lat' dir='ltr'><strong><em>resurgent</em></strong></span> <span class='ocrx_word' id='word_1_248' title='bbox 1844 3076 1958 3150; x_wconf 90' lang='lat' dir='ltr'><strong><em>qui-</em></strong></span> 
     </span>
    </p>
   </div>
   <div class='ocr_carea' id='block_1_35' title="bbox 2050 502 3649 578">
    <p class='ocr_par' dir='ltr' id='par_1_35' title="bbox 2050 502 3649 578">
     <span class='ocr_line' id='line_1_35' title="bbox 2050 502 3649 578; baseline 0.002 -19"><span class='ocrx_word' id='word_1_249' title='bbox 2050 503 2260 559; x_wconf 87' lang='lat' dir='ltr'><strong><em>toribus</em></strong></span> <span class='ocrx_word' id='word_1_250' title='bbox 2290 502 2506 559; x_wconf 91' lang='lat' dir='ltr'><strong><em>Domini</em></strong></span> <span class='ocrx_word' id='word_1_251' title='bbox 2535 504 2753 574; x_wconf 90' lang='lat' dir='ltr'><strong><em>dicitur,</em></strong></span> <span class='ocrx_word' id='word_1_252' title='bbox 2788 504 2878 578; x_wconf 89' lang='lat' dir='ltr'><strong><em>qui</em></strong></span> <span class='ocrx_word' id='word_1_253' title='bbox 2910 512 2962 561; x_wconf 91' lang='lat' dir='ltr'><strong><em>et</em></strong></span> <span class='ocrx_word' id='word_1_254' title='bbox 3005 505 3061 560; x_wconf 90' lang='lat' dir='ltr'><strong><em>in</em></strong></span> <span class='ocrx_word' id='word_1_255' title='bbox 3107 504 3335 563; x_wconf 80' lang='lat' dir='ltr'><strong><em>Actibus</em></strong></span> <span class='ocrx_word' id='word_1_256' title='bbox 3363 506 3649 577; x_wconf 88' lang='lat' dir='ltr'><strong><em>apostolo-</em></strong></span> 
     </span>
    </p>
   </div>
   <div class='ocr_carea' id='block_1_36' title="bbox 2049 594 3651 667">
    <p class='ocr_par' dir='ltr' id='par_1_36' title="bbox 2049 594 3651 667">
     <span class='ocr_line' id='line_1_36' title="bbox 2049 594 3651 667; baseline 0.002 -19"><span class='ocrx_word' id='word_1_257' title='bbox 2049 609 2172 649; x_wconf 88' lang='lat' dir='ltr'><strong><em>rum</em></strong></span> <span class='ocrx_word' id='word_1_258' title='bbox 2203 601 2719 649; x_wconf 86' lang='lat' dir='ltr'><strong><em>commemorantur.</em></strong></span> <span class='ocrx_word' id='word_1_259' title='bbox 2744 594 3067 650; x_wconf 82' lang='lat' dir='ltr'><strong><em>Astiterunt</em></strong></span> <span class='ocrx_word' id='word_1_260' title='bbox 3084 602 3266 651; x_wconf 89' lang='lat' dir='ltr'><strong><em>autem</em></strong></span> <span class='ocrx_word' id='word_1_261' title='bbox 3282 610 3393 651; x_wconf 91' lang='lat' dir='ltr'><strong><em>non</em></strong></span> <span class='ocrx_word' id='word_1_262' title='bbox 3413 611 3651 667; x_wconf 77' lang='lat' dir='ltr'><strong><em>praesen-</em></strong></span> 
     </span>
    </p>
   </div>
   <div class='ocr_carea' id='block_1_37' title="bbox 2049 680 3037 755">
    <p class='ocr_par' dir='ltr' id='par_1_37' title="bbox 2049 680 3037 755">
     <span class='ocr_line' id='line_1_37' title="bbox 2049 680 3037 755; baseline 0 -17"><span class='ocrx_word' id='word_1_263' title='bbox 2049 682 2179 738; x_wconf 89' lang='lat' dir='ltr'><strong><em>tiam</em></strong></span> <span class='ocrx_word' id='word_1_264' title='bbox 2211 680 2503 755; x_wconf 87' lang='lat' dir='ltr'><strong><em>signiﬁcat,</em></strong></span> <span class='ocrx_word' id='word_1_265' title='bbox 2537 682 2633 738; x_wconf 89' lang='lat' dir='ltr'><strong><em>sed</em></strong></span> <span class='ocrx_word' id='word_1_266' title='bbox 2681 682 3037 739; x_wconf 82' lang='lat' dir='ltr'><strong><em>voluntatem.</em></strong></span> 
     </span>
    </p>
   </div>
   <div class='ocr_carea' id='block_1_38' title="bbox 2120 797 3650 871">
    <p class='ocr_par' dir='ltr' id='par_1_38' title="bbox 2120 797 3650 871">
     <span class='ocr_line' id='line_1_38' title="bbox 2120 797 3650 871; baseline 0.001 -18"><span class='ocrx_word' id='word_1_267' title='bbox 2120 798 2293 854; x_wconf 79' lang='lat' dir='ltr'><strong><em>Vens.</em></strong></span> <span class='ocrx_word' id='word_1_268' title='bbox 2316 801 2368 853; x_wconf 90' lang='lat'><strong><em>3.</em></strong></span> <span class='ocrx_word' id='word_1_269' title='bbox 2394 827 2462 838; x_wconf 91' lang='lat'><strong><em>——</em></strong></span> <span class='ocrx_word' id='word_1_270' title='bbox 2480 800 3142 871; x_wconf 85' lang='lat' dir='ltr'><strong><em>Dirumpamusvincula,</em></strong></span> <span class='ocrx_word' id='word_1_271' title='bbox 3183 806 3289 856; x_wconf 87' lang='lat' dir='ltr'><strong><em>etc.</em></strong></span> <span class='ocrx_word' id='word_1_272' title='bbox 3323 797 3650 871; x_wconf 86' lang='lat' dir='ltr'><strong><em>Quanquam</em></strong></span> 
     </span>
    </p>
   </div>
   <div class='ocr_carea' id='block_1_39' title="bbox 2057 885 3659 960">
    <p class='ocr_par' dir='ltr' id='par_1_39' title="bbox 2057 885 3659 960">
     <span class='ocr_line' id='line_1_39' title="bbox 2057 885 3659 960; baseline 0.001 -17"><span class='ocrx_word' id='word_1_273' title='bbox 2057 886 2232 960; x_wconf 85' lang='lat' dir='ltr'><strong><em>possit</em></strong></span> <span class='ocrx_word' id='word_1_274' title='bbox 2262 893 2314 942; x_wconf 87' lang='lat' dir='ltr'><strong><em>et</em></strong></span> <span class='ocrx_word' id='word_1_275' title='bbox 2345 885 2525 953; x_wconf 89' lang='lat' dir='ltr'><strong><em>aliter,</em></strong></span> <span class='ocrx_word' id='word_1_276' title='bbox 2560 895 2745 942; x_wconf 91' lang='lat' dir='ltr'><strong><em>tamen</em></strong></span> <span class='ocrx_word' id='word_1_277' title='bbox 2773 887 2955 958; x_wconf 87' lang='lat' dir='ltr'><strong><em>aptius</em></strong></span> <span class='ocrx_word' id='word_1_278' title='bbox 2976 903 3042 943; x_wconf 86' lang='lat' dir='ltr'><strong><em>ex</em></strong></span> <span class='ocrx_word' id='word_1_279' title='bbox 3063 902 3256 943; x_wconf 90' lang='lat' dir='ltr'><strong><em>eorum</em></strong></span> <span class='ocrx_word' id='word_1_280' title='bbox 3298 903 3539 960; x_wconf 89' lang='lat' dir='ltr'><strong><em>persona</em></strong></span> <span class='ocrx_word' id='word_1_281' title='bbox 3567 901 3659 944; x_wconf 81' lang='lat' dir='ltr'><strong><em>ac-</em></strong></span> 
     </span>
    </p>
   </div>
   <div class='ocr_carea' id='block_1_40' title="bbox 2052 974 3652 1050">
    <p class='ocr_par' dir='ltr' id='par_1_40' title="bbox 2052 974 3652 1050">
     <span class='ocr_line' id='line_1_40' title="bbox 2052 974 3652 1050; baseline 0.001 -19"><span class='ocrx_word' id='word_1_282' title='bbox 2052 975 2269 1047; x_wconf 88' lang='lat' dir='ltr'><strong><em>cipitur,</em></strong></span> <span class='ocrx_word' id='word_1_283' title='bbox 2304 991 2441 1048; x_wconf 89' lang='lat' dir='ltr'><strong><em>quos</em></strong></span> <span class='ocrx_word' id='word_1_284' title='bbox 2467 974 2600 1030; x_wconf 82' lang='lat' dir='ltr'><strong><em>dixit</em></strong></span> <span class='ocrx_word' id='word_1_285' title='bbox 2630 975 2816 1031; x_wconf 86' lang='lat' dir='ltr'><strong><em>inania</em></strong></span> <span class='ocrx_word' id='word_1_286' title='bbox 2841 976 3151 1050; x_wconf 83' lang='lat' dir='ltr'><strong><em>meditatos,</em></strong></span> <span class='ocrx_word' id='word_1_287' title='bbox 3181 983 3243 1032; x_wconf 89' lang='lat' dir='ltr'><strong><em>ut</em></strong></span> <span class='ocrx_word' id='word_1_288' title='bbox 3287 976 3395 1034; x_wconf 89' lang='lat' dir='ltr'><strong><em>hoc</em></strong></span> <span class='ocrx_word' id='word_1_289' title='bbox 3442 976 3512 1033; x_wconf 86' lang='lat' dir='ltr'><strong><em>sit</em></strong></span> <span class='ocrx_word' id='word_1_290' title='bbox 3554 976 3652 1033; x_wconf 87' lang='lat' dir='ltr'><strong><em>di-</em></strong></span> 
     </span>
    </p>
   </div>
   <div class='ocr_carea' id='block_1_41' title="bbox 2054 1064 3653 1138">
    <p class='ocr_par' dir='ltr' id='par_1_41' title="bbox 2054 1064 3653 1138">
     <span class='ocr_line' id='line_1_41' title="bbox 2054 1064 3653 1138; baseline 0 -17"><span class='ocrx_word' id='word_1_291' title='bbox 2054 1081 2386 1138; x_wconf 85' lang='lat' dir='ltr'><strong><em>rumpamus</em></strong></span> <span class='ocrx_word' id='word_1_292' title='bbox 2413 1064 2645 1121; x_wconf 86' lang='lat' dir='ltr'><strong><em>vincula</em></strong></span> <span class='ocrx_word' id='word_1_293' title='bbox 2675 1081 2888 1133; x_wconf 88' lang='lat' dir='ltr'><strong><em>eorum,</em></strong></span> <span class='ocrx_word' id='word_1_294' title='bbox 2924 1065 3120 1121; x_wconf 88' lang='lat' dir='ltr'><strong><em>demus</em></strong></span> <span class='ocrx_word' id='word_1_295' title='bbox 3148 1081 3376 1137; x_wconf 89' lang='lat' dir='ltr'><strong><em>operam</em></strong></span> <span class='ocrx_word' id='word_1_296' title='bbox 3420 1073 3478 1121; x_wconf 89' lang='lat' dir='ltr'><strong><em>ut</em></strong></span> <span class='ocrx_word' id='word_1_297' title='bbox 3546 1080 3653 1121; x_wconf 84' lang='lat' dir='ltr'><strong><em>nos</em></strong></span> 
     </span>
    </p>
   </div>
   <div class='ocr_carea' id='block_1_42' title="bbox 2053 1152 3655 1227">
    <p class='ocr_par' dir='ltr' id='par_1_42' title="bbox 2053 1152 3655 1227">
     <span class='ocr_line' id='line_1_42' title="bbox 2053 1152 3655 1227; baseline 0.001 -18"><span class='ocrx_word' id='word_1_298' title='bbox 2053 1168 2165 1209; x_wconf 93' lang='lat' dir='ltr'><strong><em>non</em></strong></span> <span class='ocrx_word' id='word_1_299' title='bbox 2193 1152 2436 1227; x_wconf 88' lang='lat' dir='ltr'><strong><em>alligent,</em></strong></span> <span class='ocrx_word' id='word_1_300' title='bbox 2468 1169 2647 1225; x_wconf 89' lang='lat' dir='ltr'><strong><em>neque</em></strong></span> <span class='ocrx_word' id='word_1_301' title='bbox 2677 1152 3154 1224; x_wconf 86' lang='lat' dir='ltr'><strong><em>imponaturnobis</em></strong></span> <span class='ocrx_word' id='word_1_302' title='bbox 3175 1154 3487 1210; x_wconf 88' lang='lat' dir='ltr'><strong><em>Christiana</em></strong></span> <span class='ocrx_word' id='word_1_303' title='bbox 3521 1154 3655 1210; x_wconf 87' lang='lat' dir='ltr'><strong><em>reli-</em></strong></span> 
     </span>
    </p>
   </div>
   <div class='ocr_carea' id='block_1_43' title="bbox 2053 1241 3651 1316">
    <p class='ocr_par' dir='ltr' id='par_1_43' title="bbox 2053 1241 3651 1316">
     <span class='ocr_line' id='line_1_43' title="bbox 2053 1241 3651 1316; baseline 0.001 -19"><span class='ocrx_word' id='word_1_304' title='bbox 2053 1241 2166 1316; x_wconf 89' lang='lat' dir='ltr'><strong><em>gio.</em></strong></span> <span class='ocrx_word' id='word_1_305' title='bbox 2191 1244 2400 1300; x_wconf 86' lang='lat' dir='ltr'><strong><em>Eorum</em></strong></span> <span class='ocrx_word' id='word_1_306' title='bbox 2431 1246 2645 1312; x_wconf 87' lang='lat' dir='ltr'><strong><em>autem,</em></strong></span> <span class='ocrx_word' id='word_1_307' title='bbox 2676 1242 2764 1297; x_wconf 87' lang='lat' dir='ltr'><strong><em>vel</em></strong></span> <span class='ocrx_word' id='word_1_308' title='bbox 2791 1241 2892 1298; x_wconf 90' lang='lat' dir='ltr'><strong><em>Dei</em></strong></span> <span class='ocrx_word' id='word_1_309' title='bbox 2924 1243 3163 1299; x_wconf 89' lang='lat' dir='ltr'><strong><em>Patriset</em></strong></span> <span class='ocrx_word' id='word_1_310' title='bbox 3184 1242 3537 1313; x_wconf 87' lang='lat' dir='ltr'><strong><em>Christiejus,</em></strong></span> <span class='ocrx_word' id='word_1_311' title='bbox 3559 1242 3651 1299; x_wconf 85' lang='lat' dir='ltr'><strong><em>vel</em></strong></span> 
     </span>
    </p>
   </div>
   <div class='ocr_carea' id='block_1_44' title="bbox 2056 1330 2795 1402">
    <p class='ocr_par' dir='ltr' id='par_1_44' title="bbox 2056 1330 2795 1402">
     <span class='ocr_line' id='line_1_44' title="bbox 2056 1330 2795 1402; baseline 0 -15"><span class='ocrx_word' id='word_1_312' title='bbox 2056 1330 2256 1387; x_wconf 87' lang='lat' dir='ltr'><strong><em>Christi</em></strong></span> <span class='ocrx_word' id='word_1_313' title='bbox 2293 1338 2347 1387; x_wconf 88' lang='lat' dir='ltr'><strong><em>et</em></strong></span> <span class='ocrx_word' id='word_1_314' title='bbox 2398 1330 2795 1402; x_wconf 87' lang='lat' dir='ltr'><strong><em>apostolorum.</em></strong></span> 
     </span>
    </p>
   </div>
   <div class='ocr_carea' id='block_1_45' title="bbox 2125 1443 3656 1519">
    <p class='ocr_par' dir='ltr' id='par_1_45' title="bbox 2125 1443 3656 1519">
     <span class='ocr_line' id='line_1_45' title="bbox 2125 1443 3656 1519; baseline 0.001 -19"><span class='ocrx_word' id='word_1_315' title='bbox 2125 1443 2296 1500; x_wconf 77' lang='lat' dir='ltr'><strong><em>Vsus.</em></strong></span> <span class='ocrx_word' id='word_1_316' title='bbox 2313 1444 2368 1501; x_wconf 77' lang='grc'><strong>4.</strong></span> <span class='ocrx_word' id='word_1_317' title='bbox 2391 1472 2463 1486; x_wconf 89' lang='lat'><strong><em>--</em></strong></span> <span class='ocrx_word' id='word_1_318' title='bbox 2484 1444 2591 1512; x_wconf 89' lang='lat' dir='ltr'><strong><em>Qui</em></strong></span> <span class='ocrx_word' id='word_1_319' title='bbox 2610 1445 2828 1501; x_wconf 84' lang='lat' dir='ltr'><strong><em>habitat</em></strong></span> <span class='ocrx_word' id='word_1_320' title='bbox 2846 1446 2910 1501; x_wconf 90' lang='lat' dir='ltr'><strong><em>in</em></strong></span> <span class='ocrx_word' id='word_1_321' title='bbox 2926 1445 3101 1513; x_wconf 67' lang='lat' dir='ltr'><strong><em>caelis,</em></strong></span> <span class='ocrx_word' id='word_1_322' title='bbox 3135 1452 3240 1503; x_wconf 88' lang='lat' dir='ltr'><strong><em>etc.</em></strong></span> <span class='ocrx_word' id='word_1_323' title='bbox 3262 1445 3515 1519; x_wconf 85' lang='lat' dir='ltr'><strong><em>Repetita</em></strong></span> <span class='ocrx_word' id='word_1_324' title='bbox 3530 1462 3656 1504; x_wconf 59' lang='lat' dir='ltr'><strong><em>seno</em></strong></span> 
     </span>
    </p>
   </div>
   <div class='ocr_carea' id='block_1_46' title="bbox 2056 1533 3653 1606">
    <p class='ocr_par' dir='ltr' id='par_1_46' title="bbox 2056 1533 3653 1606">
     <span class='ocr_line' id='line_1_46' title="bbox 2056 1533 3653 1606; baseline 0.003 -18"><span class='ocrx_word' id='word_1_325' title='bbox 2056 1533 2226 1590; x_wconf 87' lang='lat' dir='ltr'><strong><em>tentia</em></strong></span> <span class='ocrx_word' id='word_1_326' title='bbox 2254 1540 2356 1589; x_wconf 88' lang='lat' dir='ltr'><strong><em>est.</em></strong></span> <span class='ocrx_word' id='word_1_327' title='bbox 2388 1533 2529 1589; x_wconf 88' lang='lat' dir='ltr'><strong><em>Nam</em></strong></span> <span class='ocrx_word' id='word_1_328' title='bbox 2555 1549 2657 1605; x_wconf 90' lang='lat' dir='ltr'><strong><em>pro</em></strong></span> <span class='ocrx_word' id='word_1_329' title='bbox 2688 1549 2754 1590; x_wconf 89' lang='lat' dir='ltr'><strong><em>eo</em></strong></span> <span class='ocrx_word' id='word_1_330' title='bbox 2784 1533 2935 1606; x_wconf 88' lang='lat' dir='ltr'><strong><em>quod</em></strong></span> <span class='ocrx_word' id='word_1_331' title='bbox 2964 1542 3065 1605; x_wconf 89' lang='lat' dir='ltr'><strong><em>est,</em></strong></span> <span class='ocrx_word' id='word_1_332' title='bbox 3101 1534 3207 1604; x_wconf 87' lang='lat' dir='ltr'><strong><em>Qui</em></strong></span> <span class='ocrx_word' id='word_1_333' title='bbox 3227 1535 3418 1593; x_wconf 80' lang='lat' dir='ltr'><strong><em>habita</em></strong></span> <span class='ocrx_word' id='word_1_334' title='bbox 3440 1539 3653 1595; x_wconf 67' lang='lat' dir='ltr'><strong><em>inca:-</em></strong></span> 
     </span>
    </p>
   </div>
   <div class='ocr_carea' id='block_1_47' title="bbox 2059 1622 3654 1695">
    <p class='ocr_par' dir='ltr' id='par_1_47' title="bbox 2059 1622 3654 1695">
     <span class='ocr_line' id='line_1_47' title="bbox 2059 1622 3654 1695; baseline 0.003 -17"><span class='ocrx_word' id='word_1_335' title='bbox 2059 1624 2148 1691; x_wconf 87' lang='lat' dir='ltr'><strong><em>lis,</em></strong></span> <span class='ocrx_word' id='word_1_336' title='bbox 2182 1622 2581 1695; x_wconf 88' lang='lat' dir='ltr'><strong><em>subsequenter</em></strong></span> <span class='ocrx_word' id='word_1_337' title='bbox 2608 1623 2844 1694; x_wconf 88' lang='lat' dir='ltr'><strong><em>positum</em></strong></span> <span class='ocrx_word' id='word_1_338' title='bbox 2892 1631 2976 1679; x_wconf 89' lang='lat' dir='ltr'><strong><em>est</em></strong></span> <span class='ocrx_word' id='word_1_339' title='bbox 3023 1640 3040 1680; x_wconf 88' lang='lat'><strong>:</strong></span> <span class='ocrx_word' id='word_1_340' title='bbox 3084 1625 3377 1682; x_wconf 80' lang='lat' dir='ltr'><strong><em>Dominus.</em></strong></span> <span class='ocrx_word' id='word_1_341' title='bbox 3427 1626 3535 1681; x_wconf 87' lang='lat' dir='ltr'><strong><em>Pro</em></strong></span> <span class='ocrx_word' id='word_1_342' title='bbox 3581 1641 3654 1683; x_wconf 86' lang='lat' dir='ltr'><strong><em>eo</em></strong></span> 
     </span>
    </p>
   </div>
   <div class='ocr_carea' id='block_1_48' title="bbox 2058 1711 3656 1784">
    <p class='ocr_par' dir='ltr' id='par_1_48' title="bbox 2058 1711 3656 1784">
     <span class='ocr_line' id='line_1_48' title="bbox 2058 1711 3656 1784; baseline 0.003 -16"><span class='ocrx_word' id='word_1_343' title='bbox 2058 1712 2203 1784; x_wconf 88' lang='lat' dir='ltr'><strong><em>quod</em></strong></span> <span class='ocrx_word' id='word_1_344' title='bbox 2215 1718 2317 1780; x_wconf 89' lang='lat' dir='ltr'><strong><em>est,</em></strong></span> <span class='ocrx_word' id='word_1_345' title='bbox 2331 1711 2607 1781; x_wconf 85' lang='lat' dir='ltr'><strong><em>irridebit,</em></strong></span> <span class='ocrx_word' id='word_1_346' title='bbox 2630 1711 3027 1784; x_wconf 89' lang='lat' dir='ltr'><strong><em>subsequenter</em></strong></span> <span class='ocrx_word' id='word_1_347' title='bbox 3039 1713 3277 1784; x_wconf 88' lang='lat' dir='ltr'><strong><em>positum</em></strong></span> <span class='ocrx_word' id='word_1_348' title='bbox 3295 1722 3399 1781; x_wconf 88' lang='lat' dir='ltr'><strong><em>est,</em></strong></span> <span class='ocrx_word' id='word_1_349' title='bbox 3421 1715 3656 1772; x_wconf 80' lang='lat' dir='ltr'><strong><em>subsan-</em></strong></span> 
     </span>
    </p>
   </div>
   <div class='ocr_carea' id='block_1_49' title="bbox 1980 1779 3659 1876">
    <p class='ocr_par' dir='ltr' id='par_1_49' title="bbox 1980 1779 3659 1876">
     <span class='ocr_line' id='line_1_49' title="bbox 1980 1779 3659 1876; baseline 0.002 -19"><span class='ocrx_word' id='word_1_350' title='bbox 1980 1779 2033 1841; x_wconf 84' lang='lat' dir='ltr'>B</span> <span class='ocrx_word' id='word_1_351' title='bbox 2053 1779 2231 1857; x_wconf 74' lang='lat' dir='ltr'><strong><em>nubit.</em></strong></span> <span class='ocrx_word' id='word_1_352' title='bbox 2263 1779 2411 1856; x_wconf 80' lang='lat' dir='ltr'><strong><em>Nihil</em></strong></span> <span class='ocrx_word' id='word_1_353' title='bbox 2437 1779 2635 1856; x_wconf 87' lang='lat' dir='ltr'><strong><em>horum</em></strong></span> <span class='ocrx_word' id='word_1_354' title='bbox 2663 1779 2856 1872; x_wconf 71' lang='lat' dir='ltr'><strong><em>sapere</em></strong></span> <span class='ocrx_word' id='word_1_355' title='bbox 2899 1779 3114 1873; x_wconf 72' lang='lat' dir='ltr'><strong><em>oportet</em></strong></span> <span class='ocrx_word' id='word_1_356' title='bbox 3159 1779 3471 1874; x_wconf 84' lang='lat' dir='ltr'><strong><em>carnaliter,</em></strong></span> <span class='ocrx_word' id='word_1_357' title='bbox 3495 1804 3659 1876; x_wconf 86' lang='lat' dir='ltr'><strong><em>quasi</em></strong></span> 
     </span>
    </p>
   </div>
   <div class='ocr_carea' id='block_1_50' title="bbox 2050 1888 3657 1961">
    <p class='ocr_par' dir='ltr' id='par_1_50' title="bbox 2050 1888 3657 1961">
     <span class='ocr_line' id='line_1_50' title="bbox 2050 1888 3657 1961; baseline 0.002 -17"><span class='ocrx_word' id='word_1_358' title='bbox 2050 1896 2142 1945; x_wconf 85' lang='lat' dir='ltr'><strong><em>aut</em></strong></span> <span class='ocrx_word' id='word_1_359' title='bbox 2168 1888 2356 1945; x_wconf 90' lang='lat' dir='ltr'><strong><em>buccis</em></strong></span> <span class='ocrx_word' id='word_1_360' title='bbox 2384 1889 2534 1945; x_wconf 90' lang='lat' dir='ltr'><strong><em>Deus</em></strong></span> <span class='ocrx_word' id='word_1_361' title='bbox 2575 1888 2790 1959; x_wconf 90' lang='lat' dir='ltr'><strong><em>irridat,</em></strong></span> <span class='ocrx_word' id='word_1_362' title='bbox 2841 1897 2936 1945; x_wconf 87' lang='lat' dir='ltr'><strong><em>aut</em></strong></span> <span class='ocrx_word' id='word_1_363' title='bbox 2976 1905 3110 1947; x_wconf 92' lang='lat' dir='ltr'><strong><em>naso</em></strong></span> <span class='ocrx_word' id='word_1_364' title='bbox 3156 1890 3454 1948; x_wconf 87' lang='lat' dir='ltr'><strong><em>subsannet</em></strong></span> <span class='ocrx_word' id='word_1_365' title='bbox 3499 1910 3516 1961; x_wconf 88' lang='lat'><strong>;</strong></span> <span class='ocrx_word' id='word_1_366' title='bbox 3554 1893 3657 1949; x_wconf 60' lang='lat' dir='ltr'><strong><em>sui</em></strong></span> 
     </span>
    </p>
   </div>
   <div class='ocr_carea' id='block_1_51' title="bbox 2052 1977 3659 2052">
    <p class='ocr_par' dir='ltr' id='par_1_51' title="bbox 2052 1977 3659 2052">
     <span class='ocr_line' id='line_1_51' title="bbox 2052 1977 3659 2052; baseline 0.002 -17"><span class='ocrx_word' id='word_1_367' title='bbox 2052 1994 2119 2035; x_wconf 90' lang='lat' dir='ltr'><strong><em>ea</em></strong></span> <span class='ocrx_word' id='word_1_368' title='bbox 2150 1978 2233 2034; x_wconf 90' lang='lat' dir='ltr'><strong><em>vis</em></strong></span> <span class='ocrx_word' id='word_1_369' title='bbox 2262 1977 2585 2050; x_wconf 87' lang='lat' dir='ltr'><strong><em>accipienda</em></strong></span> <span class='ocrx_word' id='word_1_370' title='bbox 2615 1986 2717 2049; x_wconf 88' lang='lat' dir='ltr'><strong><em>est,</em></strong></span> <span class='ocrx_word' id='word_1_371' title='bbox 2751 1994 2913 2052; x_wconf 88' lang='lat' dir='ltr'><strong><em>quam</em></strong></span> <span class='ocrx_word' id='word_1_372' title='bbox 2941 1978 3037 2035; x_wconf 91' lang='lat' dir='ltr'><strong><em>dat</em></strong></span> <span class='ocrx_word' id='word_1_373' title='bbox 3067 1980 3272 2036; x_wconf 89' lang='lat' dir='ltr'><strong><em>sanctis</em></strong></span> <span class='ocrx_word' id='word_1_374' title='bbox 3299 1980 3435 2051; x_wconf 85' lang='lat' dir='ltr'><strong><em>suis,</em></strong></span> <span class='ocrx_word' id='word_1_375' title='bbox 3466 1989 3526 2036; x_wconf 88' lang='lat' dir='ltr'><strong><em>ut</em></strong></span> <span class='ocrx_word' id='word_1_376' title='bbox 3567 1980 3659 2038; x_wconf 85' lang='lat' dir='ltr'><strong><em>fu-</em></strong></span> 
     </span>
    </p>
   </div>
   <div class='ocr_carea' id='block_1_52' title="bbox 2052 2065 3661 2138">
    <p class='ocr_par' dir='ltr' id='par_1_52' title="bbox 2052 2065 3661 2138">
     <span class='ocr_line' id='line_1_52' title="bbox 2052 2065 3661 2138; baseline 0.002 -16"><span class='ocrx_word' id='word_1_377' title='bbox 2052 2076 2173 2123; x_wconf 88' lang='lat' dir='ltr'><strong><em>tura</em></strong></span> <span class='ocrx_word' id='word_1_378' title='bbox 2202 2074 2513 2133; x_wconf 89' lang='lat' dir='ltr'><strong><em>cernentes,</em></strong></span> <span class='ocrx_word' id='word_1_379' title='bbox 2564 2065 2621 2122; x_wconf 90' lang='lat' dir='ltr'><strong><em>id</em></strong></span> <span class='ocrx_word' id='word_1_380' title='bbox 2665 2073 2749 2123; x_wconf 92' lang='lat' dir='ltr'><strong><em>est</em></strong></span> <span class='ocrx_word' id='word_1_381' title='bbox 2793 2081 2996 2124; x_wconf 90' lang='lat' dir='ltr'><strong><em>nomen</em></strong></span> <span class='ocrx_word' id='word_1_382' title='bbox 3038 2066 3253 2138; x_wconf 87' lang='lat' dir='ltr'><strong><em>Christi,</em></strong></span> <span class='ocrx_word' id='word_1_383' title='bbox 3304 2076 3360 2125; x_wconf 89' lang='lat' dir='ltr'><strong><em>et</em></strong></span> <span class='ocrx_word' id='word_1_384' title='bbox 3398 2068 3661 2126; x_wconf 84' lang='lat' dir='ltr'><strong><em>domina-</em></strong></span> 
     </span>
    </p>
   </div>
   <div class='ocr_carea' id='block_1_53' title="bbox 2059 2154 3660 2233">
    <p class='ocr_par' dir='ltr' id='par_1_53' title="bbox 2059 2154 3660 2233">
     <span class='ocr_line' id='line_1_53' title="bbox 2059 2154 3660 2233; baseline 0.003 -22"><span class='ocrx_word' id='word_1_385' title='bbox 2059 2156 2264 2212; x_wconf 89' lang='lat' dir='ltr'><strong><em>tionem</em></strong></span> <span class='ocrx_word' id='word_1_386' title='bbox 2293 2164 2712 2228; x_wconf 86' lang='lat' dir='ltr'><strong><em>pervagaturam</em></strong></span> <span class='ocrx_word' id='word_1_387' title='bbox 2740 2154 2798 2211; x_wconf 93' lang='lat' dir='ltr'><strong><em>in</em></strong></span> <span class='ocrx_word' id='word_1_388' title='bbox 2820 2163 3095 2228; x_wconf 89' lang='lat' dir='ltr'><strong><em>posteros,</em></strong></span> <span class='ocrx_word' id='word_1_389' title='bbox 3129 2164 3185 2213; x_wconf 90' lang='lat' dir='ltr'><strong><em>et</em></strong></span> <span class='ocrx_word' id='word_1_390' title='bbox 3209 2157 3498 2215; x_wconf 87' lang='lat' dir='ltr'><strong><em>universas</em></strong></span> <span class='ocrx_word' id='word_1_391' title='bbox 3516 2175 3660 2233; x_wconf 84' lang='lat' dir='ltr'><strong><em>gen-</em></strong></span> 
     </span>
    </p>
   </div>
   <div class='ocr_carea' id='block_1_54' title="bbox 2056 2244 3662 2315">
    <p class='ocr_par' dir='ltr' id='par_1_54' title="bbox 2056 2244 3662 2315">
     <span class='ocr_line' id='line_1_54' title="bbox 2056 2244 3662 2315; baseline 0.003 -16"><span class='ocrx_word' id='word_1_392' title='bbox 2056 2252 2138 2300; x_wconf 89' lang='lat' dir='ltr'><strong><em>tes</em></strong></span> <span class='ocrx_word' id='word_1_393' title='bbox 2168 2245 2538 2315; x_wconf 89' lang='lat' dir='ltr'><strong><em>obtenturam,</em></strong></span> <span class='ocrx_word' id='word_1_394' title='bbox 2569 2244 2693 2301; x_wconf 90' lang='lat' dir='ltr'><strong><em>illos</em></strong></span> <span class='ocrx_word' id='word_1_395' title='bbox 2722 2244 2906 2301; x_wconf 90' lang='lat' dir='ltr'><strong><em>inania</em></strong></span> <span class='ocrx_word' id='word_1_396' title='bbox 2951 2245 3239 2302; x_wconf 89' lang='lat' dir='ltr'><strong><em>meditatos</em></strong></span> <span class='ocrx_word' id='word_1_397' title='bbox 3280 2263 3404 2304; x_wconf 88' lang='lat' dir='ltr'><strong><em>esse</em></strong></span> <span class='ocrx_word' id='word_1_398' title='bbox 3455 2247 3662 2304; x_wconf 87' lang='lat' dir='ltr'><strong><em>intelli-</em></strong></span> 
     </span>
    </p>
   </div>
   <div class='ocr_carea' id='block_1_55' title="bbox 2054 2332 3660 2406">
    <p class='ocr_par' dir='ltr' id='par_1_55' title="bbox 2054 2332 3660 2406">
     <span class='ocr_line' id='line_1_55' title="bbox 2054 2332 3660 2406; baseline 0.003 -18"><span class='ocrx_word' id='word_1_399' title='bbox 2054 2341 2207 2405; x_wconf 85' lang='lat' dir='ltr'><strong><em>gant.</em></strong></span> <span class='ocrx_word' id='word_1_400' title='bbox 2241 2333 2369 2390; x_wconf 68' lang='lat' dir='ltr'><strong><em>Haec</em></strong></span> <span class='ocrx_word' id='word_1_401' title='bbox 2399 2333 2546 2389; x_wconf 90' lang='lat' dir='ltr'><strong><em>enim</em></strong></span> <span class='ocrx_word' id='word_1_402' title='bbox 2573 2332 2675 2403; x_wconf 88' lang='lat' dir='ltr'><strong><em>vis,</em></strong></span> <span class='ocrx_word' id='word_1_403' title='bbox 2709 2348 2817 2406; x_wconf 88' lang='lat' dir='ltr'><strong><em>qua</em></strong></span> <span class='ocrx_word' id='word_1_404' title='bbox 2845 2332 2950 2389; x_wconf 88' lang='lat' dir='ltr'><strong><em>ista</em></strong></span> <span class='ocrx_word' id='word_1_405' title='bbox 2977 2335 3229 2406; x_wconf 67' lang='lat' dir='ltr'><strong><em>priescita</em></strong></span> <span class='ocrx_word' id='word_1_406' title='bbox 3284 2344 3429 2405; x_wconf 89' lang='lat' dir='ltr'><strong><em>sunt,</em></strong></span> <span class='ocrx_word' id='word_1_407' title='bbox 3476 2336 3660 2393; x_wconf 84' lang='lat' dir='ltr'><strong><em>irrisio</em></strong></span> 
     </span>
    </p>
   </div>
   <div class='ocr_carea' id='block_1_56' title="bbox 2054 2420 3656 2489">
    <p class='ocr_par' dir='ltr' id='par_1_56' title="bbox 2054 2420 3656 2489">
     <span class='ocr_line' id='line_1_56' title="bbox 2054 2420 3656 2489; baseline 0.002 -11"><span class='ocrx_word' id='word_1_408' title='bbox 2054 2420 2155 2478; x_wconf 92' lang='lat' dir='ltr'><strong><em>Dei</em></strong></span> <span class='ocrx_word' id='word_1_409' title='bbox 2186 2428 2289 2489; x_wconf 90' lang='lat' dir='ltr'><strong><em>est,</em></strong></span> <span class='ocrx_word' id='word_1_410' title='bbox 2322 2428 2377 2478; x_wconf 86' lang='lat' dir='ltr'><strong><em>et</em></strong></span> <span class='ocrx_word' id='word_1_411' title='bbox 2405 2420 2779 2478; x_wconf 89' lang='lat' dir='ltr'><strong><em>subsannatio.</em></strong></span> <span class='ocrx_word' id='word_1_412' title='bbox 2817 2422 2987 2480; x_wconf 74' lang='lat' dir='ltr'><strong><em>Cwlos</em></strong></span> <span class='ocrx_word' id='word_1_413' title='bbox 3015 2430 3194 2479; x_wconf 89' lang='lat' dir='ltr'><strong><em>autem</em></strong></span> <span class='ocrx_word' id='word_1_414' title='bbox 3218 2423 3425 2481; x_wconf 87' lang='lat' dir='ltr'><strong><em>animas</em></strong></span> <span class='ocrx_word' id='word_1_415' title='bbox 3437 2432 3656 2482; x_wconf 81' lang='lat' dir='ltr'><strong><em>sanctas</em></strong></span> 
     </span>
    </p>
   </div>
   <div class='ocr_carea' id='block_1_57' title="bbox 2054 2509 3654 2586">
    <p class='ocr_par' dir='ltr' id='par_1_57' title="bbox 2054 2509 3654 2586">
     <span class='ocr_line' id='line_1_57' title="bbox 2054 2509 3654 2586; baseline 0.002 -19"><span class='ocrx_word' id='word_1_416' title='bbox 2054 2509 2374 2582; x_wconf 89' lang='lat' dir='ltr'><strong><em>accipimus,</em></strong></span> <span class='ocrx_word' id='word_1_417' title='bbox 2404 2526 2503 2582; x_wconf 91' lang='lat' dir='ltr'><strong><em>per</em></strong></span> <span class='ocrx_word' id='word_1_418' title='bbox 2529 2525 2668 2583; x_wconf 87' lang='lat' dir='ltr'><strong><em>quas</em></strong></span> <span class='ocrx_word' id='word_1_419' title='bbox 2697 2509 2884 2583; x_wconf 88' lang='lat' dir='ltr'><strong><em>utique</em></strong></span> <span class='ocrx_word' id='word_1_420' title='bbox 2935 2511 3286 2582; x_wconf 66' lang='lat' dir='ltr'><strong><em>praescientes</em></strong></span> <span class='ocrx_word' id='word_1_421' title='bbox 3314 2512 3446 2586; x_wconf 89' lang='lat' dir='ltr'><strong><em>quid</em></strong></span> <span class='ocrx_word' id='word_1_422' title='bbox 3502 2512 3654 2570; x_wconf 83' lang='lat' dir='ltr'><strong><em>futu-</em></strong></span> 
     </span>
    </p>
   </div>
   <div class='ocr_carea' id='block_1_58' title="bbox 2054 2598 3189 2670">
    <p class='ocr_par' dir='ltr' id='par_1_58' title="bbox 2054 2598 3189 2670">
     <span class='ocr_line' id='line_1_58' title="bbox 2054 2598 3189 2670; baseline -0.001 -14"><span class='ocrx_word' id='word_1_423' title='bbox 2054 2615 2175 2656; x_wconf 90' lang='lat' dir='ltr'><strong><em>rum</em></strong></span> <span class='ocrx_word' id='word_1_424' title='bbox 2203 2598 2291 2670; x_wconf 89' lang='lat' dir='ltr'><strong><em>sit,</em></strong></span> <span class='ocrx_word' id='word_1_425' title='bbox 2323 2598 2591 2655; x_wconf 88' lang='lat' dir='ltr'><strong><em>deridehit</em></strong></span> <span class='ocrx_word' id='word_1_426' title='bbox 2618 2600 2766 2656; x_wconf 90' lang='lat' dir='ltr'><strong><em>Deus</em></strong></span> <span class='ocrx_word' id='word_1_427' title='bbox 2812 2599 3189 2657; x_wconf 86' lang='lat' dir='ltr'><strong><em>subsannabit.</em></strong></span> 
     </span>
    </p>
   </div>
   <div class='ocr_carea' id='block_1_59' title="bbox 2127 2716 3654 2791">
    <p class='ocr_par' dir='ltr' id='par_1_59' title="bbox 2127 2716 3654 2791">
     <span class='ocr_line' id='line_1_59' title="bbox 2127 2716 3654 2791; baseline 0.001 -18"><span class='ocrx_word' id='word_1_428' title='bbox 2127 2717 2296 2773; x_wconf 73' lang='lat' dir='ltr'><strong><em>Vens.</em></strong></span> <span class='ocrx_word' id='word_1_429' title='bbox 2318 2719 2350 2772; x_wconf 83' lang='grc'><strong>5</strong></span> <span class='ocrx_word' id='word_1_430' title='bbox 2369 2745 2440 2757; x_wconf 90' lang='grc'><strong>-</strong></span> <span class='ocrx_word' id='word_1_431' title='bbox 2462 2716 2612 2773; x_wconf 88' lang='lat' dir='ltr'><strong><em>Tunc</em></strong></span> <span class='ocrx_word' id='word_1_432' title='bbox 2647 2716 2922 2789; x_wconf 85' lang='lat' dir='ltr'><strong><em>loquetur,</em></strong></span> <span class='ocrx_word' id='word_1_433' title='bbox 2957 2723 3063 2773; x_wconf 92' lang='lat' dir='ltr'><strong><em>etc.</em></strong></span> <span class='ocrx_word' id='word_1_434' title='bbox 3092 2717 3244 2773; x_wconf 89' lang='lat' dir='ltr'><strong><em>Iram</em></strong></span> <span class='ocrx_word' id='word_1_435' title='bbox 3309 2722 3367 2774; x_wconf 89' lang='lat' dir='ltr'><strong><em>et</em></strong></span> <span class='ocrx_word' id='word_1_436' title='bbox 3393 2721 3654 2791; x_wconf 83' lang='lat' dir='ltr'><strong><em>furorem</em></strong></span> 
     </span>
    </p>
   </div>
   <div class='ocr_carea' id='block_1_60' title="bbox 2055 2803 3659 2880">
    <p class='ocr_par' dir='ltr' id='par_1_60' title="bbox 2055 2803 3659 2880">
     <span class='ocr_line' id='line_1_60' title="bbox 2055 2803 3659 2880; baseline 0.001 -18"><span class='ocrx_word' id='word_1_437' title='bbox 2055 2804 2155 2862; x_wconf 92' lang='lat' dir='ltr'><strong><em>Dei</em></strong></span> <span class='ocrx_word' id='word_1_438' title='bbox 2183 2821 2293 2861; x_wconf 91' lang='lat' dir='ltr'><strong><em>non</em></strong></span> <span class='ocrx_word' id='word_1_439' title='bbox 2320 2803 2785 2877; x_wconf 87' lang='lat' dir='ltr'><strong><em>perturbationem</em></strong></span> <span class='ocrx_word' id='word_1_440' title='bbox 2814 2804 2932 2875; x_wconf 88' lang='lat' dir='ltr'><strong><em>ejus</em></strong></span> <span class='ocrx_word' id='word_1_441' title='bbox 2956 2812 3172 2876; x_wconf 85' lang='lat' dir='ltr'><strong><em>Oportet</em></strong></span> <span class='ocrx_word' id='word_1_442' title='bbox 3200 2805 3432 2880; x_wconf 88' lang='lat' dir='ltr'><strong><em>intelligi</em></strong></span> <span class='ocrx_word' id='word_1_443' title='bbox 3486 2825 3501 2874; x_wconf 87' lang='lat'><strong>;</strong></span> <span class='ocrx_word' id='word_1_444' title='bbox 3556 2807 3659 2863; x_wconf 87' lang='lat' dir='ltr'><strong><em>sed</em></strong></span> 
     </span>
    </p>
   </div>
   <div class='ocr_carea' id='block_1_61' title="bbox 2055 2892 3659 2966">
    <p class='ocr_par' dir='ltr' id='par_1_61' title="bbox 2055 2892 3659 2966">
     <span class='ocr_line' id='line_1_61' title="bbox 2055 2892 3659 2966; baseline 0.002 -17"><span class='ocrx_word' id='word_1_445' title='bbox 2055 2893 2184 2964; x_wconf 89' lang='lat' dir='ltr'><strong><em>vim,</em></strong></span> <span class='ocrx_word' id='word_1_446' title='bbox 2220 2909 2327 2966; x_wconf 91' lang='lat' dir='ltr'><strong><em>qua</em></strong></span> <span class='ocrx_word' id='word_1_447' title='bbox 2348 2892 2652 2964; x_wconf 88' lang='lat' dir='ltr'><strong><em>justissime</em></strong></span> <span class='ocrx_word' id='word_1_448' title='bbox 2677 2893 2919 2950; x_wconf 89' lang='lat' dir='ltr'><strong><em>vindicat</em></strong></span> <span class='ocrx_word' id='word_1_449' title='bbox 2943 2894 3186 2964; x_wconf 89' lang='lat' dir='ltr'><strong><em>subjecta</em></strong></span> <span class='ocrx_word' id='word_1_450' title='bbox 3214 2894 3319 2950; x_wconf 89' lang='lat' dir='ltr'><strong><em>sibi</em></strong></span> <span class='ocrx_word' id='word_1_451' title='bbox 3331 2895 3403 2952; x_wconf 90' lang='lat' dir='ltr'><strong><em>ad</em></strong></span> <span class='ocrx_word' id='word_1_452' title='bbox 3416 2894 3659 2952; x_wconf 88' lang='lat' dir='ltr'><strong><em>ministe-</em></strong></span> 
     </span>
    </p>
   </div>
   <div class='ocr_carea' id='block_1_62' title="bbox 2057 2982 3657 3057">
    <p class='ocr_par' dir='ltr' id='par_1_62' title="bbox 2057 2982 3657 3057">
     <span class='ocr_line' id='line_1_62' title="bbox 2057 2982 3657 3057; baseline 0.003 -19"><span class='ocrx_word' id='word_1_453' title='bbox 2057 2982 2195 3039; x_wconf 85' lang='lat' dir='ltr'><strong><em>rium</em></strong></span> <span class='ocrx_word' id='word_1_454' title='bbox 2223 2982 2485 3038; x_wconf 89' lang='lat' dir='ltr'><strong><em>universa</em></strong></span> <span class='ocrx_word' id='word_1_455' title='bbox 2514 2990 2789 3040; x_wconf 90' lang='lat' dir='ltr'><strong><em>creatura.</em></strong></span> <span class='ocrx_word' id='word_1_456' title='bbox 2842 2983 3174 3057; x_wconf 90' lang='lat' dir='ltr'><strong><em>Quanquam</em></strong></span> <span class='ocrx_word' id='word_1_457' title='bbox 3204 2984 3377 3056; x_wconf 89' lang='lat' dir='ltr'><strong><em>possit</em></strong></span> <span class='ocrx_word' id='word_1_458' title='bbox 3418 2985 3512 3042; x_wconf 89' lang='lat' dir='ltr'><strong><em>ira</em></strong></span> <span class='ocrx_word' id='word_1_459' title='bbox 3553 2987 3657 3043; x_wconf 86' lang='lat' dir='ltr'><strong><em>Dei</em></strong></span> 
     </span>
    </p>
   </div>
   <div class='ocr_carea' id='block_1_63' title="bbox 2052 3070 3661 3147">
    <p class='ocr_par' dir='ltr' id='par_1_63' title="bbox 2052 3070 3661 3147">
     <span class='ocr_line' id='line_1_63' title="bbox 2052 3070 3661 3147; baseline 0.002 -20"><span class='ocrx_word' id='word_1_460' title='bbox 2052 3078 2198 3128; x_wconf 89' lang='lat' dir='ltr'><strong><em>recte</em></strong></span> <span class='ocrx_word' id='word_1_461' title='bbox 2236 3070 2465 3145; x_wconf 78' lang='lat' dir='ltr'><strong><em>intelligi</em></strong></span> <span class='ocrx_word' id='word_1_462' title='bbox 2508 3070 2675 3126; x_wconf 87' lang='lat' dir='ltr'><strong><em>etiam</em></strong></span> <span class='ocrx_word' id='word_1_463' title='bbox 2737 3070 2858 3143; x_wconf 89' lang='lat' dir='ltr'><strong><em>ipsa</em></strong></span> <span class='ocrx_word' id='word_1_464' title='bbox 2896 3072 3092 3128; x_wconf 89' lang='lat' dir='ltr'><strong><em>mentis</em></strong></span> <span class='ocrx_word' id='word_1_465' title='bbox 3150 3071 3488 3141; x_wconf 87' lang='lat' dir='ltr'><strong><em>obscuratio,</em></strong></span> <span class='ocrx_word' id='word_1_466' title='bbox 3534 3091 3661 3147; x_wconf 66' lang='lat' dir='ltr'><strong><em>qum</em></strong></span> 
     </span>
    </p>
   </div>
   <div class='ocr_carea' id='block_1_64' title="bbox 351 3141 3509 3243">
    <p class='ocr_par' dir='ltr' id='par_1_64' title="bbox 351 3141 3509 3243">
     <span class='ocr_line' id='line_1_64' title="bbox 351 3141 3509 3243; baseline -0.003 -15"><span class='ocrx_word' id='word_1_467' title='bbox 351 3141 482 3228; x_wconf 75' lang='lat' dir='ltr'><strong><em>dem</em></strong></span> <span class='ocrx_word' id='word_1_468' title='bbox 508 3169 573 3226; x_wconf 88' lang='lat' dir='ltr'><strong><em>in</em></strong></span> <span class='ocrx_word' id='word_1_469' title='bbox 575 3168 814 3243; x_wconf 85' lang='lat' dir='ltr'><strong><em>judicio,</em></strong></span> <span class='ocrx_word' id='word_1_470' title='bbox 836 3141 935 3224; x_wconf 72' lang='lat' dir='ltr'><strong><em>sed</em></strong></span> <span class='ocrx_word' id='word_1_471' title='bbox 950 3184 1061 3224; x_wconf 91' lang='lat' dir='ltr'><strong><em>non</em></strong></span> <span class='ocrx_word' id='word_1_472' title='bbox 1089 3169 1154 3225; x_wconf 90' lang='lat' dir='ltr'><strong><em>in</em></strong></span> <span class='ocrx_word' id='word_1_473' title='bbox 1182 3141 1763 3240; x_wconf 57' lang='lat' dir='ltr'><strong><em>concilidjustoruin,</em></strong></span> <span class='ocrx_word' id='word_1_474' title='bbox 1815 3141 1952 3222; x_wconf 76' lang='lat' dir='ltr'><strong><em>sicut</em></strong></span> <span class='ocrx_word' id='word_1_475' title='bbox 1976 3141 2025 3206; x_wconf 71' lang='grc' dir='ltr'>Ο</span> <span class='ocrx_word' id='word_1_476' title='bbox 2056 3159 2407 3234; x_wconf 88' lang='lat' dir='ltr'><strong><em>consequitur</em></strong></span> <span class='ocrx_word' id='word_1_477' title='bbox 2435 3175 2531 3216; x_wconf 91' lang='lat' dir='ltr'><strong><em>eos</em></strong></span> <span class='ocrx_word' id='word_1_478' title='bbox 2561 3160 2654 3233; x_wconf 90' lang='lat' dir='ltr'><strong><em>qui</em></strong></span> <span class='ocrx_word' id='word_1_479' title='bbox 2682 3159 2862 3233; x_wconf 83' lang='lat' dir='ltr'><strong><em>legem</em></strong></span> <span class='ocrx_word' id='word_1_480' title='bbox 2890 3161 2991 3217; x_wconf 92' lang='lat' dir='ltr'><strong><em>Dei</em></strong></span> <span class='ocrx_word' id='word_1_481' title='bbox 3021 3162 3509 3243; x_wconf 69' lang='lat' dir='ltr'><strong><em>transgrediuntur.</em></strong></span> 
     </span>
    </p>
   </div>
   <div class='ocr_carea' id='block_1_65' title="bbox 353 3255 1950 3329">
    <p class='ocr_par' dir='ltr' id='par_1_65' title="bbox 353 3255 1950 3329">
     <span class='ocr_line' id='line_1_65' title="bbox 353 3255 1950 3329; baseline -0.001 -14"><span class='ocrx_word' id='word_1_482' title='bbox 353 3257 619 3317; x_wconf 87' lang='lat' dir='ltr'><strong><em>Dominus</em></strong></span> <span class='ocrx_word' id='word_1_483' title='bbox 671 3272 772 3329; x_wconf 91' lang='lat' dir='ltr'><strong><em>per</em></strong></span> <span class='ocrx_word' id='word_1_484' title='bbox 821 3256 1166 3315; x_wconf 88' lang='lat' dir='ltr'><strong><em>Ezechielem</em></strong></span> <span class='ocrx_word' id='word_1_485' title='bbox 1244 3256 1569 3329; x_wconf 79' lang='lat' dir='ltr'><strong><em>praphetam</em></strong></span> <span class='ocrx_word' id='word_1_486' title='bbox 1628 3255 1950 3329; x_wconf 90' lang='lat' dir='ltr'><strong><em>quibusdam</em></strong></span> 
     </span>
    </p>
   </div>
   <div class='ocr_carea' id='block_1_66' title="bbox 357 3344 1954 3420">
    <p class='ocr_par' dir='ltr' id='par_1_66' title="bbox 357 3344 1954 3420">
     <span class='ocr_line' id='line_1_66' title="bbox 357 3344 1954 3420; baseline -0.002 -16"><span class='ocrx_word' id='word_1_487' title='bbox 357 3345 717 3404; x_wconf 88' lang='lat' dir='ltr'><strong><em>comminatur</em></strong></span> <span class='ocrx_word' id='word_1_488' title='bbox 757 3344 947 3404; x_wconf 91' lang='lat' dir='ltr'><strong><em>dicens</em></strong></span> <span class='ocrx_word' id='word_1_489' title='bbox 993 3363 1007 3401; x_wconf 90' lang='lat'><strong>:</strong></span> <span class='ocrx_word' id='word_1_490' title='bbox 1053 3347 1121 3402; x_wconf 87' lang='lat' dir='ltr'><strong><em>In</em></strong></span> <span class='ocrx_word' id='word_1_491' title='bbox 1177 3345 1412 3404; x_wconf 89' lang='lat' dir='ltr'><strong><em>concilio</em></strong></span> <span class='ocrx_word' id='word_1_492' title='bbox 1439 3346 1639 3420; x_wconf 87' lang='lat' dir='ltr'><strong><em>papuli</em></strong></span> <span class='ocrx_word' id='word_1_493' title='bbox 1679 3345 1793 3403; x_wconf 90' lang='lat' dir='ltr'><strong><em>mei</em></strong></span> <span class='ocrx_word' id='word_1_494' title='bbox 1837 3360 1954 3403; x_wconf 90' lang='lat' dir='ltr'><strong><em>non</em></strong></span> 
     </span>
    </p>
   </div>
   <div class='ocr_carea' id='block_1_67' title="bbox 358 3434 1951 3509">
    <p class='ocr_par' dir='ltr' id='par_1_67' title="bbox 358 3434 1951 3509">
     <span class='ocr_line' id='line_1_67' title="bbox 358 3434 1951 3509; baseline -0.003 -15"><span class='ocrx_word' id='word_1_495' title='bbox 358 3438 550 3503; x_wconf 87' lang='lat' dir='ltr'><strong><em>erunt,</em></strong></span> <span class='ocrx_word' id='word_1_496' title='bbox 574 3440 640 3492; x_wconf 90' lang='lat' dir='ltr'><strong><em>ut</em></strong></span> <span class='ocrx_word' id='word_1_497' title='bbox 655 3437 719 3492; x_wconf 87' lang='lat' dir='ltr'><strong><em>in</em></strong></span> <span class='ocrx_word' id='word_1_498' title='bbox 735 3437 1021 3509; x_wconf 87' lang='lat' dir='ltr'><strong><em>scriptura</em></strong></span> <span class='ocrx_word' id='word_1_499' title='bbox 1049 3435 1245 3493; x_wconf 89' lang='lat' dir='ltr'><strong><em>domus</em></strong></span> <span class='ocrx_word' id='word_1_500' title='bbox 1264 3435 1440 3492; x_wconf 81' lang='lat' dir='ltr'><strong><em>Israel</em></strong></span> <span class='ocrx_word' id='word_1_501' title='bbox 1468 3451 1585 3494; x_wconf 88' lang='lat' dir='ltr'><strong><em>non</em></strong></span> <span class='ocrx_word' id='word_1_502' title='bbox 1613 3434 1951 3502; x_wconf 83' lang='lat' dir='ltr'><strong><em>scribentur,</em></strong></span> 
     </span>
    </p>
   </div>
   <div class='ocr_carea' id='block_1_68' title="bbox 361 3523 1449 3598">
    <p class='ocr_par' dir='ltr' id='par_1_68' title="bbox 361 3523 1449 3598">
     <span class='ocr_line' id='line_1_68' title="bbox 361 3523 1449 3598; baseline -0.002 -16"><span class='ocrx_word' id='word_1_503' title='bbox 361 3540 466 3583; x_wconf 88' lang='lat' dir='ltr'><strong><em>nec</em></strong></span> <span class='ocrx_word' id='word_1_504' title='bbox 482 3526 547 3582; x_wconf 90' lang='lat' dir='ltr'><strong><em>in</em></strong></span> <span class='ocrx_word' id='word_1_505' title='bbox 564 3528 779 3583; x_wconf 88' lang='lat' dir='ltr'><strong><em>terram</em></strong></span> <span class='ocrx_word' id='word_1_506' title='bbox 824 3524 1000 3582; x_wconf 84' lang='lat' dir='ltr'><strong><em>Israel</em></strong></span> <span class='ocrx_word' id='word_1_507' title='bbox 1032 3523 1449 3598; x_wconf 82' lang='lat' dir='ltr'><strong><em>ingredientur.</em></strong></span> 
     </span>
    </p>
   </div>
   <div class='ocr_carea' id='block_1_69' title="bbox 435 3629 1953 3701">
    <p class='ocr_par' dir='ltr' id='par_1_69' title="bbox 435 3629 1953 3701">
     <span class='ocr_line' id='line_1_69' title="bbox 435 3629 1953 3701; baseline -0.003 -12"><span class='ocrx_word' id='word_1_508' title='bbox 435 3630 607 3690; x_wconf 76' lang='lat' dir='ltr'><strong><em>Vnus.</em></strong></span> <span class='ocrx_word' id='word_1_509' title='bbox 631 3632 772 3689; x_wconf 91' lang='lat'><strong><em>6.--</em></strong></span> <span class='ocrx_word' id='word_1_510' title='bbox 792 3631 1068 3701; x_wconf 86' lang='lat' dir='ltr'><strong><em>Quoniam</em></strong></span> <span class='ocrx_word' id='word_1_511' title='bbox 1103 3632 1260 3689; x_wconf 89' lang='lat' dir='ltr'><strong><em>novit</em></strong></span> <span class='ocrx_word' id='word_1_512' title='bbox 1292 3631 1727 3698; x_wconf 85' lang='lat' dir='ltr'><strong><em>Dominus,.etc.</em></strong></span> <span class='ocrx_word' id='word_1_513' title='bbox 1773 3629 1953 3696; x_wconf 87' lang='lat' dir='ltr'><strong><em>Novit,</em></strong></span> 
     </span>
    </p>
   </div>
   <div class='ocr_carea' id='block_1_70' title="bbox 364 3717 1959 3794">
    <p class='ocr_par' dir='ltr' id='par_1_70' title="bbox 364 3717 1959 3794">
     <span class='ocr_line' id='line_1_70' title="bbox 364 3717 1959 3794; baseline -0.003 -16"><span class='ocrx_word' id='word_1_514' title='bbox 364 3720 421 3778; x_wconf 88' lang='lat' dir='ltr'><strong><em>id</em></strong></span> <span class='ocrx_word' id='word_1_515' title='bbox 450 3728 535 3778; x_wconf 88' lang='lat' dir='ltr'><strong><em>est</em></strong></span> <span class='ocrx_word' id='word_1_516' title='bbox 563 3719 846 3794; x_wconf 89' lang='lat' dir='ltr'><strong><em>approbat,</em></strong></span> <span class='ocrx_word' id='word_1_517' title='bbox 880 3728 934 3777; x_wconf 89' lang='lat' dir='ltr'><strong><em>et</em></strong></span> <span class='ocrx_word' id='word_1_518' title='bbox 969 3719 1195 3777; x_wconf 87' lang='lat' dir='ltr'><strong><em>laudans</em></strong></span> <span class='ocrx_word' id='word_1_519' title='bbox 1233 3727 1546 3777; x_wconf 88' lang='lat' dir='ltr'><strong><em>remunerat</em></strong></span> <span class='ocrx_word' id='word_1_520' title='bbox 1586 3718 1731 3776; x_wconf 84' lang='lat' dir='ltr'><strong><em>facta</em></strong></span> <span class='ocrx_word' id='word_1_521' title='bbox 1778 3717 1959 3788; x_wconf 91' lang='lat' dir='ltr'><strong><em>justo-</em></strong></span> 
     </span>
    </p>
   </div>
   <div class='ocr_carea' id='block_1_71' title="bbox 368 3804 1962 3882">
    <p class='ocr_par' dir='ltr' id='par_1_71' title="bbox 368 3804 1962 3882">
     <span class='ocr_line' id='line_1_71' title="bbox 368 3804 1962 3882; baseline -0.003 -14"><span class='ocrx_word' id='word_1_522' title='bbox 368 3825 490 3868; x_wconf 88' lang='lat' dir='ltr'><strong><em>rum</em></strong></span> <span class='ocrx_word' id='word_1_523' title='bbox 521 3826 536 3866; x_wconf 72' lang='grc' dir='ltr'>ε</span> <span class='ocrx_word' id='word_1_524' title='bbox 566 3809 709 3868; x_wconf 89' lang='lat' dir='ltr'><strong><em>sicut</em></strong></span> <span class='ocrx_word' id='word_1_525' title='bbox 730 3825 830 3882; x_wconf 90' lang='lat' dir='ltr'><strong><em>per</em></strong></span> <span class='ocrx_word' id='word_1_526' title='bbox 861 3809 1211 3867; x_wconf 90' lang='lat' dir='ltr'><strong><em>Salomonem</em></strong></span> <span class='ocrx_word' id='word_1_527' title='bbox 1231 3809 1502 3867; x_wconf 88' lang='lat' dir='ltr'><strong><em>dicturum</em></strong></span> <span class='ocrx_word' id='word_1_528' title='bbox 1557 3824 1618 3865; x_wconf 90' lang='lat' dir='ltr'><strong><em>se</em></strong></span> <span class='ocrx_word' id='word_1_529' title='bbox 1659 3807 1716 3864; x_wconf 91' lang='lat' dir='ltr'><strong><em>in</em></strong></span> <span class='ocrx_word' id='word_1_530' title='bbox 1754 3804 1962 3877; x_wconf 88' lang='lat' dir='ltr'><strong><em>judicio</em></strong></span> 
     </span>
    </p>
   </div>
   <div class='ocr_carea' id='block_1_72' title="bbox 368 3895 1964 3972">
    <p class='ocr_par' dir='ltr' id='par_1_72' title="bbox 368 3895 1964 3972">
     <span class='ocr_line' id='line_1_72' title="bbox 368 3895 1964 3972; baseline -0.004 -15"><span class='ocrx_word' id='word_1_531' title='bbox 368 3898 664 3957; x_wconf 85' lang='lat' dir='ltr'><strong><em>universali</em></strong></span> <span class='ocrx_word' id='word_1_532' title='bbox 733 3898 997 3957; x_wconf 63' lang='lat' dir='ltr'><strong><em>Ecclesiae</em></strong></span> <span class='ocrx_word' id='word_1_533' title='bbox 1037 3899 1305 3972; x_wconf 90' lang='lat' dir='ltr'><strong><em>promittit</em></strong></span> <span class='ocrx_word' id='word_1_534' title='bbox 1345 3898 1537 3956; x_wconf 90' lang='lat' dir='ltr'><strong><em>dicens</em></strong></span> <span class='ocrx_word' id='word_1_535' title='bbox 1578 3915 1593 3953; x_wconf 88' lang='lat'><strong>:</strong></span> <span class='ocrx_word' id='word_1_536' title='bbox 1639 3899 1778 3955; x_wconf 87' lang='lat' dir='ltr'><strong><em>Date</em></strong></span> <span class='ocrx_word' id='word_1_537' title='bbox 1812 3898 1866 3953; x_wconf 90' lang='lat' dir='ltr'><strong><em>ei</em></strong></span> <span class='ocrx_word' id='word_1_538' title='bbox 1895 3895 1964 3951; x_wconf 88' lang='lat' dir='ltr'><strong><em>de</em></strong></span> 
     </span>
    </p>
   </div>
   <div class='ocr_carea' id='block_1_73' title="bbox 371 3984 1963 4063">
    <p class='ocr_par' dir='ltr' id='par_1_73' title="bbox 371 3984 1963 4063">
     <span class='ocr_line' id='line_1_73' title="bbox 371 3984 1963 4063; baseline -0.004 -16"><span class='ocrx_word' id='word_1_539' title='bbox 371 3992 571 4062; x_wconf 84' lang='lat' dir='ltr'><strong><em>fructu</em></strong></span> <span class='ocrx_word' id='word_1_540' title='bbox 610 4004 852 4046; x_wconf 88' lang='lat' dir='ltr'><strong><em>manum</em></strong></span> <span class='ocrx_word' id='word_1_541' title='bbox 895 4005 1152 4056; x_wconf 88' lang='lat' dir='ltr'><strong><em>suarum,</em></strong></span> <span class='ocrx_word' id='word_1_542' title='bbox 1177 3990 1234 4045; x_wconf 90' lang='lat' dir='ltr'><strong><em>et</em></strong></span> <span class='ocrx_word' id='word_1_543' title='bbox 1252 3987 1506 4063; x_wconf 67' lang='lat' dir='ltr'><strong><em>laudent</em></strong></span> <span class='ocrx_word' id='word_1_544' title='bbox 1519 4003 1643 4044; x_wconf 84' lang='lat' dir='ltr'><strong><em>eam</em></strong></span> <span class='ocrx_word' id='word_1_545' title='bbox 1672 3987 1736 4042; x_wconf 90' lang='lat' dir='ltr'><strong><em>in</em></strong></span> <span class='ocrx_word' id='word_1_546' title='bbox 1781 3984 1963 4059; x_wconf 87' lang='lat' dir='ltr'><strong><em>portis</em></strong></span> 
     </span>
    </p>
   </div>
   <div class='ocr_carea' id='block_1_74' title="bbox 372 4072 1966 4152">
    <p class='ocr_par' dir='ltr' id='par_1_74' title="bbox 372 4072 1966 4152">
     <span class='ocr_line' id='line_1_74' title="bbox 372 4072 1966 4152; baseline -0.006 -16"><span class='ocrx_word' id='word_1_547' title='bbox 372 4093 543 4152; x_wconf 86' lang='lat' dir='ltr'><strong><em>opera</em></strong></span> <span class='ocrx_word' id='word_1_548' title='bbox 557 4078 700 4150; x_wconf 84' lang='lat' dir='ltr'><strong><em>ejus.</em></strong></span> <span class='ocrx_word' id='word_1_549' title='bbox 720 4079 781 4132; x_wconf 91' lang='lat' dir='ltr'><strong><em>In</em></strong></span> <span class='ocrx_word' id='word_1_550' title='bbox 808 4076 983 4149; x_wconf 88' lang='lat' dir='ltr'><strong><em>portis</em></strong></span> <span class='ocrx_word' id='word_1_551' title='bbox 1011 4076 1283 4145; x_wconf 89' lang='lat' dir='ltr'><strong><em>videlicet,</em></strong></span> <span class='ocrx_word' id='word_1_552' title='bbox 1315 4076 1371 4132; x_wconf 92' lang='lat' dir='ltr'><strong><em>in</em></strong></span> <span class='ocrx_word' id='word_1_553' title='bbox 1400 4075 1652 4148; x_wconf 86' lang='lat' dir='ltr'><strong><em>ingressu</em></strong></span> <span class='ocrx_word' id='word_1_554' title='bbox 1682 4072 1838 4146; x_wconf 83' lang='lat' dir='ltr'><strong><em>regni</em></strong></span> <span class='ocrx_word' id='word_1_555' title='bbox 1854 4087 1966 4129; x_wconf 80' lang='lat' dir='ltr'><strong><em>cce-</em></strong></span> 
     </span>
    </p>
   </div>
   <div class='ocr_carea' id='block_1_75' title="bbox 372 4160 1970 4240">
    <p class='ocr_par' dir='ltr' id='par_1_75' title="bbox 372 4160 1970 4240">
     <span class='ocr_line' id='line_1_75' title="bbox 372 4160 1970 4240; baseline -0.004 -18"><span class='ocrx_word' id='word_1_556' title='bbox 372 4164 528 4222; x_wconf 88' lang='lat' dir='ltr'><strong><em>lestis</em></strong></span> <span class='ocrx_word' id='word_1_557' title='bbox 559 4183 574 4221; x_wconf 92' lang='lat'><strong>:</strong></span> <span class='ocrx_word' id='word_1_558' title='bbox 599 4181 720 4240; x_wconf 68' lang='lat' dir='ltr'><strong><em>quin</em></strong></span> <span class='ocrx_word' id='word_1_559' title='bbox 749 4173 918 4239; x_wconf 72' lang='lat' dir='ltr'><strong><em>portae</em></strong></span> <span class='ocrx_word' id='word_1_560' title='bbox 947 4166 1063 4223; x_wconf 89' lang='lat' dir='ltr'><strong><em>sive</em></strong></span> <span class='ocrx_word' id='word_1_561' title='bbox 1084 4166 1267 4236; x_wconf 75' lang='lat' dir='ltr'><strong><em>januae</em></strong></span> <span class='ocrx_word' id='word_1_562' title='bbox 1294 4163 1618 4222; x_wconf 87' lang='lat' dir='ltr'><strong><em>clauduntur</em></strong></span> <span class='ocrx_word' id='word_1_563' title='bbox 1653 4162 1815 4219; x_wconf 83' lang='lat' dir='ltr'><strong><em>fatuis</em></strong></span> <span class='ocrx_word' id='word_1_564' title='bbox 1858 4160 1970 4217; x_wconf 76' lang='lat' dir='ltr'><strong><em>vir-</em></strong></span> 
     </span>
    </p>
   </div>
   <div class='ocr_carea' id='block_1_76' title="bbox 370 4252 1970 4329">
    <p class='ocr_par' dir='ltr' id='par_1_76' title="bbox 370 4252 1970 4329">
     <span class='ocr_line' id='line_1_76' title="bbox 370 4252 1970 4329; baseline -0.003 -18"><span class='ocrx_word' id='word_1_565' title='bbox 370 4254 610 4329; x_wconf 88' lang='lat' dir='ltr'><strong><em>ginibus,</em></strong></span> <span class='ocrx_word' id='word_1_566' title='bbox 656 4271 778 4328; x_wconf 65' lang='lat' dir='ltr'><strong><em>quae</em></strong></span> <span class='ocrx_word' id='word_1_567' title='bbox 818 4254 963 4311; x_wconf 89' lang='lat' dir='ltr'><strong><em>inter</em></strong></span> <span class='ocrx_word' id='word_1_568' title='bbox 1003 4253 1139 4311; x_wconf 88' lang='lat' dir='ltr'><strong><em>istos</em></strong></span> <span class='ocrx_word' id='word_1_569' title='bbox 1182 4252 1553 4323; x_wconf 91' lang='lat' dir='ltr'><strong><em>remanebunt,</em></strong></span> <span class='ocrx_word' id='word_1_570' title='bbox 1601 4267 1830 4325; x_wconf 89' lang='lat' dir='ltr'><strong><em>quorum</em></strong></span> <span class='ocrx_word' id='word_1_571' title='bbox 1857 4252 1970 4307; x_wconf 84' lang='lat' dir='ltr'><strong><em>iter</em></strong></span> 
     </span>
    </p>
   </div>
   <div class='ocr_carea' id='block_1_77' title="bbox 371 4341 1972 4418">
    <p class='ocr_par' dir='ltr' id='par_1_77' title="bbox 371 4341 1972 4418">
     <span class='ocr_line' id='line_1_77' title="bbox 371 4341 1972 4418; baseline -0.006 -15"><span class='ocrx_word' id='word_1_572' title='bbox 371 4344 599 4418; x_wconf 86' lang='lat' dir='ltr'><strong><em>peribit.</em></strong></span> <span class='ocrx_word' id='word_1_573' title='bbox 626 4344 766 4400; x_wconf 90' lang='lat' dir='ltr'><strong><em>Nam</em></strong></span> <span class='ocrx_word' id='word_1_574' title='bbox 784 4351 839 4400; x_wconf 91' lang='lat' dir='ltr'><strong><em>et</em></strong></span> <span class='ocrx_word' id='word_1_575' title='bbox 870 4342 1016 4415; x_wconf 89' lang='lat' dir='ltr'><strong><em>quod</em></strong></span> <span class='ocrx_word' id='word_1_576' title='bbox 1058 4341 1215 4416; x_wconf 88' lang='lat' dir='ltr'><strong><em>perit,</em></strong></span> <span class='ocrx_word' id='word_1_577' title='bbox 1276 4341 1539 4400; x_wconf 90' lang='lat' dir='ltr'><strong><em>Dominus</em></strong></span> <span class='ocrx_word' id='word_1_578' title='bbox 1596 4341 1853 4415; x_wconf 86' lang='lat' dir='ltr'><strong><em>ignorare</em></strong></span> <span class='ocrx_word' id='word_1_579' title='bbox 1908 4352 1972 4394; x_wconf 91' lang='lat' dir='ltr'><strong><em>se</em></strong></span> 
     </span>
    </p>
   </div>
   <div class='ocr_carea' id='block_1_78' title="bbox 374 4430 1946 4505">
    <p class='ocr_par' dir='ltr' id='par_1_78' title="bbox 374 4430 1946 4505">
     <span class='ocr_line' id='line_1_78' title="bbox 374 4430 1946 4505; baseline 0 -16"><span class='ocrx_word' id='word_1_580' title='bbox 374 4431 526 4504; x_wconf 88' lang='lat' dir='ltr'><strong><em>dicit,</em></strong></span> <span class='ocrx_word' id='word_1_581' title='bbox 558 4441 613 4489; x_wconf 91' lang='lat' dir='ltr'><strong><em>et</em></strong></span> <span class='ocrx_word' id='word_1_582' title='bbox 642 4432 789 4505; x_wconf 90' lang='lat' dir='ltr'><strong><em>quod</em></strong></span> <span class='ocrx_word' id='word_1_583' title='bbox 807 4432 1069 4489; x_wconf 87' lang='lat' dir='ltr'><strong><em>Dominus</em></strong></span> <span class='ocrx_word' id='word_1_584' title='bbox 1098 4430 1287 4501; x_wconf 90' lang='lat' dir='ltr'><strong><em>nescit,</em></strong></span> <span class='ocrx_word' id='word_1_585' title='bbox 1320 4431 1459 4504; x_wconf 89' lang='lat' dir='ltr'><strong><em>perit</em></strong></span> <span class='ocrx_word' id='word_1_586' title='bbox 1487 4431 1664 4488; x_wconf 88' lang='lat' dir='ltr'><strong><em>:sicut</em></strong></span> <span class='ocrx_word' id='word_1_587' title='bbox 1709 4439 1762 4486; x_wconf 92' lang='lat' dir='ltr'><strong><em>et</em></strong></span> <span class='ocrx_word' id='word_1_588' title='bbox 1800 4447 1946 4503; x_wconf 75' lang='lat' dir='ltr'><strong><em>prae-</em></strong></span> 
     </span>
    </p>
   </div>
   <div class='ocr_carea' id='block_1_79' title="bbox 378 4506 2049 4595">
    <p class='ocr_par' dir='ltr' id='par_1_79' title="bbox 378 4506 2049 4595">
     <span class='ocr_line' id='line_1_79' title="bbox 378 4506 2049 4595; baseline 0.002 -18"><span class='ocrx_word' id='word_1_589' title='bbox 378 4521 539 4579; x_wconf 89' lang='lat' dir='ltr'><strong><em>dictis</em></strong></span> <span class='ocrx_word' id='word_1_590' title='bbox 567 4521 871 4595; x_wconf 73' lang='lat' dir='ltr'><strong><em>virginibus</em></strong></span> <span class='ocrx_word' id='word_1_591' title='bbox 900 4520 1080 4589; x_wconf 84' lang='lat' dir='ltr'><strong><em>fatuis,</em></strong></span> <span class='ocrx_word' id='word_1_592' title='bbox 1122 4528 1177 4577; x_wconf 86' lang='lat' dir='ltr'><strong><em>et</em></strong></span> <span class='ocrx_word' id='word_1_593' title='bbox 1216 4519 1342 4588; x_wconf 91' lang='lat' dir='ltr'><strong><em>illis,</em></strong></span> <span class='ocrx_word' id='word_1_594' title='bbox 1393 4520 1485 4593; x_wconf 88' lang='lat' dir='ltr'><strong><em>qui</em></strong></span> <span class='ocrx_word' id='word_1_595' title='bbox 1555 4520 1753 4578; x_wconf 89' lang='lat' dir='ltr'><strong><em>dicturi</em></strong></span> <span class='ocrx_word' id='word_1_596' title='bbox 1796 4530 1964 4580; x_wconf 89' lang='lat' dir='ltr'><strong><em>sunt:</em></strong></span> <span class='ocrx_word' id='word_1_597' title='bbox 1995 4506 2049 4567; x_wconf 93' lang='lat' dir='ltr'><strong><em>D</em></strong></span> 
     </span>
    </p>
   </div>
   <div class='ocr_carea' id='block_1_80' title="bbox 381 4609 1965 4683">
    <p class='ocr_par' dir='ltr' id='par_1_80' title="bbox 381 4609 1965 4683">
     <span class='ocr_line' id='line_1_80' title="bbox 381 4609 1965 4683; baseline 0 -15"><span class='ocrx_word' id='word_1_598' title='bbox 381 4611 640 4678; x_wconf 87' lang='lat' dir='ltr'><strong><em>Domine,</em></strong></span> <span class='ocrx_word' id='word_1_599' title='bbox 658 4613 913 4678; x_wconf 87' lang='lat' dir='ltr'><strong><em>Domine,</em></strong></span> <span class='ocrx_word' id='word_1_600' title='bbox 932 4626 1122 4667; x_wconf 88' lang='lat' dir='ltr'><strong><em>nonne</em></strong></span> <span class='ocrx_word' id='word_1_601' title='bbox 1136 4611 1200 4666; x_wconf 91' lang='lat' dir='ltr'><strong><em>in</em></strong></span> <span class='ocrx_word' id='word_1_602' title='bbox 1215 4609 1444 4667; x_wconf 87' lang='lat' dir='ltr'><strong><em>nomine</em></strong></span> <span class='ocrx_word' id='word_1_603' title='bbox 1481 4614 1575 4667; x_wconf 88' lang='lat' dir='ltr'><strong><em>tuo</em></strong></span> <span class='ocrx_word' id='word_1_604' title='bbox 1606 4611 1965 4683; x_wconf 87' lang='lat' dir='ltr'><strong><em>prophetavi-</em></strong></span> 
     </span>
    </p>
   </div>
   <div class='ocr_carea' id='block_1_81' title="bbox 381 4698 1970 4772">
    <p class='ocr_par' dir='ltr' id='par_1_81' title="bbox 381 4698 1970 4772">
     <span class='ocr_line' id='line_1_81' title="bbox 381 4698 1970 4772; baseline 0.002 -17"><span class='ocrx_word' id='word_1_605' title='bbox 381 4714 508 4756; x_wconf 85' lang='lat' dir='ltr'><strong><em>mus</em></strong></span> <span class='ocrx_word' id='word_1_606' title='bbox 529 4703 696 4768; x_wconf 81' lang='lat' dir='ltr'><strong><em>?etc.,</em></strong></span> <span class='ocrx_word' id='word_1_607' title='bbox 728 4699 847 4772; x_wconf 91' lang='lat' dir='ltr'><strong><em>ipse</em></strong></span> <span class='ocrx_word' id='word_1_608' title='bbox 872 4700 1045 4756; x_wconf 86' lang='lat' dir='ltr'><strong><em>Judex</em></strong></span> <span class='ocrx_word' id='word_1_609' title='bbox 1083 4713 1470 4772; x_wconf 88' lang='lat' dir='ltr'><strong><em>responsurum</em></strong></span> <span class='ocrx_word' id='word_1_610' title='bbox 1524 4714 1584 4755; x_wconf 90' lang='lat' dir='ltr'><strong><em>se</em></strong></span> <span class='ocrx_word' id='word_1_611' title='bbox 1637 4715 1761 4756; x_wconf 90' lang='lat' dir='ltr'><strong><em>esse</em></strong></span> <span class='ocrx_word' id='word_1_612' title='bbox 1818 4698 1970 4759; x_wconf 89' lang='lat' dir='ltr'><strong><em>dicit.</em></strong></span> 
     </span>
    </p>
   </div>
   <div class='ocr_carea' id='block_1_82' title="bbox 383 4786 1972 4863">
    <p class='ocr_par' dir='ltr' id='par_1_82' title="bbox 383 4786 1972 4863">
     <span class='ocr_line' id='line_1_82' title="bbox 383 4786 1972 4863; baseline 0.001 -19"><span class='ocrx_word' id='word_1_613' title='bbox 383 4788 562 4846; x_wconf 80' lang='lat' dir='ltr'><strong><em>Amen</em></strong></span> <span class='ocrx_word' id='word_1_614' title='bbox 590 4789 715 4849; x_wconf 89' lang='lat' dir='ltr'><strong><em>dico</em></strong></span> <span class='ocrx_word' id='word_1_615' title='bbox 744 4790 914 4863; x_wconf 87' lang='lat' dir='ltr'><strong><em>vobis,</em></strong></span> <span class='ocrx_word' id='word_1_616' title='bbox 948 4790 1139 4846; x_wconf 87' lang='lat' dir='ltr'><strong><em>nescio</em></strong></span> <span class='ocrx_word' id='word_1_617' title='bbox 1170 4804 1263 4845; x_wconf 87' lang='lat' dir='ltr'><strong><em>vos</em></strong></span> <span class='ocrx_word' id='word_1_618' title='bbox 1298 4808 1317 4858; x_wconf 90' lang='lat'><strong><em>;</em></strong></span> <span class='ocrx_word' id='word_1_619' title='bbox 1348 4786 1438 4845; x_wconf 87' lang='lat' dir='ltr'><strong><em>vel</em></strong></span> <span class='ocrx_word' id='word_1_620' title='bbox 1478 4803 1492 4844; x_wconf 87' lang='lat'><strong>:</strong></span> <span class='ocrx_word' id='word_1_621' title='bbox 1525 4804 1823 4861; x_wconf 86' lang='lat' dir='ltr'><strong><em>nunquam</em></strong></span> <span class='ocrx_word' id='word_1_622' title='bbox 1840 4790 1972 4846; x_wconf 85' lang='lat' dir='ltr'><strong><em>novi</em></strong></span> 
     </span>
    </p>
   </div>
   <div class='ocr_carea' id='block_1_83' title="bbox 377 4894 489 4935">
    <p class='ocr_par' dir='ltr' id='par_1_83' title="bbox 377 4894 489 4935">
     <span class='ocr_line' id='line_1_83' title="bbox 377 4894 489 4935; baseline 0 -2"><span class='ocrx_word' id='word_1_623' title='bbox 377 4894 469 4935; x_wconf 71' lang='grc' dir='ltr'><strong><em>υοε</em></strong></span> <span class='ocrx_word' id='word_1_624' title='bbox 477 4920 489 4933; x_wconf 90' lang='grc'><strong><em>.</em></strong></span> 
     </span>
    </p>
   </div>
   <div class='ocr_carea' id='block_1_84' title="bbox 924 5017 1466 5076">
    <p class='ocr_par' dir='ltr' id='par_1_84' title="bbox 924 5017 1466 5076">
     <span class='ocr_line' id='line_1_84' title="bbox 924 5017 1466 5076; baseline -0.004 -2"><span class='ocrx_word' id='word_1_625' title='bbox 924 5019 998 5074; x_wconf 90' lang='grc' dir='ltr'>ΙΝ</span> <span class='ocrx_word' id='word_1_626' title='bbox 1034 5017 1363 5076; x_wconf 81' lang='lat' dir='ltr'><strong><em>PSALMUM</em></strong></span> <span class='ocrx_word' id='word_1_627' title='bbox 1401 5018 1466 5073; x_wconf 89' lang='lat' dir='ltr'><strong><em>Il.</em></strong></span> 
     </span>
    </p>
   </div>
   <div class='ocr_carea' id='block_1_85' title="bbox 443 5157 1974 5233">
    <p class='ocr_par' dir='ltr' id='par_1_85' title="bbox 443 5157 1974 5233">
     <span class='ocr_line' id='line_1_85' title="bbox 443 5157 1974 5233; baseline 0.002 -20"><span class='ocrx_word' id='word_1_628' title='bbox 443 5157 613 5214; x_wconf 73' lang='lat' dir='ltr'><strong><em>Vens.</em></strong></span> <span class='ocrx_word' id='word_1_629' title='bbox 634 5163 686 5214; x_wconf 76' lang='grc'><strong><em>1.</em></strong></span> <span class='ocrx_word' id='word_1_630' title='bbox 708 5188 777 5199; x_wconf 90' lang='grc'><strong>-</strong></span> <span class='ocrx_word' id='word_1_631' title='bbox 810 5159 990 5227; x_wconf 87' lang='lat' dir='ltr'><strong><em>Quare</em></strong></span> <span class='ocrx_word' id='word_1_632' title='bbox 1021 5160 1382 5230; x_wconf 76' lang='lat' dir='ltr'><strong><em>fremuerunt</em></strong></span> <span class='ocrx_word' id='word_1_633' title='bbox 1408 5164 1618 5232; x_wconf 85' lang='lat' dir='ltr'><strong><em>gentes,</em></strong></span> <span class='ocrx_word' id='word_1_634' title='bbox 1651 5164 1707 5217; x_wconf 88' lang='lat' dir='ltr'><strong><em>et</em></strong></span> <span class='ocrx_word' id='word_1_635' title='bbox 1759 5160 1974 5233; x_wconf 85' lang='lat' dir='ltr'><strong><em>populii</em></strong></span> 
     </span>
    </p>
   </div>
   <div class='ocr_carea' id='block_1_86' title="bbox 375 5246 1969 5322">
    <p class='ocr_par' dir='ltr' id='par_1_86' title="bbox 375 5246 1969 5322">
     <span class='ocr_line' id='line_1_86' title="bbox 375 5246 1969 5322; baseline -0.001 -18"><span class='ocrx_word' id='word_1_636' title='bbox 375 5246 639 5304; x_wconf 84' lang='lat' dir='ltr'><strong><em>meditati</em></strong></span> <span class='ocrx_word' id='word_1_637' title='bbox 667 5251 805 5302; x_wconf 90' lang='lat' dir='ltr'><strong><em>sunt</em></strong></span> <span class='ocrx_word' id='word_1_638' title='bbox 835 5247 1055 5313; x_wconf 88' lang='lat' dir='ltr'><strong><em>inania,</em></strong></span> <span class='ocrx_word' id='word_1_639' title='bbox 1076 5255 1181 5305; x_wconf 89' lang='lat' dir='ltr'><strong><em>etc.</em></strong></span> <span class='ocrx_word' id='word_1_640' title='bbox 1204 5247 1561 5321; x_wconf 83' lang='lat' dir='ltr'><strong><em>Interrogatio</em></strong></span> <span class='ocrx_word' id='word_1_641' title='bbox 1580 5256 1666 5303; x_wconf 90' lang='lat' dir='ltr'><strong><em>est</em></strong></span> <span class='ocrx_word' id='word_1_642' title='bbox 1682 5249 1969 5322; x_wconf 86' lang='lat' dir='ltr'><strong><em>arguendi.</em></strong></span> 
     </span>
    </p>
   </div>
   <div class='ocr_carea' id='block_1_87' title="bbox 375 5333 1973 5409">
    <p class='ocr_par' dir='ltr' id='par_1_87' title="bbox 375 5333 1973 5409">
     <span class='ocr_line' id='line_1_87' title="bbox 375 5333 1973 5409; baseline 0.002 -18"><span class='ocrx_word' id='word_1_643' title='bbox 375 5333 613 5405; x_wconf 88' lang='lat' dir='ltr'><strong><em>Corripit</em></strong></span> <span class='ocrx_word' id='word_1_644' title='bbox 653 5333 796 5389; x_wconf 89' lang='lat' dir='ltr'><strong><em>enim</em></strong></span> <span class='ocrx_word' id='word_1_645' title='bbox 841 5336 1074 5406; x_wconf 90' lang='lat' dir='ltr'><strong><em>populos</em></strong></span> <span class='ocrx_word' id='word_1_646' title='bbox 1117 5336 1397 5409; x_wconf 86' lang='lat' dir='ltr'><strong><em>propheta.</em></strong></span> <span class='ocrx_word' id='word_1_647' title='bbox 1461 5336 1571 5393; x_wconf 86' lang='lat' dir='ltr'><strong><em>Cur</em></strong></span> <span class='ocrx_word' id='word_1_648' title='bbox 1607 5339 1973 5409; x_wconf 80' lang='lat' dir='ltr'><strong><em>fremuerunt</em></strong></span> 
     </span>
    </p>
   </div>
   <div class='ocr_carea' id='block_1_88' title="bbox 373 5423 1971 5497">
    <p class='ocr_par' dir='ltr' id='par_1_88' title="bbox 373 5423 1971 5497">
     <span class='ocr_line' id='line_1_88' title="bbox 373 5423 1971 5497; baseline 0.001 -15"><span class='ocrx_word' id='word_1_649' title='bbox 373 5431 560 5482; x_wconf 88' lang='lat' dir='ltr'><strong><em>contra</em></strong></span> <span class='ocrx_word' id='word_1_650' title='bbox 604 5423 893 5479; x_wconf 88' lang='lat' dir='ltr'><strong><em>Dominum</em></strong></span> <span class='ocrx_word' id='word_1_651' title='bbox 939 5425 1295 5497; x_wconf 85' lang='lat' dir='ltr'><strong><em>Salvatorem,</em></strong></span> <span class='ocrx_word' id='word_1_652' title='bbox 1344 5442 1469 5482; x_wconf 90' lang='lat' dir='ltr'><strong><em>cum</em></strong></span> <span class='ocrx_word' id='word_1_653' title='bbox 1510 5441 1707 5482; x_wconf 88' lang='lat' dir='ltr'><strong><em>causas</em></strong></span> <span class='ocrx_word' id='word_1_654' title='bbox 1754 5425 1971 5483; x_wconf 90' lang='lat' dir='ltr'><strong><em>iracun-</em></strong></span> 
     </span>
    </p>
   </div>
   <div class='ocr_carea' id='block_1_89' title="bbox 369 5512 1968 5583">
    <p class='ocr_par' dir='ltr' id='par_1_89' title="bbox 369 5512 1968 5583">
     <span class='ocr_line' id='line_1_89' title="bbox 369 5512 1968 5583; baseline -0.001 -12"><span class='ocrx_word' id='word_1_655' title='bbox 369 5513 475 5571; x_wconf 76' lang='lat' dir='ltr'><strong><em>diae</em></strong></span> <span class='ocrx_word' id='word_1_656' title='bbox 504 5529 614 5570; x_wconf 90' lang='lat' dir='ltr'><strong><em>non</em></strong></span> <span class='ocrx_word' id='word_1_657' title='bbox 642 5513 901 5569; x_wconf 89' lang='lat' dir='ltr'><strong><em>haberent</em></strong></span> <span class='ocrx_word' id='word_1_658' title='bbox 928 5512 957 5567; x_wconf 69' lang='grc' dir='ltr'>τ</span> <span class='ocrx_word' id='word_1_659' title='bbox 989 5514 1195 5571; x_wconf 84' lang='lat' dir='ltr'><strong><em>Inania</em></strong></span> <span class='ocrx_word' id='word_1_660' title='bbox 1238 5522 1420 5571; x_wconf 89' lang='lat' dir='ltr'><strong><em>autem</em></strong></span> <span class='ocrx_word' id='word_1_661' title='bbox 1479 5515 1607 5572; x_wconf 90' lang='lat' dir='ltr'><strong><em>dicit</em></strong></span> <span class='ocrx_word' id='word_1_662' title='bbox 1662 5516 1968 5583; x_wconf 88' lang='lat' dir='ltr'><strong><em>meditatos,</em></strong></span> 
     </span>
    </p>
   </div>
   <div class='ocr_carea' id='block_1_90' title="bbox 374 5601 1972 5676">
    <p class='ocr_par' dir='ltr' id='par_1_90' title="bbox 374 5601 1972 5676">
     <span class='ocr_line' id='line_1_90' title="bbox 374 5601 1972 5676; baseline -0.001 -16"><span class='ocrx_word' id='word_1_663' title='bbox 374 5601 507 5676; x_wconf 83' lang='lat' dir='ltr'><strong><em>quia</em></strong></span> <span class='ocrx_word' id='word_1_664' title='bbox 531 5619 640 5658; x_wconf 89' lang='lat' dir='ltr'><strong><em>non</em></strong></span> <span class='ocrx_word' id='word_1_665' title='bbox 673 5601 1033 5675; x_wconf 88' lang='lat' dir='ltr'><strong><em>impleverunt</em></strong></span> <span class='ocrx_word' id='word_1_666' title='bbox 1065 5603 1210 5676; x_wconf 87' lang='lat' dir='ltr'><strong><em>quod</em></strong></span> <span class='ocrx_word' id='word_1_667' title='bbox 1269 5604 1552 5661; x_wconf 89' lang='lat' dir='ltr'><strong><em>voluerunt</em></strong></span> <span class='ocrx_word' id='word_1_668' title='bbox 1611 5612 1670 5661; x_wconf 92' lang='lat' dir='ltr'><strong><em>ut</em></strong></span> <span class='ocrx_word' id='word_1_669' title='bbox 1725 5604 1972 5665; x_wconf 88' lang='lat' dir='ltr'><strong><em>Christus</em></strong></span> 
     </span>
    </p>
   </div>
   <div class='ocr_carea' id='block_1_91' title="bbox 371 5691 1691 5765">
    <p class='ocr_par' dir='ltr' id='par_1_91' title="bbox 371 5691 1691 5765">
     <span class='ocr_line' id='line_1_91' title="bbox 371 5691 1691 5765; baseline 0 -17"><span class='ocrx_word' id='word_1_670' title='bbox 371 5691 821 5765; x_wconf 86' lang='lat' dir='ltr'><strong><em>exstingueretur.</em></strong></span> <span class='ocrx_word' id='word_1_671' title='bbox 1687 5697 1691 5700; x_wconf 78' lang='grc'><em>’</em></span> 
     </span>
    </p>
   </div>
   <div class='ocr_carea' id='block_1_92' title="bbox 2122 3232 3660 3327">
    <p class='ocr_par' dir='ltr' id='par_1_92' title="bbox 2122 3232 3660 3327">
     <span class='ocr_line' id='line_1_92' title="bbox 2122 3232 3660 3327; baseline 0.002 -21"><span class='ocrx_word' id='word_1_672' title='bbox 2122 3232 2292 3306; x_wconf 76' lang='lat' dir='ltr'><strong><em>Vens.</em></strong></span> <span class='ocrx_word' id='word_1_673' title='bbox 2313 3252 2365 3305; x_wconf 89' lang='lat'><strong><em>6.</em></strong></span> <span class='ocrx_word' id='word_1_674' title='bbox 2388 3279 2459 3290; x_wconf 90' lang='lat'><strong>—</strong></span> <span class='ocrx_word' id='word_1_675' title='bbox 2477 3232 2595 3322; x_wconf 17' lang='lat' dir='ltr'><strong><em>Ego,</em></strong></span> <span class='ocrx_word' id='word_1_676' title='bbox 2614 3232 2808 3306; x_wconf 88' lang='lat' dir='ltr'><strong><em>autem</em></strong></span> <span class='ocrx_word' id='word_1_677' title='bbox 2851 3232 3217 3319; x_wconf 49' lang='lat' dir='ltr'><strong><em>constitutus,</em></strong></span> <span class='ocrx_word' id='word_1_678' title='bbox 3264 3259 3368 3308; x_wconf 91' lang='lat' dir='ltr'><strong><em>etc.</em></strong></span> <span class='ocrx_word' id='word_1_679' title='bbox 3390 3251 3522 3309; x_wconf 92' lang='lat' dir='ltr'><strong><em>Sion</em></strong></span> <span class='ocrx_word' id='word_1_680' title='bbox 3537 3268 3660 3327; x_wconf 85' lang='lat' dir='ltr'><strong><em>spe-</em></strong></span> 
     </span>
    </p>
   </div>
   <div class='ocr_carea' id='block_1_93' title="bbox 2052 3337 3662 3412">
    <p class='ocr_par' dir='ltr' id='par_1_93' title="bbox 2052 3337 3662 3412">
     <span class='ocr_line' id='line_1_93' title="bbox 2052 3337 3662 3412; baseline 0.001 -16"><span class='ocrx_word' id='word_1_681' title='bbox 2052 3339 2400 3396; x_wconf 86' lang='lat' dir='ltr'><strong><em>culationem</em></strong></span> <span class='ocrx_word' id='word_1_682' title='bbox 2422 3337 2644 3410; x_wconf 90' lang='lat' dir='ltr'><strong><em>quidam</em></strong></span> <span class='ocrx_word' id='word_1_683' title='bbox 2672 3337 3117 3411; x_wconf 81' lang='lat' dir='ltr'><strong><em>interpretantur,</em></strong></span> <span class='ocrx_word' id='word_1_684' title='bbox 3150 3354 3314 3412; x_wconf 88' lang='lat' dir='ltr'><strong><em>quam</em></strong></span> <span class='ocrx_word' id='word_1_685' title='bbox 3351 3339 3662 3398; x_wconf 88' lang='lat' dir='ltr'><strong><em>Ecclesiam</em></strong></span> 
     </span>
    </p>
   </div>
   <div class='ocr_carea' id='block_1_94' title="bbox 2056 3426 3662 3502">
    <p class='ocr_par' dir='ltr' id='par_1_94' title="bbox 2056 3426 3662 3502">
     <span class='ocr_line' id='line_1_94' title="bbox 2056 3426 3662 3502; baseline 0.002 -20"><span class='ocrx_word' id='word_1_686' title='bbox 2056 3426 2324 3484; x_wconf 89' lang='lat' dir='ltr'><strong><em>debemus</em></strong></span> <span class='ocrx_word' id='word_1_687' title='bbox 2378 3426 2651 3499; x_wconf 90' lang='lat' dir='ltr'><strong><em>accipere,</em></strong></span> <span class='ocrx_word' id='word_1_688' title='bbox 2701 3427 2794 3483; x_wconf 91' lang='lat' dir='ltr'><strong><em>ubi</em></strong></span> <span class='ocrx_word' id='word_1_689' title='bbox 2841 3427 3083 3499; x_wconf 88' lang='lat' dir='ltr'><strong><em>quotidie</em></strong></span> <span class='ocrx_word' id='word_1_690' title='bbox 3140 3426 3366 3485; x_wconf 88' lang='lat' dir='ltr'><strong><em>intentio</em></strong></span> <span class='ocrx_word' id='word_1_691' title='bbox 3428 3429 3662 3502; x_wconf 81' lang='lat' dir='ltr'><strong><em>erigitur</em></strong></span> 
     </span>
    </p>
   </div>
   <div class='ocr_carea' id='block_1_95' title="bbox 2057 3514 3663 3589">
    <p class='ocr_par' dir='ltr' id='par_1_95' title="bbox 2057 3514 3663 3589">
     <span class='ocr_line' id='line_1_95' title="bbox 2057 3514 3663 3589; baseline 0.003 -18"><span class='ocrx_word' id='word_1_692' title='bbox 2057 3515 2403 3589; x_wconf 75' lang='lat' dir='ltr'><strong><em>Speculandie</em></strong></span> <span class='ocrx_word' id='word_1_693' title='bbox 2424 3515 2708 3572; x_wconf 89' lang='lat' dir='ltr'><strong><em>charitatis</em></strong></span> <span class='ocrx_word' id='word_1_694' title='bbox 2737 3514 2857 3572; x_wconf 90' lang='lat' dir='ltr'><strong><em>Dei.</em></strong></span> <span class='ocrx_word' id='word_1_695' title='bbox 2891 3514 3028 3586; x_wconf 68' lang='lat' dir='ltr'><strong><em>Quae</em></strong></span> <span class='ocrx_word' id='word_1_696' title='bbox 3057 3533 3221 3575; x_wconf 85' lang='lat' dir='ltr'><strong><em>mons</em></strong></span> <span class='ocrx_word' id='word_1_697' title='bbox 3249 3517 3416 3583; x_wconf 86' lang='lat' dir='ltr'><strong><em>etiam</em></strong></span> <span class='ocrx_word' id='word_1_698' title='bbox 3461 3518 3663 3576; x_wconf 89' lang='lat' dir='ltr'><strong><em>dicitur</em></strong></span> 
     </span>
    </p>
   </div>
   <div class='ocr_carea' id='block_1_96' title="bbox 2057 3604 3159 3679">
    <p class='ocr_par' dir='ltr' id='par_1_96' title="bbox 2057 3604 3159 3679">
     <span class='ocr_line' id='line_1_96' title="bbox 2057 3604 3159 3679; baseline 0.001 -18"><span class='ocrx_word' id='word_1_699' title='bbox 2057 3612 2285 3679; x_wconf 88' lang='lat' dir='ltr'><strong><em>propter</em></strong></span> <span class='ocrx_word' id='word_1_700' title='bbox 2330 3604 2682 3661; x_wconf 90' lang='lat' dir='ltr'><strong><em>eminentiam</em></strong></span> <span class='ocrx_word' id='word_1_701' title='bbox 2725 3612 2780 3660; x_wconf 88' lang='lat' dir='ltr'><strong><em>et</em></strong></span> <span class='ocrx_word' id='word_1_702' title='bbox 2827 3604 3159 3662; x_wconf 83' lang='lat' dir='ltr'><strong><em>ﬁrmitatem.</em></strong></span> 
     </span>
    </p>
   </div>
   <div class='ocr_carea' id='block_1_97' title="bbox 2131 3720 3664 3790">
    <p class='ocr_par' dir='ltr' id='par_1_97' title="bbox 2131 3720 3664 3790">
     <span class='ocr_line' id='line_1_97' title="bbox 2131 3720 3664 3790; baseline 0.003 -13"><span class='ocrx_word' id='word_1_703' title='bbox 2131 3721 2302 3777; x_wconf 76' lang='lat' dir='ltr'><strong><em>Vnus.</em></strong></span> <span class='ocrx_word' id='word_1_704' title='bbox 2323 3722 2378 3777; x_wconf 88' lang='lat'><strong><em>&#39;7.</em></strong></span> <span class='ocrx_word' id='word_1_705' title='bbox 2398 3749 2471 3762; x_wconf 93' lang='lat'><strong>-</strong></span> <span class='ocrx_word' id='word_1_706' title='bbox 2492 3721 2767 3778; x_wconf 84' lang='lat' dir='ltr'><strong><em>Dominus</em></strong></span> <span class='ocrx_word' id='word_1_707' title='bbox 2795 3720 2954 3778; x_wconf 74' lang='lat' dir='ltr'><strong><em>dixit</em></strong></span> <span class='ocrx_word' id='word_1_708' title='bbox 2977 3720 3052 3778; x_wconf 92' lang='lat' dir='ltr'><strong><em>ad</em></strong></span> <span class='ocrx_word' id='word_1_709' title='bbox 3078 3737 3191 3790; x_wconf 85' lang='lat' dir='ltr'><strong><em>me,</em></strong></span> <span class='ocrx_word' id='word_1_710' title='bbox 3213 3729 3323 3779; x_wconf 84' lang='lat' dir='ltr'><strong><em>etc.</em></strong></span> <span class='ocrx_word' id='word_1_711' title='bbox 3356 3721 3543 3780; x_wconf 88' lang='lat' dir='ltr'><strong><em>Potest</em></strong></span> <span class='ocrx_word' id='word_1_712' title='bbox 3568 3722 3664 3781; x_wconf 87' lang='lat' dir='ltr'><strong><em>ille</em></strong></span> 
     </span>
    </p>
   </div>
   <div class='ocr_carea' id='block_1_98' title="bbox 2061 3809 3666 3884">
    <p class='ocr_par' dir='ltr' id='par_1_98' title="bbox 2061 3809 3666 3884">
     <span class='ocr_line' id='line_1_98' title="bbox 2061 3809 3666 3884; baseline 0.004 -17"><span class='ocrx_word' id='word_1_713' title='bbox 2061 3810 2181 3867; x_wconf 89' lang='lat' dir='ltr'><strong><em>dies</em></strong></span> <span class='ocrx_word' id='word_1_714' title='bbox 2208 3809 2263 3865; x_wconf 92' lang='lat' dir='ltr'><strong><em>in</em></strong></span> <span class='ocrx_word' id='word_1_715' title='bbox 2292 3809 2580 3883; x_wconf 88' lang='lat' dir='ltr'><strong><em>prophetia</em></strong></span> <span class='ocrx_word' id='word_1_716' title='bbox 2608 3809 2787 3867; x_wconf 88' lang='lat' dir='ltr'><strong><em>dictus</em></strong></span> <span class='ocrx_word' id='word_1_717' title='bbox 2815 3809 3011 3879; x_wconf 90' lang='lat' dir='ltr'><strong><em>videri,</em></strong></span> <span class='ocrx_word' id='word_1_718' title='bbox 3062 3825 3170 3884; x_wconf 86' lang='lat' dir='ltr'><strong><em>quo</em></strong></span> <span class='ocrx_word' id='word_1_719' title='bbox 3209 3812 3372 3868; x_wconf 71' lang='lat' dir='ltr'><strong><em>Iesus</em></strong></span> <span class='ocrx_word' id='word_1_720' title='bbox 3415 3812 3666 3873; x_wconf 81' lang='lat' dir='ltr'><strong><em>Christus</em></strong></span> 
     </span>
    </p>
   </div>
   <div class='ocr_carea' id='block_1_99' title="bbox 2064 3899 3670 3974">
    <p class='ocr_par' dir='ltr' id='par_1_99' title="bbox 2064 3899 3670 3974">
     <span class='ocr_line' id='line_1_99' title="bbox 2064 3899 3670 3974; baseline 0.003 -17"><span class='ocrx_word' id='word_1_721' title='bbox 2064 3900 2365 3957; x_wconf 89' lang='lat' dir='ltr'><strong><em>secundum</em></strong></span> <span class='ocrx_word' id='word_1_722' title='bbox 2392 3899 2671 3955; x_wconf 89' lang='lat' dir='ltr'><strong><em>hominem</em></strong></span> <span class='ocrx_word' id='word_1_723' title='bbox 2708 3906 2869 3956; x_wconf 88' lang='lat' dir='ltr'><strong><em>natus</em></strong></span> <span class='ocrx_word' id='word_1_724' title='bbox 2900 3907 3003 3956; x_wconf 88' lang='lat' dir='ltr'><strong><em>est.</em></strong></span> <span class='ocrx_word' id='word_1_725' title='bbox 3061 3901 3267 3956; x_wconf 87' lang='lat' dir='ltr'><strong><em>Tamen</em></strong></span> <span class='ocrx_word' id='word_1_726' title='bbox 3323 3901 3453 3974; x_wconf 87' lang='lat' dir='ltr'><strong><em>quia</em></strong></span> <span class='ocrx_word' id='word_1_727' title='bbox 3508 3905 3670 3962; x_wconf 80' lang='lat' dir='ltr'><strong><em>hodie</em></strong></span> 
     </span>
    </p>
   </div>
   <div class='ocr_carea' id='block_1_100' title="bbox 2065 3987 3670 4065">
    <p class='ocr_par' dir='ltr' id='par_1_100' title="bbox 2065 3987 3670 4065">
     <span class='ocr_line' id='line_1_100' title="bbox 2065 3987 3670 4065; baseline 0.004 -21"><span class='ocrx_word' id='word_1_728' title='bbox 2065 3988 2412 4061; x_wconf 84' lang='lat' dir='ltr'><strong><em>praesentiam</em></strong></span> <span class='ocrx_word' id='word_1_729' title='bbox 2440 3987 2731 4061; x_wconf 83' lang='lat' dir='ltr'><strong><em>signiﬁcat,</em></strong></span> <span class='ocrx_word' id='word_1_730' title='bbox 2762 3996 2924 4061; x_wconf 88' lang='lat' dir='ltr'><strong><em>atque</em></strong></span> <span class='ocrx_word' id='word_1_731' title='bbox 2952 3990 3010 4044; x_wconf 92' lang='lat' dir='ltr'><strong><em>in</em></strong></span> <span class='ocrx_word' id='word_1_732' title='bbox 3037 3990 3340 4047; x_wconf 78' lang='lat' dir='ltr'><strong><em>aeternitate</em></strong></span> <span class='ocrx_word' id='word_1_733' title='bbox 3380 4006 3488 4048; x_wconf 88' lang='lat' dir='ltr'><strong><em>nec</em></strong></span> <span class='ocrx_word' id='word_1_734' title='bbox 3519 4009 3670 4065; x_wconf 72' lang='lat' dir='ltr'><strong><em>prie-</em></strong></span> 
     </span>
    </p>
   </div>
   <div class='ocr_carea' id='block_1_101' title="bbox 2066 4076 3667 4150">
    <p class='ocr_par' dir='ltr' id='par_1_101' title="bbox 2066 4076 3667 4150">
     <span class='ocr_line' id='line_1_101' title="bbox 2066 4076 3667 4150; baseline 0.003 -18"><span class='ocrx_word' id='word_1_735' title='bbox 2066 4077 2289 4134; x_wconf 86' lang='lat' dir='ltr'><strong><em>teritum</em></strong></span> <span class='ocrx_word' id='word_1_736' title='bbox 2319 4076 2616 4149; x_wconf 88' lang='lat' dir='ltr'><strong><em>quidquam</em></strong></span> <span class='ocrx_word' id='word_1_737' title='bbox 2646 4077 2802 4150; x_wconf 89' lang='lat' dir='ltr'><strong><em>quasi</em></strong></span> <span class='ocrx_word' id='word_1_738' title='bbox 2829 4093 2953 4134; x_wconf 90' lang='lat' dir='ltr'><strong><em>esse</em></strong></span> <span class='ocrx_word' id='word_1_739' title='bbox 2981 4077 3213 4148; x_wconf 88' lang='lat' dir='ltr'><strong><em>disierit,</em></strong></span> <span class='ocrx_word' id='word_1_740' title='bbox 3244 4095 3350 4136; x_wconf 88' lang='lat' dir='ltr'><strong><em>nec</em></strong></span> <span class='ocrx_word' id='word_1_741' title='bbox 3401 4078 3667 4150; x_wconf 83' lang='lat' dir='ltr'><strong><em>futurum,</em></strong></span> 
     </span>
    </p>
   </div>
   <div class='ocr_carea' id='block_1_102' title="bbox 2069 4164 3672 4241">
    <p class='ocr_par' dir='ltr' id='par_1_102' title="bbox 2069 4164 3672 4241">
     <span class='ocr_line' id='line_1_102' title="bbox 2069 4164 3672 4241; baseline 0.005 -21"><span class='ocrx_word' id='word_1_742' title='bbox 2069 4165 2227 4238; x_wconf 88' lang='lat' dir='ltr'><strong><em>quasi</em></strong></span> <span class='ocrx_word' id='word_1_743' title='bbox 2255 4164 2496 4221; x_wconf 90' lang='lat' dir='ltr'><strong><em>nondum</em></strong></span> <span class='ocrx_word' id='word_1_744' title='bbox 2526 4166 2613 4237; x_wconf 91' lang='lat' dir='ltr'><strong><em>sit,</em></strong></span> <span class='ocrx_word' id='word_1_745' title='bbox 2646 4172 2827 4237; x_wconf 87' lang='lat' dir='ltr'><strong><em>potest</em></strong></span> <span class='ocrx_word' id='word_1_746' title='bbox 2855 4166 3019 4222; x_wconf 89' lang='lat' dir='ltr'><strong><em>etiam</em></strong></span> <span class='ocrx_word' id='word_1_747' title='bbox 3063 4167 3221 4224; x_wconf 83' lang='lat' dir='ltr'><strong><em>hodie</em></strong></span> <span class='ocrx_word' id='word_1_748' title='bbox 3275 4168 3672 4241; x_wconf 75' lang='lat' dir='ltr'><strong><em>sempiternam</em></strong></span> 
     </span>
    </p>
   </div>
   <div class='ocr_carea' id='block_1_103' title="bbox 2069 4253 3675 4329">
    <p class='ocr_par' dir='ltr' id='par_1_103' title="bbox 2069 4253 3675 4329">
     <span class='ocr_line' id='line_1_103' title="bbox 2069 4253 3675 4329; baseline 0.004 -20"><span class='ocrx_word' id='word_1_749' title='bbox 2069 4253 2482 4329; x_wconf 88' lang='lat' dir='ltr'><strong><em>generationem</em></strong></span> <span class='ocrx_word' id='word_1_750' title='bbox 2511 4254 2726 4311; x_wconf 88' lang='lat' dir='ltr'><strong><em>virtutis</em></strong></span> <span class='ocrx_word' id='word_1_751' title='bbox 2756 4262 2811 4311; x_wconf 92' lang='lat' dir='ltr'><strong><em>et</em></strong></span> <span class='ocrx_word' id='word_1_752' title='bbox 2838 4254 3121 4327; x_wconf 68' lang='lat' dir='ltr'><strong><em>sapientia:</em></strong></span> <span class='ocrx_word' id='word_1_753' title='bbox 3143 4255 3263 4326; x_wconf 87' lang='lat' dir='ltr'><strong><em>Dei,</em></strong></span> <span class='ocrx_word' id='word_1_754' title='bbox 3298 4256 3392 4329; x_wconf 87' lang='lat' dir='ltr'><strong><em>qui</em></strong></span> <span class='ocrx_word' id='word_1_755' title='bbox 3418 4265 3508 4314; x_wconf 77' lang='lat' dir='ltr'><strong><em>est</em></strong></span> <span class='ocrx_word' id='word_1_756' title='bbox 3555 4260 3675 4315; x_wconf 89' lang='lat' dir='ltr'><strong><em>uni-</em></strong></span> 
     </span>
    </p>
   </div>
   <div class='ocr_carea' id='block_1_104' title="bbox 2071 4342 3675 4421">
    <p class='ocr_par' dir='ltr' id='par_1_104' title="bbox 2071 4342 3675 4421">
     <span class='ocr_line' id='line_1_104' title="bbox 2071 4342 3675 4421; baseline 0.005 -23"><span class='ocrx_word' id='word_1_757' title='bbox 2071 4343 2285 4417; x_wconf 90' lang='lat' dir='ltr'><strong><em>genitus</em></strong></span> <span class='ocrx_word' id='word_1_758' title='bbox 2315 4343 2501 4411; x_wconf 89' lang='lat' dir='ltr'><strong><em>Filius,</em></strong></span> <span class='ocrx_word' id='word_1_759' title='bbox 2522 4342 2629 4399; x_wconf 87' lang='lat' dir='ltr'><strong><em>fide</em></strong></span> <span class='ocrx_word' id='word_1_760' title='bbox 2650 4343 3024 4402; x_wconf 88' lang='lat' dir='ltr'><strong><em>sincerissima</em></strong></span> <span class='ocrx_word' id='word_1_761' title='bbox 3042 4352 3097 4402; x_wconf 86' lang='lat' dir='ltr'><strong><em>et</em></strong></span> <span class='ocrx_word' id='word_1_762' title='bbox 3125 4345 3394 4403; x_wconf 87' lang='lat' dir='ltr'><strong><em>catholica</em></strong></span> <span class='ocrx_word' id='word_1_763' title='bbox 3417 4346 3675 4421; x_wconf 87' lang='lat' dir='ltr'><strong><em>intelligi.</em></strong></span> 
     </span>
    </p>
   </div>
   <div class='ocr_carea' id='block_1_105' title="bbox 2144 4459 3671 4536">
    <p class='ocr_par' dir='ltr' id='par_1_105' title="bbox 2144 4459 3671 4536">
     <span class='ocr_line' id='line_1_105' title="bbox 2144 4459 3671 4536; baseline 0.004 -23"><span class='ocrx_word' id='word_1_764' title='bbox 2144 4459 2317 4514; x_wconf 76' lang='lat' dir='ltr'><strong><em>Vens.</em></strong></span> <span class='ocrx_word' id='word_1_765' title='bbox 2337 4461 2390 4514; x_wconf 91' lang='lat'><strong><em>8.</em></strong></span> <span class='ocrx_word' id='word_1_766' title='bbox 2412 4459 2731 4515; x_wconf 86' lang='lat' dir='ltr'><strong><em>—Postula</em></strong></span> <span class='ocrx_word' id='word_1_767' title='bbox 2758 4476 2794 4515; x_wconf 93' lang='lat' dir='ltr'><strong><em>a</em></strong></span> <span class='ocrx_word' id='word_1_768' title='bbox 2834 4476 2943 4529; x_wconf 86' lang='lat' dir='ltr'><strong><em>me,</em></strong></span> <span class='ocrx_word' id='word_1_769' title='bbox 2993 4467 3099 4516; x_wconf 91' lang='lat' dir='ltr'><strong><em>etc.</em></strong></span> <span class='ocrx_word' id='word_1_770' title='bbox 3131 4460 3200 4516; x_wconf 87' lang='lat' dir='ltr'><strong><em>Ut</em></strong></span> <span class='ocrx_word' id='word_1_771' title='bbox 3226 4460 3436 4517; x_wconf 89' lang='lat' dir='ltr'><strong><em>scilicet</em></strong></span> <span class='ocrx_word' id='word_1_772' title='bbox 3472 4471 3671 4536; x_wconf 87' lang='lat' dir='ltr'><strong><em>gentes</em></strong></span> 
     </span>
    </p>
   </div>
   <div class='ocr_carea' id='block_1_106' title="bbox 2069 4546 3673 4619">
    <p class='ocr_par' dir='ltr' id='par_1_106' title="bbox 2069 4546 3673 4619">
     <span class='ocr_line' id='line_1_106' title="bbox 2069 4546 3673 4619; baseline 0.004 -17"><span class='ocrx_word' id='word_1_773' title='bbox 2069 4546 2290 4603; x_wconf 85' lang='lat' dir='ltr'><strong><em>nomina</em></strong></span> <span class='ocrx_word' id='word_1_774' title='bbox 2318 4546 2625 4603; x_wconf 85' lang='lat' dir='ltr'><strong><em>Christiano</em></strong></span> <span class='ocrx_word' id='word_1_775' title='bbox 2654 4547 2996 4619; x_wconf 90' lang='lat' dir='ltr'><strong><em>copulentur,</em></strong></span> <span class='ocrx_word' id='word_1_776' title='bbox 3030 4556 3083 4604; x_wconf 91' lang='lat' dir='ltr'><strong><em>et</em></strong></span> <span class='ocrx_word' id='word_1_777' title='bbox 3110 4549 3185 4605; x_wconf 86' lang='lat' dir='ltr'><strong><em>ita</em></strong></span> <span class='ocrx_word' id='word_1_778' title='bbox 3231 4564 3264 4605; x_wconf 93' lang='lat' dir='ltr'><strong><em>a</em></strong></span> <span class='ocrx_word' id='word_1_779' title='bbox 3309 4557 3491 4607; x_wconf 86' lang='lat' dir='ltr'><strong><em>morte</em></strong></span> <span class='ocrx_word' id='word_1_780' title='bbox 3530 4551 3673 4608; x_wconf 83' lang='lat' dir='ltr'><strong><em>redi-</em></strong></span> 
     </span>
    </p>
   </div>
   <div class='ocr_carea' id='block_1_107' title="bbox 2067 4635 3058 4708">
    <p class='ocr_par' dir='ltr' id='par_1_107' title="bbox 2067 4635 3058 4708">
     <span class='ocr_line' id='line_1_107' title="bbox 2067 4635 3058 4708; baseline 0.002 -17"><span class='ocrx_word' id='word_1_781' title='bbox 2067 4642 2302 4702; x_wconf 88' lang='lat' dir='ltr'><strong><em>mantur,</em></strong></span> <span class='ocrx_word' id='word_1_782' title='bbox 2336 4642 2396 4690; x_wconf 87' lang='lat' dir='ltr'><strong><em>ut</em></strong></span> <span class='ocrx_word' id='word_1_783' title='bbox 2422 4635 2806 4708; x_wconf 87' lang='lat' dir='ltr'><strong><em>possideantur</em></strong></span> <span class='ocrx_word' id='word_1_784' title='bbox 2845 4651 2880 4692; x_wconf 85' lang='lat' dir='ltr'><strong><em>a</em></strong></span> <span class='ocrx_word' id='word_1_785' title='bbox 2922 4637 3058 4693; x_wconf 89' lang='lat' dir='ltr'><strong><em>Deo.</em></strong></span> 
     </span>
    </p>
   </div>
   <div class='ocr_carea' id='block_1_108' title="bbox 2139 4749 3667 4826">
    <p class='ocr_par' dir='ltr' id='par_1_108' title="bbox 2139 4749 3667 4826">
     <span class='ocr_line' id='line_1_108' title="bbox 2139 4749 3667 4826; baseline 0.005 -22"><span class='ocrx_word' id='word_1_786' title='bbox 2139 4749 2311 4805; x_wconf 77' lang='lat' dir='ltr'><strong><em>Vens.</em></strong></span> <span class='ocrx_word' id='word_1_787' title='bbox 2344 4752 2376 4804; x_wconf 89' lang='lat'><strong>6</strong></span> <span class='ocrx_word' id='word_1_788' title='bbox 2404 4751 2660 4822; x_wconf 86' lang='lat' dir='ltr'><strong><em>--Reges</em></strong></span> <span class='ocrx_word' id='word_1_789' title='bbox 2690 4765 2779 4806; x_wconf 87' lang='lat' dir='ltr'><strong><em>eos</em></strong></span> <span class='ocrx_word' id='word_1_790' title='bbox 2803 4750 2867 4806; x_wconf 87' lang='lat' dir='ltr'><strong><em>in</em></strong></span> <span class='ocrx_word' id='word_1_791' title='bbox 2887 4753 3065 4823; x_wconf 88' lang='lat' dir='ltr'><strong><em>virga,</em></strong></span> <span class='ocrx_word' id='word_1_792' title='bbox 3105 4758 3210 4808; x_wconf 89' lang='lat' dir='ltr'><strong><em>etc.</em></strong></span> <span class='ocrx_word' id='word_1_793' title='bbox 3255 4752 3324 4808; x_wconf 87' lang='lat' dir='ltr'><strong><em>In</em></strong></span> <span class='ocrx_word' id='word_1_794' title='bbox 3357 4752 3516 4818; x_wconf 74' lang='lat' dir='ltr'><strong><em>vim</em></strong></span> <span class='ocrx_word' id='word_1_795' title='bbox 3545 4757 3667 4826; x_wconf 83' lang='lat' dir='ltr'><strong><em>fer-</em></strong></span> 
     </span>
    </p>
   </div>
   <div class='ocr_carea' id='block_1_109' title="bbox 2065 4837 3675 4914">
    <p class='ocr_par' dir='ltr' id='par_1_109' title="bbox 2065 4837 3675 4914">
     <span class='ocr_line' id='line_1_109' title="bbox 2065 4837 3675 4914; baseline 0.002 -18"><span class='ocrx_word' id='word_1_796' title='bbox 2065 4854 2186 4909; x_wconf 86' lang='lat' dir='ltr'><strong><em>rea,</em></strong></span> <span class='ocrx_word' id='word_1_797' title='bbox 2217 4837 2274 4893; x_wconf 88' lang='lat' dir='ltr'><strong><em>in</em></strong></span> <span class='ocrx_word' id='word_1_798' title='bbox 2326 4837 2605 4893; x_wconf 84' lang='lat' dir='ltr'><strong><em>inﬂexibili</em></strong></span> <span class='ocrx_word' id='word_1_799' title='bbox 2612 4838 2834 4908; x_wconf 87' lang='lat' dir='ltr'><strong><em>justitia,</em></strong></span> <span class='ocrx_word' id='word_1_800' title='bbox 2865 4847 3152 4896; x_wconf 88' lang='lat' dir='ltr'><strong><em>conterens</em></strong></span> <span class='ocrx_word' id='word_1_801' title='bbox 3177 4840 3234 4895; x_wconf 90' lang='lat' dir='ltr'><strong><em>in</em></strong></span> <span class='ocrx_word' id='word_1_802' title='bbox 3251 4841 3331 4897; x_wconf 82' lang='lat' dir='ltr'><strong><em>eis</em></strong></span> <span class='ocrx_word' id='word_1_803' title='bbox 3342 4842 3675 4914; x_wconf 81' lang='lat' dir='ltr'><strong><em>cupiditates</em></strong></span> 
     </span>
    </p>
   </div>
   <div class='ocr_carea' id='block_1_110' title="bbox 2056 4927 3476 5003">
    <p class='ocr_par' dir='ltr' id='par_1_110' title="bbox 2056 4927 3476 5003">
     <span class='ocr_line' id='line_1_110' title="bbox 2056 4927 3476 5003; baseline 0.003 -20"><span class='ocrx_word' id='word_1_804' title='bbox 2056 4935 2331 4996; x_wconf 73' lang='lat' dir='ltr'><strong><em>terrenas,</em></strong></span> <span class='ocrx_word' id='word_1_805' title='bbox 2365 4935 2417 4983; x_wconf 89' lang='lat' dir='ltr'><strong><em>et</em></strong></span> <span class='ocrx_word' id='word_1_806' title='bbox 2447 4927 2647 4983; x_wconf 87' lang='lat' dir='ltr'><strong><em>veteris</em></strong></span> <span class='ocrx_word' id='word_1_807' title='bbox 2675 4927 2911 4983; x_wconf 88' lang='lat' dir='ltr'><strong><em>hominis</em></strong></span> <span class='ocrx_word' id='word_1_808' title='bbox 2939 4928 3206 4986; x_wconf 89' lang='lat' dir='ltr'><strong><em>lutulenta</em></strong></span> <span class='ocrx_word' id='word_1_809' title='bbox 3232 4930 3476 5003; x_wconf 86' lang='lat' dir='ltr'><strong><em>negotia.</em></strong></span> 
     </span>
    </p>
   </div>
   <div class='ocr_carea' id='block_1_111' title="bbox 2143 5041 3673 5115">
    <p class='ocr_par' dir='ltr' id='par_1_111' title="bbox 2143 5041 3673 5115">
     <span class='ocr_line' id='line_1_111' title="bbox 2143 5041 3673 5115; baseline 0.005 -19"><span class='ocrx_word' id='word_1_810' title='bbox 2143 5041 2312 5096; x_wconf 77' lang='lat' dir='ltr'><strong><em>Vens.</em></strong></span> <span class='ocrx_word' id='word_1_811' title='bbox 2336 5042 2421 5095; x_wconf 80' lang='grc'><strong>10.</strong></span> <span class='ocrx_word' id='word_1_812' title='bbox 2457 5070 2526 5081; x_wconf 94' lang='lat'><strong><em>-—</em></strong></span> <span class='ocrx_word' id='word_1_813' title='bbox 2554 5043 2625 5097; x_wconf 87' lang='lat' dir='ltr'><strong><em>Et</em></strong></span> <span class='ocrx_word' id='word_1_814' title='bbox 2644 5058 2817 5109; x_wconf 86' lang='lat' dir='ltr'><strong><em>nunc,</em></strong></span> <span class='ocrx_word' id='word_1_815' title='bbox 2849 5058 3026 5115; x_wconf 88' lang='lat' dir='ltr'><strong><em>reges,</em></strong></span> <span class='ocrx_word' id='word_1_816' title='bbox 3047 5051 3153 5100; x_wconf 91' lang='lat' dir='ltr'><strong><em>etc.</em></strong></span> <span class='ocrx_word' id='word_1_817' title='bbox 3184 5045 3259 5101; x_wconf 86' lang='lat' dir='ltr'><strong><em>Et</em></strong></span> <span class='ocrx_word' id='word_1_818' title='bbox 3283 5062 3459 5112; x_wconf 87' lang='lat' dir='ltr'><strong><em>nunc,</em></strong></span> <span class='ocrx_word' id='word_1_819' title='bbox 3510 5044 3568 5102; x_wconf 90' lang='lat' dir='ltr'><strong><em>id</em></strong></span> <span class='ocrx_word' id='word_1_820' title='bbox 3584 5055 3673 5103; x_wconf 88' lang='lat' dir='ltr'><strong><em>est</em></strong></span> 
     </span>
    </p>
   </div>
   <div class='ocr_carea' id='block_1_112' title="bbox 2064 5128 3678 5209">
    <p class='ocr_par' dir='ltr' id='par_1_112' title="bbox 2064 5128 3678 5209">
     <span class='ocr_line' id='line_1_112' title="bbox 2064 5128 3678 5209; baseline 0.005 -25"><span class='ocrx_word' id='word_1_821' title='bbox 2064 5131 2178 5200; x_wconf 85' lang='lat' dir='ltr'><strong><em>jam</em></strong></span> <span class='ocrx_word' id='word_1_822' title='bbox 2207 5128 2449 5186; x_wconf 88' lang='lat' dir='ltr'><strong><em>innovati</em></strong></span> <span class='ocrx_word' id='word_1_823' title='bbox 2480 5146 2495 5186; x_wconf 91' lang='lat'><strong>:</strong></span> <span class='ocrx_word' id='word_1_824' title='bbox 2527 5129 2839 5202; x_wconf 85' lang='lat' dir='ltr'><strong><em>spirituales</em></strong></span> <span class='ocrx_word' id='word_1_825' title='bbox 2866 5132 3012 5187; x_wconf 90' lang='lat' dir='ltr'><strong><em>enim</em></strong></span> <span class='ocrx_word' id='word_1_826' title='bbox 3056 5132 3454 5206; x_wconf 87' lang='lat' dir='ltr'><strong><em>signiﬁcantur,</em></strong></span> <span class='ocrx_word' id='word_1_827' title='bbox 3508 5136 3678 5209; x_wconf 85' lang='lat' dir='ltr'><strong><em>judi-</em></strong></span> 
     </span>
    </p>
   </div>
   <div class='ocr_carea' id='block_1_113' title="bbox 2071 5218 3678 5296">
    <p class='ocr_par' dir='ltr' id='par_1_113' title="bbox 2071 5218 3678 5296">
     <span class='ocr_line' id='line_1_113' title="bbox 2071 5218 3678 5296; baseline 0.002 -20"><span class='ocrx_word' id='word_1_828' title='bbox 2071 5223 2207 5276; x_wconf 87' lang='lat' dir='ltr'><strong><em>cant</em></strong></span> <span class='ocrx_word' id='word_1_829' title='bbox 2242 5223 2452 5276; x_wconf 87' lang='lat' dir='ltr'><strong><em>terram</em></strong></span> <span class='ocrx_word' id='word_1_830' title='bbox 2470 5218 2729 5276; x_wconf 85' lang='lat' dir='ltr'><strong><em>:inferius</em></strong></span> <span class='ocrx_word' id='word_1_831' title='bbox 2759 5220 2905 5276; x_wconf 90' lang='lat' dir='ltr'><strong><em>enim</em></strong></span> <span class='ocrx_word' id='word_1_832' title='bbox 2935 5221 3095 5277; x_wconf 90' lang='lat' dir='ltr'><strong><em>nobis</em></strong></span> <span class='ocrx_word' id='word_1_833' title='bbox 3122 5230 3206 5278; x_wconf 91' lang='lat' dir='ltr'><strong><em>est</em></strong></span> <span class='ocrx_word' id='word_1_834' title='bbox 3234 5223 3498 5296; x_wconf 88' lang='lat' dir='ltr'><strong><em>quidquid</em></strong></span> <span class='ocrx_word' id='word_1_835' title='bbox 3520 5222 3678 5294; x_wconf 85' lang='lat' dir='ltr'><strong><em>judi-</em></strong></span> 
     </span>
    </p>
   </div>
   <div class='ocr_carea' id='block_1_114' title="bbox 2070 5306 3671 5383">
    <p class='ocr_par' dir='ltr' id='par_1_114' title="bbox 2070 5306 3671 5383">
     <span class='ocr_line' id='line_1_114' title="bbox 2070 5306 3671 5383; baseline 0.003 -19"><span class='ocrx_word' id='word_1_836' title='bbox 2070 5322 2296 5364; x_wconf 89' lang='lat' dir='ltr'><strong><em>camus:</em></strong></span> <span class='ocrx_word' id='word_1_837' title='bbox 2331 5306 2594 5380; x_wconf 89' lang='lat' dir='ltr'><strong><em>quidquid</em></strong></span> <span class='ocrx_word' id='word_1_838' title='bbox 2625 5324 2757 5365; x_wconf 90' lang='lat' dir='ltr'><strong><em>vero</em></strong></span> <span class='ocrx_word' id='word_1_839' title='bbox 2787 5308 2929 5365; x_wconf 83' lang='lat' dir='ltr'><strong><em>infra</em></strong></span> <span class='ocrx_word' id='word_1_840' title='bbox 2945 5310 3249 5383; x_wconf 86' lang='lat' dir='ltr'><strong><em>spiritalem</em></strong></span> <span class='ocrx_word' id='word_1_841' title='bbox 3264 5312 3542 5369; x_wconf 85' lang='lat' dir='ltr'><strong><em>hominem</em></strong></span> <span class='ocrx_word' id='word_1_842' title='bbox 3563 5322 3671 5383; x_wconf 89' lang='lat' dir='ltr'><strong><em>est,</em></strong></span> 
     </span>
    </p>
   </div>
   <div class='ocr_carea' id='block_1_115' title="bbox 2071 5396 3401 5454">
    <p class='ocr_par' dir='ltr' id='par_1_115' title="bbox 2071 5396 3401 5454">
     <span class='ocr_line' id='line_1_115' title="bbox 2071 5396 3401 5454; baseline 0.002 -2"><span class='ocrx_word' id='word_1_843' title='bbox 2071 5397 2263 5452; x_wconf 89' lang='lat' dir='ltr'><strong><em>merito</em></strong></span> <span class='ocrx_word' id='word_1_844' title='bbox 2295 5401 2451 5453; x_wconf 89' lang='lat' dir='ltr'><strong><em>terra</em></strong></span> <span class='ocrx_word' id='word_1_845' title='bbox 2480 5396 2812 5454; x_wconf 89' lang='lat' dir='ltr'><strong><em>nominatur.</em></strong></span> <span class='ocrx_word' id='word_1_846' title='bbox 3296 5414 3299 5415; x_wconf 66' lang='lat'><strong><em>&#39;</em></strong></span> <span class='ocrx_word' id='word_1_847' title='bbox 3378 5412 3401 5427; x_wconf 75' lang='grc' dir='ltr'><strong><em>ο</em></strong></span> 
     </span>
    </p>
   </div>
   <div class='ocr_carea' id='block_1_116' title="bbox 2141 5513 3674 5589">
    <p class='ocr_par' dir='ltr' id='par_1_116' title="bbox 2141 5513 3674 5589">
     <span class='ocr_line' id='line_1_116' title="bbox 2141 5513 3674 5589; baseline 0.004 -20"><span class='ocrx_word' id='word_1_848' title='bbox 2141 5513 2310 5569; x_wconf 77' lang='lat' dir='ltr'><strong><em>Vens.</em></strong></span> <span class='ocrx_word' id='word_1_849' title='bbox 2336 5516 2422 5569; x_wconf 83' lang='grc'><strong><em>11.</em></strong></span> <span class='ocrx_word' id='word_1_850' title='bbox 2455 5542 2525 5555; x_wconf 90' lang='lat'><strong><em>-—</em></strong></span> <span class='ocrx_word' id='word_1_851' title='bbox 2554 5514 2735 5572; x_wconf 89' lang='lat' dir='ltr'><strong><em>Sevite</em></strong></span> <span class='ocrx_word' id='word_1_852' title='bbox 2768 5516 3024 5584; x_wconf 88' lang='lat' dir='ltr'><strong><em>Domino,</em></strong></span> <span class='ocrx_word' id='word_1_853' title='bbox 3059 5524 3163 5574; x_wconf 89' lang='lat' dir='ltr'><strong><em>etc.</em></strong></span> <span class='ocrx_word' id='word_1_854' title='bbox 3217 5514 3434 5589; x_wconf 89' lang='lat' dir='ltr'><strong><em>Optime</em></strong></span> <span class='ocrx_word' id='word_1_855' title='bbox 3479 5517 3674 5587; x_wconf 83' lang='lat' dir='ltr'><strong><em>subje-</em></strong></span> 
     </span>
    </p>
   </div>
   <div class='ocr_carea' id='block_1_117' title="bbox 2071 5603 3672 5675">
    <p class='ocr_par' dir='ltr' id='par_1_117' title="bbox 2071 5603 3672 5675">
     <span class='ocr_line' id='line_1_117' title="bbox 2071 5603 3672 5675; baseline 0.002 -16"><span class='ocrx_word' id='word_1_856' title='bbox 2071 5609 2218 5659; x_wconf 89' lang='lat' dir='ltr'><strong><em>ctum</em></strong></span> <span class='ocrx_word' id='word_1_857' title='bbox 2246 5609 2347 5668; x_wconf 89' lang='lat' dir='ltr'><strong><em>est,</em></strong></span> <span class='ocrx_word' id='word_1_858' title='bbox 2363 5603 2669 5670; x_wconf 72' lang='lat' dir='ltr'><strong><em>exsultate,</em></strong></span> <span class='ocrx_word' id='word_1_859' title='bbox 2690 5619 2759 5659; x_wconf 91' lang='lat' dir='ltr'><strong><em>ne</em></strong></span> <span class='ocrx_word' id='word_1_860' title='bbox 2780 5604 2849 5660; x_wconf 90' lang='lat' dir='ltr'><strong><em>ad</em></strong></span> <span class='ocrx_word' id='word_1_861' title='bbox 2868 5604 3147 5661; x_wconf 91' lang='lat' dir='ltr'><strong><em>miseriam</em></strong></span> <span class='ocrx_word' id='word_1_862' title='bbox 3168 5607 3351 5663; x_wconf 86' lang='lat' dir='ltr'><strong><em>valere</em></strong></span> <span class='ocrx_word' id='word_1_863' title='bbox 3366 5605 3672 5675; x_wconf 85' lang='lat' dir='ltr'><strong><em>videretur,</em></strong></span> 
     </span>
    </p>
   </div>
   <div class='ocr_carea' id='block_1_118' title="bbox 2073 5690 3680 5768">
    <p class='ocr_par' dir='ltr' id='par_1_118' title="bbox 2073 5690 3680 5768">
     <span class='ocr_line' id='line_1_118' title="bbox 2073 5690 3680 5768; baseline 0.003 -22"><span class='ocrx_word' id='word_1_864' title='bbox 2073 5690 2217 5763; x_wconf 89' lang='lat' dir='ltr'><strong><em>quod</em></strong></span> <span class='ocrx_word' id='word_1_865' title='bbox 2247 5690 2450 5750; x_wconf 87' lang='lat' dir='ltr'><strong><em>dictum</em></strong></span> <span class='ocrx_word' id='word_1_866' title='bbox 2481 5699 2581 5762; x_wconf 87' lang='lat' dir='ltr'><strong><em>est,</em></strong></span> <span class='ocrx_word' id='word_1_867' title='bbox 2613 5694 2837 5751; x_wconf 73' lang='lat' dir='ltr'><strong><em>servits.</em></strong></span> <span class='ocrx_word' id='word_1_868' title='bbox 2873 5694 2982 5751; x_wconf 90' lang='lat' dir='ltr'><strong><em>Sed</em></strong></span> <span class='ocrx_word' id='word_1_869' title='bbox 3010 5711 3200 5751; x_wconf 89' lang='lat' dir='ltr'><strong><em>rursus</em></strong></span> <span class='ocrx_word' id='word_1_870' title='bbox 3214 5711 3285 5752; x_wconf 89' lang='lat' dir='ltr'><strong><em>ne</em></strong></span> <span class='ocrx_word' id='word_1_871' title='bbox 3304 5695 3545 5768; x_wconf 88' lang='lat' dir='ltr'><strong><em>idipsum</em></strong></span> <span class='ocrx_word' id='word_1_872' title='bbox 3556 5711 3680 5753; x_wconf 84' lang='lat' dir='ltr'><strong><em>ver-</em></strong></span> 
     </span>
    </p>
   </div>
  </div>
