4002 6184
344 286 452 338 ’75⁵7

1475 275 1731 334 EXPOS.
1767 277 1841 333 IN
1877 275 1986 333 XX
2013 274 2274 334 PRIMOS
2296 274 2634 334 PSALMOS.

3550 281 3656 334 ’758

335 414 494 479 geret
520 405 576 460 in
627 403 948 461 effusionem
1005 401 1336 468 temeritatis,
1381 401 1622 457 additum
1669 409 1771 468 est,
1819 418 1950 458 cum
1980 401 2036 462 A
2055 400 2213 456 simul
2243 399 2510 467 Ecclesia,
2535 406 2586 455 et
2605 406 2766 472 caput
2794 400 2910 469 ejus
2937 399 3077 454 inter
3105 399 3372 472 procellas
3391 415 3648 472 persecu-

338 499 602 558 tremore,
635 499 692 548 ut
720 492 788 546 ad
818 490 1120 547 cautionem
1148 491 1591 561 circumspectam
1623 490 1849 546 valeret.

413 584 585 639 Vsus.
606 585 692 637 12,
708 579 1204 653 —Apprehendite
1217 579 1604 651 disciplinam,
1627 587 1731 634 etc.
1760 577 1960 633 Intelli-

341 687 498 744 gere,
522 679 575 725 et
589 668 811 734 erudiri,
836 669 939 724 hoc
955 675 1037 722 est
1052 667 1468 740 apprehendere
1485 667 1870 739 disciplinam.
1897 667 1956 720 lu

337 777 407 817 eo
437 767 632 822 autem,
667 757 813 831 quod
843 756 1051 821 dicitur,
1077 756 1498 828 apprehendite,
1533 755 1661 809 satis
1687 753 1960 826 signiﬁca-

341 857 430 904 tur
478 847 792 920 prasidium
841 843 1113 917 quoddam
1159 852 1318 916 atque
1384 844 1775 899 munimentum
1832 859 1956 901 esse

339 938 606 994 adversus
637 935 820 990 omnia
850 950 970 1006 quae
998 933 1194 988 obesse
1233 941 1477 1003 possent,
1513 931 1616 986 nisi
1650 939 1795 987 tanta
1828 947 1954 988 cura

343 1024 864 1098 apprehenderetur.
909 1022 1104 1078 Perire
1150 1036 1277 1076 vero
1319 1020 1386 1077 de
1426 1021 1516 1076 via
1547 1023 1711 1093 justo
1757 1036 1953 1091 magna

342 1130 507 1186 pana
539 1121 640 1178 est,
676 1128 796 1184 qua
828 1113 894 1165 ab
925 1110 1008 1165 his
1038 1109 1351 1164 formidatur
1395 1108 1486 1182 qui
1515 1108 1716 1182 aliquid
1763 1109 1953 1166 dulce-

345 1203 490 1258 diuis
514 1201 737 1273 justitia
767 1207 1149 1271 perceperunt.

421 1310 593 1366 Vrsas.
614 1311 784 1363 13.—
799 1307 937 1364 Cum
958 1305 1242 1363 exarserit
1260 1305 1322 1360 in
1345 1304 1511 1370 brevi,
1536 1311 1640 1360 etc.
1659 1303 1717 1359 Id
1736 1312 1816 1360 est
1828 1321 1951 1360 cum

343 1397 582 1454 vindicta
612 1395 838 1462 venerit,
872 1411 994 1468 qua
1045 1393 1226 1466 impiis
1255 1402 1308 1449 et
1335 1392 1707 1466 peccatoribus
1736 1410 1950 1466 prapa-

346 1495 516 1553 ratur,
550 1501 659 1543 non
690 1486 865 1541 solum
895 1501 992 1540 eos
1022 1500 1130 1540 non
1160 1483 1387 1555 attinget
1435 1482 1525 1556 qui
1569 1483 1863 1553 conﬁdunt
1887 1483 1951 1541 in

348 1577 606 1641 Domino,
666 1575 764 1630 sed
795 1573 959 1630 etiam
987 1573 1055 1628 ad
1093 1572 1480 1628 beatitudinem
1526 1571 1635 1627 illis
1682 1569 1946 1644 proficiet,

344 1664 442 1721 ubi
469 1673 553 1720 est
591 1664 857 1720 bonorum
895 1661 1133 1718 omnium
1176 1678 1384 1716 summa
1407 1669 1461 1717 et
1490 1661 1754 1717 cumulus.
1790 1659 1947 1730 Quod

2062 489 2267 544 tionum
2314 489 2601 545 constituta
2627 505 2728 560 per
2761 489 3070 544 universum
3117 488 3308 545 orbem
3352 496 3653 546 terrarum:

2060 578 2313 647 Domine,
2333 578 2464 651 quid
2493 578 2866 650 multiplicati
2883 580 3038 644 sunt,
3060 585 3187 648 etc.,
3205 577 3440 634 exaltato
3471 577 3651 650 capite

2059 680 2179 734 suo,
2200 665 2291 738 qui
2320 665 2726 738 promegenitus
2757 681 2789 720 a
2820 665 3047 721 mortuis
3075 665 3320 722 ascendit
3348 665 3402 722 in
3433 666 3651 723 coelum.

2132 755 2302 809 Vens.
2344 759 2396 810 5.
2429 785 2499 794 —
2533 756 2660 811 Voce
2677 772 2804 810 mea
2819 755 2889 810 ad
2907 755 3226 820 Dominum,
3248 762 3351 810 etc.
3383 755 3505 811 Non
3531 769 3652 810 cor-

2057 843 2208 913 poris
2235 858 2390 910 voce,
2422 859 2544 915 qua
2573 857 2696 899 cum
2727 843 2954 914 strepitu
2980 842 3246 899 verberati
3271 842 3413 898 aeris
3436 843 3648 914 promi-

2057 938 2158 998 tur,
2209 932 2306 986 sed
2353 947 2486 987 voce
2559 932 2761 1001 cordis,
2815 948 2935 1004 qua
2982 931 3292 986 hominibus
3336 931 3477 1002 silet,
3529 932 3647 988 Deo

2055 1028 2231 1075 autem
2265 1019 2403 1076 sicut
2447 1020 2649 1077 clamor
2688 1028 2864 1090 sonat,
2926 1036 3050 1076 cum
3099 1021 3218 1075 sola
3253 1019 3450 1087 anima,
3511 1019 3645 1076 nihil

2056 1109 2238 1164 carnis
2277 1109 2520 1181 nihilque
2562 1109 2856 1164 carnalium
2905 1108 3257 1164 intentionum
3307 1109 3364 1164 in
3401 1108 3649 1165 oratione

2053 1197 2348 1264 attrahens,
2370 1196 2603 1268 loquitur
2630 1198 2882 1266 Domino,
2933 1198 3024 1252 ubi
3055 1198 3204 1252 solus
3232 1197 3398 1252 audit.
3433 1197 3649 1254 Clamor

2052 1293 2235 1340 autem
2266 1285 2430 1342 etiam
2460 1286 2562 1342 iste
2609 1285 2806 1342 dicitur
2848 1293 3069 1358 propter
3097 1285 3206 1342 vim
3233 1286 3406 1359 ipsius
3461 1285 3645 1343 inten-

2051 1372 2236 1429 tionis.

2121 1465 2198 1519 De
2216 1467 2406 1519 monte
2443 1478 2574 1518 vero
2607 1463 2819 1519 Patrem
2862 1462 3150 1520 exaudisse
3177 1462 3326 1530 dicit,
3359 1463 3415 1518 id
3443 1471 3543 1534 est,
3574 1463 3644 1522 de

2045 1551 2250 1621 justitia
2279 1567 2397 1607 sua.
2427 1551 2639 1608 Justum
2687 1550 2831 1607 enim
2863 1560 2980 1607 erat
3025 1560 3084 1608 ut
3114 1551 3456 1608 innocentem
3495 1552 3646 1609 occi-

2051 1657 2188 1707 sum,
2223 1648 2275 1696 ct
2303 1640 2394 1713 qui
2423 1641 2690 1696 retributa
2721 1648 2840 1694 sunt
2869 1640 3013 1696 malo
3062 1657 3163 1712 pro
3206 1641 3384 1708 bonis,
3409 1641 3647 1698 resusci-

347 1761 531 1809 autem
581 1753 816 1825 positum
859 1759 941 1807 est
971 1768 985 1806 :
1018 1752 1081 1807 in
1103 1751 1270 1816 brevi,
1310 1751 1416 1807 hoc
1461 1748 1766 1823 signiﬁcare
1795 1729 1944 1806 arbi-
1975 1763 2028 1822 Β
2048 1737 2190 1825 {are}
2217 1730 2516 1825 δηιοτξυίει
2544 1737 2601 1825 Pl
2620 1729 3262 1825 CligPaPel'SW‘lemibQS
3282 1731 3641 1825 ι’ξὶίτξδιξθτὲῑε

348 1851 485 1908 tror,
524 1841 646 1914 quia
678 1840 1019 1913 repentinum
1047 1839 1252 1912 aliquid
1274 1838 1392 1907 erit,
1418 1853 1544 1896 cum
1563 1840 1668 1897 hoc
1687 1848 1948 1897 remotum

340 1939 395 1989 et
424 1931 590 2003 longe
617 1928 854 1986 futurum
884 1937 1200 2001 peccatores
1230 1927 1560 1984 existiment.

856 2098 929 2154 IN
967 2097 1293 2155 PSALMUM
1329 2097 1423 2154 III.

419 2255 594 2312 Vnus.
627 2257 679 2310 1.
712 2283 782 2295 -
812 2253 1072 2310 Psalmus
1106 2253 1301 2320 David,
1336 2269 1467 2310 cum
1495 2255 1716 2325 fugeret
1747 2269 1782 2308 a
1805 2254 1950 2323 facie

338 2347 454 2416 ﬁlii
473 2345 566 2402 sui
584 2344 860 2400 Absalom.

419 2453 615 2520 David,
639 2450 732 2524 qui
752 2451 1127 2522 interpretatur
1145 2467 1325 2506 manu
1339 2451 1507 2522 fortis
1527 2448 1643 2506 sive
1672 2448 1950 2506 desidera-

349 2542 500 2610 bilis,
532 2539 801 2614 significat
825 2538 1117 2595 Dominum
1144 2547 1386 2594 nostrum
1427 2539 1614 2595 lesum
1652 2537 1944 2605 Christum,

342 2632 504 2702 cujus
535 2646 639 2687 vox
690 2629 747 2685 in
791 2629 893 2685 hoc
933 2628 1144 2700 psalmo
1191 2628 1545 2684 introducitur
1585 2627 1854 2700 loquentis
1879 2627 1948 2683 de

341 2721 599 2794 passione
629 2726 682 2776 et
708 2717 1104 2775 resurrectione
1135 2733 1253 2772 sua.
1285 2717 1542 2774 Absalom
1573 2724 1753 2771 autem
1784 2715 1951 2789 signi-

346 2808 472 2866 ﬁcat
500 2808 692 2863 ludam
722 2806 1075 2878 proditorem,
1101 2805 1216 2862 sive
1235 2805 1495 2877 p0pulum
1515 2812 1944 2876 persecutorem.

341 2899 486 2954 Nam
519 2905 572 2954 et
599 2896 764 2952 Judas
813 2895 991 2952 adhuc
1033 2893 1175 2950 inter
1218 2894 1495 2966 apostolos
1543 2901 1678 2960 erat,
1731 2893 1947 2965 quando

333 2987 603 3044 Dominus
635 2986 767 3041 dixit
801 3003 814 3040 :
853 2987 972 3042 Non
1015 2987 1255 3057 possunt
1295 2983 1408 3053 ﬁlii
1441 2983 1636 3056 sponsi
1651 2985 1942 3054 jejunare,

344 3075 600 3150 quandiu
620 3091 751 3133 cum
770 3075 891 3130 illis
912 3077 998 3130 est
1015 3089 1274 3146 sponsus.
1295 3072 1363 3126 Et
1383 3073 1451 3128 de
1470 3071 1670 3144 populo
1681 3087 1781 3142 per
1797 3071 1945 3144 Moy-

339 3180 438 3220 sen
467 3164 636 3220 dicit:
668 3165 850 3219 Filius
874 3163 1287 3235 primogenitus
1318 3161 1474 3217 inter
1503 3161 1696 3216 Israel.
1729 3160 1944 3215 Veritas

337 3268 476 3326 ergo
527 3251 663 3325 fugit
711 3257 952 3307 mentem
990 3251 1160 3316 Juda,
1206 3249 1293 3306 vel
1331 3248 1696 3320 persecutoris
1733 3248 1940 3320 populi,

336 3356 465 3398 cum
493 3356 588 3398 eos
621 3340 1022 3412 illustrarepon
1044 3338 1267 3395 destitit.
1301 3337 1398 3394 Vel
1428 3337 1566 3393 sicut
1587 3336 1943 3409 Evangelium

342 3430 723 3486 narrat:ch
757 3428 975 3485 locutus
1006 3431 1093 3484 est
1122 3429 1302 3494 Jesus,
1321 3430 1379 3483 et
1397 3426 1556 3491 abiit,
1577 3430 1633 3482 et
1652 3425 1943 3482 abscondit

341 3535 402 3578 se
433 3519 501 3575 ab
528 3519 629 3576 eis.
664 3516 822 3586 Quod
853 3524 1036 3572 autem
1057 3515 1313 3572 Absalom
1335 3515 1526 3571 Patris
1541 3531 1662 3587 pax
1683 3513 1942 3586 interpre-

339 3615 508 3673 tatur,
541 3606 683 3662 bene
727 3604 1046 3678 intelligitur
1085 3619 1274 3675 pacem
1320 3601 1590 3659 Christum
1633 3601 1944 3660 exhibuisse

337 3695 585 3752 traditori
617 3709 738 3761 suo,
774 3693 1023 3766 quamvis
1056 3693 1147 3749 ille
1167 3700 1272 3747 tam
1295 3691 1578 3748 scelerata
1598 3690 1942 3770 cogitationis

343 3785 556 3854 interno
586 3782 730 3840 bello
759 3789 1066 3837 vastaretur
1098 3799 1111 3836 :
1145 3789 1198 3838 et
1226 3781 1428 3852 populo
1467 3779 1801 3852 persecutori
1833 3789 1941 3836 tam

335 3873 580 3945 placatus
611 3871 829 3937 exstitit,
865 3879 920 3926 ut
941 3887 1039 3943 pro
1064 3870 1170 3926 illis
1199 3871 1415 3926 Patrem
1444 3879 1697 3926 exoraret
1719 3869 1937 3926 dicens:

341 3965 534 4028 Pater,
567 3963 790 4034 ignosce
820 3961 960 4027 illis,
991 3974 1108 4015 non
1139 3961 1293 4016 enim
1314 3959 1506 4015 sciunt
1532 3958 1664 4033 quid
1689 3961 1936 4032 faciunt.

413 4051 582 4105 Vens.
616 4053 670 4107 2.
693 4079 762 4090 —
785 4050 1040 4114 Domine,
1075 4048 1208 4121 quid
1236 4048 1615 4121 multiplicati
1643 4053 1799 4115 sunt,
1833 4056 1937 4105 etc.

339 4139 471 4193 Tam
499 4137 707 4194 scilicet
737 4137 1111 4210 multiplicati
1140 4141 1295 4206 sunt,
1327 4145 1384 4192 ut
1409 4135 1568 4193 etiam
1600 4138 1670 4194 de
1709 4152 1938 4194 numero

341 4227 734 4300 discipulorum
774 4241 884 4282 non
931 4223 1184 4293 defuerit,
1236 4225 1328 4298 qui
1374 4241 1600 4283 numero
1643 4227 1939 4284 accesserit

335 4315 799 4388 persequentium.

411 4404 578 4459 Vnus.
629 4408 680 4458 3.
714 4434 782 4444 —
813 4403 979 4460 Multi
1034 4402 1254 4470 dicunt,
1305 4410 1410 4458 etc.
1470 4399 1808 4458 Manifestum
1856 4411 1939 4460 est

2049 1818 2304 1891 Legimus
2323 1817 2468 1874 enim
2492 1835 2506 1872 :
2528 1819 2761 1874 Iustitia
2779 1822 2878 1874 tua
2894 1820 3044 1874 sicut
3068 1823 3284 1875 montes
3302 1821 3430 1875 Dei.
3460 1819 3569 1874 Sed
3585 1827 3638 1875 et

2047 1906 2300 1963 Ecclesia
2327 1906 2612 1962 exauditur
2631 1906 2698 1961 de
2727 1907 2845 1977 ipso
2875 1914 3078 1973 monte,
3112 1907 3258 1978 quod
3289 1907 3451 1963 etiam
3483 1916 3643 1978 caput

2049 1996 2166 2065 ejus
2196 2004 2297 2064 est,
2330 1995 2398 2051 de
2427 2011 2533 2068 quo
2571 1995 2842 2066 Pr0pheta
2884 1994 3015 2051 dicit
3047 2011 3059 2050 :
3092 1997 3220 2051 Erit
3254 2013 3416 2052 mons
3450 1996 3646 2052 domus

2049 2084 2276 2141 Domini
2299 2087 2656 2158 praeparatus
2680 2085 2742 2139 in
2775 2085 2984 2141 vertice
3003 2085 3307 2141 montium.

2121 2191 2290 2246 Vrsas.
2325 2194 2376 2245 6.
2407 2220 2478 2232 —
2507 2193 2614 2263 Ego
2643 2191 2899 2258 dormivi,
2921 2198 3026 2246 etc.
3057 2191 3183 2246 Non
3201 2190 3646 2249 inconvenienter

2048 2278 2403 2335 animadverti
2435 2287 2615 2350 potest
2641 2296 2760 2351 ego,
2809 2280 2879 2334 ad
2910 2277 3324 2352 signiﬁcandum
3355 2281 3502 2353 quod
3543 2295 3646 2337 sua

2047 2367 2324 2423 voluntate
2345 2376 2577 2422 mortem
2589 2367 2838 2422 sustinuit
2859 2369 3160 2423 secundum
3189 2367 3342 2422 illud.
3376 2371 3648 2442 Propter-

2047 2473 2113 2512 ea
2149 2471 2240 2511 me
2278 2458 2451 2512 Pater
2483 2455 2690 2527 diligit,
2734 2458 3002 2529 quoniam
3044 2473 3139 2527 ego
3180 2473 3326 2529 pono
3381 2458 3642 2513 ani-mam

2045 2559 2252 2612 meam,
2287 2547 2344 2598 et
2370 2545 2582 2599 iterum
2611 2560 2835 2600 sumam
2865 2560 2991 2599 eam
3028 2557 3046 2595 :
3079 2559 3244 2600 nemo
3276 2545 3437 2600 tollet
3468 2562 3648 2602 eama

2045 2633 2277 2705 meipso.
2297 2632 2440 2687 Bene
2470 2639 2649 2688 autem
2681 2631 2978 2702 accipitur:
3008 2633 3115 2704 Ego
3146 2631 3384 2689 dormivi
3413 2638 3470 2689 et
3498 2649 3647 2708 sopo-

2046 2724 2208 2777 ratus
2225 2738 2390 2777 sum:
2421 2736 2526 2793 ego
2556 2737 2642 2776 me
2659 2721 2899 2792 passioni
2925 2719 3168 2792 permisi,
3203 2727 3256 2776 et
3276 2737 3425 2777 mors
3451 2737 3644 2779 conse-

2047 2818 2172 2865 cuta
2223 2816 2325 2864 est.
2372 2809 2634 2866 Ecclesia
2678 2825 2895 2882 quoque
2938 2810 3138 2881 populo
3181 2810 3424 2866 dicitur:
3472 2812 3645 2886 Surge

2045 2901 2140 2971 qui
2170 2897 2403 2965 dormis,
2437 2903 2493 2954 et
2535 2915 2773 2971 exsurge
2807 2915 2842 2954 a
2872 2900 3134 2968 mortuis,
3167 2902 3226 2956 et
3266 2902 3555 2974 continget
3587 2906 3643 2958 te

2049 2987 2325 3055 Christus,
2379 2987 2635 3060 quoniam
2663 2987 2732 3043 de
2764 2987 3146 3058 peccatoribus
3197 2996 3505 3060 assumptus
3534 2998 3636 3045 est.

2047 3076 2168 3131 Non
2200 3074 2400 3133 timebo
2432 3076 2639 3145 millia,
2677 3083 2782 3132 etc.
2815 3076 2939 3131 Non
2980 3075 3287 3143 dormienti,
3311 3077 3640 3146 nonjacenti

2047 3123 2165 3131 -.-η
2200 3123 2396 3133 --.ηνη
2435 3123 2639 3145 mm",
2680 3123 2782 3132 ν--.
2815 3123 2939 3131 -.-..
2983 3123 3287 3143 ..-------_.-,
3312 3123 3640 3146 ..-Ἵππη

1973 3123 2022 3186 C
2044 3165 2161 3219 Deo
2181 3163 2397 3232 dicitur,
2433 3180 2672 3238 exsurge
2706 3182 2720 3219 :
2745 3164 2843 3220 sed
2871 3163 3040 3220 moris
3071 3163 3376 3220 divinarum
3406 3165 3643 3238 Scriptu-

2042 3267 2224 3308 rarum
2255 3261 2336 3308 est
2356 3269 2605 3324 persona
2639 3253 2739 3309 Dei
2767 3254 3024 3320 tribuere,
3058 3253 3276 3325 quodin
3307 3253 3465 3310 nobis
3495 3255 3640 3327 facit,

2042 3356 2153 3396 non
2175 3340 2394 3414 quidem
2423 3341 2643 3414 ubique,
2671 3343 2768 3398 sed
2790 3342 2882 3396 ubi
2903 3343 3276 3415 Congruenter
3303 3343 3410 3400 dici
3425 3351 3640 3416 potest:

2043 3430 2129 3487 vel
2161 3437 2219 3486 ut
2245 3431 2364 3502 ipse
2383 3430 2532 3503 loqui
2553 3431 2780 3500 dicatur,
2805 3430 3026 3502 quando
3047 3431 3162 3501 ejus
3184 3431 3328 3488 dono
3354 3433 3644 3506 loquuntur

2042 3519 2244 3592 quique
2273 3519 2443 3574 nuntii
2475 3519 2741 3575 veritatis.

2112 3620 2280 3676 Vnus.
2305 3621 2360 3675 '1.
2392 3650 2462 3660 —
2494 3620 2770 3688 Quoniam
2804 3624 2867 3676 tu
2898 3623 3233 3694 percussisti
3271 3641 3483 3691 omnes,
3517 3632 3630 3682 etc.

2041 3707 2284 3764 Contrita
2317 3716 2460 3775 sunt,
2495 3707 2550 3763 id
2579 3717 2661 3765 est
2688 3708 2744 3764 in
2774 3708 2984 3766 irritum
3005 3710 3285 3782 perducta,
3319 3711 3484 3768 verba
3503 3729 3640 3784 pec-

2044 3804 2306 3867 catorum,
2343 3795 2730 3854 dilacerantum
2760 3804 2813 3853 et
2831 3798 3270 3856 maledicentiam
3299 3800 3488 3856 Filium
3516 3801 3636 3856 Dei.

2040 3887 2274 3942 Possunt
2295 3894 2346 3942 et
2377 3887 2569 3943 dentes
2597 3889 2962 3960 peccatorum
2990 3887 3166 3960 accipi
3198 3889 3474 3961 principes
3502 3903 3637 3961 pec-

2040 3983 2304 4046 catorum,
2347 3991 2572 4048 quorum
2618 3975 2933 4033 auctoritate
2983 3977 3213 4050 quisque
3259 3977 3329 4035 de
3379 3977 3639 4035 societate

2038 4073 2184 4122 recte
2211 4064 2507 4122 viventium
2531 4065 2646 4134 jam
2674 4066 3003 4138 praciditur,
3037 4074 3090 4124 et
3124 4067 3278 4140 quasi
3321 4067 3637 4140 incorpora'

2038 4153 2166 4210 litur
2196 4153 2334 4210 male
2365 4153 2691 4211 viventibus.

2109 4261 2281 4316 Vnus.
2316 4265 2368 4317 8.
2391 4290 2462 4303 -
2488 4261 2724 4319 Domine
2753 4267 2840 4320 est
2857 4264 3031 4331 salus,
3065 4271 3169 4320 etc.
3201 4263 3377 4320 Nemo
3403 4277 3534 4337 ergo
3565 4263 3635 4321 de

2037 4364 2098 4405 se
2126 4358 2444 4420 prasumat,
2477 4351 2728 4423 quoniam
2772 4353 2990 4409 Domini
3029 4362 3112 4410 est
3136 4352 3318 4409 salvos
3345 4351 3531 4410 facere
3559 4352 3630 4410 de

2035 4442 2208 4490 morte
2237 4435 2468 4506 peccati.
2513 4436 2591 4491 Tu
2646 4444 2844 4503 autem,
2875 4437 3126 4506 Domine,
3186 4437 3417 4494 benedic
3447 4451 3626 4509 popu-

337 4492 483 4565 quod
515 4491 619 4546 nisi
650 4491 1008 4563 desperarent
1038 4499 1488 4557 resurrecturum,
1513 4505 1622 4547 non
1643 4491 1830 4564 utique
1846 4507 1938 4548 oc-
1967 4487 2020 4549 D
2035 4487 2145 4580 1m},
2162 4487 2494 4582 (vlg—ie
2521 4487 3098 4596 ᾱιυίθςξῷὲξαῌίῶξ

334 4582 602 4638 ciderent.
633 4581 784 4653 Ergo
828 4597 932 4637 nec
978 4580 1143 4636 ludas
1188 4597 1311 4637 eum
1353 4579 1687 4647 tradidisset,
1739 4580 1845 4636 nisi
1871 4598 1938 4639 ex

334 4686 525 4726 eorum
555 4677 703 4726 esset
733 4685 958 4726 numero
988 4670 1080 4742 qui
1111 4668 1382 4725 Christum
1410 4678 1819 4727 contemnerent
1845 4670 1934 4726 di-

334 4767 522 4816 centes
555 4775 570 4814 :
601 4759 722 4816 Non
753 4763 838 4816 est
863 4760 1019 4816 salus
1050 4761 1159 4832 ipsi
1189 4761 1252 4814 in
1282 4761 1390 4816 Deo
1418 4761 1558 4832 ejus.

407 4867 574 4922 Vnus.
609 4866 660 4922 ι.
695 4897 764 4907 -
799 4868 875 4922 Tu
919 4869 1132 4932 autem,
1168 4867 1422 4933 Domine,
1468 4871 1774 4940 susceptor,
1813 4868 1933 4924 Glo-

333 4957 484 5012 riam
512 4971 665 5010 suam
697 4953 989 5010 Dominum
1019 4954 1149 5010 dicit
1179 4954 1336 5010 etiam
1368 4954 1478 5022 ille,
1509 4972 1671 5028 quem
1699 4955 1778 5012 sic
1808 4973 1932 5013 sus-

332 5043 476 5116 cepit
521 5043 623 5099 Dei
671 5044 916 5112 verbum,
962 5051 1020 5098 ut
1077 5043 1236 5099 simul
1288 5058 1412 5100 cum
1456 5060 1523 5099 eo
1562 5045 1710 5100 Deus
1757 5043 1928 5102 fieret.

335 5133 520 5205 Caput
546 5140 726 5188 autem
755 5140 993 5187 mentem
1024 5132 1200 5204 ipsam
1231 5131 1623 5190 humanamhic
1652 5133 1931 5206 accipien-

334 5221 464 5277 dam
493 5229 641 5293 puto,
674 5237 796 5294 qua
825 5221 901 5276 ita
930 5221 1174 5286 adhasit,
1211 5228 1264 5276 et
1289 5221 1692 5294 quodammodo
1733 5223 1934 5280 coaluit

329 5309 617 5366 excellenti
647 5309 1120 5382 supereminentia
1140 5309 1304 5365 Verbi
1325 5309 1599 5366 hominem
1630 5311 1932 5383 suscipien-

328 5400 417 5464 tis,
452 5407 509 5454 ut
537 5399 594 5453 in
623 5406 770 5454 tanta
795 5398 1064 5470 passionis
1086 5396 1384 5454 humilitate
1405 5415 1513 5454 non
1544 5400 1927 5471 deponeretur.

401 5489 637 5544 Possunt
657 5488 774 5544 hac
797 5495 850 5542 et
871 5504 934 5543 ex
956 5502 1195 5560 persona
1210 5487 1471 5544 Ecclesiae
1501 5488 1694 5561 accipi.
1717 5490 1853 5544 Nam
1875 5489 1931 5546 in

328 5576 420 5632 illo
469 5575 691 5632 homine
722 5584 775 5631 et
803 5576 1051 5632 Ecclesia
1096 5585 1350 5648 suscepta
1379 5585 1463 5632 est
1489 5593 1522 5632 a
1553 5577 1749 5643 Verbo,
1783 5579 1927 5651 quod

328 5681 462 5721 caro
493 5665 692 5722 factum
724 5673 824 5732 est,
851 5674 903 5720 et
923 5665 1179 5720 habitavit
1202 5665 1257 5721 in
1277 5666 1457 5722 nobis.
1492 5669 1766 5740 Loquatur
1794 5684 1928 5741 ergo

2572 4719 2644 4774 IN
2673 4717 2999 4774 PSALMUM
3027 4719 3116 4775 IV.

2107 4879 2276 4935 Vnus.
2307 4881 2363 4936 2.
2396 4909 2464 4920 —
2511 4881 2650 4938 Cum
2694 4882 3017 4937 invocarem
3059 4881 3354 4938 exaudivit
3370 4898 3478 4954 me,
3511 4891 3616 4940 etc.

2034 4969 2178 5024 Deus
2201 4969 2449 5041 justitite
2464 4984 2622 5034 mea,
2646 4985 2676 5023 a
2698 4983 2807 5042 quo
2837 4977 2920 5025 est
2931 4969 3139 5040 justitia
3165 4985 3307 5039 mea,
3342 4971 3412 5026 ab
3441 4987 3620 5044 angu-

2035 5052 2150 5108 stiis
2179 5052 2410 5108 tristitia
2439 5052 2494 5107 in
2539 5052 2875 5109 latitudinem
2922 5054 3244 5127 gaudiorum
3268 5071 3356 5112 me
3386 5056 3586 5112 duxisti
3612 5076 3623 5112 :

2037 5142 2340 5198 Tribulatio
2356 5143 2511 5198 enim
2536 5147 2595 5198 et
2610 5144 2877 5215 angustia
2903 5145 2967 5200 in
2997 5159 3220 5201 omnem
3249 5146 3506 5202 animam
3545 5147 3643 5203 ho-

2031 5231 2204 5286 minis
2223 5233 2510 5304 operantis
2529 5233 2768 5288 malum.
2789 5231 2894 5302 Qui
2912 5241 3093 5289 autem
3109 5233 3243 5290 dicit
3273 5249 3286 5290 :
3312 5235 3628 5292 Gaudentus

2030 5319 2093 5374 in
2126 5319 2605 5388 tribulationibus,
2626 5321 2866 5378 scientes
2914 5324 3180 5396 quoniam
3213 5324 3502 5381 tribulatio
3517 5341 3627 5396 pa-

2034 5408 2297 5464 tientiam
2339 5413 2624 5481 operatur,
2657 5411 2944 5483 patientia
2974 5416 3170 5469 autem
3215 5414 3620 5486 probationem,

2028 5498 2276 5569 probatio
2292 5513 2417 5554 vero
2434 5515 2606 5571 spem,
2628 5515 2752 5572 spes
2769 5504 2960 5556 autem
2992 5518 3106 5558 non
3122 5501 3423 5573 confundit
3439 5518 3458 5567 ,-
3489 5502 3624 5572 quia

2029 5586 2280 5642 charitas
2293 5589 2396 5642 Dei
2411 5587 2616 5658 cli/fusa
2632 5593 2720 5645 est
2745 5590 2809 5645 in
2825 5591 3080 5648 cordibus
3097 5591 3306 5647 nostris
3320 5605 3424 5663 per
3445 5588 3625 5662 Spiri-

2031 5681 2152 5732 tum
2173 5680 2555 5750 sanctum,qui
2572 5677 2742 5735 datus
2759 5684 2843 5740 est
2855 5682 3030 5744 nobis,
3048 5679 3328 5734 non‘habet
3341 5678 3523 5734 cordis
3536 5696 3606 5736 au
