3968 6176
320 244 425 303 759
945 243 1350 301 WALAFRIDI
1376 241 1620 300 STRABI
1648 239 1850 299 FULD.
1882 238 2057 298 MON.
2089 238 2241 296 OPP.
2263 238 2442 296 PARS
2470 239 2513 294 Ι.
2540 268 2611 290 —.-
2630 236 3104 296 THEOLOGICA.
3522 242 3627 295 760

325 368 554 444 gustias,
591 368 840 442 quamvis
868 368 1206 426 extrinsecus
1251 385 1282 423 a
1324 367 1777 441 persequentibus
1839 366 1927 420 in-
1955 367 2014 428 A
2032 363 2163 421 foris
2190 363 2482 437 quaerenda
2509 371 2595 419 est
2625 364 2849 433 laetitia,
2893 362 2994 420 sed
3040 362 3207 433 intus,
3229 362 3323 419 ubi
3353 362 3634 435 signatum

328 466 609 532 gerantur.
644 458 762 515 Vox
793 466 975 514 autem
1016 457 1123 514 ista
1150 464 1246 514 aut
1282 456 1519 513 Domini.
1554 457 1685 514 Jesu
1722 454 1924 512 Christi
2024 462 2109 510 est
2136 453 2322 509 lumen
2340 452 2519 509 vultus
2553 452 2685 507 Dei.

330 554 414 604 est
428 555 556 620 post
584 549 1040 604 resurrectionem
1060 561 1245 601 suam:
1277 549 1383 602 Aut
1409 546 1672 603 Ecclesiae
1701 546 1924 603 creden-
2095 542 2269 597 Vnus.
2302 546 2353 597 8.
2386 571 2456 582 —
2485 542 2526 597 A
2554 543 2761 619 fructu
2783 541 3089 612 frumenti,
3140 547 3252 596 etc.
3289 539 3414 596 Non
3451 548 3634 608 vacat,

330 636 423 706 tis,
455 644 508 692 et
536 637 808 708 sperantis
835 637 890 691 in
906 651 973 692 eo
1004 653 1017 691 :
1062 636 1317 692 Miserere
1344 636 1459 691 mei
1487 640 1544 691 et
1567 636 1795 701 exaudi,
1818 641 1920 690 etc.
2023 631 2169 702 quod
2198 629 2443 685 additum
2464 636 2548 686 est
2566 632 2697 698 sui;
2728 636 2809 685 est
2828 629 2974 684 enim
3000 638 3053 685 et
3070 631 3433 700 frumentum
3454 633 3513 685 et
3549 630 3639 684 vi-

333 723 431 781 Pia
487 732 658 781 mater
687 725 790 780 sibi
843 724 1216 780 miserandum
1260 740 1383 780 esse
1413 723 1562 791 dicit,
1596 724 1641 779 si
1657 739 1761 796 pro
1802 722 1926 778 ﬁliis
2023 735 2166 775 num
2203 723 2261 775 et
2287 720 2475 776 oleum
2516 719 2643 774 Dei.
2684 717 2779 773 Isti
2808 725 2990 775 autem
3021 717 3189 774 dediti
3234 717 3634 789 temporalibus

331 814 451 884 ejus
498 814 750 870 audiatur
794 821 981 884 oratio,
1028 814 1284 885 quoniam
1343 813 1605 885 quidquid
1662 815 1922 870 membris
2024 807 2389 879 voluptatibus
2427 824 2647 879 semper
2688 807 3051 864 exardescunt
3079 806 3489 878 cupiditatibus,
3526 819 3634 862 nec

328 902 600 973 tribuitur,
662 903 759 959 toti
798 903 1014 974 corpori
1058 903 1175 959 sine
1217 902 1555 958 dubitatione
1596 912 1903 975 praestatur.

395 1019 567 1075 Vnus.
605 1021 657 1074 3.
690 1048 760 1059 --
789 1020 923 1075 Filii
945 1020 1266 1086 hominum,
1290 1027 1396 1075 etc.
1426 1018 1628 1075 Saltem
1659 1037 1833 1094 usque
1862 1021 1918 1076 in

322 1107 615 1164 adventum
646 1107 765 1163 Filii
785 1108 886 1164 Dei
900 1117 1083 1165 vester
1112 1123 1266 1164 error
1287 1109 1565 1165 duraverit
1589 1127 1602 1163 :
1629 1110 1757 1181 quid
1786 1126 1918 1182 ergo

316 1195 459 1252 ultra
486 1198 644 1268 gravi
663 1197 828 1253 corde
849 1198 983 1253 estis
1014 1202 1037 1253 ἶ)
1069 1197 1286 1269 quando
1309 1196 1539 1252 habituri
1571 1195 1735 1252 ﬁnem
1767 1197 1915 1252 falla-

316 1285 546 1353 ciarum,
580 1286 627 1341 si
654 1286 1001 1358 praesentiam
1048 1286 1286 1343 veritatis
1327 1302 1437 1342 non
1463 1286 1673 1342 habetis
1702 1287 1730 1341 ?
1781 1288 1917 1342 Cum

318 1373 464 1430 enim
494 1374 608 1430 sola
637 1376 879 1431 veritatis
923 1374 1087 1431 faciat
1131 1376 1340 1444 beatos,
1387 1392 1455 1430 ex
1483 1391 1587 1448 qua
1633 1391 1764 1432 vera
1794 1384 1918 1431 sunt

315 1463 517 1531 omnia,
558 1471 617 1519 ut
660 1465 791 1536 quid
836 1464 1217 1536 temporalium
1259 1481 1439 1520 rerum
1486 1480 1675 1520 amore
1704 1464 1913 1520 detine-

314 1552 466 1620 mini,
499 1560 559 1607 ut
605 1553 736 1625 quid
784 1561 1041 1626 tanquam
1088 1553 1268 1625 prima
1323 1561 1565 1608 extrema
1607 1553 1910 1619 sectamini,

317 1641 464 1714 quod
486 1649 570 1697 est
598 1642 808 1698 vanitas
839 1651 891 1698 et
938 1643 1279 1699 mendacium
1298 1642 1327 1697 ?
1373 1642 1580 1713 Cupitis
1602 1642 1749 1698 enim
1779 1659 1911 1714 per-

2019 896 2201 951 satiari
2224 905 2454 968 possunt
2482 914 2495 951 :
2526 905 2578 952 et
2607 895 2900 966 multiplici
2928 903 3089 968 atque
3119 910 3428 951 aerumnosa
3477 894 3636 968 cogi-

2019 985 2219 1041 tatione
2248 985 2486 1053 distenti,
2515 985 2746 1056 simplex
2780 985 2983 1040 bonum
3004 984 3191 1041 videre
3219 1000 3330 1041 non
3351 983 3632 1041 sinuntur.

2020 1074 2115 1129 Vir
2145 1090 2280 1147 ergo
2314 1073 2494 1129 fidelis
2525 1073 2754 1129 exsultat
2783 1082 2836 1128 et
2865 1072 3032 1129 dicit:

2091 1164 2261 1218 Vnus.
2294 1166 2354 1218 9.
2392 1193 2461 1204 —
2484 1164 2551 1218 In
2588 1179 2724 1234 pace
2744 1164 2810 1218 in
2837 1162 3106 1234 idipsum,
3135 1169 3241 1218 etc.
3269 1160 3439 1218 Recte
3468 1161 3619 1217 enim

2016 1259 2267 1323 speratur
2304 1268 2335 1306 a
2370 1251 2567 1307 talibus
2616 1250 2929 1306 omnimoda
2974 1250 3172 1306 mentis
3209 1249 3539 1306 abalienatio
3597 1266 3631 1304 a

2013 1340 2336 1396 mortalibus
2356 1341 2544 1408 rebus,
2567 1348 2620 1395 et
2639 1339 2986 1395 miseriarum
3006 1339 3189 1395 saeculi
3208 1339 3368 1409 hujus
3393 1338 3623 1406 oblivio,

2014 1446 2136 1502 quae
2164 1429 2385 1486 nomine
2404 1429 2819 1485 obdormitionis
2841 1435 2894 1484 et
2914 1428 3092 1483 somni
3129 1428 3390 1485 decenter
3410 1437 3464 1483 et
3484 1443 3619 1499 pro-

2013 1518 2229 1590 phetice
2270 1517 2625 1592 signiﬁcatur,
2671 1517 2764 1574 ubi
2834 1533 3049 1573 summa
3100 1533 3206 1589 pax
3235 1517 3381 1573 nullo
3408 1516 3648 1572 tumultu

2014 1606 2331 1679 interpolari
2359 1615 2559 1679 potest.
2596 1607 2705 1662 Sed
2724 1608 2831 1663 hoc
2859 1614 2984 1677 post
3012 1606 3157 1662 hanc
3185 1606 3348 1661 vitam
3390 1620 3628 1677 speran-

316 1694 888 1800 saea'sssas;
938 1694 1285 1806 astas.
1307 1694 1915 1805 '..;.‘;.;.;.;.";;;;qa;n
1944 1731 1998 1793 B
2026 1697 2159 1806 sur:
2173 1704 2282 1806 3s:
2317 1695 2664 1770 Quapropter
2691 1703 3059 1768 οοηετιιειιιει·
3085 1694 3333 1750 ultimm
3355 1694 3619 1762 θάηεοιίιι

317 1821 534 1876 umbra.

387 1928 560 1985 Vnus.
597 1930 649 1984 4.
684 1956 752 1970 --
783 1931 855 1986 Et
891 1932 1090 1986 scitote
1120 1932 1408 2003 quoniam,
1441 1938 1543 1986 etc.
1581 1928 1777 1999 Quem,
1809 1928 1913 1983 nisi

315 2032 442 2074 eum
473 2033 635 2089 quem
665 2018 945 2075 suscitavit
974 2018 1043 2073 ab
1084 2017 1299 2087 inferis,
1330 2026 1383 2075 et
1415 2019 1472 2074 in
1502 2019 1642 2075 coelo
1669 2018 1741 2075 ad
1781 2018 1914 2074 dex-

315 2114 493 2163 teram
523 2106 808 2164 collocavit
832 2109 860 2164 ?
890 2109 1206 2179 Increpatur
1234 2124 1369 2182 ergo
1391 2125 1566 2182 genus
1593 2108 1908 2175 humanum,

317 2203 376 2251 ut
402 2195 471 2251 ad
493 2211 617 2252 eum
644 2212 707 2252 se
736 2197 955 2253 tandem
975 2197 1044 2252 ab
1072 2194 1233 2266 hujus
1252 2197 1440 2252 mundi
1469 2208 1655 2253 amere
1682 2213 1911 2254 conver-

314 2292 468 2354 tant;
501 2293 555 2341 et
602 2285 743 2342 sicut
798 2287 1141 2361 gratulantur
1170 2286 1238 2341 de
1272 2286 1662 2343 illuminatione
1692 2286 1750 2341 in
1802 2286 1910 2342 hac

315 2373 446 2441 vita,
494 2374 568 2429 ita
616 2375 882 2431 orandum
923 2375 1028 2431 sibi
1081 2374 1330 2433 noverint
1384 2391 1482 2448 pro
1541 2375 1730 2448 requie
1787 2381 1912 2447 post

316 2462 455 2520 hanc
476 2463 663 2520 vitam.

388 2580 559 2638 Vnus.
592 2583 644 2637 5.
677 2607 747 2623 --
767 2580 1091 2639 Irascimini
1120 2585 1178 2638 et
1191 2581 1388 2649 nolite,
1416 2587 1521 2639 etc.
1553 2582 1777 2637 Duobus
1802 2597 1911 2638 mo-

310 2670 397 2727 dis
426 2668 656 2743 intelligi
707 2677 904 2742 potest.
927 2672 1067 2726 Aut:
1097 2669 1328 2726 Etiamsi
1358 2670 1700 2739 irascimini,
1732 2673 1911 2728 nolite

311 2774 566 2833 peccare,
591 2758 648 2814 id
694 2766 776 2816 est
804 2758 1016 2815 etiamsi
1043 2759 1219 2833 surgit
1248 2767 1425 2815 motus
1452 2758 1637 2827 animi,
1679 2760 1771 2832 qui
1795 2761 1911 2828 jam

313 2855 541 2920 propter
564 2862 784 2919 pcenam
826 2848 1038 2920 peccati
1065 2864 1176 2904 non
1204 2857 1286 2904 est
1314 2848 1371 2903 in
1398 2855 1684 2919 potestate,
1718 2848 1910 2903 saltem

312 2950 423 2993 non
454 2934 505 2992 ei
531 2936 835 2992 consentiat
876 2938 1011 2993 ratio
1059 2945 1113 2993 et
1141 2953 1317 3006 mens,
1350 2953 1474 3009 quas
1505 2936 1650 2992 intus
1684 2952 1911 3009 regene-

315 3033 429 3081 rata
471 3032 556 3082 est
602 3026 901 3083 secundum
945 3026 1141 3093 Deum,
1175 3033 1231 3080 ut
1261 3033 1442 3081 mente
1472 3026 1770 3081 serviamus
1799 3024 1911 3097 legi

320 3114 440 3184 Dei,
474 3114 522 3169 si
585 3114 763 3170 adhuc
813 3128 977 3170 carne
1024 3114 1289 3170 servimus
1319 3113 1429 3185 legi
1482 3114 1717 3186 peccati.

318 3202 480 3275 Agite
504 3202 898 3274 paenitentiam,
933 3203 987 3258 id
1018 3210 1120 3269 est,
1155 3204 1483 3259 irascimini
1511 3203 1667 3260 vobis
1698 3202 1831 3276 ipsis
1856 3202 1924 3261 de

314 3290 601 3363 praeteritis
628 3291 890 3363 peccatis,
914 3300 969 3348 et
992 3291 1221 3348 ulterius
1250 3308 1476 3364 peccare
1506 3292 1757 3349 desinite.

391 3395 658 3469 Quodque
674 3397 953 3470 sequitur:
972 3414 1095 3472 quae
1120 3399 1314 3456 dicitis
1340 3400 1403 3455 in
1420 3400 1678 3457 cordibus
1697 3400 1919 3467 vestris,

318 3485 481 3559 plena
509 3486 777 3543 sententia
804 3494 887 3543 est
918 3502 932 3543 :
968 3504 1089 3560 quae
1120 3487 1298 3544 dicitis
1335 3487 1391 3544 in
1422 3488 1674 3546 cordibus
1704 3488 1921 3558 vestris,

321 3574 504 3643 dicite,
523 3573 580 3632 id
610 3583 693 3632 est
717 3575 885 3633 nolite
906 3591 1031 3633 esse
1058 3577 1311 3649 populus,
1335 3576 1405 3633 de
1434 3594 1543 3650 quo
1571 3577 1775 3635 dictum
1795 3584 1920 3634 est:

320 3665 504 3723 Labiis
550 3681 641 3722 me
670 3666 973 3733 honorant,
1002 3682 1099 3725 cor
1119 3670 1314 3723 autem
1343 3683 1541 3723 eorum
1571 3668 1734 3740 longe
1763 3671 1853 3724 est
1888 3684 1923 3724 a

319 3770 430 3811 me.
468 3755 739 3812 Cubicula
767 3762 946 3812 autem
970 3755 1091 3828 ipsa
1134 3763 1259 3811 sunt
1287 3756 1475 3824 corda,
1517 3755 1587 3812 de
1618 3756 1819 3828 quibus
1869 3763 1923 3812 et

320 3843 584 3901 Dominus
612 3851 817 3915 monet,
852 3852 911 3900 ut
939 3843 1083 3900 intus
1115 3859 1335 3901 oremus
1363 3844 1563 3902 clausis
1591 3844 1765 3901 ostiis.

395 3978 571 4035 Vnus.
605 3980 659 4033 6.
685 4007 755 4019 —
810 3979 1138 4049 Sacri/icate
1185 3979 1554 4049 sacriﬁcium,
1612 3986 1718 4036 etc.
1768 3978 1921 4035 Idem

320 4066 452 4123 dicit
481 4065 539 4121 in
555 4065 663 4122 alio
677 4066 888 4139 psalmo
910 4083 925 4121 :
950 4067 1309 4138 Sacriﬁcium
1332 4070 1442 4125 Deo
1455 4067 1692 4141 spiritus
1712 4070 1921 4125 contri-

322 4156 571 4213 bulatus.
608 4154 786 4225 Quare
803 4171 915 4212 non
933 4155 1170 4213 absurde
1201 4157 1290 4214 hic
1317 4156 1583 4229 accipitur
1599 4156 1778 4228 ipsum
1794 4172 1919 4215 esse

322 4245 672 4315 sacriﬁcium
684 4246 953 4318 justitiaz,
986 4246 1131 4318 quod
1159 4245 1220 4301 fit
1245 4261 1347 4317 per
1360 4245 1752 4318 paenitentiam.
1777 4246 1919 4316 Quid

328 4334 476 4392 enim
499 4333 717 4405 justius,
749 4349 915 4406 quam
942 4342 1003 4390 ut
1049 4334 1161 4391 suis
1200 4334 1431 4408 quisque
1474 4334 1712 4408 peccatis
1738 4337 1919 4409 potius

2026 1793 2080 1842 et
2106 1785 2237 1841 dicit
2268 1802 2284 1841 :

2084 1874 2255 1930 Vnus.
2293 1876 2379 1928 10.
2413 1903 2483 1915 -
2517 1874 2795 1944 Quoniam
2822 1876 2904 1941 tu,
2929 1874 3184 1939 Domine,
3215 1872 3619 1945 singulariter,

2013 1971 2124 2021 etc.
2155 1964 2302 2019 Bene
2327 1962 2422 2033 ait,
2445 1962 2822 2035 singulariter
2852 1978 2866 2016 :
2892 1969 3074 2034 potest
3103 1961 3248 2017 enim
3288 1960 3487 2017 referri
3519 1961 3627 2016 ad-

2007 2068 2200 2110 versus
2228 2052 2349 2107 illos
2374 2051 2592 2119 multos,
2624 2051 2720 2123 qui
2731 2050 3067 2122 multiplicati
3086 2065 3119 2104 a
3139 2048 3318 2106 fructu
3336 2048 3622 2117 frumenti,

2005 2141 2138 2211 vini,
2170 2147 2222 2197 et
2252 2140 2361 2197 olei
2391 2139 2493 2207 sui,
2527 2140 2714 2196 dicunt
2746 2156 2760 2193 :
2800 2140 2931 2209 Quis
2960 2139 3209 2196 ostendit
3232 2138 3395 2194 nobis
3427 2139 3621 2194 bona?

2005 2230 2150 2287 Perit
2179 2230 2325 2286 enim
2351 2231 2467 2286 haec
2495 2228 2879 2301 multiplicitas,
2913 2235 2967 2283 et
2993 2228 3373 2301 singulariter
3389 2233 3612 2283 tenetur

2004 2325 2062 2380 in
2080 2318 2302 2385 sanctis,
2352 2318 2421 2374 de
2462 2318 2658 2390 quibus
2700 2317 2901 2373 dicitur
2932 2315 3361 2373 :Multitudinis
3412 2319 3618 2372 autem

2014 2407 2377 2465 credentium
2410 2411 2536 2464 erat
2554 2408 2754 2464 anima
2783 2410 2841 2463 et
2871 2422 2968 2464 cor
2998 2421 3200 2462 unum.

2506 2584 2580 2640 IN
2675 2583 3002 2641 PSALMUM
3064 2583 3129 2638 V.

2081 2726 2251 2783 Vnus.
2276 2731 2300 2783 1
2335 2756 2404 2768 -
2433 2727 2499 2784 In
2526 2727 2702 2797 finem
2725 2743 2824 2800 pro
2847 2742 2916 2783 ea
2936 2743 3059 2801 qua:
3086 2728 3387 2783 veritatem
3405 2743 3605 2783 conse-

2008 2817 2223 2890 quitur,
2276 2815 2541 2873 Psalmus
2570 2815 2767 2872 David.
2811 2814 3134 2888 Intelligitur
3174 2815 3441 2882 Ecclesia,
3505 2831 3631 2887 quas

2004 2904 2206 2976 accipit
2236 2904 2612 2961 haereditatem
2629 2903 2686 2959 in
2709 2904 2878 2960 vitam
2907 2912 3170 2960 aeternam
3198 2919 3301 2977 per
3326 2904 3625 2960 Dominum

2010 3001 2260 3050 nostrum
2278 2995 2467 3049 Iesum
2496 2992 2789 3061 Christum,
2813 3000 2871 3048 ut
2908 2993 3185 3065 possideat
3202 2993 3384 3065 ipsum
3412 2994 3616 3062 Deum,

1774 3080 1887 3169 Αυῖ
1911 3132 1925 3169 ε
1949 3093 1998 3158 C
2032 3082 2120 3139 cui
2148 3083 2437 3139 adhaerens
2481 3080 2642 3138 beata
2680 3083 2766 3149 sit,
2802 3082 3098 3139 secundum
3136 3081 3271 3138 illud
3302 3098 3317 3137 :
3348 3082 3629 3138 Dominus

2018 3189 2155 3246 pars
2187 3171 2536 3229 haereditatis
2561 3186 2720 3227 mete.
2745 3169 3085 3243 Quapropter
3099 3187 3206 3227 vox
3233 3170 3501 3229 Ecclesiae
3536 3178 3621 3226 est

2023 3267 2230 3318 vocatae
2277 3260 2345 3316 ad
2398 3259 2792 3328 haereditatem,
2836 3269 2891 3317 et
2929 3268 2988 3317 ut
3033 3259 3155 3333 ipsa
3190 3259 3286 3318 ﬁat
3331 3259 3630 3317 hereditas

2023 3349 2144 3406 Dei.

2094 3438 2272 3494 Vnus.
2308 3440 2364 3495 2.
2397 3466 2466 3480 -
2500 3438 2668 3497 Verba
2694 3453 2823 3495 mea
2849 3438 3036 3495 oribus
3053 3439 3300 3511 percipe,
3322 3445 3427 3494 etc.
3473 3437 3627 3494 Bene

2022 3526 2259 3584 ostendit
2283 3526 2406 3599 quis
2429 3526 2531 3583 iste
2562 3527 2630 3583 sit
2660 3527 2876 3584 clamor
2904 3541 2923 3580 :
2980 3526 3198 3599 quando
3242 3525 3464 3600 quidem
3517 3542 3625 3584 vox

2020 3615 2268 3688 corporis
2294 3615 2528 3684 auditur,
2549 3615 2804 3689 spiritalis
2829 3622 3006 3672 autem
3037 3614 3377 3687 intelligitur.

2070 3716 2263 3780 Vnus.
2288 3725 2340 3778 3.
2373 3753 2442 3764 —
2468 3722 2702 3779 Intende
2730 3723 2870 3793 voci,
2899 3730 3004 3779 etc.
3037 3722 3245 3794 Regem
3278 3720 3471 3778 Filium
3521 3738 3620 3778 so-

2020 3810 2132 3868 lent
2160 3810 2441 3884 appellare
2460 3811 2770 3884 Scripturae.
2805 3810 3113 3868 Secundum
3143 3809 3277 3866 illud
3302 3826 3438 3883 ergo
3473 3811 3627 3885 quod

2019 3899 2222 3956 dictum
2251 3908 2371 3957 est:
2403 3903 2514 3957 Per
2541 3917 2631 3957 me
2673 3901 2796 3956 itur
2830 3899 2903 3956 ad
2951 3901 3203 3967 Patrem,
3241 3908 3391 3957 certe
3444 3900 3629 3972 primo

2018 4005 2127 4047 rex
2155 4005 2333 4056 meus,
2377 3996 2431 4045 et
2459 3987 2659 4046 deinde
2688 3990 2833 4046 Deus
2848 4004 3027 4046 meus.

2088 4094 2261 4152 Vnus.
2292 4096 2346 4163 4,
2378 4097 2431 4151 5.
2451 4126 2521 4136 —
2544 4092 2821 4165 Quoniam
2849 4094 2922 4152 ad
2943 4098 2997 4152 te
3012 4095 3198 4164 orabo,
3225 4095 3477 4162 Domine,
3514 4104 3624 4153 etc.

2021 4183 2180 4241 Mane
2206 4184 2414 4252 astabo,
2440 4191 2543 4240 etc.
2575 4184 2699 4240 Non
2726 4182 2820 4240 ille
2848 4200 2928 4251 es,
2970 4182 3162 4257 inquit,
3196 4183 3287 4256 qui
3323 4184 3503 4256 possit
3532 4185 3617 4240 vi-

2014 4271 2133 4329 deri
2159 4273 2227 4327 ab
2256 4272 2359 4341 eis,
2391 4287 2621 4345 quorum
2650 4272 2720 4328 ab
2751 4272 2926 4329 oculis
2948 4287 3057 4329 nox
3083 4279 3436 4345 peccatorum
3464 4288 3614 4330 non-

2023 4360 2151 4417 dum
2181 4360 2428 4418 recessit.
2481 4362 2707 4418 Peracta
2751 4360 2952 4418 erroris
2987 4360 3096 4418 mei
3133 4369 3310 4429 nocte,
3339 4368 3398 4418 et
3434 4361 3629 4419 disce-

321 4438 483 4497 quam
510 4423 701 4480 alienis
718 4424 1004 4495 irascatur,
1025 4439 1195 4498 seque
1224 4423 1401 4496 ipsum
1428 4423 1664 4496 puniens
1717 4433 1916 4482 mactet

2032 4449 2279 4506 dentibus
2327 4449 2588 4518 tenebris,
2643 4464 2779 4522 quas
2824 4449 2959 4506 mihi
3023 4448 3261 4522 peccatis
3293 4423 3447 4506 'meis
3494 4448 3624 4518 feci,

326 4512 444 4572 Deo
463 4513 493 4570 ?
522 4513 621 4570 Vel
649 4520 795 4571 certe
824 4514 1174 4585 sacriﬁcium
1191 4514 1445 4587 justitiz
1469 4521 1554 4571 est
1573 4528 1746 4588 opera
1777 4515 1926 4586 justa

325 4609 452 4675 post
471 4601 864 4675 paenitentiam.

391 4719 557 4777 Multi
576 4725 756 4775 autem
777 4726 903 4774 sunt
924 4718 1091 4787 stulti,
1116 4719 1208 4792 qui
1237 4720 1307 4777 de
1325 4719 1442 4792 ipsa
1457 4719 1633 4777 futura
1650 4719 1778 4787 vita,
1804 4735 1925 4793 qua

322 4806 482 4864 nobis
510 4807 860 4882 promittitur,
884 4807 1148 4876 dubitant,
1181 4808 1269 4865 vel
1298 4808 1611 4881 desperant,
1645 4808 1737 4881 qui
1778 4824 1924 4881 saepe

325 4896 512 4954 dicunt
543 4915 557 4953 :
590 4898 697 4965 Qui
724 4898 881 4956 novit
920 4900 973 4953 si
1002 4914 1133 4954 vera
1172 4902 1329 4966 sunt,
1361 4902 1464 4955 aut
1491 4900 1616 4972 quis
1658 4898 1813 4955 venit
1856 4898 1924 4954 ab

324 4987 551 5058 inferis,
582 4990 652 5043 ut
677 4988 791 5043 ista
818 4990 1119 5044 nuntiaret
1140 4991 1165 5042 ἵ

368 5108 563 5185 Ύειιε.
595 5112 649 5164 '7.
680 5139 752 5151 —
776 5111 1075 5183 Signatum
1101 5115 1188 5169 est
1211 5127 1382 5185 super
1395 5127 1516 5181 nos,
1550 5118 1654 5168 etc.
1688 5111 1805 5169 Hoc
1832 5110 1921 5167 lu-

327 5211 467 5253 men'
486 5204 569 5252 est
588 5203 757 5254 totum
787 5198 1024 5255 hominis
1054 5208 1108 5256 et
1137 5215 1328 5256 verum
1357 5199 1580 5267 bonum,
1613 5200 1760 5273 quod
1811 5214 1923 5257 non

328 5285 502 5344 oculis
531 5285 627 5342 sed
658 5294 841 5343 mente
869 5288 1219 5361 conspicitur.
1257 5289 1556 5362 Signatum
1579 5297 1761 5346 autem
1789 5289 1923 5346 dixit

322 5376 381 5434 in
409 5375 588 5447 nobis,
612 5383 862 5449 tanquam
891 5376 1150 5433 denarius
1179 5377 1424 5452 signatur
1469 5378 1620 5451 regis
1661 5378 1916 5452 imagine.

328 5465 507 5523 Homo
536 5463 680 5524 enim
702 5463 874 5522 factus
904 5466 1072 5522 estad
1097 5465 1503 5524 similitudinem
1534 5475 1588 5524 et
1621 5467 1920 5541 imaginem

316 5555 436 5625 Dei,
461 5571 621 5630 quam
646 5555 930 5628 peccando
948 5555 1421 5626 corrupit.Bonum
1442 5571 1576 5630 ergo
1596 5557 1714 5627 ejus
1735 5564 1815 5613 est
1832 5572 1921 5614 ve-

321 5660 443 5700 rum
459 5654 621 5720 atque
633 5654 914 5714 aeternum,
934 5645 980 5701 si
1003 5645 1343 5702 renascendo
1360 5645 1626 5718 signetur.
1642 5646 1765 5702 Non
1782 5661 1917 5715 ergo

2028 4539 2302 4597 exaudies
2328 4554 2517 4597 vocem
2534 4556 2741 4596 meam.

2097 4628 2299 4687 Astabo
2327 4635 2528 4695 autem,
2562 4627 2694 4700 quid
2721 4633 2804 4682 est
2832 4625 2937 4682 nisi
2971 4644 2985 4682 :
3017 4641 3127 4683 non
3150 4624 3393 4697 jacebo?
3429 4624 3624 4683 Jacere

2023 4730 2155 4775 vero
2180 4724 2263 4773 est
2289 4716 2346 4772 in
2367 4724 2513 4772 terra
2541 4717 2848 4789 quiescere,
2880 4714 3027 4788 quod
3053 4722 3137 4772 est
3176 4730 3212 4772 a
3248 4715 3480 4772 terrenis
3531 4731 3630 4772 vo-

2024 4805 2313 4878 luptatibus
2351 4804 2739 4862 beatitudinem
2767 4820 3028 4878 quaerere.
3069 4805 3191 4861 Non
3256 4812 3344 4860 est
3374 4818 3514 4876 ergo
3556 4804 3637 4859 in-

2022 4893 2339 4951 haerendum
2386 4894 2640 4964 terrenis,
2666 4898 2711 4950 si
2764 4894 3014 4951 volumus
3051 4892 3230 4950 Deum
3266 4892 3474 4962 videre,
3529 4892 3625 4966 qui

2022 4983 2226 5040 mundo
2256 4982 2607 5056 conspicitur.

2093 5091 2264 5148 Vnns.
2297 5094 2349 5147 6.
2381 5120 2453 5134 —
2481 5093 2665 5166 Neque
2693 5092 2996 5159 habitabit,
3029 5096 3134 5148 etc.
3166 5089 3229 5146 Id
3271 5096 3356 5146 est
3409 5104 3522 5147 non
3547 5090 3632 5146 sic

2022 5179 2298 5247 videbunt,
2330 5187 2388 5235 ut
2412 5180 2671 5250 haereant,
2704 5180 2833 5254 quia
2860 5196 3016 5237 mens
3048 5195 3239 5237 eorum
3288 5178 3624 5235 reverbera-

2021 5276 2105 5324 tur
2160 5268 2281 5325 luce
2332 5269 2574 5325 veritatis
2628 5276 2854 5342 propter
2928 5269 3181 5327 tenebras
3234 5275 3585 5340 peccatorum
3608 5312 3623 5335 ,

2020 5373 2252 5431 quarum
2282 5358 2673 5414 consuetudine
2711 5357 2984 5434 fulgorem
3035 5365 3202 5416 recta:
3248 5355 3627 5429 intelligentia

2022 5447 2291 5504 sustinere
2319 5462 2428 5503 non
2457 5454 2705 5520 possunt.

2091 5563 2260 5618 Vnus.
2294 5566 2346 5618 7.
2380 5593 2450 5605 -—
2475 5563 2655 5621 Odisti
2669 5578 2863 5621 omnes
2884 5564 2981 5637 qui
3003 5568 3332 5637 operantur,
3361 5570 3467 5620 etc.
3491 5561 3625 5619 Illos

2019 5651 2151 5722 odit,
2187 5669 2325 5725 quos
2354 5653 2411 5710 in
2430 5670 2490 5710 se
2510 5668 2735 5711 manere
2785 5668 2898 5709 non
2927 5652 3053 5710 sinit
3082 5670 3097 5707 :
3125 5669 3234 5711 non
3277 5660 3454 5711 autem
3495 5667 3623 5708 ma-
