4002 6184
254 300 355 352 761

1329 289 1580 347 EXPOS.
1634 289 1707 346 IN
1759 289 1867 345 XX
1921 287 2184 346 PRIMOS
2233 287 2578 346 PSALMOS.

3461 295 3565 349 ’762

257 445 408 504 nent,
441 435 536 508 qui
565 449 691 492 eum
720 434 984 490 sustinere
1011 449 1122 490 non
1142 433 1344 489 valent.
1369 433 1717 490 Mendacium
1731 446 1860 488 vero
1890 415 1946 476 Α
1966 431 2162 504 quibus
2193 440 2540 505 expugnatur
2565 431 2834 500 inimicus,
2876 439 3070 488 contra
3117 448 3281 505 quem
3321 433 3516 490 dicitur
3550 455 3563 490 :

257 535 342 583 est
370 524 588 581 veritati
618 524 971 580 contrarium.
1005 523 1112 578 Sed
1143 539 1211 576 ne
1257 523 1379 594 quis
1427 531 1580 592 putet
1627 522 1864 593 aliquam

257 615 620 671 substantiam
650 613 737 668 vel
781 620 1032 668 naturam
1080 611 1293 668 veritati
1341 628 1465 666 esse
1509 609 1863 678 contrariam,

255 703 546 776 intelligat,
581 703 651 757 ad
683 702 738 756 id
769 702 913 773 quod
933 717 1040 756 non
1070 709 1170 767 est,
1203 700 1477 770 pertinere
1493 699 1862 768 mendacium,

257 809 367 850 non
401 793 470 846 ad
499 791 554 846 id
587 791 733 863 quod
764 799 865 846 est.
900 790 956 844 Si
985 790 1132 844 enim
1162 791 1268 845 hoc
1318 790 1532 856 dicitur,
1565 789 1711 861 quod
1759 797 1860 857 est,

261 898 455 937 verum
484 880 684 936 dicitur
719 896 730 935 :
769 879 816 934 si
845 888 1023 934 autem
1056 879 1160 935 hoc
1193 879 1408 943 dicitur,
1441 879 1587 950 quod
1626 893 1735 932 non
1756 886 1858 945 est,

248 969 621 1026 mendacium.
647 969 778 1023 Ideo
798 967 989 1039 incipit
1023 986 1036 1022 :
1072 968 1273 1024 Perdes
1304 984 1412 1033 eos,
1437 968 1531 1040 qui
1556 968 1866 1039 loquuntur

249 1060 620 1116 mendacium
641 1099 658 1126 ,
691 1057 818 1129 quia
848 1057 1170 1113 recedentes
1199 1056 1269 1110 ab
1300 1071 1367 1111 eo
1400 1056 1542 1128 quod
1576 1064 1677 1122 est,
1709 1056 1778 1110 ad
1810 1056 1864 1111 id

251 1149 404 1222 quod
443 1164 554 1202 non
584 1156 668 1204 est
699 1147 998 1203 declinant.

341 1239 533 1294 Virum
563 1238 910 1309 sanguinum
939 1239 996 1290 et
1024 1237 1296 1304 dolosam,
1329 1243 1434 1291 etc.
1488 1238 1678 1292 Virum
1723 1254 1862 1292 san-

252 1318 500 1399 guinum
526 1334 822 1396 operantur
851 1324 1208 1396 iniquitatem,
1239 1325 1492 1381 dolosam
1523 1334 1702 1380 autem
1735 1325 1863 1380 dili-

255 1424 484 1489 gentem
515 1414 854 1470 mendacium
883 1414 1146 1487 intellige.
1181 1415 1366 1469 Solent
1396 1431 1528 1470 vero
1557 1416 1866 1472 abominati

257 1504 370 1560 dici
401 1503 759 1559 exheredati.
791 1503 891 1559 Hic
921 1512 1101 1558 autem
1131 1503 1374 1575 psalmus
1401 1520 1499 1574 pro
1529 1519 1595 1558 ea
1635 1513 1716 1558 est
1744 1522 1866 1577 quae

262 1593 658 1648 hwreditatem
688 1593 1073 1665 consequitur,
1120 1609 1242 1664 quae
1285 1591 1501 1660 subjicit
1549 1593 1866 1649 exsultatio-

254 1699 384 1738 nem
417 1681 536 1753 spei
563 1697 678 1737 suze
698 1681 891 1736 dicens
926 1699 939 1735 :

1969 522 2103 589 Quis
2131 522 2419 578 accusabit
2448 521 2714 578 adversus
2743 523 2950 578 electos
2969 523 3070 577 Dei
3095 525 3117 577 .9
3145 521 3213 576 Et
3233 521 3428 578 iterum
3461 541 3475 576 :
3507 524 3567 578 Si

1967 619 2122 676 enim
2149 636 2281 675 cum
2310 619 2493 676 adhuc
2523 620 2749 675 inimici
2773 635 3040 686 essemus,
3074 620 3331 675 Christus
3346 637 3446 692 pro
3467 637 3566 677 no-

1967 717 2046 772 bis
2077 721 2336 773 mortuus
2364 722 2466 783 est,
2501 719 2682 773 multo
2700 719 2883 789 magis
2905 717 3263 773 reconciliati
3291 718 3435 772 salvi
3455 719 3566 773 eri-

1965 823 2093 861 mus
2121 807 2188 862 ab
2216 807 2307 860 ira
2333 823 2436 878 per
2462 807 2668 878 ipsum.
2703 807 2816 862 Hoc
2865 805 3280 862 invictissimum
3331 814 3562 875 scutum,

1966 909 2075 965 quo
2101 893 2320 964 pellitur
2348 894 2622 959 inimicus,
2656 895 3093 964 desperationem
3125 893 3314 949 salutis
3361 911 3563 968 sugge-

1967 998 2096 1037 rens
2124 982 2465 1039 multitudine
2496 982 2902 1038 tribulationum
2927 992 2982 1038 et
3014 983 3390 1039 tentationum.

2502 1169 2572 1224 IN
2602 1170 2930 1226 PSALMUM
2955 1170 3046 1226 VI.

2039 1320 2208 1374 Vens.
2245 1323 2294 1374 1.
2327 1349 2396 1360 -—
2424 1321 2489 1375 In
2516 1321 2691 1389 ﬁnem
2718 1322 2782 1375 in
2828 1322 3174 1377 carminibus
3219 1339 3322 1394 pro
3368 1325 3566 1378 octava

1963 1410 2221 1482 psalmus
2252 1409 2448 1464 David.
2480 1409 2664 1463 Potest
2693 1409 2810 1464 dies
2834 1409 3026 1479 judicii
3056 1417 3283 1466 octavus
3313 1407 3560 1480 intelligi,

1967 1497 2112 1568 quod
2136 1497 2248 1565 jam
2279 1504 2402 1568 post
2457 1496 2620 1552 ﬁnem
2660 1499 2820 1566 hujus
2866 1498 3052 1554 seaculi
3098 1507 3316 1569 accepta
3363 1506 3568 1554 aeterna

1965 1586 2093 1642 vita.
2128 1587 2277 1641 Tunc
2307 1602 2414 1641 non
2445 1596 2602 1640 erunt
2633 1587 2829 1642 anima:
2851 1588 3124 1657 justorum
3154 1587 3402 1643 obnoxiae
3422 1595 3565 1641 tem-

1965 1675 2210 1746 poribus.
2242 1675 2310 1730 Et
2340 1675 2593 1747 quoniam
2623 1676 2803 1730 omnia
2836 1683 3080 1748 tempora
3117 1685 3323 1747 septem
3352 1676 3567 1730 dierum

328 1789 503 1845 “ms.
539 1794 590 1844 8_
624 1818 692 1828 _
723 1789 967 1843 Introibo
996 1789 1060 1842 in
1091 1787 1336 1854 domum,
1372 1794 1477 1844 etc.
1529 1788 1770 1845 Introibo
1798 1789 1863 1844 in
1892 1765 2230 1836 Bjustorum
2267 1764 2587 1854 repetitione
2617 1765 2928 1854 volvuntur,
2960 1774 3186 1820 octavus
3215 1764 3350 1854 forte
3380 1765 3470 1854 ille
3491 1763 3566 1818 di-

255 1879 487 1935 domum
519 1882 682 1934 tuam
715 1893 727 1932 :
762 1884 1012 1949 tanquam
1042 1875 1203 1946 lapis,
1255 1877 1439 1942 credo,
1472 1877 1525 1932 in
1573 1877 1864 1933 aedilicium

255 1968 463 2024 dictum
493 1975 595 2023 est.
631 1966 774 2035 Quid
805 1966 950 2021 enim
978 1965 1126 2019 aliud
1156 1965 1352 2020 domus
1385 1965 1504 2032 Dei,
1537 1982 1699 2039 quam
1730 1974 1866 2021 tem-

252 2057 406 2128 plum
441 2057 537 2112 Dei
569 2064 670 2125 est,
705 2056 773 2110 de
803 2069 914 2126 quo
951 2054 1153 2110 dictum
1210 2061 1290 2110 est
1325 2071 1338 2108 :
1376 2056 1664 2127 Templum
1709 2057 1864 2112 enim

256 2147 361 2201 Dei
389 2149 655 2202 sanctum
683 2149 785 2212 est,
819 2143 961 2217 quod
990 2142 1126 2198 estis
1156 2158 1268 2198 vos.
1301 2143 1466 2212 Cujus
1482 2143 1696 2199 :edificii
1723 2144 1864 2216 lapis

253 2235 543 2308 angularis
570 2242 655 2290 est
680 2234 770 2290 ille
800 2250 964 2307 quem
993 2231 1234 2302 suscepit
1275 2241 1550 2289 coaeterna
1579 2233 1720 2289 Patri
1751 2234 1862 2290 vir-

250 2332 365 2392 tus,
399 2333 453 2380 et
481 2324 749 2395 sapientia
787 2323 906 2379 Dei.

330 2413 802 2470 Considerandum
834 2430 966 2470 vero
998 2423 1082 2471 est
1111 2415 1256 2488 quod
1276 2429 1386 2469 non
1415 2411 1550 2468 dixit
1583 2429 1598 2468 :
1631 2414 1692 2468 in
1716 2416 1863 2469 tem-

249 2505 368 2577 plo,
401 2503 501 2557 sed
534 2520 548 2556 :
580 2503 651 2558 ad
669 2504 945 2576 templum
976 2524 993 2559 :
1025 2505 1285 2575 templum
1309 2503 1454 2559 enim
1475 2510 1730 2558 sanctum
1752 2517 1865 2558 cor-

253 2608 363 2664 pus
392 2591 612 2647 Domini
644 2599 725 2646 est
755 2591 1072 2663 Salvatoris,
1105 2593 1252 2664 quod
1275 2593 1399 2661 jure
1448 2591 1638 2646 adorat
1667 2592 1864 2647 Eccle-

262 2681 351 2736 sia
386 2697 399 2735 :
433 2681 502 2735 de
533 2696 638 2753 quo
669 2681 785 2752 ipse
821 2680 954 2735 dixit
988 2699 1001 2736 :
1033 2682 1238 2738 Solvite
1261 2681 1536 2754 templum
1563 2681 1682 2737 hoc.
1703 2680 1866 2736 Addit

261 2785 402 2826 vero
436 2786 448 2823 :
483 2771 544 2824 in
577 2771 777 2827 timore
810 2774 925 2836 tuo,
959 2770 1106 2841 quod
1137 2786 1392 2842 magnum
1423 2778 1507 2824 est
1550 2769 1868 2841 przesidium

259 2857 689 2930 procedentibus
720 2857 791 2913 ad
836 2859 1085 2914 salutem.

333 2947 505 3002 Vens.
530 2949 584 3002 9.
617 2978 685 2988 —
715 2950 966 3014 Domine,
993 2947 1168 3003 deduc
1199 2963 1307 3013 me,
1333 2955 1438 3003 etc.
1471 2945 1617 3002 Nihil
1648 2945 1868 3003 manife-

258 3036 423 3103 stius,
458 3051 624 3108 quam
645 3035 699 3091 id
731 3044 942 3107 tempus
973 3053 1099 3092 eum
1129 3035 1534 3106 commendare,
1571 3051 1678 3108 quo
1706 3033 1868 3108 proﬁ-

251 3126 329 3182 cit
365 3142 376 3180 :
409 3125 511 3181 hoc
541 3134 624 3181 est
653 3125 797 3180 enim
827 3125 946 3191 iter,
981 3125 1125 3196 quod
1148 3142 1256 3181 non
1287 3134 1558 3180 terrarum
1574 3124 1708 3180 locis
1736 3141 1862 3196 per-
1895 3135 1944 3199 α

249 3215 462 3286 agitur,
498 3214 595 3270 sed
626 3213 908 3270 aﬂ'ectibus
938 3213 1262 3270 animorum.
1297 3215 1361 3270 In
1393 3219 1696 3288 conspectu
1744 3219 1859 3280 tuo,

253 3304 452 3374 inquit,
482 3304 634 3359 viam
662 3319 866 3370 meam,
914 3303 1217 3359 secundum
1249 3304 1394 3375 quod
1440 3313 1491 3359 et
1519 3303 1573 3358 in
1617 3303 1863 3359 oratione

252 3392 544 3448 Dominica
573 3391 771 3448 dicitur
803 3410 816 3447 :
855 3393 1258 3461 Sanctiﬁcetur
1287 3409 1491 3450 nomen
1524 3396 1723 3459 tuum;
1753 3407 1861 3445 non

253 3496 367 3553 quo
391 3481 550 3536 nobis
581 3481 864 3537 orantibus
897 3480 1283 3549 sanctificatur,
1318 3482 1463 3553 quod
1493 3497 1592 3552 per
1621 3496 1680 3535 se
1710 3495 1860 3537 sanc-

254 3577 375 3625 tum
405 3578 526 3637 est;
559 3570 655 3625 sed
690 3586 798 3642 quo
846 3579 1117 3642 petamus,
1169 3579 1224 3625 ut
1275 3570 1419 3643 quod
1466 3586 1562 3640 per
1611 3577 1861 3624 naturam

254 3659 342 3714 sui
371 3666 620 3714 sanctum
651 3668 754 3725 est,
797 3657 1163 3716 sanctificatur
1212 3667 1263 3714 et
1309 3659 1363 3713 in
1409 3658 1587 3713 nobis.
1640 3660 1762 3729 Ego
1810 3667 1862 3714 et

251 3763 403 3804 nunc
436 3749 704 3820 Propheta
733 3748 968 3819 postulat
1000 3755 1058 3803 ut
1087 3749 1172 3805 via
1201 3748 1322 3817 Dei,
1349 3763 1469 3821 quae
1501 3764 1600 3820 per
1631 3764 1691 3804 se
1712 3756 1864 3806 recta

255 3847 366 3903 est,
401 3837 566 3893 etiam
597 3837 699 3892 sibi
728 3847 875 3895 recta
905 3837 1015 3894 ﬁat.

322 3953 497 4009 Vens.
535 3957 619 4009 10.
657 3983 724 3994 -
757 3954 1034 4022 Quoniam
1064 3971 1180 4011 non
1210 3958 1295 4010 est
1322 3955 1385 4010 in
1413 3971 1526 4024 ore,
1561 3962 1667 4011 etc.
1701 3953 1857 4024 Quo-

258 4043 428 4098 modo
457 4050 636 4114 potest
667 4059 789 4098 esse
817 4043 873 4098 in
902 4059 996 4100 ore
1025 4059 1214 4100 eorum
1243 4043 1464 4114 veritas,
1506 4059 1736 4118 quorum
1766 4057 1860 4100 cor

247 4131 456 4188 fallitur
485 4131 554 4187 de
587 4139 830 4203 peccato,
863 4140 916 4188 et
945 4147 1109 4204 poena
1137 4133 1351 4204 peccati
1377 4132 1406 4186 ?

319 4238 465 4293 Vens
529 4238 1062 4312 H.-Sepulcrum,
1098 4246 1200 4295 etc.
1233 4237 1569 4294 Adulatores
1599 4247 1651 4295 et
1671 4240 1855 4297 hare-

248 4326 343 4382 tici
373 4328 636 4400 sepulcra
661 4329 923 4400 patentia
951 4327 1224 4395 dicuntur,
1259 4328 1387 4399 quia
1420 4344 1546 4385 cum
1596 4328 1702 4400 ipsi
1753 4329 1862 4384 sint

247 4416 453 4472 mortui
479 4415 643 4472 vitam
671 4432 780 4471 non
809 4416 1061 4472 habendo
1092 4416 1360 4484 veritatis,
1394 4425 1640 4473 mortuos
1694 4417 1748 4473 in
1802 4433 1861 4472 se

251 4504 546 4576 recipiunt,
597 4520 735 4576 quos
793 4505 978 4560 verbis
1024 4505 1381 4562 mendacibus
1428 4514 1644 4562 necant.
1697 4495 1980 4576 QuodD,

251 4601 439 4648 autem
468 4593 540 4648 ait
573 4610 586 4647 :
620 4593 821 4650 Judica
850 4595 998 4661 illos,
1033 4595 1197 4662 Deus,
1222 4609 1332 4650 non
1362 4603 1507 4668 optat
1536 4603 1595 4650 ut
1624 4594 1857 4663 eveniat,

253 4683 360 4737 sed
391 4683 565 4738 cernit
594 4682 722 4754 quid
752 4690 1042 4739 venturum
1073 4683 1159 4739 sit.
1211 4686 1214 4689 ’

324 4771 616 4838 Decidant,
660 4779 764 4828 etc.
790 4773 1061 4829 Decidant
1093 4772 1481 4830 accusantibus
1503 4789 1562 4828 se
1577 4771 1861 4846 cogitatio-

255 4858 422 4914 nibus
455 4860 588 4928 suis,
633 4862 972 4918 conscientia
1020 4878 1119 4918 sua
1152 4879 1164 4917 :
1199 4871 1251 4918 et
1283 4862 1411 4935 quia
1456 4861 1685 4916 multum
1736 4868 1863 4916 sunt

257 4949 432 5022 impii,
465 4950 694 5005 multum
725 4951 890 5024 longe
924 4966 1019 5007 e03
1049 4952 1262 5023 expelle
1299 4952 1371 5006 ab
1399 4951 1492 5006 illa
1522 4950 1856 5019 haereditate,

255 5057 379 5113 qua:
409 5039 771 5112 intelligendo
804 5049 855 5096 et
885 5041 1122 5096 videndo
1152 5041 1270 5097 Deo
1297 5040 1628 5112 possidetur.

323 5128 495 5182 Vens.
523 5131 608 5183 12.
643 5159 712 5169 —
743 5132 813 5185 Et
836 5131 1122 5196 laetentur,
1148 5137 1252 5186 etc.
1279 5131 1400 5202 Ipse
1420 5144 1556 5202 ergo
1590 5128 1693 5185 erit
1710 5135 1864 5185 aeter-

251 5233 323 5272 na
351 5215 660 5281 exsultatio,
692 5233 794 5274 ceu
824 5219 1082 5290 templum
1117 5218 1215 5274 Dei
1246 5217 1379 5274 ﬁunt
1401 5218 1556 5288 justi.

328 5309 396 5362 Et
424 5306 844 5378 gloriabuntur,
876 5314 979 5364 etc.
1010 5309 1140 5364 Hec
1167 5315 1250 5364 est
1266 5307 1574 5364 benedictio
1600 5325 1612 5362 :
1635 5307 1861 5382 gloriari

251 5396 307 5450 in
334 5396 452 5451 Deo
485 5404 538 5451 et
567 5395 796 5451 habitari
825 5411 858 5452 a
905 5398 1040 5452 Deo.

321 5505 495 5560 Vens.
515 5509 600 5560 13.
625 5536 696 5548 -
713 5508 966 5573 Domine,
984 5513 1050 5563 ut
1065 5512 1223 5565 scuto
1237 5509 1390 5564 bona:
1404 5509 1733 5573 voluntatis,
1751 5516 1856 5564 etc.

253 5593 398 5650 Bona
429 5594 678 5651 voluntas
709 5595 808 5652 Dei
837 5596 1096 5667 praecedit
1125 5605 1364 5652 nostram
1412 5597 1764 5682 voluntatem,
1806 5604 1862 5652 ut

253 5691 573 5753 peccatores
606 5692 759 5741 vocet
790 5685 844 5739 in
875 5685 1269 5756 prenitentiam.
1302 5687 1370 5742 Et
1385 5686 1505 5758 ipsa
1530 5694 1653 5742 sunt
1684 5701 1856 5757 arma,

1965 1861 2083 1908 ctus
2112 1861 2214 1920 est,
2248 1853 2340 1923 qui
2371 1853 2685 1908 varietatem
2715 1853 2871 1908 istam
2911 1869 3019 1908 non
3051 1853 3289 1921 habebit,
3331 1853 3423 1926 qui
3451 1868 3567 1908 me-

1965 1941 2086 1996 ritis
2110 1941 2357 1995 tribuens
2387 1941 2534 2012 quod
2563 1941 2813 2010 debetur,
2855 1943 2925 1996 ad
2962 1942 3130 1997 vitam
3157 1950 3417 1997 aeternam
3448 1955 3569 1996 san-

1965 2037 2084 2086 ctos
2141 2027 2417 2095 transfert,
2486 2028 2682 2100 impios
2731 2046 2860 2085 vero
2909 2030 3133 2085 damnat
3173 2030 3230 2085 in
3277 2037 3564 2086 aeternum.

1966 2117 2143 2187 Quam
2173 2117 2577 2173 damnationem
2605 2127 2853 2174 metuens
2881 2127 3005 2173 orat
3034 2119 3304 2182 Ecclesia,
3336 2119 3528 2176 dicens
3553 2137 3566 2174 :

2035 2207 2208 2262 Vens.
2242 2211 2296 2264 2.
2328 2237 2398 2246 -
2425 2209 2679 2273 Domine,
2711 2225 2782 2262 ne
2812 2209 2874 2262 in
2894 2211 3089 2280 furore
3121 2213 3235 2275 tuo,
3261 2215 3364 2265 etc.
3397 2208 3458 2262 In
3478 2207 3567 2265 die

1958 2295 2150 2366 judicii
2179 2299 2523 2367 arguuntur,
2555 2295 2612 2350 id
2641 2304 2724 2350 est
2753 2305 3078 2352 accusantur
3106 2313 3317 2362 omnes,
3351 2296 3444 2368 qui
3457 2311 3568 2352 non

1965 2385 2169 2440 habent
2197 2383 2628 2450 fundamentum,
2662 2386 2808 2455 quod
2829 2393 2912 2440 est
2940 2386 3209 2440 Christus.
3247 2386 3568 2458 Corripiun-

1968 2479 2064 2530 tur
2091 2481 2294 2539 autem,
2327 2473 2383 2529 id
2412 2481 2494 2528 est
2537 2480 2862 2546 purgantur,
2909 2474 3000 2546 qui
3044 2474 3172 2530 huic
3212 2473 3566 2529 fundamento

1967 2561 2404 2634 superaediﬁcant
2458 2562 2626 2635 ligna,
2683 2561 2891 2629 fenum,
2952 2563 3228 2634 stipulam,
3277 2571 3331 2618 et
3385 2571 3567 2617 tamen

1967 2651 2103 2707 salvi
2133 2658 2288 2706 erunt
2320 2651 2474 2724 quasi
2506 2667 2604 2722 per
2633 2651 2838 2724 ignem.
2874 2652 2982 2706 Iste
3014 2661 3196 2708 autem
3238 2660 3378 2718 orat,
3424 2659 3481 2707 ut
3509 2650 3566 2706 in

1966 2741 2048 2796 ira
2075 2740 2295 2797 Domini
2327 2756 2430 2796 nec
2457 2740 2766 2812 damnetur,
2818 2756 2922 2797 nec
2968 2741 3307 2808 emendetur,
3351 2739 3450 2795 sed
3495 2739 3565 2795 ita

1967 2829 2056 2886 hic
2083 2829 2326 2901 perfecte
2357 2837 2595 2897 sanetur,
2629 2837 2686 2884 ut
2717 2845 2824 2884 non
2851 2829 3025 2885 solum
3074 2838 3306 2885 mortem
3334 2845 3444 2885 non
3495 2829 3565 2885 ti-

1966 2926 2129 2988 meat,
2163 2918 2262 2973 sed
2290 2933 2393 2974 nec
2423 2918 2652 2987 urentis,
2711 2926 2801 2972 aut
2848 2919 3084 2974 secantis
3126 2918 3326 2976 medici
3373 2936 3565 2976 manus

1968 3007 2248 3062 sustineat.
2282 3007 2535 3079 Sequitur
2563 3007 2746 3079 itaque
2777 3015 2830 3063 et
2858 3007 2986 3063 dicit
3018 3025 3031 3062 :

2040 3097 2211 3152 Vens.
2245 3099 2298 3151 3.
2341 3126 2411 3136 —
2451 3097 2707 3152 Miserere
2736 3097 2867 3162 mei,
2900 3099 3066 3161 Deus,
3101 3103 3206 3153 etc.
3255 3096 3315 3152 Id
3343 3104 3425 3153 est
3468 3095 3563 3152 ﬁr-

1964 3192 2296 3241 mamentum
2326 3183 2520 3241 animae
2549 3184 2635 3240 vel
2653 3183 2906 3240 fortitudo
2931 3201 2945 3240 :
2971 3185 3074 3242 hoc
3095 3185 3240 3241 enim
3261 3201 3385 3243 ossa
3405 3185 3569 3258 signi-

1963 3272 2149 3330 ﬁcant.
2204 3273 2549 3346 Quapropter
2593 3273 2662 3328 ad
2711 3273 3102 3345 expositionem
3147 3275 3378 3346 pertinet
3421 3275 3567 3348 quod

1964 3370 2216 3426 subditur
2247 3388 2259 3425 :

2035 3469 2206 3524 Vens.
2254 3469 2302 3522 ι.
2346 3497 2414 3510 --
2454 3469 2522 3524 Et
2552 3469 2749 3524 anima
2777 3485 2922 3536 mea,
2966 3478 3070 3526 etc.
3104 3469 3239 3538 Quis
3269 3486 3378 3526 non
3409 3469 3566 3527 intel-

1963 3556 2095 3632 ligat
2123 3556 2356 3613 animam
2388 3557 2684 3612 luctantem
2715 3573 2839 3613 cum
2867 3558 3073 3613 morbis
3105 3559 3238 3625 suis,
3266 3560 3356 3615 diu
3385 3567 3568 3616 autem

1963 3647 2181 3702 dilatam
2210 3661 2241 3701 a
2270 3645 2502 3714 medico,
2536 3652 2594 3700 ut
2621 3645 2672 3700 ei
2699 3647 3119 3716 persuaderetur
3149 3647 3205 3701 in
3255 3664 3376 3720 quae
3423 3648 3567 3704 mala

1961 3735 2240 3807 peccando
2271 3751 2329 3789 se
2359 3733 2782 3806 praecipitaverit
2801 3736 2827 3790 ‘2
2857 3734 3018 3804 Quod
3047 3735 3193 3790 enim
3223 3735 3383 3792 facile
3412 3752 3569 3792 sana-

1963 3830 2072 3890 tur,
2104 3839 2212 3879 non
2241 3823 2470 3878 multum
2515 3830 2756 3879 cavetur.
2789 3825 2869 3880 Ex
2899 3823 3212 3880 difficultate
3258 3831 3439 3880 autem
3470 3839 3564 3880 sa-

1960 3912 2195 3968 nationis
2224 3911 2327 3967 erit
2353 3910 2665 3984 diligentior
2695 3912 2937 3968 custodia
2967 3919 3202 3984 receptae
3230 3911 3490 3968 sanitatis.

2033 4002 2202 4058 Vens.
2239 4004 2289 4056 5.
2315 4029 2384 4041 —
2407 4000 2756 4068 Convertere,
2791 4001 3041 4067 Domine,
3075 4009 3180 4058 etc.
3233 4001 3567 4058 Convertens

1962 4105 2022 4146 se
2051 4098 2188 4157 orat,
2219 4098 2277 4145 ut
2305 4088 2376 4145 ad
2406 4103 2530 4144 eum
2557 4098 2902 4146 convertatur
2931 4099 2985 4146 et
3001 4093 3172 4160 Deus,
3205 4091 3346 4148 sicut
3361 4091 3565 4149 dictum

1962 4186 2046 4235 est
2076 4196 2088 4232 :
2127 4177 2536 4236 Convertimini
2563 4177 2636 4234 ad
2663 4195 2771 4247 me,
2806 4184 2863 4236 et
2900 4185 3201 4238 convertar
3227 4181 3301 4238 ad
3331 4197 3442 4248 vos,
3475 4179 3564 4236 di-

1961 4270 2039 4325 cit
2077 4269 2371 4325 Dominus.

2034 4357 2202 4412 Vens.
2228 4359 2280 4412 6.
2303 4388 2374 4398 —
2398 4359 2678 4428 Quoniam
2707 4373 2823 4415 non
2852 4363 2956 4424 est,
2991 4365 3096 4414 etc.
3130 4355 3390 4430 Intelligit
3419 4369 3566 4413 nunc

1966 4460 2088 4500 esse
2117 4453 2330 4516 tempus
2359 4447 2755 4514 conversionis,
2787 4445 2936 4519 quia,
2968 4461 3093 4502 cum
3122 4447 3226 4502 ista
3254 4445 3362 4502 vita
3389 4452 3566 4500 trans-

1965 4533 2106 4603 ierit,
2138 4549 2246 4589 non
2289 4542 2458 4590 restat
2502 4534 2606 4589 nisi
2653 4534 2936 4590 retributio
2983 4534 3330 4590 meritorum.
3382 4535 3568 4590 Potest

1966 4621 2131 4678 etiam
2175 4621 2306 4677 illud
2353 4623 2600 4695 intelligi,
2653 4631 2712 4678 ut
2753 4627 2994 4679 mortem
3040 4630 3198 4679 vocet
3241 4631 3562 4696 peccatum,

1963 4710 2109 4783 quod
2138 4717 2449 4783 contempta
2479 4711 2600 4783 lege
2622 4711 2721 4766 Dei
2752 4709 3120 4767 committitur.
3149 4712 3208 4768 In
3238 4728 3347 4786 qua
3365 4722 3563 4786 morte,

1962 4799 2069 4855 hoc
2101 4807 2202 4865 est,
2237 4816 2359 4855 esse
2403 4799 2780 4856 immemorem
2812 4799 2933 4867 Dei,
2967 4800 3150 4874 legem
3195 4808 3248 4856 et
3293 4811 3567 4875 praecepta

1963 4895 2334 4954 contemnere,
2369 4896 2424 4943 ut
2453 4889 2752 4961 infernum
2789 4889 2986 4945 dixerit
3031 4889 3332 4946 caecitatem
3375 4891 3561 4961 animi,

1964 4992 2082 5047 quae
2129 4985 2466 5048 peccantem,
2513 4977 2568 5032 id
2613 4985 2698 5034 est
2743 4978 3069 5034 morientem
3115 4977 3336 5050 excipit,
3386 4986 3441 5036 et
3484 4979 3566 5036 in-

1963 5065 2148 5121 volvit.
2182 5065 2266 5120 Ab
2297 5064 2402 5120 ista
2430 5073 2606 5121 morte
2653 5075 2707 5121 et
2754 5067 2823 5122 ab
2866 5067 2972 5122 isto
3019 5066 3234 5122 inferno
3284 5075 3456 5124 tutam
3505 5087 3566 5127 se

1961 5153 2190 5226 praeberi
2223 5153 2408 5209 anima
2454 5155 2803 5226 deprecatur,
2836 5156 2967 5211 dum
3006 5155 3225 5212 molitur
3251 5157 3566 5215 conversio-

1961 5257 2086 5297 nem
2117 5242 2187 5296 ad
2219 5242 2530 5312 Dominum,
2563 5253 2616 5300 et
2643 5245 2805 5301 sentit
2831 5243 3200 5302 difﬁcultates.
3221 5243 3567 5321 Quapropter

1961 5331 2199 5387 contexit
2229 5331 2422 5389 dicens
2475 5351 2489 5387 :

2030 5420 2202 5477 Vens.
2225 5423 2657 5489 7.—Laboravi,
2675 5431 2780 5480 etc.
2799 5425 3001 5483 Lectus
3041 5434 3123 5484 est
3142 5427 3248 5485 hoc
3267 5427 3322 5482 in
3343 5426 3464 5482 loco
3475 5439 3568 5496 ap-

1963 5508 2214 5580 pellatus,
2245 5509 2337 5566 ubi
2368 5510 2662 5582 requiescit
2691 5513 2904 5569 animus
2933 5532 3084 5590 aeger
3127 5524 3180 5572 et
3207 5514 3476 5583 infirmus,
3509 5511 3563 5567 id

1960 5605 2044 5653 est
2073 5598 2128 5653 in
2160 5600 2436 5671 voluptate
2471 5601 2721 5673 corporis
2768 5611 2820 5658 et
2850 5603 2998 5659 omni
3046 5603 3406 5660 delectatione
3455 5616 3562 5658 sae-

1959 5687 2148 5755 Culari,
2181 5705 2342 5762 quem
2373 5691 2627 5748 lacrimis
2659 5693 2828 5758 lavat,
2863 5692 2955 5765 qui
2985 5709 3044 5747 se
3084 5693 3152 5748 ab
3187 5692 3280 5748 illo
3337 5698 3563 5748 conatur
