3998 6188
385 257 489 313 ’763

898 257 1302 317 WALAFRIDI
1339 259 1583 317 STRABI
1619 259 1819 318 FULD.
1860 258 2034 316 MON.
2075 258 2228 316 OPP.
2269 259 2444 316 PARS
2482 261 2524 316 l.
2565 288 2635 302 -—
2670 257 3142 316 THEOLOGICA.

3574 259 3680 314 76L

388 379 689 451 extrahere,
721 386 777 438 et
805 389 1057 455 tanquam
1088 382 1203 439 dies
1243 391 1294 439 et
1322 391 1509 440 noctes
1542 382 1755 440 alterno
1795 382 1992 441 aﬁ‘ectu
2020 384 2076 446 A
2098 384 2224 453 rint,
2274 392 2458 440 tamen
2501 382 2560 439 in
2587 389 2783 439 natura
2828 397 2929 438 sua
2956 382 3088 440 boni
3117 397 3152 439 a
3182 381 3301 440 Deo
3333 382 3505 439 creati
3534 388 3693 438 sunt:

390 470 607 543 cogitur
632 471 745 541 pati
779 488 794 526 :
825 477 902 540 ut,
935 487 1059 527 cum
1086 470 1218 527 dicit
1247 490 1260 526 :
1293 476 1483 529 mente
1512 473 1692 529 servio
1724 474 1835 545 legi
1861 474 1982 542 Dei,

386 566 641 631 tanquam
670 558 815 614 diem
845 559 1038 614 sentiat
1068 576 1081 615 :
1114 575 1305 616 rursus
1326 576 1448 617 cum
1478 560 1611 617 dicit
1641 579 1654 616 :
1688 578 1861 618 carne
1890 578 1986 618 au-

388 651 506 703 tem
537 648 644 720 legi
671 650 904 720 peccati,
939 647 1226 704 inclinetur
1253 649 1310 705 in
1335 657 1572 720 noctem,
1603 650 1778 706 donec
1807 650 1986 708 omnis

384 750 493 791 nox
521 743 782 806 transeat,
815 744 869 791 et
896 736 1075 792 veniat
1119 753 1262 793 unus
1289 738 1426 808 dies,
1471 738 1540 795 de
1583 754 1690 810 quo
1737 739 1981 796 dicitur:

385 841 555 881 mane
584 825 813 881 adstabo
845 826 965 882 tibi.
997 827 1112 883 Hoc
1141 835 1325 882 autem
1365 827 1661 899 accipimus
1707 831 1977 896 stratum,

385 913 532 985 quod
561 922 613 968 et
640 912 838 970 lectum
875 931 887 969 :
921 931 1230 988 quanquam
1261 916 1450 988 rigabo
1480 916 1713 987 amplius
1761 916 1829 972 sit
1876 916 1980 972 ali-

384 1001 512 1073 quid
544 1018 706 1073 quam
725 1003 913 1059 lavabo
947 1020 960 1058 :
993 1004 1247 1076 quoniam
1277 1012 1456 1075 potest
1477 1004 1678 1078 aliquid
1709 1005 1765 1059 in
1794 1021 1983 1077 super-

382 1087 503 1145 ﬁcie
530 1089 722 1157 lavari,
754 1091 952 1163 rigatio
982 1107 1114 1148 vero
1144 1093 1214 1148 ad
1260 1093 1519 1149 interiora
1545 1093 1800 1164 pertinet,
1835 1094 1982 1167 quod

379 1176 654 1249 signiﬁcat
682 1178 899 1235 ﬂectum
928 1197 1100 1252 usque
1128 1181 1195 1235 ad
1225 1182 1408 1237 cordis
1453 1181 1657 1237 intima.

452 1265 629 1323 Vnus.
671 1272 723 1324 8.
754 1298 826 1309 —
861 1270 1132 1327 Turbatus
1160 1274 1264 1336 est,
1297 1277 1402 1327 etc.
1445 1271 1673 1343 Propter
1700 1270 1833 1325 iram
1861 1270 1979 1327 Do-

378 1355 513 1412 mini
542 1358 771 1414 oculum
800 1358 980 1414 cordis
1035 1358 1119 1414 sui
1149 1358 1437 1431 proﬁtetur
1486 1375 1610 1415 esse
1661 1360 1975 1417 turbatum.

377 1444 522 1515 Quid
551 1446 698 1503 enim
729 1445 1133 1504 formidolosius
1163 1464 1324 1520 quam
1371 1448 1522 1504 illum
1552 1448 1737 1516 irasci,
1786 1448 1899 1522 qui,
1933 1448 1981 1505 si

376 1549 489 1590 non
514 1533 823 1605 miseretur,
859 1536 1199 1610 exstinguit?
1220 1536 1487 1609 Quodque
1509 1535 1805 1610 subjungit,
1825 1538 1981 1594 inve-

381 1625 557 1681 teravi
576 1626 729 1681 inter
749 1642 940 1682 omnes
960 1627 1221 1683 inimicos
1236 1642 1405 1697 meos,
1429 1626 1635 1683 invenit
1649 1642 1711 1682 se
1726 1625 1979 1684 omnibus

376 1712 521 1768 vitiis
553 1729 676 1769 esse
703 1714 975 1782 vallatum,
1010 1732 1130 1787 qua:
1158 1715 1413 1787 quoniam
1441 1715 1644 1771 veteris
1673 1715 1798 1772 vitae
1831 1722 1973 1785 sunt,

376 1809 431 1857 et
458 1801 657 1859 veteris
686 1803 939 1869 hominis,
972 1820 1080 1876 quo
1109 1804 1342 1859 exuendi
1385 1820 1575 1860 sumus
1601 1810 1659 1859 ut
1686 1803 1977 1859 induamur

375 1905 540 1957 novo,
574 1898 719 1947 recte
750 1890 951 1947 dictum
982 1899 1065 1947 est
1094 1910 1108 1947 :
1141 1893 1473 1949 inveteravi.
1508 1894 1574 1948 In
1593 1894 1851 1950 omnibus
1878 1907 1975 1949 au-

376 1985 488 2034 tem
508 1980 759 2036 inimicis
785 1982 948 2047 meis,
972 1980 1061 2037 vel
1088 1980 1229 2037 inter
1248 1980 1365 2053 ipsa
1393 1979 1518 2037 vitia
1548 1981 1695 2051 dicit,
1728 1980 1815 2037 vel
1834 1980 1976 2037 inter

375 2067 645 2135 homines,
681 2067 774 2140 qui
803 2068 993 2125 nolunt
1022 2068 1091 2125 ad
1121 2070 1294 2125 Deum
1334 2069 1597 2126 converti.
1640 2070 1779 2125 Nam
1826 2069 1958 2125 ethi

374 2164 589 2221 etiamsi
615 2165 885 2234 nesciunt,
921 2165 1135 2222 etiamsi
1161 2175 1414 2239 parcunt,
1447 2175 1631 2224 tamen
1677 2165 1974 2223 intentione

373 2253 641 2310 contraria
669 2254 873 2311 inimici
902 2263 1027 2311 sunt
1056 2256 1136 2312 eis
1167 2256 1257 2328 qui
1302 2271 1361 2312 se
1407 2256 1478 2312 ad
1517 2257 1692 2312 Deum
1738 2271 1974 2312 conver-

372 2349 509 2400 tunt.
542 2342 745 2399 Verum
777 2344 867 2417 qui
894 2344 1056 2399 inane
1103 2360 1214 2400 non
1258 2351 1438 2417 potest
1478 2344 1621 2416 es’se,
1674 2343 1819 2418 quod
1866 2352 1976 2401 tam

372 2432 725 2488 vehementer
753 2440 996 2506 rogatur,
1048 2433 1140 2506 qui
1170 2433 1292 2490 fons
1338 2442 1420 2490 est
1467 2434 1710 2490 omnium
1755 2433 1974 2489 miseri-

367 2520 697 2589 cordiarum,
739 2522 1135 2597 verissimeque
1156 2523 1361 2579 dictum
1391 2531 1474 2579 est
1506 2541 1519 2579 :
1545 2539 1719 2597 prope
1749 2527 1835 2580 est
1862 2524 1974 2581 Do-

367 2618 561 2674 minus
590 2618 813 2674 obtritis
842 2617 1026 2687 corde,
1056 2626 1180 2689 post
1209 2626 1386 2673 tantas
1425 2616 1771 2676 difﬁcultates
1800 2636 1974 2676 exau-

370 2705 538 2762 ditem
568 2722 626 2762 se
657 2706 834 2761 anima
864 2705 952 2778 pia
980 2705 1295 2779 signiﬁcans
1323 2706 1507 2779 (quam
1536 2707 1661 2764 licet
1690 2708 1854 2764 etiam
1872 2710 1975 2766 Ec-

366 2792 594 2851 clesiam
626 2794 977 2868 intelligere),
1012 2794 1134 2851 vide
1167 2795 1296 2867 quid
1325 2795 1570 2867 adjungit
1602 2813 1616 2850 :

434 2884 607 2941 Vens.
641 2887 694 2939 9.
727 2914 797 2926 —-
824 2884 1106 2941 Discedite
1132 2902 1168 2940 a
1196 2901 1304 2950 me,
1339 2892 1445 2941 etc.
1465 2883 1566 2942 Vel
1594 2883 1651 2939 in
1678 2883 1973 2957 prophetia

364 2971 569 3029 dictum
586 2980 669 3028 est
702 2990 716 3028 :
748 2974 1066 3029 Discessuri
1086 2972 1239 3028 enim
1269 2976 1426 3043 sunt,
1450 2972 1505 3028 id
1534 2981 1617 3028 est
1637 2972 1977 3045 separaban-

362 3068 453 3118 tur
479 3076 513 3116 a
536 3060 699 3130 justis
755 3060 926 3131 impii,
987 3075 1111 3116 cum
1159 3059 1349 3130 judicii
1406 3060 1525 3117 dies
1580 3062 1837 3117 venerit:
1872 3062 1957 3119 vel

362 3173 527 3224 nunc,
563 3157 689 3230 quia
719 3156 933 3213 etiamsi
962 3156 1172 3229 pariter
1201 3165 1364 3230 atque
1392 3157 1589 3214 iisdem
1618 3159 1970 3216 conventicu-

362 3245 430 3302 lis
459 3245 837 3313 continentur;
872 3252 1054 3301 tamen
1080 3245 1135 3301 in
1166 3261 1297 3302 area
1345 3247 1489 3303 nuda
1512 3247 1627 3318 jam
1671 3263 1845 3321 grana
1873 3263 1967 3304 se-

261 3344 276 3355 '
361 3340 626 3406 parantur
655 3350 686 3388 a
712 3334 906 3405 paleis,
942 3349 1250 3407 quanquam
1280 3335 1420 3391 inter
1453 3336 1641 3408 paleas
1670 3336 1891 3394 lateant.

434 3421 742 3480 Exaudivit
768 3423 1062 3490 Dominus,
1099 3430 1203 3480 etc.
1239 3422 1414 3479 Cebra
1446 3424 1692 3494 ejusdem
1734 3432 1961 3481 senten-

359 3510 447 3568 tiae
474 3510 704 3583 repetito
734 3526 844 3567 non
895 3511 1050 3585 quasi
1097 3513 1366 3584 narrantis
1408 3512 1817 3582 necessitatem,
1866 3513 1966 3570 sed

358 3598 618 3657 affectum
647 3600 964 3656 exsultantis
994 3601 1248 3658 ostendit.

428 3689 600 3747 Vnus.
637 3693 723 3746 10.
754 3720 825 3731 --
855 3690 1219 3759 Erubescant,
1255 3697 1359 3747 etc.
1393 3691 1509 3748 Hoc
1535 3690 1630 3748 illo
1650 3690 1740 3748 die
1769 3689 1965 3763 imple-

357 3779 516 3849 bitur,
550 3795 676 3837 cum
703 3778 1044 3835 manifestata
1090 3778 1290 3836 fuerint
1312 3781 1586 3850 justorum
1634 3780 1877 3852 praemia,
1910 3786 1964 3836 et

356 3868 623 3941 supplicia
653 3876 1028 3940 peccatorum.
1061 3869 1200 3924 Nam
1232 3884 1407 3942 usque
1421 3870 1560 3926 adeo
1590 3886 1701 3926 non
1727 3868 1961 3925 erubes-

353 3964 484 4014 cunt
512 3957 683 4030 impii,
714 3965 775 4013 ut
801 3957 960 4013 nobis
988 3957 1249 4013 insultare
1278 3973 1388 4014 non
1420 3958 1693 4014 desinant.

425 4044 752 4119 Quanquam
781 4053 835 4102 et
863 4046 998 4103 illud
1027 4046 1117 4103 hic
1145 4045 1321 4118 accipi
1348 4054 1546 4118 potest,
1578 4055 1637 4103 ut
1661 4046 1796 4117 jam,
1831 4044 1960 4117 quia

353 4143 665 4207 gementem
695 4142 750 4191 et
778 4142 887 4189 tam
916 4150 1062 4205 saepe
1102 4132 1302 4206 diuque
1348 4134 1568 4191 ﬂentem
1598 4136 1748 4191 Deus
1795 4148 1958 4190 exau-

352 4224 504 4294 divit,
553 4223 891 4296 intelligatur
938 4222 1168 4277 liberata
1215 4237 1249 4277 a
1293 4223 1532 4294 peccatis
1584 4239 1746 4280 orare
1792 4221 1958 4278 etiam

352 4328 453 4386 pro
481 4312 739 4380 inimicis,
774 4320 832 4368 ut
861 4312 929 4367 de
959 4311 1197 4383 peccatis
1230 4310 1344 4366 suis
1373 4321 1541 4384 agant
1579 4311 1958 4385 paenitentiam

353 4401 523 4475 (quod
554 4401 674 4458 sine
705 4400 1026 4458 confusione
1055 4406 1109 4455 et
1128 4399 1540 4458 conturbatione
1570 4401 1690 4460 ﬁeri
1719 4418 1830 4459 non
1856 4416 1955 4475 po—

350 4504 476 4573 test)
506 4507 561 4558 et
588 4507 978 4558 convertantur
1006 4498 1076 4553 ad
1103 4498 1860 4575 Dominum,erubescantque
1890 4518 1951 4558 se

2083 473 2140 529 hi
2168 473 2314 529 enim
2342 473 2610 530 adversus
2639 472 2916 528 Christum
2944 479 2999 527 et
3023 471 3332 528 Ecclesium
3351 470 3407 528 in
3436 486 3697 544 persecu-

2083 561 2229 619 tione
2258 562 2379 634 pari
2408 576 2682 619 consensu
2711 561 3189 634 conspiraverunt.

2152 678 2324 734 Vnus.
2361 680 2412 748 1,
2442 681 2498 735 2.
2530 707 2599 717 —
2628 676 2867 733 Domine
2897 677 3045 733 Deus
3074 692 3252 742 meus,
3275 676 3341 731 in
3370 680 3427 732 te
3446 677 3692 750 speravi,

2083 773 2186 822 etc.
2220 767 2296 823 Ne
2327 765 2547 839 quando
2577 766 2791 838 rapiat,
2844 771 2948 820 etc.
2999 763 3142 820 Dicit
3191 763 3474 836 apostolus
3518 781 3535 820 :
3584 764 3697 821 Ad-

2081 856 2367 912 versarius
2397 858 2580 910 vester
2608 853 2860 910 diabolus
2891 857 3173 926 tanquam
3197 853 3280 910 leo
3309 854 3545 925 rugiens
3573 854 3694 910 cir-

2080 946 2222 1011 cuit,
2256 960 2512 1017 quaerens
2542 960 2708 1016 quem
2737 942 2978 999 devoret.
2999 944 3187 1014 Itaque
3216 957 3338 998 cum
3367 941 3578 999 diceret
3595 958 3698 1015 per

2079 1032 2345 1104 pluralem
2364 1048 2651 1087 numerum
2678 1049 2692 1085 :
2718 1032 2937 1088 salvum
2966 1048 3058 1087 me
3084 1034 3177 1103 fac
3189 1047 3263 1087 ea:
3289 1031 3700 1105 omnibus'per-

2077 1122 2437 1195 sequentibus
2472 1120 2922 1194 me,singularem
2942 1127 3132 1192 postea
3165 1120 3343 1176 intulit
3362 1119 3555 1176 dicens
3580 1136 3594 1176 :
3618 1136 3697 1178 ne

2079 1210 2299 1283 quando
2328 1211 2523 1283 rapiat
2551 1213 2614 1265 at
2644 1210 2727 1266 leo
2746 1211 3004 1266 animam
3032 1225 3237 1265 meam.
3256 1209 3382 1265 Non
3412 1210 3562 1265 enim
3579 1209 3694 1266 ait:

2076 1315 2150 1355 ne
2178 1299 2399 1373 quando
2425 1299 2701 1372 rapiant;
2734 1305 2990 1370 tanquam
3039 1296 3129 1354 cui
3157 1312 3265 1355 non
3314 1297 3534 1354 resistat
3576 1300 3695 1369 jam

2077 1387 2321 1459 perfecto
2347 1386 2455 1444 nisi
2483 1387 2700 1444 invidus
2730 1386 3000 1454 diabolus,
3050 1394 3306 1459 superato
3351 1387 3501 1444 omni
3542 1387 3696 1445 bello

2043 1485 2237 1549 -atque
2267 1476 2594 1534 adversitate
2622 1476 2901 1534 vitiorum.
2954 1474 3115 1546 Quod
3144 1484 3326 1532 autem
3358 1476 3643 1549 subjungit
3678 1495 3693 1532 :

2078 1566 2213 1622 dum
2236 1582 2352 1622 non
2387 1569 2473 1623 est
2503 1566 2599 1640 qui
2626 1565 2890 1634 redimat,
2923 1564 2998 1620 ita
3025 1564 3461 1641 intelligendum,
3491 1581 3566 1622 ne
3595 1566 3695 1623 ille

2077 1655 2270 1726 rapiat,
2304 1654 2433 1710 dum
2463 1662 2520 1710 tu
2549 1670 2660 1710 non
2688 1654 2913 1710 redimis
2940 1670 3121 1728 neque
3161 1653 3370 1710 salvum
3415 1653 3578 1713 facis.

2006 1750 2060 1810 B
2150 1761 2320 1816 Vnus.
2353 1762 2406 1816 4.
2438 1791 2509 1802 -
2536 1761 2772 1818 Domine
2801 1763 2950 1817 Deus
2977 1777 3156 1828 meus,
3182 1766 3287 1817 etc.
3323 1759 3483 1830 Quod
3510 1760 3645 1818 dicit
3670 1778 3687 1817 :

2074 1849 2126 1906 si
2152 1849 2292 1922 fecit
2318 1848 2496 1916 istud,
2534 1848 2766 1905 inferius
2795 1850 2925 1924 quid
2953 1849 3022 1905 sit
3049 1848 3290 1923 exponit,
3327 1864 3454 1907 cum
3481 1850 3558 1907 ait
3589 1867 3607 1907 :
3639 1850 3694 1908 si

2075 1941 2163 1995 est
2189 1938 2468 2011 iniquitas
2495 1938 2559 1995 in
2587 1940 2853 1995 manibus
2881 1939 3044 1997 meis.

2146 2054 2317 2112 Vnus.
2373 2057 2426 2111 5.
2456 2084 2527 2097 —
2555 2055 2615 2113 Si
2644 2053 2880 2122 reddidi,
2933 2062 3040 2112 etc.
3072 2053 3195 2110 Non
3224 2053 3295 2110 ait
3328 2071 3344 2109 :
3374 2056 3429 2111 si
3458 2054 3692 2112 reddidi

2074 2144 2439 2215 facientibus,
2473 2144 2571 2199 sed
2592 2145 2880 2201 retribuen
2889 2144 3034 2201 tibus
3049 2143 3195 2201 mihi
3210 2143 3387 2201 mala.
3409 2141 3516 2212 Qui
3536 2138 3689 2201 enim

2074 2232 2344 2303 retribuit,
2371 2231 2487 2303 jam
2517 2232 2722 2306 aliquid
2750 2241 3056 2305 acceperat.
3098 2232 3320 2302 Majoris
3349 2240 3534 2289 autem
3582 2250 3689 2306 pa-

2075 2321 2276 2378 tientiae
2304 2329 2387 2377 est
2415 2337 2517 2379 nec
2537 2321 2588 2378 ei
2615 2321 2758 2377 mala
2777 2322 3100 2393 rependere,
3135 2321 3227 2394 qui
3248 2321 3488 2394 acceptis
3509 2321 3689 2379 bene-

2074 2409 2210 2467 ﬁciis
2239 2409 2478 2466 reddidit
2503 2409 2648 2467 mala
2673 2426 2776 2483 pro
2805 2409 2984 2479 nobis,
3027 2427 3190 2484 quam
3222 2410 3270 2466 si
3296 2410 3445 2467 nullo
3475 2426 3686 2484 accep-

2074 2507 2130 2555 to
2158 2498 2424 2556 beneﬁcio
2452 2516 2655 2557 nocere
2683 2499 2965 2556 voluisset.
2986 2501 3054 2555 Et
3083 2499 3223 2556 bene
3244 2498 3455 2556 addidit
3487 2517 3501 2555 :
3533 2500 3688 2557 deci-

2075 2588 2206 2645 dam
2236 2589 2438 2646 merito
2465 2589 2533 2645 ab
2561 2582 2815 2646 inimicis
2844 2588 2985 2645 meis
3024 2588 3239 2646 inanis.
3272 2588 3505 2645 Inaniter
3534 2589 3684 2645 enim

2076 2692 2136 2732 se
2158 2677 2346 2747 jactat,
2380 2677 2470 2750 qui
2502 2693 2628 2734 cum
2657 2677 2775 2750 ipse
2804 2678 2969 2734 homo
2998 2677 3086 2745 sit,
3130 2677 3278 2750 cupit
3307 2693 3367 2733 se
3395 2677 3467 2733 de
3496 2677 3686 2734 homi-

2074 2781 2144 2820 ne
2173 2766 2450 2822 vindicare
2483 2783 2497 2821 :
2529 2775 2728 2823 etcum
2756 2781 3018 2838 superare
3036 2765 3313 2823 hominem
3328 2766 3513 2838 palam
3531 2783 3687 2840 que-

2074 2854 2163 2924 rit,
2195 2855 2408 2911 occulte
2437 2870 2472 2912 a
2491 2854 2712 2912 diabolo
2742 2864 3049 2927 superatur,
3072 2855 3266 2912 inanis
3294 2854 3520 2913 effectus
3536 2871 3688 2912 vana

2075 2951 2129 2998 et
2174 2944 2413 3014 superba
2457 2940 2679 3012 laetitia,
2722 2943 2867 3016 quod
2922 2943 3078 3016 quasi
3124 2944 3270 3001 vinci
3313 2959 3424 3000 non
3480 2945 3679 3016 potuit.

2074 3031 2389 3105 Intelligens
2420 3049 2552 3106 ergo
2584 3032 2707 3102 ista,
2740 3032 2834 3088 ubi
2879 3032 3065 3102 major.
3101 3030 3194 3088 ﬁat
3240 3033 3488 3106 victoria,
3537 3034 3681 3090 iram

1980 3106 2029 3169 Ο
2056 3121 2236 3191 potius
2268 3137 2432 3194 quam
2463 3121 2744 3177 hominem
2771 3121 2957 3178 vincit.

2137 3227 2311 3284 Vnus.
2332 3231 2385 3284 6.
2427 3257 2499 3269 ——
2526 3229 2909 3301 Persequatur
2926 3228 3218 3296 inimicus,
3238 3237 3343 3286 etc.
3368 3228 3678 3293 Inimicum

2064 3316 2329 3387 nominat,
2363 3333 2527 3389 quem
2583 3317 2839 3389 superius
2886 3318 3105 3375 leonem
3149 3317 3441 3390 appellavit
3488 3336 3504 3373 :
3554 3318 3681 3391 ipse

2065 3404 2212 3459 enim
2239 3405 2478 3461 animam
2506 3406 2878 3478 persequitur,
2911 3414 2965 3461 et
2993 3406 3041 3462 si
3078 3406 3373 3479 deceperit,
3422 3422 3680 3481 compre-

2063 3492 2271 3564 hendit,
2306 3493 2583 3566 vitamque
2613 3494 2731 3564 ejus
2763 3494 3136 3552 conculcando
3167 3500 3385 3552 terram
3419 3494 3564 3563 facit,
3596 3496 3665 3553 ci-

2018 3656 2025 3660 _
2064 3580 2195 3638 bum
2242 3582 2496 3639 videlicet
2544 3598 2723 3640 suum.
2781 3584 2908 3640 Non
2971 3584 3121 3640 enim
3167 3592 3377 3640 tantum
3416 3583 3526 3656 leo,
3572 3586 3675 3642 sed

2064 3671 2227 3726 etiam
2259 3688 2489 3744 serpens
2517 3672 2823 3744 appellatus
2862 3680 2964 3741 est,
2996 3672 3086 3730 cui
3124 3673 3333 3730 dictum
3364 3682 3449 3730 est
3495 3690 3510 3728 :
3555 3679 3675 3731 ter-

2060 3777 2189 3817 ram
2215 3761 2611 3817 manducabis.
2642 3760 2884 3818 Gloriam
2913 3778 3129 3837 quoque
3149 3763 3265 3832 ejus
3293 3764 3359 3819 in
3376 3764 3673 3836 pulverem

2061 3849 2305 3916 deducit,
2339 3865 2500 3922 quem
2530 3849 2744 3921 projicit
2773 3858 2968 3908 ventus
3014 3867 3045 3906 a
3089 3850 3230 3908 facie
3276 3860 3465 3919 terrm,
3515 3852 3669 3924 quod

2059 3945 2142 3997 est
2170 3953 2312 3994 vana
2358 3946 2410 3994 et
2457 3938 2640 4010 inepta
2678 3938 2937 4009 jactantia
2983 3946 3243 4013 tanquam
3288 3947 3450 3998 vento
3493 3940 3671 3997 elatus

2057 4029 2301 4108 pulveris
2341 4035 2562 4108 globus.

2127 4142 2299 4199 Vsus.
2333 4143 2388 4197 7.
2416 4171 2487 4183 —
2511 4143 2787 4216 Exsurge,
2819 4144 3077 4211 Domine,
3108 4150 3215 4200 etc.
3245 4143 3372 4199 Non
3400 4144 3667 4202 adversus

2057 4231 2306 4287 homines
2349 4232 2468 4288 haec
2513 4239 2787 4304 precatur,
2833 4232 2934 4288 sed
2980 4233 3246 4288 adversus
3292 4233 3573 4289 diabolum
3617 4240 3671 4290 et

2055 4320 2283 4393 angelos
2330 4320 2447 4390 ejus
2472 4363 2485 4387 ,
2535 4336 2769 4393 quorum
2816 4320 3095 4393 possessio
3137 4329 3459 4393 peccatores
3504 4330 3667 4394 atque

2054 4408 2208 4481 impii
2236 4409 2485 4466 homines
2517 4418 2663 4478 sunt,
2697 4409 2894 4482 quibus
2936 4426 3097 4482 poena
3127 4417 3230 4482 est,
3262 4426 3388 4467 cum
3418 4409 3668 4467 aufertur

2056 4496 2125 4551 ab
2157 4497 2238 4552 eis
2268 4497 2369 4554 ista
2414 4498 2711 4570 possessio,
2764 4498 2818 4553 in
2863 4514 2968 4571 qua
3015 4498 3282 4555 dominari
3328 4499 3666 4555 desiderant.

349 4588 404 4644 in
451 4588 727 4662 prioribus
773 4586 1016 4645 tenebris
1054 4595 1405 4670 peccatorum
1450 4590 1735 4662 gloriatos.
1797 4590 1955 4661 Quod
2056 4586 2210 4643 Hanc
2237 4603 2454 4658 pmnam
2484 4587 2615 4644 dicit
2641 4589 2793 4644 iram
2822 4588 2925 4644 Dei
2952 4587 3214 4645 adversus
3258 4587 3557 4657 diabolum,
3606 4597 3665 4644 ut

347 4683 532 4734 autem
558 4678 709 4736 addit
741 4695 755 4733 :
788 4677 947 4734 valde
976 4677 1258 4744 velociter,
1274 4686 1367 4733 aut
1414 4679 1483 4735 ad
1514 4680 1755 4753 optantis
1812 4679 1954 4736 aﬁ'e-
2055 4675 2271 4732 desinat
2298 4676 2580 4748 possidere
2605 4677 2752 4748 quod
2798 4676 3062 4749 possidet.
3115 4676 3295 4747 Quam
3334 4677 3653 4749 possessio—

360 4775 527 4836 ctum,
560 4775 651 4824 aut
671 4767 741 4823 ad
786 4765 987 4822 Christi
1006 4765 1308 4837 potentiam
1348 4766 1697 4826 referendum
1718 4776 1819 4837 est,
1865 4769 1959 4841 qui
2054 4780 2180 4820 nem
2201 4764 2334 4820 dixit
2362 4766 2523 4834 ﬁnes,
2554 4765 2647 4820 ubi
2674 4765 2785 4822 vult
2800 4766 2976 4823 Deum
2997 4767 3250 4823 exaltari
3268 4766 3471 4839 potius,
3496 4765 3553 4821 id
3583 4774 3665 4823 est

348 4865 563 4930 gentes,
596 4873 716 4931 quae
746 4874 849 4930 pro
877 4856 1038 4913 idolis
1076 4854 1192 4910 suis
1234 4859 1706 4931 persequebantur
1752 4859 1952 4915 Eccle-
2054 4853 2307 4909 honorari
2339 4863 2392 4910 et
2420 4853 2729 4925 gloriﬁcari,
2780 4870 2946 4926 quam
2975 4855 3273 4923 diabolum,
3325 4854 3459 4910 dum
3510 4855 3663 4927 impii

348 4945 508 5015 siam,
541 4947 613 5001 ad
639 4947 927 5020 Evangelii
956 4948 1120 5004 ﬁdem
1158 4951 1309 5003 tanta
1336 4955 1645 5021 temporum
1674 4946 1953 5005 celeritate
2046 4941 2412 5012 justiﬁcantur
2443 4950 2498 4999 et
2525 4942 2760 5017 migrant
2793 4943 2847 4999 in
2876 4943 3141 5016 templum
3178 4944 3298 5000 Dei.

351 5034 635 5090 convertit.
2121 5033 2396 5105 Exsurge,
2424 5034 2661 5093 Domine
2691 5035 2838 5091 Deus
2867 5049 3047 5101 meus,
3083 5040 3187 5090 etc.
3219 5032 3362 5102 Quia
3390 5032 3664 5089 humilitao

2051 5127 2160 5175 tem
2190 5120 2520 5193 praecepisti,
2552 5120 2770 5177 humilis
2814 5136 3039 5193 appare,
3089 5129 3144 5179 et
3191 5128 3249 5178 tu
3295 5121 3446 5195 prior
3492 5121 3664 5194 imple

850 5168 924 5225 IN
964 5169 1292 5227 PSALMUM
1337 5170 1452 5228 VII.

2077 5168 2160 5175 ""'
2190 5168 2520 5193 r'wvvr“'"!
2552 5168 2769 5177 ”’“’“““’“⁶⁸“’
2814 5168 2974 5193 *ιγ“”’
2991 5168 3039 5188 ν’
3091 5168 3143 5179 ν*
3194 5168 3249 5178 ⁷*
3334 5168 3435 5177 “““’⁹
3492 5168 3571 5177 ’⁵⁸⁸
3612 5168 3664 5178 ’⁷

2074 5209 2196 5291 [uod
2227 5210 2556 5282 praecepisti,
2588 5217 2647 5265 ut
2690 5211 2941 5282 exemplo
2995 5218 3089 5267 tuo
3136 5168 3418 5268 vincentes
3464 5168 3668 5284 sup;-

424 5287 596 5346 Chusi
625 5287 1009 5362 interpretatur
1038 5294 1302 5366 EthiOps,
1351 5293 1625 5368 signiﬁcat
1652 5294 1948 5363 diabolum,

345 5377 433 5436 vel
461 5377 659 5435 Judam
687 5379 1044 5450 proditorem,
1078 5398 1175 5438 seu
1203 5383 1464 5456 populum
1489 5384 1824 5454 Judaorum,
1858 5385 1952 5458 qui

345 5477 469 5540 post
498 5476 782 5541 acceptam
812 5469 1197 5528 beatitudinem
1226 5472 1295 5527 ad
1322 5481 1669 5544 peccatorum
1698 5473 1949 5547 nigredi-

344 5573 471 5614 nem
502 5567 627 5614 sunt
662 5559 934 5616 conversi.
970 5558 1075 5629 Qui
1095 5560 1259 5615 etiam
1273 5560 1428 5630 ﬁlius
1449 5564 1675 5629 Jemini,
1701 5564 1805 5620 hoc
1826 5571 1945 5619 est:

344 5644 484 5703 filius
514 5647 755 5704 dextera:
785 5648 1077 5717 scribitur;
1129 5649 1220 5722 qui
1247 5649 1377 5704 licet
1420 5650 1549 5706 vitio
1580 5666 1679 5706 suo
1728 5652 1948 5707 cecide-

2052 5298 2205 5354 biam
2233 5313 2341 5354 non
2370 5298 2752 5370 possideantur
2779 5315 2810 5355 a
2838 5299 3079 5356 diabolo.

2120 5388 2403 5460 Synagoga
2449 5395 2631 5443 autem
2676 5389 3036 5462 populorum,
3087 5388 3143 5445 id
3187 5396 3271 5445 est
3311 5387 3658 5463 credentium

2047 5492 2148 5548 per
2177 5476 2294 5544 ejus
2322 5476 2678 5532 humilitatem
2723 5475 3030 5546 multitudo,
3063 5476 3140 5533 ita
3188 5492 3311 5533 eum
3339 5478 3660 5534 circumde-

2047 5565 2151 5634 dit,
2183 5572 2241 5618 ut
2269 5563 2555 5620 verissime
2583 5564 2855 5622 diceretur
2886 5582 2899 5621 :
2937 5566 3170 5624 Ccecitas
3201 5583 3277 5623 ea:
3305 5569 3470 5638 parte
3521 5584 3659 5623 con-

2048 5653 2176 5723 tigit
2204 5654 2267 5708 in
2297 5653 2504 5722 Israel,
2541 5654 2712 5710 donec
2744 5655 3042 5727 plenitudo
3069 5656 3329 5727 gentium
3376 5655 3653 5711 intraret.
