4002 6184
322 360 430 412 ’765

1481 353 1734 410 EXPOS.
1767 354 1838 410 IN
1862 353 1969 410 XX
1999 353 2258 410 PRIMOS
2288 353 2626 410 PSALMOS.

3521 358 3624 412 766

391 481 567 536 Vens.
603 484 654 535 8.
689 509 756 522 --
787 482 854 536 Et
880 484 1112 553 propter
1143 481 1306 546 hanc,
1340 488 1444 537 etc.
1487 479 1545 535 Id
1577 487 1658 534 est
1704 486 1923 550 propter
1950 478 2334 540 Afortitudine
2380 479 2520 534 Novi
2578 479 2924 547 Testamenti,
2977 479 3132 551 quasi
3176 494 3343 534 nervo
3394 480 3626 551 quodam

317 571 461 626 hanc
491 569 983 642 congregationem
1012 569 1309 642 regredere
1347 570 1402 624 in
1433 569 1616 634 altum,
1669 570 1815 640 quod
1846 585 1927 623 re-

323 658 600 730 surgendo
632 666 683 713 et
710 659 766 712 in
804 657 1002 714 ccelum
1031 658 1377 714 ascendendo
1425 658 1619 714 fecisse
1663 656 1924 730 intelligi-

324 756 430 803 tur.
463 748 530 802 Et
560 747 702 802 bene
729 747 1075 819 prosequitur
1110 765 1122 802 :

397 855 568 908 Vens.
603 857 655 908 9.
691 883 761 894 —-
789 855 1061 909 Dominus
1081 853 1305 924 judicat
1333 853 1584 925 populos,
1630 862 1734 908 etc.

325 942 452 998 inde
483 950 745 998 venturus
777 950 859 996 est
899 941 1144 1010 judicare
1167 941 1319 995 vivos
1365 948 1417 995 et
1462 950 1722 996 mortuos.

326 1039 549 1104 pmpter
575 1030 696 1086 haec
725 1029 926 1095 anima,
961 1046 1082 1101 qua)
1111 1029 1348 1098 perfecte
1397 1038 1532 1097 orat,
1567 1029 1690 1084 vide
1735 1045 1928 1102 quem-

322 1120 619 1174 admodum
650 1133 757 1172 non
789 1118 971 1174 timeat
995 1117 1183 1187 judicii
1208 1118 1375 1186 diem,
1409 1126 1461 1173 et
1492 1133 1617 1174 vere
1647 1117 1926 1173 desiderio

324 1209 470 1265 dicat
499 1209 554 1263 in
584 1208 826 1263 oratione
858 1224 872 1261 :

399 1297 602 1354 Judica
631 1313 737 1362 me,
773 1297 1027 1362 Domine,
1063 1303 1166 1351 etc.
1201 1295 1297 1350 Illa
1327 1301 1411 1351 est
1440 1311 1567 1351 vera
1595 1295 1928 1363 innocentia,

325 1402 449 1458 quae
475 1400 580 1441 nec
609 1384 827 1439 inimico
857 1391 1034 1439 nocet.
1071 1385 1257 1456 Itaque
1288 1384 1426 1439 bene
1449 1384 1690 1454 judicari
1737 1401 1796 1439 se
1824 1399 1930 1456 po-

327 1474 490 1528 stulat
509 1472 825 1530 secundum
853 1472 1244 1528 innocentiam
1266 1487 1440 1540 suam,
1474 1472 1564 1543 qui
1586 1489 1715 1528 vere
1746 1471 1931 1528 dicere

328 1561 497 1633 potuit
533 1579 547 1616 :
579 1563 632 1616 si
659 1559 877 1616 reddidi
905 1559 1352 1616 retribue-ntibus
1392 1562 1535 1617 mihi
1564 1562 1738 1616 mala.
1773 1561 1932 1630 Quod

329 1658 509 1705 autem
540 1648 751 1704 addidit
781 1665 795 1703 :
829 1664 1000 1720 super
1016 1664 1125 1715 me,
1147 1648 1484 1704 demonstrat
1512 1648 1764 1719 idipsum,
1789 1648 1932 1721 quod

331 1740 515 1794 anima
541 1738 692 1807 justa
722 1744 802 1793 est
836 1755 849 1791 :
880 1737 949 1791 Et
975 1736 1219 1808 inquam,
1271 1738 1316 1791 si
1364 1737 1586 1792 lucerna
1634 1738 1834 1794 ardens
1882 1745 1935 1794 et

2023 567 2220 623 duritia
2251 568 2457 623 Veteris
2489 568 2624 622 ﬂexa
2655 576 2704 623 et
2751 567 2986 623 edomita
3033 575 3135 624 est.
3188 568 3326 624 Ilinc
3368 576 3628 640 tanquam

2021 660 2243 730 sagitta:
2270 657 2584 712 emittuntur
2609 657 2856 728 apostoli,
2890 656 2977 712 vel
2998 656 3182 712 divina
3223 657 3495 728 praconia
3536 657 3627 726 ja-

2021 746 2287 801 culantur.
2323 746 2471 814 Quas
2515 746 2744 816 sagittas
2792 747 3121 801 ardentibus
3168 747 3374 816 effecit,
3428 746 3625 817 quibus

2021 834 2291 904 percussi,
2323 834 2507 889 divino
2527 850 2713 888 amore
2744 835 3058 905 flagrarent.
3097 835 3231 889 Vasa
3264 849 3396 889 vero
3418 837 3618 890 mortis

2025 925 2111 977 vel
2141 922 2381 978 hmretici
2410 921 2800 995 intelliguntur,
2835 922 2926 994 qui
2956 939 3020 978 ex
3052 923 3246 978 eodem
3275 937 3424 989 arcu,
3459 923 3512 977 id
3542 930 3627 978 est

2027 1027 2094 1066 ex
2131 1011 2339 1066 eisdem
2385 1011 2664 1082 scripturis
2708 1011 2761 1064 in
2810 1011 3022 1066 animas
3070 1026 3178 1065 non
3228 1011 3493 1067 charitate
3541 1012 3628 1066 in-

2026 1098 2405 1165 ﬂammandas,
2467 1099 2564 1153 sed
2617 1099 2841 1155 venenis
2899 1101 3246 1170 perimendas
3303 1099 3548 1154 insiliunt
3610 1118 3624 1155 :

2029 1188 2173 1260 quod
2207 1203 2315 1242 non
2343 1188 2588 1258 contigit,
2621 1188 2723 1242 nisi
2754 1203 2851 1259 pro
2882 1188 3086 1241 meritis
3121 1205 3132 1242 :
3169 1197 3222 1244 et
3250 1188 3320 1242 ob
3349 1189 3452 1244 hoc
3482 1187 3626 1242 divi-

2029 1293 2114 1333 nae
2152 1276 2499 1332 Providentia
2529 1276 2689 1330 etiam
2718 1276 2824 1331 ista
2862 1276 3126 1347 disposito
3178 1275 3463 1332 tribuenda
3511 1284 3620 1331 est.

2039 1367 2125 1422 Vel
2156 1365 2322 1420 iidem
2364 1365 2616 1436 apostoli,
2659 1365 2782 1437 quia
2829 1367 2962 1421 aliis
3007 1373 3130 1419 sunt
3179 1363 3314 1422 odor
3369 1367 3502 1422 vitae
3567 1366 3632 1421 in

2032 1456 2228 1519 vitam,
2264 1456 2399 1511 aliis
2427 1455 2560 1510 odor
2587 1456 2790 1510 mortis
2819 1454 2881 1509 in
2909 1458 3170 1509 mortem.

2103 1543 2274 1599 Vens.
2328 1545 2415 1598 15.
2466 1571 2537 1583 -
2585 1544 2724 1600 Ecce
2751 1544 3049 1615 parturiit,
3085 1550 3189 1598 etc.
3242 1541 3635 1615 Unusquisque

2032 1630 2250 1703 iniquus
2280 1632 2540 1704 concepit
2568 1631 2833 1698 dolorem,
2858 1631 2986 1685 dum
3018 1631 3146 1702 quid
3177 1631 3511 1703 concupiscit
3531 1630 3636 1685 illi-

2033 1719 2198 1776 citum
2223 1736 2236 1776 :
2259 1722 2520 1793 parturit
2540 1721 2910 1792 injustitiam,
2937 1735 3060 1776 cum
3079 1719 3442 1775 desiderando
3462 1719 3635 1775 medi-

327 1827 522 1884 lucens
553 1826 758 1882 diceret
790 1843 804 1881 :
833 1825 1023 1882 Judica
1053 1842 1139 1880 me
1170 1824 1468 1880 secundum
1497 1826 1789 1891 flammam,
1815 1842 1936 1898 quae

2047 1818 2176 1866 ;atur
2207 1825 2220 1864 :
2253 1810 2411 1882 parit
2438 1810 2843 1882 iniquitatem;
2873 1809 3000 1882 quia
3017 1813 3332 1881 peccatum,
3357 1825 3488 1866 cum
3502 1825 3635 1867 con-

329 1933 498 1988 super
521 1921 616 1970 me
643 1922 727 1970 est
759 1931 772 1969 :
806 1914 862 1969 id
894 1923 976 1970 est
1004 1929 1114 1970 non
1140 1930 1263 1985 quae
1291 1929 1412 1968 sum
1429 1930 1553 1987 ego,
1586 1914 1683 1971 sed
1706 1931 1808 1987 qua
1838 1914 1938 1970 ful-

328 2021 436 2079 geo
465 2019 702 2061 accensa
730 2001 799 2058 de
830 2010 899 2058 te.

403 2119 575 2175 Vens.
597 2121 759 2174 10.—
775 2118 1210 2174 Consummatur
1227 2117 1504 2190 nequitia,
1540 2124 1644 2172 etc.
1671 2119 1937 2175 Consum-

333 2214 548 2279 metur,
578 2206 774 2279 inquit,
801 2205 1134 2278 perficiatur,
1167 2205 1222 2260 id
1253 2212 1336 2260 est
1380 2205 1664 2276 perveniat
1692 2207 1761 2261 ad
1790 2223 1937 2262 sum-

327 2313 476 2354 mam
505 2295 822 2368 nequitiam,
857 2302 921 2350 ut
947 2294 1118 2366 possit
1149 2293 1292 2348 istud
1304 2293 1419 2363 jam
1448 2293 1635 2350 venire
1651 2295 1934 2364 judicium.

333 2387 445 2443 Sed
477 2385 736 2457 quoniam
763 2398 873 2439 non
904 2383 1078 2437 solum
1109 2383 1309 2438 dictum
1341 2389 1424 2438 est
1465 2383 1716 2439 sordibus
1761 2399 1772 2439 :
1821 2401 1939 2441 sor-

334 2477 528 2532 descat
549 2473 765 2538 adhuc;
799 2472 898 2528 sed
928 2471 1092 2527 etiam
1124 2487 1136 2526 :
1173 2472 1597 2544 justusjustior
1614 2473 1738 2543 fiat,
1771 2472 1940 2528 adne-

333 2563 431 2620 ctit
461 2570 512 2618 et
540 2561 671 2617 dicit
699 2579 720 2618 :
751 2560 956 2632 diriges
973 2563 1222 2632 justum,
1254 2564 1521 2616 scrutans
1552 2561 1720 2618 corda
1760 2565 1816 2618 et
1845 2579 1940 2618 re-

334 2669 438 2709 nes
469 2653 635 2708 Deus.
670 2649 956 2718 Quomodo
977 2665 1108 2720 ergo
1127 2650 1397 2721 dirigitur
1411 2650 1552 2719 juste
1574 2650 1628 2705 in
1651 2658 1798 2705 tanta
1819 2665 1946 2707 con-

332 2741 550 2797 fusione
578 2738 954 2806 simulationis,
989 2738 1093 2793 nisi
1122 2739 1250 2793 dum
1280 2747 1550 2794 scrutatur
1579 2740 1744 2796 corda
1773 2748 1824 2795 et
1854 2757 1943 2796 re-

333 2847 436 2886 nes
467 2831 635 2894 Deus,
667 2829 859 2884 videns
890 2827 1130 2883 omnium
1162 2827 1542 2900 cogitationes,
1576 2843 1696 2900 quae
1726 2829 1944 2887 nomine

335 2919 521 2977 cordis
553 2916 871 2992 signiﬁcata:
904 2925 1047 2986 sunt,
1081 2926 1133 2972 et
1154 2915 1562 2982 delectationes,
1587 2934 1707 2990 qua:
1726 2918 1945 2976 nomine

335 3011 568 3066 renium
589 3007 962 3079 intelliguntur
979 3005 1007 3059 7
1034 3006 1309 3061 Scrutans
1327 3021 1459 3078 ergo
1479 3022 1574 3062 cor
1592 3014 1856 3076 nostrum,
1893 3021 1949 3069 et

332 3096 700 3170 proscipiens,
735 3111 844 3150 non
875 3109 976 3150 nos
1006 3094 1357 3166 acquiescere
1385 3094 1539 3150 carni
1569 3102 1623 3150 et
1673 3097 1942 3168 sanguini,

466 3184 730 3284 delectari
760 3184 815 3239 in
846 3184 1096 3284 Domino,
1131 3183 1329 3284 dirigit
1349 3186 1575 3282 justum
1594 3183 1648 3238 in
1669 3185 1798 3284 ipsa
1813 3201 1944 3284 con:
1965 3201 2014 3264 α
2043 3230 2112 3284 ho

342 3274 570 3331 scientia
597 3289 784 3330 coram
829 3288 908 3338 se,
943 3271 1036 3327 ubi
1081 3272 1263 3326 nullus
1307 3271 1587 3327 hominum
1630 3273 1797 3344 videt,
1843 3274 1942 3330 sed

339 3363 494 3420 solus
540 3362 652 3430 ille,
698 3361 790 3435 qui
836 3360 1114 3433 prospicit,
1167 3360 1296 3432 quid
1339 3360 1568 3434 quisque
1613 3363 1838 3435 cogitet,
1887 3370 1942 3424 et

338 3451 473 3526 quid
503 3467 774 3524 quemque
804 3449 1056 3506 delectet.

412 3567 582 3622 Vens.
615 3570 701 3621 tl.
755 3594 826 3606 —
871 3567 1098 3622 Iustum
1138 3564 1506 3636 adjutorium,
1557 3575 1662 3621 etc.
1712 3568 1940 3622 Iustum

337 3657 633 3714 auxilium
659 3663 762 3721 est,
799 3653 944 3727 quod
965 3654 1076 3724 jam
1102 3653 1248 3723 justo
1269 3653 1538 3709 tribuitur.
1573 3654 1630 3709 Si
1651 3655 1795 3710 enim
1825 3671 1939 3711 me-

341 3745 582 3802 dicinam
609 3744 845 3811 exhibet,
862 3759 966 3815 qua
997 3743 1251 3798 sanamur
1278 3741 1498 3808 infirmi,
1535 3749 1736 3814 quanto
1760 3744 1938 3816 magis

338 3851 483 3902 eam,
507 3850 610 3907 qua
639 3832 1003 3889 custodiamur
1031 3831 1148 3886 sani
1182 3847 1195 3885 :
1227 3832 1510 3903 quoniam,
1545 3833 1594 3886 si
1610 3848 1739 3887 cum
1756 3833 1938 3890 adhuc

337 3927 660 3997 peccatores
687 3937 955 3987 essemus,
982 3920 1238 3976 Christus
1251 3937 1356 3993 pro
1376 3919 1531 3975 nobis
1552 3925 1809 3977 mortuus
1830 3926 1935 3992 est,

344 4017 556 4086 quanto
567 4013 748 4083 magis
769 4025 924 4066 nunc
942 4010 1244 4079 iustiﬁcati
1263 4010 1408 4065 salvi
1427 4010 1640 4066 erimus
1652 4011 1718 4065 ab
1740 4011 1829 4066 ira
1835 4027 1939 4084 per

344 4102 554 4174 ipsum.
586 4100 668 4154 Ita
694 4098 769 4164 ﬁt,
802 4105 862 4154 ut
889 4107 1138 4154 scrutans
1167 4098 1331 4154 corda
1373 4106 1426 4154 et
1456 4114 1618 4154 renes
1666 4099 1834 4165 Deus,
1885 4107 1939 4155 et

338 4188 683 4260 prospiciens
710 4187 767 4242 in
795 4187 964 4243 corde
1002 4195 1183 4243 rectas
1213 4187 1588 4260 cogitationes,
1619 4187 1673 4242 in
1714 4188 1938 4243 renibus

339 4278 521 4333 nullas
579 4276 871 4333 inferiores
934 4275 1348 4344 delectationes,
1391 4279 1618 4349 justum
1645 4278 1938 4333 auxilium

338 4366 581 4437 prebeat
609 4364 774 4420 rectis
802 4364 986 4431 corde,
1019 4364 1112 4419 ubi
1142 4365 1357 4419 mundis
1386 4363 1808 4438 cogitationibus
1839 4381 1937 4421 su-

340 4471 527 4526 pernae
555 4452 942 4511 delectationes
971 4453 1260 4509 sociantur.

411 4562 582 4616 Vens.
619 4564 704 4618 12.
747 4590 816 4600 —
855 4562 998 4616 Deus
1019 4559 1204 4632 judex
1219 4561 1431 4631 justus,
1457 4567 1561 4616 etc.
1596 4562 1810 4629 Justus,
1844 4559 1935 4634 qui
1966 4561 2016 4626 C

345 4651 527 4705 reddit
552 4649 845 4721 unicuique
890 4649 1189 4705 secundum
1237 4664 1400 4719 opera
1433 4663 1531 4702 sua
1564 4664 1576 4703 :
1608 4651 1777 4720 fortis
1803 4692 1816 4715 ,
1845 4648 1935 4721 qui

341 4739 506 4795 etiam
535 4747 918 4810 persecutores
964 4737 1180 4809 impios,
1233 4752 1354 4793 cum
1399 4737 1467 4791 sit
1510 4736 1934 4808 potentissimus,

338 4843 436 4899 pro
465 4834 652 4884 nostra
684 4826 854 4882 salute
885 4826 1132 4884 toleravit
1164 4843 1175 4881 :
1207 4828 1451 4899 patiens,
1486 4825 1576 4897 qui
1622 4825 1793 4896 ipsos,
1845 4825 1938 4898 qui

340 4916 613 4988 persecuti
643 4924 786 4984 sunt,
835 4931 944 4970 non
990 4915 1170 4970 statim
1212 4923 1335 4986 post
1376 4915 1824 4971 resurrectionem
1871 4915 1938 4971 ad

341 5003 667 5076 supplicium
697 5004 890 5078 rapuit,
927 5004 1024 5060 sed
1054 5003 1322 5070 sustinuit,
1355 5012 1414 5058 ut
1459 5019 1519 5060 se
1548 5005 1838 5076 aliquando
1868 5005 1937 5061 ad

338 5094 569 5149 salutem
591 5094 659 5147 ab
680 5094 774 5148 illa
798 5093 1074 5166 impietate
1097 5100 1498 5150 converterent.
1519 5094 1641 5149 Non
1661 5094 1940 5152 irascitur

340 5200 442 5256 per
467 5185 719 5254 singulos
750 5183 886 5249 dies,
921 5183 1044 5254 quia
1072 5181 1251 5238 adhuc
1279 5182 1506 5238 sustinet
1555 5199 1778 5240 servans
1809 5182 1937 5238 ulti-

338 5287 427 5326 mo
450 5271 658 5340 judicio
684 5271 926 5326 ultimam
956 5287 1191 5342 pmnam.

413 5396 586 5450 Vens.
621 5398 815 5460 13,14.
842 5426 908 5437 --
936 5396 1058 5451 Nisi
1085 5399 1354 5461 conversi,
1391 5403 1494 5451 etc.
1519 5397 1587 5450 Et
1617 5396 1679 5450 in
1696 5411 1756 5452 eo
1771 5412 1938 5468 para-

345 5485 440 5549 vit,
478 5491 581 5540 etc.
617 5485 870 5539 Secundo
901 5485 1134 5539 adventu
1165 5485 1389 5539 veniens
1412 5483 1660 5552 judicare
1703 5483 1856 5538 vivos
1887 5491 1940 5538 et

341 5580 594 5628 mortuos
614 5573 800 5628 Judea:
811 5576 1008 5645 justus
1030 5574 1085 5627 in
1115 5573 1400 5628 manifesto
1418 5572 1709 5643 splendore
1727 5571 1940 5627 clarita-

339 5663 408 5715 tis
441 5677 555 5718 sua:
577 5661 736 5730 justis
760 5663 872 5718 suis
902 5663 1085 5716 lumen
1115 5671 1167 5718 et
1197 5670 1438 5718 terrores
1475 5660 1654 5732 impiis
1683 5675 1941 5718 corusca-

347 5751 442 5805 bit.
478 5752 687 5809 Arcum
715 5760 892 5808 autem
923 5752 1231 5823 Scripturas
1279 5759 1495 5808 sanctas
1544 5750 1798 5823 appellat,
1851 5751 1940 5807 ubi

2033 1902 2386 1955 summatum
2415 1900 2614 1969 fuerit,
2647 1903 2881 1970 generat
2908 1902 3168 1954 mortem.

2105 1986 2275 2042 Vens.
2311 1989 2398 2041 16.
2429 2015 2502 2028 -
2529 1988 2740 2043 Lacum
2770 1988 3014 2058 aperuit,
3050 1994 3153 2041 etc.
3195 1985 3312 2042 Hoc
3340 1994 3442 2053 est,
3489 1985 3636 2058 quod

1950 2070 1956 2074 ’
2031 2073 2088 2130 in
2101 2073 2210 2130 alio
2229 2073 2444 2130 Psalmo
2466 2073 2662 2130 dicitur
2692 2090 2705 2130 :
2736 2075 2800 2130 in
2820 2075 3078 2148 operibus
3097 2091 3377 2132 manuum
3396 2090 3634 2131 suarum

2035 2164 2469 2237 comprehensus
2499 2167 2582 2219 est
2610 2167 2890 2236 peccator.

2107 2253 2279 2308 Vens.
2312 2254 2397 2306 17.
2431 2281 2501 2291 -—-
2533 2252 2901 2307 Convertetur
2949 2250 3122 2317 dolor,
3171 2259 3277 2308 etc.
3326 2249 3492 2308 Recte
3534 2251 3639 2308 erit

2038 2340 2295 2413 iniquitas
2343 2340 2461 2409 ejus
2491 2356 2657 2412 super
2697 2339 2895 2410 ipsum,
2940 2355 3065 2395 cum
3111 2355 3171 2395 se
3221 2339 3493 2412 iniquitati
3520 2355 3634 2397 sua:

2038 2436 2231 2502 sponte
2260 2428 2562 2484 subdiderit
2595 2444 2609 2482 ε
2645 2427 2781 2484 sicut
2809 2436 2863 2483 et
2891 2428 2946 2484 in
2994 2428 3102 2484 alio
3135 2428 3350 2485 Psalmo
3392 2429 3591 2486 dicitur
3623 2445 3636 2485 :

2037 2517 2372 2591 iniquitates
2409 2534 2548 2572 meae
2585 2533 2960 2590 supergressa:
3001 2522 3139 2573 sunt
3186 2521 3359 2592 caput
3408 2533 3638 2587 meum;

2039 2609 2188 2664 sicut
2218 2622 2361 2664 onus
2389 2622 2576 2679 grave,
2606 2611 2851 2678 gravatae
2878 2610 3019 2664 sunt
3043 2623 3215 2680 super
3241 2624 3351 2663 me.

2113 2696 2282 2752 Vens.
2318 2699 2404 2750 18.
2436 2725 2506 2736 -
2536 2696 2844 2764 Conﬁtebor
2872 2697 3127 2763 Domino,
3162 2703 3267 2752 etc.
3294 2697 3417 2753 Non
3438 2703 3522 2753 est
3540 2695 3642 2751 ista

2042 2783 2312 2842 confessio
2343 2792 2716 2855 peccatorum,
2737 2785 3066 2854 sedjustitia:
3082 2784 3201 2854 Dei,
3226 2785 3301 2840 ita
3319 2785 3592 2858 loquimur
3623 2802 3638 2842 :

2042 2875 2215 2929 Verus
2262 2873 2440 2942 justus
2470 2888 2550 2940 es,
2583 2873 2833 2941 Domine,
2868 2873 3088 2946 quando
3117 2883 3170 2930 et
3191 2874 3368 2944 justos
3397 2874 3478 2931 sic
3503 2889 3638 2946 pro-

2045 2961 2204 3036 tegis,
2240 2969 2297 3017 ut
2325 2977 2426 3034 per
2455 2962 2688 3034 teipsum
2726 2979 2821 3018 eos
2869 2963 3141 3021 illumines
3174 2980 3186 3018 :
3222 2973 3273 3019 et
3318 2971 3639 3036 peccatores

2045 3051 2124 3108 sic
2150 3051 2392 3119 ordinas,
2426 3059 2483 3106 ut
2511 3066 2619 3108 non
2653 3059 2758 3122 tua,
2793 3053 2890 3108 sed
2922 3069 3015 3107 sua
3045 3052 3249 3108 malitia
3285 3053 3598 3125 puniantur.

2116 3141 2300 3196 Potest
2343 3141 2508 3197 etiam
2553 3140 2655 3196 iste
2692 3141 2933 3213 psalmus
2974 3142 3029 3196 in
3077 3157 3316 3216 persona
3372 3140 3643 3198 Dominici

2116 3229 2277 3285 minis
2306 3229 2558 3304 intelligi,
2591 3230 2636 3284 si
2664 3231 2829 3286 modo
2857 3245 2924 3286 ea
2953 3247 3072 3304 quae
3096 3231 3171 3286 ibi
3198 3229 3474 3287 humiliter
3499 3230 3642 3287 dicta

2041 3325 2185 3384 sunt,
2219 3319 2291 3374 ad
2317 3326 2560 3375 nostram
2599 3317 2966 3374 infirmitatem
3014 3319 3330 3389 referantur,
3364 3335 3524 3394 quam
3551 3318 3641 3376 ille

2040 3407 2305 3478 gestabat.

2537 3565 2608 3620 IN
2638 3565 2970 3622 PSALMUM
2999 3565 3138 3623 VIII.

2113 3705 2438 3764 Torcularia
2467 3722 2757 3777 possumus
2795 3707 3046 3780 accipere
3085 3707 3388 3782 Ecclesias,
3439 3709 3636 3767 eadem

2038 3795 2248 3851 ratione
2281 3811 2384 3867 qua
2414 3803 2465 3851 et
2495 3810 2675 3850 aream
2705 3795 3059 3870 intelligimus
3089 3796 3396 3854 Ecclesiam
3443 3813 3456 3854 :
3506 3799 3632 3854 quia

2037 3884 2151 3941 sive
2181 3883 2234 3938 in
2263 3899 2392 3938 area
2420 3882 2535 3940 sive
2565 3883 2623 3938 in
2651 3883 2909 3939 torculari
2939 3885 3072 3939 nihil
3120 3885 3268 3941 aliud
3310 3886 3490 3959 agitur
3535 3885 3640 3942 nisi

2036 3982 2094 4029 ut
2121 3974 2326 4028 fructus
2353 3973 2420 4028 ab
2450 3973 2871 4046 inquinamentis
2901 3983 3220 4046 purgentur,
3266 3992 3388 4048 qua;
3439 3991 3636 4032 neces-

2037 4061 2179 4116 saria
2235 4070 2405 4132 erant,
2465 4070 2517 4117 et
2573 4069 2627 4116 ut
2682 4070 3052 4130 nascerentur,
3105 4071 3160 4119 et
3206 4071 3265 4121 ut
3306 4073 3633 4134 crescerent,

2036 4157 2194 4222 atque
2242 4150 2312 4205 ad
2368 4150 2729 4207 maturitatem
2783 4151 2870 4207 vel
2925 4151 3143 4220 messis,
3203 4151 3292 4209 vel
3347 4152 3636 4210 vindemiae

2035 4239 2404 4310 pervenirent,
2439 4240 2576 4296 sicut
2625 4255 2769 4296 nunc
2816 4240 3016 4314 agitur,
3066 4249 3124 4296 ut
3179 4258 3289 4297 non
3344 4243 3488 4310 loco,
3537 4243 3635 4298 sed

2035 4326 2230 4384 affectu
2270 4327 2487 4384 interim
2530 4336 2854 4401 separentur
2883 4329 3012 4384 boni
3041 4345 3074 4384 a
3120 4329 3277 4386 malis
3322 4345 3335 4386 :
3387 4330 3636 4402 quamvis

2036 4417 2196 4472 simul
2226 4418 2280 4472 in
2309 4417 2594 4488 Ecclesiis,
2646 4425 2906 4490 quantum
2949 4419 3139 4476 attinet
3180 4419 3248 4475 ad
3293 4418 3636 4490 corporalem

2035 4506 2404 4577 praesentiam,
2437 4515 2848 4564 conversentur.
2880 4507 3038 4564 Aliud
3068 4515 3248 4563 autem
3280 4509 3381 4564 erit
3399 4516 3633 4580 tempus,

2037 4611 2144 4666 quo
2174 4594 2260 4651 vel
2291 4594 2558 4652 frumenta
2588 4596 2643 4651 in
2672 4597 2884 4664 horrea,
2909 4597 2996 4653 vel
3027 4597 3154 4652 vina
3173 4597 3228 4652 in
3260 4596 3427 4653 cellas
3455 4612 3640 4670 segre-

2037 4691 2250 4754 gentur.

2109 4773 2295 4828 Solent
2324 4773 2499 4845 accipi
2532 4775 2841 4830 toreularia
2869 4773 3034 4830 etiam
3061 4774 3344 4846 martyria,
3379 4781 3633 4847 tanquam

2038 4860 2324 4918 alllictione
2378 4863 2822 4933 persecutionum
2878 4863 3098 4919 calcatis
3158 4864 3237 4921 eis
3291 4863 3382 4935 qui
3438 4863 3638 4920 Christi

2039 4967 2238 5007 nomen
2295 4950 2532 5007 confessi
2581 4959 2725 5016 sunt,
2785 4961 2844 5006 ut
2871 4952 3118 5009 mortalia
3155 4968 3345 5008 eorum
3374 4959 3635 5024 tanquam

2037 5040 2265 5095 vinacea
2293 5039 2347 5092 in
2377 5048 2516 5094 terra
2546 5040 2910 5095 remanserint
2942 5058 2955 5094 :
2987 5041 3182 5096 animae
3229 5049 3408 5098 autem
3438 5042 3496 5096 in
3542 5058 3637 5098 re-

2038 5128 2218 5200 quiem
2275 5127 2513 5183 coelestis
2558 5127 2906 5184 habitationis
2951 5129 3340 5185 emanaverint.
3401 5131 3638 5187 Verbum

2037 5232 2253 5287 quoque
2283 5216 2522 5272 divinum
2553 5223 2732 5287 potest
2761 5233 2863 5272 uva
2909 5217 3158 5290 intelligi,
3213 5234 3339 5274 cum
3382 5221 3636 5276 enuntia-

2037 5303 2198 5360 tionis
2228 5305 2548 5360 necessitate
2578 5313 2801 5377 usurpat
2833 5305 2984 5362 vocis
3015 5322 3229 5376 sonum,
3252 5324 3362 5380 quo
3391 5309 3448 5363 in
3474 5323 3636 5365 aures

2037 5392 2382 5464 perveniatur
2409 5393 2758 5448 audientium.
2789 5394 3001 5450 Eodem
3031 5411 3167 5452 sono
3200 5397 3351 5454 vocis
3380 5405 3636 5469 tanquam

2038 5481 2259 5537 vinacea
2303 5481 2608 5537 intellectus
2650 5490 2903 5554 tanquam
2951 5483 3136 5540 vinum
3194 5485 3487 5541 includitur
3527 5501 3539 5539 :
3582 5493 3636 5540 et

2039 5569 2119 5625 sic
2147 5587 2249 5624 uva
2275 5570 2376 5626 ista
2404 5573 2456 5624 in
2485 5585 2646 5626 aures
2677 5572 2841 5642 venit,
2875 5574 3030 5645 quasi
3060 5575 3115 5628 in
3137 5572 3429 5630 calcatorio
3457 5581 3634 5629 torcu-

2039 5658 2252 5714 larium.
2288 5659 2365 5713 Ibi
2405 5666 2585 5714 autem
2631 5660 2974 5729 discernitur,
3028 5670 3087 5717 ut
3133 5676 3298 5716 sonus
3345 5675 3516 5732 usque
3562 5660 3634 5716 ad

2041 5763 2201 5804 aures
2263 5748 2451 5817 valeat,
2510 5747 2816 5806 intellectus
2872 5758 3052 5806 autem
3110 5748 3368 5805 memoria
3419 5765 3628 5819 eorum,
