4002 6184
355 319 464 371 ’769

1356 314 1610 372 EXPOS.
1643 315 1716 370 ΙΝ
1745 315 1853 371 XX
1883 312 2142 370 PRIMOS
2173 313 2510 371 PSALMOS.

3544 322 3648 374 770

342 443 526 512 ptere.
563 436 845 508 Siquidem
874 445 926 492 et
955 437 1240 494 victoriam
1295 438 1432 496 feret
1459 439 1528 496 de
1571 439 1797 508 mundo,
1831 437 1954 494 ﬁnis
1975 448 2032 510 Α
2061 446 2306 494 mortuos
2339 436 2687 508 judicandos,
2721 437 2929 510 paravit
2976 437 3033 494 in
3079 437 3296 495 occulto
3314 440 3532 513 judicio
3565 457 3652 499 se-

345 534 431 582 est
458 525 766 582 futurorum
795 525 1083 604 bonprum.

421 615 593 670 Vens.
629 618 684 673 2.
725 645 797 656 —
839 616 1149 686 Conﬁtebor
1170 617 1288 684 tibi,
1335 619 1588 685 Domine,
1615 626 1718 673 etc.
1751 619 1870 675 Non
1890 620 1955 674 in

345 707 461 761 toto
508 703 670 761 corde
701 705 1008 774 conﬁtetur
1045 707 1182 773 Deo,
1228 706 1319 778 qui
1348 706 1435 762 de-
1463 707 1808 779 providentia
1837 707 1956 776 ejus

345 792 409 848 in
443 792 628 866 aliquo
685 793 912 850 dubitat.
951 795 1162 852 Narrat
1209 802 1391 851 autem
1439 798 1634 852 omnia
1672 798 1962 854 mirabilia

346 881 469 948 Dei,
507 883 630 954 quia
659 899 770 938 non
801 883 976 938 solum
1008 883 1064 938 in
1110 884 1430 956 corporibus
1462 885 1665 956 palam,
1699 885 1796 940 sed
1829 885 1957 941 etin

346 970 546 1026 animis
592 971 937 1028 invisibiliter
981 971 1221 1043 quidem,
1254 973 1354 1029 sed
1391 973 1556 1048 longe
1589 973 1873 1029 sublimius
1902 981 1956 1029 et

347 1059 702 1116 excellentius
745 1059 866 1116 fieri
895 1078 918 1116 ι
931 1061 1062 1117 idet.

418 1150 590 1204 Vens.
622 1153 675 1204 3.
708 1151 1044 1208 —La:tabor
1058 1155 1118 1207 et
1139 1153 1458 1218 exsultabo,
1486 1159 1590 1208 etc.
1624 1153 1746 1208 Non
1777 1152 1832 1207 in
1852 1151 1957 1207 hoc

347 1238 573 1305 saeculo,
603 1238 694 1293 ubi
723 1237 976 1294 lethifera
1003 1238 1188 1296 laetitia
1219 1248 1322 1311 est,
1354 1256 1462 1297 non
1484 1241 1539 1296 in
1570 1241 1956 1296 ambitionibus

347 1326 560 1393 mundi,
593 1327 684 1382 ubi
733 1335 962 1399 peccata
1017 1343 1206 1384 amara
1265 1330 1452 1385 suavia
1494 1338 1645 1396 sunt,
1680 1331 1778 1386 sed
1806 1331 1869 1385 in
1904 1333 1956 1385 te

347 1416 445 1472 ubi
473 1430 725 1472 securum
755 1416 1018 1489 gaudium
1038 1433 1257 1489 semper
1288 1419 1450 1473 sumit
1477 1427 1846 1490 augmentum.

424 1505 673 1562 Narrabo
703 1513 884 1560 autem
914 1507 1109 1562 omnia
1141 1509 1430 1564 mirabilia
1465 1512 1582 1575 tua,
1605 1515 1786 1579 potest
1814 1523 1958 1578 prae-

349 1593 516 1664 cipue
545 1593 776 1665 intelligi
809 1611 876 1648 ex
903 1611 1143 1666 persona
1163 1595 1379 1665 Christi,
1415 1597 1507 1668 qui
1537 1597 1818 1668 discipulis
1849 1597 1954 1652 ait:

354 1683 562 1739 Omnia
590 1699 932 1756 quaecunque
953 1684 1147 1740 audivi
1165 1702 1201 1740 a
1228 1687 1402 1741 Patre
1421 1702 1542 1742 meo
1573 1690 1709 1742 nota
1729 1687 1846 1758 feci
1860 1702 1955 1742 vo-

351 1772 476 1872 bis‘:
501 1770 771 1872 siquidem
793 1771 909 1872 jam
938 1772 1128 1844 incipit
1162 1789 1427 1844 apparere
1474 1790 1708 1845 persona
1736 1774 1951 1830 Domini
1960 1813 2014 1872 Β

349 1859 411 1914 in
439 1859 545 1916 hoc
573 1860 784 1932 psalmo
813 1860 1104 1932 loquentis.
1136 1862 1276 1918 Nam
1299 1863 1545 1934 sequitur
1576 1881 1590 1918 :

425 1967 592 2023 Vens.
611 1968 746 2022 4.-
766 1968 831 2023 In
861 1969 1253 2036 convertenda,
1292 1977 1395 2026 etc.
1421 1970 1591 2040 Hujus
1611 1969 1756 2025 enim
1785 1969 1964 2024 inimi-

349 2071 449 2112 cus
472 2064 776 2112 retrorsum
808 2073 1107 2113 conversus
1143 2067 1243 2124 est,
1285 2060 1502 2130 quando
1531 2060 1581 2115 ei
1611 2060 1815 2115 dictum
1837 2067 1957 2114 est:

345 2145 489 2202 Redi
533 2150 685 2202 retro
706 2189 723 2212 ,
757 2146 1020 2202 Satanas.
1069 2147 1220 2203 Tunc
1264 2147 1410 2203 enim
1435 2192 1448 2215 ,
1483 2149 1575 2221 qui
1613 2149 1871 2204 tentando
1901 2166 1961 2203 se

352 2249 683 2306 praeponere
719 2235 988 2306 cupiebat,
1034 2243 1179 2290 retro
1208 2235 1383 2292 factus
1430 2245 1548 2302 est,
1581 2237 1637 2291 in
1674 2254 1798 2292 eum
1827 2237 1962 2294 nihil

349 2322 604 2378 valendo.
659 2323 946 2378 Hominum
996 2340 1210 2396 quoque
1241 2325 1420 2380 nullus
1449 2343 1571 2380 eum
1601 2326 1874 2396 prazcedit,
1909 2331 1961 2381 et

348 2419 503 2467 retro
546 2428 668 2467 esse
698 2411 844 2478 facit,
877 2413 980 2466 nisi
1002 2413 1094 2484 qui
1124 2414 1402 2485 deponens
1433 2413 1725 2487 imaginem
1755 2414 1959 2470 terreni

350 2499 598 2556 hominis
642 2502 940 2572 portaverit
971 2502 1268 2576 imaginem
1317 2503 1558 2559 cmlestis
1583 2549 1595 2571 ,
1621 2520 1686 2559 ea
1729 2503 1952 2573 scilicet,

358 2606 485 2663 qua:
503 2594 654 2646 retro
677 2595 815 2646 sunt
833 2591 1181 2657 obliviscens,
1211 2595 1268 2648 et
1286 2609 1343 2648 se
1363 2593 1437 2648 ad
1456 2610 1521 2648 ea
1534 2610 1654 2665 quae
1674 2597 1809 2648 ante
1822 2597 1958 2648 sunt

355 2680 691 2734 extendens.
716 2680 855 2735 Nam
877 2679 1021 2751 quod
1042 2679 1245 2735 dictum
1270 2690 1352 2736 est
1383 2699 1396 2735 :
1418 2683 1723 2738 Inimicum
1742 2699 1951 2748 meum,

348 2767 680 2840 generaliter
726 2768 976 2838 accipere
1019 2784 1128 2824 non
1175 2770 1276 2824 erit
1307 2771 1634 2838 absurdum,
1673 2771 1812 2827 sicut
1843 2773 1955 2825 lle-

347 2855 538 2910 hraica
589 2856 750 2911 docet
790 2856 974 2921 editio,
1025 2874 1146 2929 quae
1193 2867 1483 2930 postquam
1531 2859 1705 2913 dixit:
1743 2861 1956 2915 Canam

352 2945 577 3000 nomini
611 2949 725 3010 tuo,
749 2946 1060 3017 Altissime,
1092 2948 1272 3002 statim
1304 2947 1496 3003 inferet
1529 2965 1542 3001 :
1578 2949 1714 3004 Cum
1742 2949 1956 3004 cecide-

350 3034 479 3089 rint
496 3035 725 3090 inimici
762 3037 871 3091 mei
899 3040 1231 3104 retrorsum,
1257 3041 1312 3093 et
1339 3040 1741 3104 corruerint,et
1764 3039 1954 3110 perie-

340 3123 466 3178 rint
485 3141 519 3178 a
541 3123 689 3193 facie
715 3126 830 3178 tua.
870 3123 1050 3191 Quare
1083 3129 1106 3181 .9

2054 529 2180 584 dem
2209 544 2393 583 suam.

2126 618 2297 672 Vens.
2329 620 2381 672 9.
2412 647 2482 658 —
2501 618 2572 672 Et
2599 618 2721 690 ipse
2754 617 2885 672 item
2939 616 3121 688 palam
3159 617 3441 690 judicabit
3467 619 3653 676 orbem

2058 710 2225 763 terra:
2256 708 2319 762 in
2351 706 2636 779 (equitate.
2689 705 2748 761 Id
2777 714 2858 761 est
2903 706 3111 762 meritis
3139 707 3307 778 digna
3335 707 3648 763 restituens.

2126 796 2296 850 Vens.
2333 798 2418 850 10.
2469 825 2538 835 --
2584 797 2655 850 Et
2692 799 2882 867 factus
2929 800 3014 853 est
3045 797 3318 852 Dominus
3365 797 3653 869 refugium

2053 885 2314 958 pauperi,
2348 891 2452 939 etc.
2486 883 2627 952 Quid
2657 884 2727 939 sit
2761 885 2990 956 adjutor
3018 886 3081 939 in
3111 886 3648 957 opportunitatibus,

2056 968 2306 1040 exposuit
2334 984 2458 1024 cum
2507 969 2761 1023 addidit:
2803 971 2866 1024 in
2907 970 3295 1026 tribulatione.
3342 970 3467 1024 Non
3509 970 3655 1026 enim

2055 1059 2386 1114 convertitur
2430 1057 2608 1112 anima
2657 1057 2727 1112 ad
2775 1059 3096 1125 Dominum,
3131 1058 3236 1113 nisi
3281 1074 3406 1114 cum
3453 1058 3523 1114 ab
3549 1060 3656 1116 hoc

2055 1147 2259 1202 saeculo
2314 1147 2593 1203 avertitur.
2644 1147 2762 1202 Nec
2807 1155 3148 1218 opportunus
3191 1147 3260 1202 ab
3308 1148 3414 1203 hoc
3453 1147 3657 1205 saeculo

2057 1235 2340 1305 avertitur,
2374 1235 2478 1290 nisi
2508 1235 2811 1309 nugatoriis
2841 1237 2975 1305 ejus,
3009 1244 3062 1292 et
3084 1236 3281 1302 noxiis,
3302 1244 3356 1292 et
3381 1236 3656 1308 pernicio-

2055 1323 2131 1378 sis
2163 1323 2527 1395 voluptatibus
2556 1324 2778 1379 labores
2805 1324 3138 1396 doloresque
3167 1325 3512 1381 misceantur.

2128 1413 2298 1468 Vens.
2333 1417 2419 1468 11.
2455 1443 2524 1454 -—
2557 1415 2626 1470 Et
2663 1417 2896 1487 sperent
2924 1415 2988 1470 in
3038 1418 3111 1480 te,
3155 1421 3260 1471 etc.
3314 1413 3657 1483 Quzerentem

2057 1501 2258 1573 quippe
2287 1502 2543 1568 animam,
2578 1503 2669 1558 ubi
2703 1501 2832 1576 ﬁgat
2853 1519 3028 1574 spem,
3065 1519 3190 1558 cum
3220 1503 3286 1556 ab
3312 1503 3416 1559 hoc
3446 1503 3650 1558 mundo

2056 1591 2304 1646 evellitur
2326 1632 2340 1659 ,
2368 1599 2672 1662 opportune
2701 1591 2904 1663 excipit
2933 1593 3178 1664 cognitio
3224 1593 3474 1648 nominis
3516 1591 3655 1648 Dei:

2056 1696 2181 1734 nam
2204 1695 2401 1735 nomen
2435 1679 2614 1752 ipsum
2645 1680 2745 1736 Dei
2775 1697 3168 1753 usquequaque
3185 1680 3524 1754 divulgatum
3553 1688 3655 1751 est,

2056 1769 2154 1824 sed
2184 1771 2428 1841 cognitio
2457 1770 2707 1826 nominis
2739 1777 2841 1837 est,
2876 1785 3000 1826 cum
3027 1769 3120 1825 ille
3149 1769 3518 1843 cognoscitur,
3558 1785 3658 1826 cu-

2059 1857 2148 1926 jus
2178 1874 2397 1913 momen
2427 1867 2529 1913 est.

2137 1947 2306 2000 Vens.
2361 1949 2448 2002 12.
2499 1977 2566 1986 —
2613 1947 2854 2002 Psallite
2881 1948 3137 2014 Domino,
3172 1954 3278 2002 etc.
3312 1946 3409 2002 His
3439 1946 3656 2017 dicitur,

2064 2050 2202 2106 quos
2241 2051 2349 2090 non
2377 2035 2704 2107 derelinquit
2753 2044 3057 2108 quaerentes
3102 2051 3161 2090 se
3202 2035 3485 2090 Dominus.
3539 2036 3661 2107 Ipse

2063 2125 2280 2181 habitat
2308 2126 2372 2180 in
2399 2124 2570 2192 Sion,
2623 2142 2743 2197 quas
2784 2125 3171 2196 interpretatur
3222 2126 3567 2198 speculatio,
3611 2131 3665 2180 et

2061 2221 2237 2286 gestat
2267 2213 2563 2286 imaginem
2584 2214 2866 2283 Ecclesiae,
2891 2231 3013 2286 quae
3033 2229 3178 2270 nunc
3207 2222 3308 2285 est,
3343 2222 3397 2269 et
3430 2213 3516 2270 cui
3547 2213 3663 2269 dic-

2061 2309 2173 2357 tum
2202 2309 2285 2358 est
2317 2320 2333 2357 :
2371 2305 2660 2376 Templum
2685 2304 2914 2360 Domini
2929 2307 3196 2360 sanctum
3215 2306 3318 2369 est,
3353 2302 3497 2376 quod
3527 2304 3663 2359 estis

2060 2408 2151 2448 νος
2159 2433 2172 2445 .

2131 2475 2302 2530 Vens.
2334 2478 2419 2530 13.
2453 2504 2523 2516 -
2543 2474 2819 2542 Quoniam
2850 2477 3162 2548 requirens,
3198 2483 3303 2531 etc.
3335 2473 3504 2544 Quasi
3535 2491 3658 2531 res-

2058 2564 2392 2635 panderetur
2423 2564 2492 2618 ab
2520 2564 2605 2619 his
2637 2565 2728 2636 qui
2756 2564 2909 2619 missi
2944 2572 3068 2619 sunt
3106 2563 3487 2635 evangelizare
3513 2563 3657 2620 inter

2059 2662 2250 2725 gentes
2280 2653 2460 2708 studia
2487 2653 2606 2723 Dei,
2639 2662 2690 2708 et
2718 2654 2994 2709 diceretur
3018 2671 3030 2707 :
3058 2655 3310 2719 Domine,
3335 2655 3457 2726 quis
3479 2652 3660 2708 credi-

2059 2743 2143 2798 dit
2173 2743 2396 2798 auditui
2448 2746 2640 2798 nostro
2667 2747 2688 2797 ?
2719 2743 2788 2796 Et
2823 2758 2835 2797 :
2871 2746 3111 2814 Propter
3143 2747 3196 2798 te
3244 2742 3664 2812 mortiﬁcamur

2059 2833 2176 2886 tota
2207 2832 2314 2886 die.
2348 2833 2473 2900 Aut,
2512 2831 2666 2902 quasi
2697 2830 2892 2902 aliquis
2933 2830 3236 2900 imperitior
3264 2839 3315 2885 et
3345 2830 3568 2885 minoris
3589 2829 3659 2883 fi-

2055 2919 2143 2973 dei
2176 2927 2448 2990 quzereret
2477 2920 2668 2975 dicens
2701 2934 2714 2974 τ
2748 2919 3023 2990 quomodo
3071 2919 3500 2986 annuntiabitur,
3532 2935 3656 2975 cum

2057 3007 2348 3064 1nfidelitas
2378 3009 2624 3082 gentium
2647 3008 2901 3064 saevitura
2934 3008 3047 3063 sit?
3066 3008 3455 3064 convenienter
3484 3007 3665 3078 sequi-

2071 3104 2157 3152 tur
2183 3097 2371 3154 dicens
2405 3115 2417 3151 :
2450 3113 2561 3152 non
2590 3097 2707 3152 sine
2751 3113 2954 3170 magno
2985 3096 3161 3152 fructu
3196 3096 3508 3152 aeternitatis
3546 3110 3665 3151 mo—

1083 3174 1276 3284 }ecim.
1314 3215 1618 3288 judicium,
1653 3223 1758 3271 etc.
1783 3215 1840 3269 Id
1872 3174 2018 3271 est'C
2051 3185 2247 3242 rituros
2275 3187 2332 3240 in
2372 3187 2756 3258 persecutione
2786 3186 3137 3252 Christianos,
3171 3187 3440 3259 quoniam
3470 3185 3665 3257 requi-

349 3300 618 3369 judicium
647 3299 800 3367 illud,
835 3300 890 3354 in
923 3317 1030 3373 quo
1056 3301 1284 3370 judicari
1313 3303 1463 3359 visus
1495 3321 1634 3371 sum,
1660 3321 1848 3359 meum
1875 3303 1954 3359 fc-

353 3387 475 3443 cisti
499 3430 512 3457 ,
549 3397 602 3443 et
648 3406 880 3445 causam
909 3390 1075 3458 illam,
1110 3391 1165 3445 in
1215 3408 1321 3463 qua
1351 3409 1438 3447 me
1473 3394 1676 3462 justum
1709 3401 1759 3446 et
1790 3392 1952 3447 inno-

357 3486 572 3532 centem
621 3478 874 3534 homines
922 3479 1340 3552 damnaverunt,
1376 3499 1561 3537 meam
1597 3480 1792 3537 fecisti.
1827 3483 1955 3537 Haec

358 3565 503 3622 enim
535 3566 584 3620 ei
628 3567 996 3623 militaverunt
1026 3569 1095 3622 ad
1138 3577 1381 3624 nostram
1411 3570 1791 3624 liberationem
1825 3588 1838 3624 :
1874 3570 1952 3624 si-

358 3663 446 3712 cut
475 3662 653 3710 nauta:
683 3655 869 3712 dicunt
897 3665 1116 3712 ventum
1147 3675 1322 3730 suum,
1357 3675 1462 3730 quo
1487 3667 1706 3713 utuntur
1722 3659 1790 3713 ad
1813 3659 1954 3714 bene

353 3745 744 3815 navigandum.

427 3834 598 3889 Vens.
633 3838 684 3889 6.
710 3863 778 3874 —
810 3835 1122 3908 Increpasti
1152 3841 1366 3908 gentes,
1403 3843 1508 3892 etc.
1534 3836 1956 3892 Convenientius

354 3921 458 3979 hoc
489 3922 722 3978 Domino
759 3924 888 3979 Jesu
949 3924 1163 3979 Christo
1209 3925 1335 3992 dici,
1370 3939 1534 3996 quam
1563 3926 1741 3996 ipsum
1771 3927 1956 3981 dicere

354 4012 676 4082 accipimus.
703 4011 840 4081 Quis
872 4012 1016 4067 enim
1049 4013 1189 4067 alius
1220 4016 1534 4086 increpavit
1552 4019 1765 4086 gentes,
1789 4019 1845 4070 et
1860 4031 1960 4087 pe-

355 4101 459 4156 riit
491 4102 722 4173 impius,
757 4100 862 4155 nisi
893 4101 982 4172 qui
1023 4110 1380 4174 posteaquam
1401 4103 1644 4158 ascendit
1665 4103 1718 4156 in
1737 4103 1954 4173 coelum,

363 4188 513 4242 misit
541 4189 797 4259 Spiritum
829 4199 1098 4256 sanctum,
1152 4206 1259 4261 quo
1290 4191 1547 4262 completi
1575 4192 1805 4262 apostoli
1833 4207 1957 4248 cum

359 4275 558 4332 ﬁducia
603 4277 961 4348 praedicarent
1000 4279 1227 4334 verbum
1271 4280 1399 4346 Dei,
1432 4288 1486 4334 et
1522 4289 1747 4351 peccata
1785 4281 1960 4336 homi-

357 4381 488 4420 num
518 4365 690 4420 libere
720 4375 1014 4436 arguerent
1034 4367 1062 4422 ?
1107 4366 1228 4435 Qua
1257 4368 1621 4441 increpatione
1641 4371 1820 4442 periit
1847 4373 1959 4426 im-

353 4455 504 4526 pius,
531 4454 656 4524 quia
671 4454 993 4523 justiticatus
1011 4463 1111 4510 est.
1137 4459 1502 4530 Deletumque
1523 4467 1604 4513 est
1627 4476 1833 4514 nomen
1852 4459 1959 4513 im-

2053 3291 2186 3331 rens
2216 3277 2560 3348 sanguinem
2587 3293 2782 3332 eorum
2812 3277 3140 3331 recordatus
3172 3279 3276 3330 est.

2126 3365 2295 3419 Vens.
2333 3365 2418 3418 14.
2451 3395 2523 3405 -
2579 3367 2840 3420 Miserere
2895 3365 3025 3430 mei,
3077 3365 3333 3430 Domine,
3369 3352 3475 3419 etc.
3510 3363 3663 3419 Unus

2053 3453 2366 3524 interpellat
2394 3469 2491 3524 pro
2521 3453 2746 3522 sanctis,
2779 3453 2871 3524 qui
2904 3452 3113 3522 primus
3145 3467 3242 3522 pro
3273 3452 3432 3506 nobis
3461 3467 3669 3522 pauper

2055 3534 2230 3597 factus
2281 3549 2363 3597 est
2408 3558 2533 3598 cum
2583 3549 2730 3596 esset
2759 3541 2931 3610 dives,
2979 3557 3105 3596 cum
3136 3557 3303 3612 supra
3335 3540 3535 3611 plurali
3567 3557 3666 3595 nu-

2054 3646 2209 3685 mero
2240 3629 2480 3685 diceret:
2501 3631 2625 3684 Non
2647 3634 2733 3686 est
2752 3630 2960 3687 oblitus
2993 3631 3301 3686 clamorem
3317 3645 3662 3701 pauperum.

2054 3719 2124 3773 Et
2155 3719 2270 3788 ipse
2299 3718 2430 3773 dicit
2465 3735 2478 3776 :

2128 3808 2298 3862 Vens.
2357 3810 2446 3862 15.
2500 3837 2570 3848 —-
2621 3807 2725 3876 Qui
2773 3809 3006 3862 exaltas
3052 3821 3160 3872 me,
3197 3813 3300 3861 etc.
3355 3806 3670 3860 Exaltatur

2064 3895 2213 3951 enim
2243 3896 2299 3950 in
2330 3895 2422 3951 illo
2469 3896 2707 3967 quisque
2757 3904 3002 3950 nostrum
3063 3895 3118 3948 in
3159 3893 3423 3948 membris
3455 3894 3571 3962 ejus
3601 3894 3670 3947 ab

2068 3985 2322 4040 omnibus
2351 3990 2536 4056 pravis
2565 3983 2979 4055 cupiditatibus,
3016 4000 3134 4056 qua:
3165 3990 3289 4037 sunt
3313 3986 3492 4056 porta:
3519 3999 3670 4038 mor-

2061 4076 2154 4142 tis,
2189 4074 2311 4145 quia
2339 4091 2439 4145 per
2467 4074 2590 4128 illas
2620 4073 2726 4127 itur
2756 4073 2811 4127 in
2843 4082 3096 4128 mortem.
3133 4072 3268 4127 Sunt
3299 4081 3478 4127 autem
3496 4076 3665 4145 porte

2057 4164 2194 4232 ﬁlia:
2223 4165 2355 4220 Sion
2389 4163 2572 4217 omnia
2602 4163 2806 4234 optima
2838 4163 3030 4230 studia,
3064 4179 3164 4232 per
3196 4178 3330 4232 quas
3353 4162 3568 4216 venitur
3599 4159 3670 4215 ad
3703 4194 3746 4210 .-

2059 4252 2325 4307 visionem
2354 4253 2522 4324 pacis.
2556 4253 2614 4306 In
2645 4259 2830 4306 sancta
2864 4251 3108 4307 Ecclesia
3137 4254 3318 4323 portae
3343 4257 3468 4304 sunt
3499 4249 3665 4306 etiam

2060 4341 2198 4410 ﬁlice
2230 4343 2364 4398 Sion
2413 4350 2751 4396 sacramenta
2782 4349 2836 4396 et
2881 4341 3032 4395 initia
3056 4339 3203 4396 ﬁdei.

2134 4457 2305 4511 Vens.
2327 4459 2413 4511 16.
2445 4487 2511 4497 -
2531 4456 2841 4512 Exsultabo
2870 4458 2934 4511 in
2980 4457 3225 4510 salutari
3258 4459 3372 4519 tuo,
3409 4461 3512 4509 etc.
3546 4455 3667 4508 Ex-

357 4542 592 4613 piorum.
617 4543 742 4599 Non
765 4543 911 4599 enim
932 4545 1273 4616 appellantur
1293 4545 1460 4618 impii,
1481 4548 1572 4618 qui
1586 4549 1818 4603 Domino
1839 4563 1966 4603 vero
1986 4535 2039 4595 D
2070 4545 2312 4612 sultabo,
2344 4545 2399 4599 id
2447 4553 2530 4600 est
2571 4561 2697 4601 cum
2735 4544 3068 4599 beatitudine
3099 4543 3424 4599 continebor
3455 4559 3487 4597 a
3515 4544 3672 4598 salu-

359 4630 609 4686 credunt.

431 4719 606 4774 Vens.
638 4721 692 4774 7.
715 4751 785 4760 —
806 4721 1036 4778 Inimici
1057 4723 1408 4794 defecerunt,
1429 4731 1535 4780 etc.
1552 4723 1716 4794 Cujus
1740 4724 1961 4792 inimici,

360 4805 468 4862 nisi
518 4808 723 4863 diaboli
769 4813 1006 4880 frameae
1053 4812 1404 4882 defecerunt,
1446 4830 1564 4884 quae
1593 4813 1967 4884 intelliguntur

361 4894 597 4952 diversas
642 4898 928 4969 opiniones
978 4900 1200 4971 erroris,
1227 4901 1422 4972 quibus
1451 4902 1541 4956 ille
1571 4910 1824 4974 tanquam
1856 4903 1967 4975 gla-

362 4984 471 5040 diis
501 4985 711 5040 animas
740 4988 1001 5058 perimit?
1028 4990 1094 5044 In
1113 4990 1287 5059 ﬁnem
1316 5006 1468 5059 vero,
1503 4991 1609 5046 hoc
1635 4999 1716 5045 est
1741 4991 1796 5044 in
1817 4990 1968 5045 Chri-

360 5081 468 5141 sto,
502 5074 597 5146 qui
625 5078 886 5133 civitates
914 5080 1036 5150 ejus
1077 5079 1388 5146 destruxit,
1422 5095 1545 5134 cum
1576 5080 1802 5135 exclusit
1840 5080 1966 5136 inde

358 5162 685 5234 principem,
719 5165 788 5220 de
819 5182 928 5237 quo
959 5167 1165 5222 dictum
1195 5177 1278 5224 est
1309 5185 1322 5222 :
1359 5171 1627 5243 Princeps
1661 5170 1828 5241 hujus
1857 5186 1966 5225 sce-

359 5252 480 5307 culi
496 5253 706 5308 missus
727 5258 813 5309 est
838 5257 1012 5325 foras.

431 5342 616 5397 Periit
644 5345 938 5415 memoria,
973 5352 1077 5400 etc.
1111 5344 1256 5411 Sive,
1290 5346 1418 5418 quia
1442 5345 1500 5401 ﬁt
1532 5347 1808 5418 strepitus,
1843 5363 1968 5404 cum

361 5427 614 5500 impietas
645 5432 925 5501 evertitur,
963 5433 1078 5488 sive
1108 5434 1271 5490 etiam
1300 5433 1420 5506 ipso
1437 5435 1662 5507 strepitu
1681 5443 1962 5508 pereunte,

361 5516 417 5572 in
445 5534 552 5590 quo
583 5519 940 5576 tumultuatur
981 5521 1252 5594 impietas.

433 5622 603 5680 Vens.
630 5629 682 5681 8.
715 5656 786 5669 —
806 5630 1042 5685 Paravit
1062 5631 1126 5687 in
1138 5631 1360 5702 judicio
1383 5631 1674 5699 thronum,
1695 5639 1798 5689 etc.
1831 5631 1967 5701 Quia

360 5708 529 5772 etiam
565 5714 752 5788 palam
791 5714 1187 5791 manifestaque
1226 5726 1491 5778 venturus
1519 5737 1580 5779 es
1631 5721 1702 5778 ad
1729 5721 1883 5781 vivos
1913 5728 1968 5780 et

2069 4636 2184 4689 tari
2216 4638 2330 4698 tuo,
2384 4634 2529 4704 quod
2563 4642 2645 4688 est
2690 4632 2955 4687 Dominus
2987 4640 3172 4686 noster
3200 4633 3228 4686 J
3239 4648 3368 4686 esus
3404 4631 3672 4698 Christus,

2069 4722 2238 4778 virtus
2257 4731 2310 4777 et
2331 4721 2603 4793 sapientia
2621 4721 2740 4777 Dei.
2760 4721 2972 4776 Deinde
2987 4720 3528 4776 animadvertendum
3546 4736 3675 4791 que-

2067 4812 2416 4867 madmodum
2437 4819 2688 4867 servetur
2705 4827 2864 4881 poena
2880 4811 3156 4882 peccatori
3174 4810 3242 4865 de
3261 4809 3518 4880 operibus
3536 4809 3669 4863 suis.

2137 4902 2203 4955 1n
2239 4902 2451 4973 laqueo,
2507 4901 2636 4967 ista,
2686 4908 2796 4956 etc.
2845 4901 3118 4972 Laqueus,
3168 4897 3524 4954 absconditus
3590 4905 3674 4953 est

2067 4988 2258 5044 dolosa
2289 4989 2549 5062 cogitatio
2584 5008 2597 5044 :
2628 5006 2725 5062 pes
2756 4989 2952 5044 anima:
2983 4997 3131 5045 recte
3163 4987 3481 5060 intelligitur
3496 5003 3671 5057 amor,

2067 5078 2160 5150 qui
2203 5094 2324 5132 cum
2370 5094 2574 5149 pravus
2605 5086 2707 5144 est,
2752 5087 2977 5133 vocatur
3008 5077 3309 5148 cupiditas,
3344 5083 3435 5132 aut
3466 5074 3672 5131 libido:

2069 5181 2193 5224 cum
2229 5174 2410 5221 autem
2441 5175 2648 5237 rectus,
2680 5166 2901 5223 dilectio
2937 5166 3024 5222 vel
3065 5166 3326 5223 charitas.
3368 5165 3428 5219 In
3460 5163 3678 5220 fraudu-

2067 5256 2213 5312 lento
2255 5272 2388 5328 ergo
2433 5255 2667 5311 consilio
2713 5255 3148 5329 comprehensus
3197 5259 3280 5311 est
3309 5271 3408 5327 pes
3455 5269 3668 5318 eorum,

2067 5359 2189 5402 cum
2207 5360 2394 5401 amore
2424 5345 2676 5417 pervenit
2702 5362 2804 5417 per
2834 5344 3086 5401 fraudem
3104 5333 3174 5399 ad
3194 5360 3389 5400 vanam
3404 5341 3666 5398 laetitiam.

2138 5452 2312 5508 Vens.
2338 5454 2424 5508 17.
2447 5482 2519 5493 -
2548 5453 2921 5526 Cagnoscetur
2948 5454 3242 5518 Dominus,
3263 5459 3367 5506 etc.
3388 5450 3515 5503 Ilzec
3545 5451 3670 5500 sunt

2059 5541 2283 5615 judicia
2308 5541 2430 5613 Dei,
2474 5557 2599 5599 cum
2636 5542 2817 5598 reddit
2859 5541 3151 5614 unicuique
3200 5536 3497 5596 secundum
3529 5549 3669 5606 opus

2066 5647 2250 5687 suum.

2138 5721 2308 5778 Vens.
2335 5723 2422 5778 18.
2446 5748 2519 5765 -
2536 5721 2958 5782 Convertuntur
2973 5721 3310 5792 peccatores,
3343 5721 3453 5774 etc.
3488 5713 3550 5771 Id
3599 5728 3632 5770 e
3655 5730 3683 5770 s
