4002 6184
371 256 462 309 ’171

827 253 1233 311 WALAFRIDI
1263 253 1506 310 STRABI
1537 253 1735 310 FULD.
1769 250 1940 308 MON.
1975 249 2129 307 OPP.
2163 251 2338 308 PARS
2361 252 2402 306 Ι.
2435 281 2506 293 -
2532 251 3010 309 THEOLOGICA.

3575 255 3686 311 772

373 380 572 434 dentur
602 377 658 432 in
688 392 884 432 manus
914 393 1061 446 suas,
1083 393 1207 433 cum
1246 377 1324 432 eis
1356 376 1598 448 parcitur
1617 420 1630 441 ,
1664 384 1718 431 et
1747 376 1975 449 illaque-
2002 375 2059 437 Α
2085 391 2254 446 gnum
2286 375 2626 442 obtenturus,
2661 376 2876 447 quando
2922 375 3086 431 etiam
3107 375 3409 432 secundum
3441 378 3684 448 Aposto-

375 471 538 519 entur
566 460 929 518 delectatione
963 461 1265 517 mortifera.

458 552 631 607 Vens.
659 553 830 606 19.-
855 552 1131 618 Quoniam
1161 566 1277 605 non
1315 551 1377 605 in
1418 549 1591 619 ﬁnem
1620 549 1836 614 oblivio,
1874 556 1978 605 etc.

383 642 668 713 Pauperes
750 639 1036 705 dicuntur,
1088 637 1181 709 qui
1227 653 1373 694 nunc
1421 637 1694 703 videntur,
1740 637 1896 709 quasi
1926 637 1982 692 in

385 727 660 785 oblivione
692 743 814 782 esse
848 745 861 781 :
895 743 1020 782 cum
1050 726 1178 781 mali
1208 726 1423 795 ﬂorent,
1443 735 1494 781 et
1525 726 1603 781 illi
1631 725 1979 782 tribulantur.

389 817 497 873 Sed
523 817 808 890 patientia
843 831 1055 884 eorum,
1091 831 1200 886 qua
1217 831 1363 871 nunc
1392 823 1613 886 portant
1641 814 1835 882 malos,
1867 831 1984 872 non

382 907 607 980 peribit,
645 903 743 960 sed
800 903 1240 960 remunerabitur
1287 904 1342 958 in
1370 903 1554 959 ﬁnem.

459 994 630 1049 Vens.
663 996 753 1051 2ο.
786 1023 855 1033 --
884 995 1160 1065 Exsurge,
1186 995 1437 1059 Domine,
1463 1009 1578 1050 non
1605 995 1977 1065 confortetur,

380 1089 485 1138 etc.
537 1081 849 1153 Inploratur
890 1081 1129 1136 futurum
1172 1081 1438 1152 judicium
1471 1100 1484 1137 :
1518 1081 1774 1154 quodque
1805 1080 1935 1137 dicit
1966 1099 1979 1135 :

373 1171 439 1242 in
474 1175 781 1244 conspectu
830 1175 943 1237 tuo,
983 1170 1272 1244 signiﬁcat,
1304 1171 1359 1225 in
1388 1170 1603 1228 occulto
1619 1187 1809 1227 coram
1841 1171 1978 1238 Deo,

375 1259 564 1332 paucis
585 1260 786 1316 sanctis
807 1267 860 1315 et
884 1260 1044 1329 justis
1066 1259 1513 1332 intelligentibus.

451 1348 624 1404 Vens.
648 1351 738 1406 21.
771 1379 842 1391 --
874 1349 1182 1415 Constitue,
1205 1351 1461 1415 Domine,
1487 1347 1835 1404 ete.Videtur
1863 1350 1981 1404 An—

379 1436 687 1493 tichristum
725 1437 1064 1510 significare,
1095 1437 1163 1495 de
1193 1453 1301 1510 quo
1331 1437 1624 1509 Apostolus
1652 1436 1783 1494 dicit
1808 1453 1820 1492 :
1844 1438 1982 1494 Cum

381 1527 728 1583 revelabitur
768 1527 927 1582 homo
967 1527 1213 1598 peccati,
1247 1535 1304 1580 ut
1346 1526 1438 1598 qui
1481 1525 1672 1581 nolunt
1701 1525 1919 1580 liberari
1948 1542 1982 1581 a

376 1614 513 1671 Filio
550 1614 686 1682 Dei,
721 1623 774 1670 et
802 1614 1080 1686 pertinere
1110 1615 1181 1669 ad
1211 1615 1405 1669 Filium
1451 1614 1701 1670 homines
1725 1658 1737 1679 ,
1772 1622 1824 1670 et
1857 1629 1980 1668 esse

375 1711 473 1767 ﬁlii
502 1712 784 1769 hominum
822 1756 835 1780 ,
871 1711 925 1767 id
965 1721 1047 1768 est
1084 1712 1210 1768 novi
1251 1711 1498 1768 homines
1535 1756 1548 1779 ,
1591 1711 1832 1768 serviant
1875 1713 1980 1767 ho-
2008 1736 2062 1796 B

380 1801 537 1869 mini,
573 1801 627 1857 id
663 1809 746 1856 est
774 1801 947 1857 veteri
990 1799 1197 1856 homini
1225 1801 1504 1872 peccatori
1529 1845 1542 1867 ,
1568 1803 1838 1874 quoniam
1886 1801 1980 1858 ho-

378 1891 568 1946 mines
596 1894 754 1947 sunt.
803 1890 872 1944 Et
915 1889 1044 1962 quia
1071 1891 1164 1945 ille
1206 1890 1274 1944 ad
1312 1897 1523 1945 tantum
1555 1889 1769 1946 culmen
1802 1889 1981 1945 inanis

377 1977 572 2050 gloriae
608 1985 872 2034 venturus
913 1979 1184 2046 creditur,
1215 1986 1266 2032 et
1306 1985 1454 2032 tanta
1486 1978 1536 2032 ei
1584 1978 1766 2034 licebit
1799 1977 1980 2034 facere

377 2065 432 2121 in
474 2083 667 2122 omnes
715 2066 964 2122 homines
994 2074 1046 2122 et
1075 2066 1130 2120 in
1176 2073 1396 2122 sanctos
1431 2065 1550 2137 Dei,
1583 2074 1643 2122 ut
1691 2073 1819 2122 tunc
1847 2083 1980 2122 vere

377 2154 628 2211 nonnulli
668 2154 870 2210 inﬁrmi
901 2155 1232 2210 arbitrentur
1260 2156 1436 2210 Deum
1464 2171 1553 2211 res
1583 2156 1848 2211 humanas
1879 2171 1981 2211 ne-

379 2243 593 2317 gligere
618 2261 631 2298 :
656 2243 872 2313 subjicit
916 2251 1178 2315 tanquam
1206 2259 1342 2300 voce
1380 2243 1714 2316 gementium
1759 2251 1811 2300 et
1842 2259 1981 2316 que-

382 2331 615 2388 rentium
647 2347 745 2388 cur
779 2332 1045 2400 judicium
1075 2331 1374 2388 differatur.

453 2439 624 2494 Vens.
647 2441 812 2495 22.-
840 2438 1056 2512 thuid,
1077 2440 1337 2508 Domine,
1368 2440 1668 2506 recessisti,
1695 2445 1798 2494 etc.
1824 2438 1884 2494 Id
1900 2447 1984 2494 est

384 2535 697 2600 Opportuna
726 2526 984 2599 despicis,
1018 2535 1072 2583 et
1101 2527 1238 2584 facis
1269 2527 1642 2582 tribulationes
1674 2528 1746 2582 ad
1775 2527 1984 2582 inﬂam-

386 2615 616 2674 mandos
656 2615 868 2672 animos
915 2616 1191 2672 desiderio
1239 2617 1506 2671 adventus
1549 2615 1646 2670 tui.
1697 2616 1793 2670 llis
1835 2616 1982 2671 enim

380 2705 673 2775 jucundior
694 2713 778 2762 est
798 2704 920 2761 fons
950 2705 1041 2760 ille
1071 2705 1222 2775 vita),
1259 2705 1351 2776 qui
1379 2705 1604 2760 multum
1631 2705 1833 2760 sitiunt.
1869 2706 1981 2760 Ita-

383 2810 490 2866 que
519 2794 759 2850 insinuat
789 2794 1078 2850 consilium
1118 2794 1388 2850 dilationis
1419 2794 1608 2850 dicens
1641 2810 1654 2849 :

457 2901 630 2957 Vens.
662 2905 754 2959 23.
786 2931 856 2941 -
890 2903 1038 2957 Dum
1066 2901 1320 2973 superbit
1367 2902 1596 2973 impius,
1645 2907 1750 2962 etc.
1784 2899 1982 2955 Mirum

382 2997 468 3045 est
497 2997 552 3044 et
579 3005 798 3056 verum,
830 2997 1035 3060 quanto
1084 2989 1262 3044 studio
1302 2988 1459 3044 bonae
1505 2988 1622 3059 spei
1651 2987 1867 3059 parvuli
1893 2987 1981 3042 in-

387 3077 688 3134 cendantur
734 3078 806 3133 ad
848 3086 995 3135 recte
1033 3077 1363 3143 vivendum,
1407 3076 1815 3147 comparatione
1843 3092 1978 3147 pec-
2000 3096 2050 3160 α

384 3165 626 3222 cautium
649 3183 663 3220 :
687 3181 796 3237 quo
853 3166 1111 3238 mysterio
1169 3165 1381 3237 agitur,
1415 3173 1473 3220 ut
1533 3166 1698 3221 etiam
1735 3166 1976 3221 haereses

386 3270 511 3311 esse
550 3255 953 3326 permittantur,
994 3263 1054 3310 ut
1093 3253 1306 3326 probati
1344 3253 1616 3310 manifesti
1655 3253 1785 3309 ﬁant
1837 3253 1980 3310 inter

381 3347 655 3420 homines,
692 3353 784 3424 qui
812 3353 928 3408 Deo
958 3350 1071 3407 noti
1109 3358 1255 3406 sunt.
1293 3352 1853 3424 Comprehendantur
1874 3367 1976 3406 au-

381 3450 492 3498 tem
521 3441 672 3514 impii
701 3443 766 3497 in
795 3441 1069 3507 consiliis,
1103 3439 1228 3512 quia
1258 3439 1618 3514 cogitationes
1640 3456 1832 3497 eorum
1859 3440 1977 3497 vin-

380 3531 503 3588 cula
531 3529 638 3586 illis
685 3529 834 3586 fiunt.
875 3529 985 3586 Sed
1014 3530 1233 3601 quare?

451 3639 624 3694 Vens.
665 3639 756 3695 24.
789 3666 858 3678 -
902 3638 1177 3705 Quoniam
1223 3635 1494 3692 laudatur
1531 3639 1828 3708 peccator,
1868 3642 1974 3692 etc.

381 3726 725 3783 Adulantium
756 3725 956 3796 linguae
975 3725 1202 3797 alligant
1231 3725 1440 3779 animas
1468 3723 1523 3778 in
1555 3724 1796 3795 peccatis
1826 3741 1840 3779 :
1875 3724 1976 3779 de-

381 3815 545 3872 lectat
574 3815 719 3871 enim
750 3829 782 3869 a
814 3814 1015 3883 facere,
1049 3813 1104 3867 in
1144 3813 1340 3884 quibus
1374 3828 1483 3868 non
1511 3813 1687 3868 solum
1715 3828 1826 3868 non
1853 3829 1976 3870 me-

381 3904 547 3960 tuitur
576 3904 956 3975 reprehensor,
991 3902 1089 3957 sed
1127 3902 1292 3957 etiam
1322 3901 1567 3957 laudator
1594 3902 1831 3957 auditur.

451 4018 624 4074 Vens.
657 4021 746 4076 25.
780 4046 850 4057 -
880 4017 1252 4073 Exacerbavit
1277 4017 1600 4083 Dominum,
1622 4023 1726 4072 etc.
1752 4014 1978 4070 Multum

381 4115 647 4182 irascitur,
672 4114 805 4169 dum
832 4129 943 4169 non
982 4113 1236 4184 exquirit,
1269 4113 1397 4168 dum
1429 4113 1586 4184 quasi
1615 4111 1973 4179 obliviscitur,

381 4204 512 4260 dum
541 4220 648 4260 non
697 4203 924 4258 attendit
956 4210 1202 4273 peccata,
1237 4210 1289 4256 et
1317 4201 1514 4273 impius
1544 4218 1645 4272 per
1674 4201 1894 4256 fraudes
1924 4209 1979 4256 et

381 4293 595 4351 scelera
625 4292 695 4347 ad
737 4291 952 4348 divitias
983 4291 1325 4361 honoresque
1354 4290 1604 4361 pervenit
1636 4307 1648 4343 :
1682 4290 1826 4362 quod
1856 4305 1977 4343 ma-

380 4383 524 4438 xime
563 4382 620 4437 in
659 4381 752 4436 illo
781 4379 1114 4435 Antichristo
1158 4387 1477 4434 eventurum
1527 4387 1638 4444 est,
1672 4379 1762 4450 qui
1803 4394 1976 4450 usque

2085 463 2218 533 lum,
2241 464 2303 519 in
2327 465 2533 537 templo
2553 465 2651 520 Dei
2673 465 2919 532 sedebit;
2943 465 3226 521 extollens
3247 482 3305 522 se
3327 482 3502 538 super
3518 483 3686 522 omne

2083 552 2226 626 quod
2256 554 2465 609 colitur
2493 557 2549 609 et
2577 553 2719 626 quod
2760 554 2974 609 dicitur
3002 555 3172 610 Deus.

2154 685 2328 740 Vens.
2357 687 2446 742 2‘7.
2480 715 2549 725 —
2570 686 2732 740 Dixit
2761 688 2915 742 enim
2935 687 2999 742 in
3017 686 3182 743 corde
3197 703 3315 752 suo,
3341 695 3447 742 etc.
3485 686 3546 741 Id
3577 695 3680 753 est,

2083 773 2230 829 fama
2271 789 2396 828 mea
2442 781 2495 828 et
2545 789 2747 829 nomen
2788 790 2973 830 meum
3001 775 3071 830 de
3098 776 3201 830 hac
3231 774 3596 848 generatione
3628 775 3684 831 in

2083 863 2498 934 generationem
2542 871 2890 933 posterorum
2917 879 3028 919 non
3057 863 3302 932 transiet,
3335 862 3442 918 nisi
3471 864 3683 920 artibus

2083 950 2242 1005 malis
2288 951 2560 1022 adipiscar
2590 959 2703 1006 tam
2737 953 3011 1008 excelsum
3050 952 3437 1023 principatum,
3473 951 3546 1008 de
3576 969 3684 1024 quo

2082 1039 2288 1110 posteri
2334 1047 2516 1095 tacere
2559 1056 2669 1095 non
2713 1040 2944 1111 possint.
2998 1041 3097 1096 Vel
3145 1049 3293 1097 certe
3335 1041 3405 1096 de
3437 1040 3684 1096 humana

2083 1128 2437 1200 generatione
2484 1128 2540 1182 in
2585 1128 2824 1184 divinam
2855 1129 3271 1202 generationem
3301 1131 3473 1186 rebus
3494 1130 3685 1204 magi-

2082 1217 2162 1273 cis
2190 1217 2547 1273 transiturum
2577 1233 2637 1272 se
2666 1217 3037 1274 arbitrabitur.

2153 1327 2446 1386 Sciendum
2489 1337 2669 1384 autem
2707 1330 2853 1401 quod
2891 1329 3162 1386 Hebraica
3189 1329 3475 1387 translatio
3505 1330 3686 1404 signi-

2081 1415 2204 1474 ficat
2251 1417 2401 1472 illum
2443 1418 2760 1473 damnatum
2801 1418 3078 1474 hominem
3120 1419 3195 1474 ita
3225 1434 3256 1474 a
3297 1419 3522 1475 diabolo
3561 1435 3686 1474 sua-

2080 1506 2351 1576 dendum,
2385 1514 2446 1561 ut
2471 1523 2530 1562 se
2569 1515 2721 1578 putet
2751 1507 2806 1561 in
2840 1515 3104 1562 aeternum
3139 1507 3258 1564 sine
3287 1507 3398 1562 ulla
3430 1508 3685 1564 adversi-

2080 1602 2187 1650 tate
2219 1603 2609 1668 regnaturum;
2643 1612 2764 1668 quae
2792 1595 2864 1650 ita
2909 1595 3040 1651 dicit
3073 1613 3087 1650 :
3119 1597 3394 1670 Loquitur
3433 1598 3499 1652 in
3522 1596 3686 1653 corde

2079 1699 2213 1740 suo:
2238 1685 2357 1740 Non
2395 1685 2652 1742 movebar
2681 1701 2694 1740 :
2728 1687 2793 1740 in
2824 1685 3190 1757 generatione
3220 1690 3277 1742 et
3312 1687 3683 1758 generatione

2081 1788 2176 1829 ero
2203 1773 2328 1829 sine
2363 1774 2534 1829 malo.
3095 1779 3103 1788 ‘

2152 1887 2323 1943 Vens.
2354 1892 2444 1945 28.
2477 1917 2548 1928 -
2581 1888 2753 1960 Cujus
2791 1887 3191 1945 maledictione
3219 1904 3277 1946 os
3303 1889 3549 1962 plenum
3577 1894 3681 1956 est,

2081 1983 2186 2031 etc.
2220 1976 2477 2048 Magnum
2511 1975 2653 2030 enim
2683 1975 3035 2032 maledictum
3064 1984 3149 2031 est
3175 1984 3286 2032 tam
3307 1976 3566 2032 nefandis
3592 1994 3685 2033 ar-

2081 2063 2224 2118 tibus
2241 2063 2441 2120 coelum
2468 2073 2748 2135 appetere,
2784 2073 2837 2120 et
2865 2064 2934 2120 ad
2952 2065 3274 2136 capiendam
3297 2074 3564 2121 aeternam
3592 2082 3685 2121 se-

2081 2151 2208 2208 dem
2265 2152 2393 2207 talia
2439 2153 2633 2208 merita
2680 2169 3025 2224 comparare.
3061 2153 3171 2209 Sed
3199 2155 3306 2210 hac
3336 2155 3460 2222 ejus
3492 2156 3676 2210 male-

2081 2241 2326 2298 dictione
2355 2256 2413 2297 os
2444 2242 2558 2310 ejus
2584 2242 2822 2314 plenum
2841 2245 2945 2298 est.
2975 2243 3099 2298 Non
3119 2241 3264 2297 enim
3279 2241 3505 2298 habebit
3520 2241 3686 2299 eti'ec—

2081 2335 2192 2383 tum
2219 2328 2322 2383 ista
2351 2329 2637 2400 cupiditas,
2681 2330 2779 2385 sed
2809 2328 2953 2385 infra
2980 2346 3172 2386 omnes
3201 2331 3319 2400 ejus
3346 2338 3559 2386 tantum
3586 2347 3684 2386 va-

2081 2417 2211 2472 lebit
2239 2418 2308 2472 ad
2353 2434 2477 2472 eum
2514 2418 2856 2489 perdendum
2883 2462 2895 2486 ,
2935 2418 3066 2491 quia
3112 2419 3218 2476 hoc
3266 2419 3370 2474 sibi
3399 2436 3569 2476 ausus
3603 2428 3685 2474 est

2079 2505 2344 2576 polliceri.
2380 2507 2518 2562 Cum
2546 2507 2933 2563 amaritudine
2961 2511 3020 2563 et
3051 2507 3194 2574 dolo,
3223 2506 3278 2562 id
3308 2517 3392 2563 est
3421 2508 3508 2564 ira
3539 2508 3677 2563 insi-

2080 2593 2313 2666 diisque,
2340 2595 2538 2666 quibus
2567 2595 2623 2650 in
2652 2613 2778 2650 suas
2806 2603 2986 2666 partes
3025 2611 3393 2653 conversurus
3424 2605 3511 2653 est
3536 2597 3682 2652 mul-

2078 2683 2384 2739 titudinem.
2418 2683 2576 2753 Quod
2605 2701 2734 2740 vero
2765 2685 3005 2757 sequitur
3035 2702 3048 2739 :
3080 2686 3190 2742 Sub
3223 2688 3420 2758 lingua
3447 2689 3574 2759 ejus
3605 2689 3685 2742 la-

2081 2773 2175 2828 bor
2203 2776 2260 2828 et
2297 2772 2472 2838 dolor,
2515 2773 2582 2826 ad
2612 2773 2746 2828 illud
2787 2772 3025 2829 refertur
3055 2774 3201 2846 quod
3238 2774 3373 2829 dixit
3416 2774 3472 2829 in
3512 2775 3682 2832 corde

2079 2875 2178 2913 suo
2211 2876 2224 2913 :
2259 2861 2379 2916 Non
2423 2861 2674 2927 novebor,
2709 2868 2762 2915 et
2818 2867 3112 2932 pr0pterea
3140 2863 3240 2917 sub
3293 2864 3495 2934 lingua
3525 2866 3667 2935 ejus,

2079 2963 2191 3003 non
2217 2947 2273 3002 in
2314 2947 2504 3021 lingua
2533 2949 2669 3018 ejus,
2709 2949 2966 3021 quoniam
2990 2949 3152 3006 tacite
3189 2949 3295 3006 ista
3337 2951 3681 3026 cogitaturus

2081 3044 2182 3103 est,
2214 3035 2525 3091 hominibus
2573 3045 2753 3092 autem
2797 3038 2923 3093 talia
2980 3037 3292 3107 locuturus,
3325 3047 3383 3095 ut
3424 3040 3604 3096 bonus
3631 3049 3684 3096 et

2073 3125 2252 3195 justus
2283 3133 2335 3180 et
2363 3125 2466 3180 Dei
2493 3124 2634 3180 filius
2665 3125 2928 3181 videatur.

2149 3257 2321 3313 Vens.
2352 3260 2444 3314 29.
2475 3287 2546 3297 -
2573 3258 2737 3314 Sedet
2773 3261 2839 3314 in
2877 3258 3122 3326 insidiis,
3169 3266 3274 3316 etc.
3309 3259 3525 3327 Quibus
3544 3260 3680 3318 divi-

2077 3344 2244 3414 tibus,
2276 3345 2380 3400 nisi
2411 3345 2510 3415 eis,
2555 3361 2693 3417 quos
2731 3345 2891 3416 hujus
2921 3347 3105 3404 saeculi
3133 3348 3455 3404 muneribus
3484 3364 3681 3405 cumu-

2078 3433 2252 3489 labit?
2278 3434 2348 3488 Et
2377 3433 2502 3489 ideo
2532 3435 2595 3490 in
2633 3435 2862 3491 insidiis
2889 3451 3011 3492 cum
3039 3436 3124 3491 his
3144 3437 3336 3494 sedere
3363 3437 3548 3494 dictus
3578 3447 3678 3505 est,

2078 3521 2333 3594 quoniam
2365 3521 2558 3577 falsam
2597 3523 2842 3593 ipsorum
2881 3523 3197 3581 felicitatem
3239 3524 3311 3580 ad
3339 3525 3680 3595 dejiciendos

2075 3611 2327 3665 homines
2364 3610 2672 3666 ostentabit.
2715 3612 2781 3668 In
2818 3614 3054 3669 occultis
3101 3622 3283 3669 autem
3312 3621 3446 3686 puto
3475 3615 3679 3670 dictum

2077 3715 2234 3764 esse,
2268 3699 2361 3754 ubi
2397 3716 2507 3754 non
2545 3699 2701 3755 facile
2744 3700 3060 3774 intelligitur
3105 3702 3236 3773 quid
3284 3703 3677 3774 appetendum,

2076 3787 2273 3858 quidve
2303 3786 2623 3859 fugiendum
2654 3788 2740 3843 sit.
2770 3790 3132 3848 Innocentem
3173 3807 3309 3848 vero
3351 3793 3679 3862 interﬁcere

2077 3883 2160 3931 est
2189 3893 2256 3932 ex
2283 3876 2572 3932 innocente
2602 3876 2785 3933 facere
2828 3887 3134 3936 nocentem.

2147 4009 2420 4064 Vens.30.
2451 4039 2522 4050 —-
2555 4009 2715 4065 Oculi
2743 4013 2866 4082 ejus
2903 4011 2968 4066 in
2993 4027 3302 4084 pauperem
3331 4014 3672 4087 respiciunt,

2075 4104 2180 4152 etc.
2211 4097 2395 4152 Justos
2424 4097 2567 4152 enim
2607 4098 2847 4153 maxime
2884 4108 3269 4170 persecuturus
3300 4110 3404 4169 est,
3441 4103 3513 4157 de
3544 4102 3670 4174 qui-

2076 4185 2177 4240 bus
2206 4184 2406 4241 dictum
2437 4193 2516 4240 est
2544 4187 2731 4242 :Beati
2749 4203 3021 4260 pauperes
3050 4190 3277 4261 spiritu.
3311 4191 3558 4246 Leonem
3587 4207 3680 4245 au—

2075 4281 2186 4330 tem
2216 4275 2278 4329 in
2324 4275 2596 4347 spelunca
2636 4274 2765 4330 dicit
2808 4292 2959 4343 eum,
2993 4276 3049 4330 in
3094 4293 3202 4348 quo
3233 4285 3287 4332 et
3314 4278 3399 4334 vis
3431 4287 3484 4333 et
3515 4279 3676 4334 dolus

2075 4363 2403 4434 operabitur.
2438 4363 2619 4417 Prima
2648 4363 2791 4417 enim
2810 4364 3118 4434 persecutio
3146 4365 3412 4421 Ecclesiae
3441 4367 3678 4422 violenta

379 4471 518 4528 adeo
547 4471 736 4526 beatus
767 4468 1040 4526 videbitur
1069 4467 1397 4534 hominibus,
1422 4475 1479 4522 ut
1510 4467 1674 4522 etiam
1704 4469 1851 4523 Deus
1877 4485 1975 4538 pu-

2086 4450 2190 4516 iuit,
2225 4467 2350 4507 cum
2369 4451 2875 4522 proscriptionibus,
2909 4453 3214 4522 tormentis,
3243 4455 3488 4510 caadibus
3520 4456 3678 4511 Chri-

379 4568 541 4616 tetur.
575 4559 683 4615 Sed
727 4567 926 4631 quanta
962 4557 1068 4612 ista
1095 4555 1175 4611 ira
1213 4556 1312 4612 Dei
1343 4555 1412 4610 sit
1447 4556 1644 4611 docent
1672 4557 1974 4628 sequentia.

452 4666 622 4721 Vens.
655 4669 724 4723 26
745 4665 967 4722 .-Νοη
998 4667 1084 4719 est
1111 4665 1256 4719 Deus
1286 4665 1347 4720 in
1378 4667 1681 4735 conspectu
1709 4665 1848 4735 ejus,
1871 4671 1972 4719 etc.

384 4755 654 4826 Quantam
699 4769 833 4826 ergo
870 4768 1090 4825 poenam
1128 4752 1354 4823 patitur,
1388 4752 1480 4824 qui
1519 4751 1774 4807 secundis
1812 4751 1977 4806 rebus

382 4851 727 4916 peccatorum
767 4858 985 4897 suorum
1030 4858 1096 4897 eo
1127 4841 1468 4912 perdueitur,
1501 4850 1557 4895 ut
1586 4857 1694 4896 non
1723 4840 1791 4896 sit
1829 4841 1977 4895 Deus

381 4932 439 4986 in
485 4939 780 5003 conspectu
821 4932 935 5000 ejus
970 4947 982 4984 :
1015 4930 1068 4985 id
1114 4938 1196 4984 est
1238 4929 1524 4984 deseratur
1569 4929 1687 4985 luce
1715 4929 1972 4995 veritatis,

345 5030 347 5032 '
385 5028 439 5074 et
467 5021 899 5075 contaminentur
935 5019 1036 5075 viae
1068 5019 1183 5088 ejus
1226 5019 1290 5073 in
1335 5020 1489 5074 omni
1523 5023 1785 5092 tempore,
1809 5018 1864 5073 id
1894 5026 1976 5073 est

377 5106 739 5179 cogitationes
774 5116 828 5162 et
878 5108 1110 5163 consilia
1145 5107 1264 5177 ejus
1299 5107 1574 5161 immunda
1608 5107 1761 5163 sint?

457 5197 817 5267 Auferuntur
847 5197 1072 5267 judicia
1106 5202 1224 5262 tua,
1261 5204 1363 5252 etc.
1397 5197 1624 5251 Animus
1656 5196 1801 5251 enim
1833 5196 1976 5252 male

354 5289 358 5292 ’
385 5284 490 5340 sibi
511 5283 783 5352 conscius,
812 5285 939 5339 dum
971 5285 1075 5340 sibi
1106 5285 1320 5339 videtur
1362 5285 1567 5340 nullam
1596 5301 1813 5356 ptenam
1841 5285 1971 5356 pati,

382 5373 555 5432 credit
585 5373 729 5446 quod
751 5388 860 5427 non
877 5373 1090 5442 judicet
1121 5375 1266 5428 Deus
1300 5392 1314 5429 :
1348 5381 1402 5429 et
1430 5373 1510 5430 sic
1549 5373 1867 5429 auferuntur
1895 5374 1979 5443 ju-

384 5463 529 5521 dicia
551 5462 888 5530 tua,Deus,a
910 5461 1049 5518 facie
1070 5463 1218 5530 ejus;
1239 5478 1363 5518 cum
1396 5464 1512 5519 haec
1532 5462 1649 5533 ipsa
1679 5463 1748 5518 sit
1775 5478 1975 5540 magna

382 5553 677 5610 damnatio.
712 5553 978 5610 Omnium
1014 5551 1381 5608 inimicorum
1404 5567 1637 5607 suorum
1667 5553 1976 5609 dominabi-

387 5647 500 5709 tur,
522 5643 650 5716 quia
660 5659 824 5716 reges
835 5657 1028 5699 omnes
1045 5655 1145 5712 sup
1151 5646 1394 5695 eraturus
1405 5640 1648 5710 traditur,
1664 5648 1719 5698 et
1732 5640 1882 5696 solus
1893 5657 1976 5697 re-

2079 4540 2240 4595 stiani
2270 4539 2339 4594 ad
2367 4538 2778 4596 sacrificandum
2808 4549 3152 4613 cogerentur.
3189 4542 3377 4598 Altera
3406 4559 3678 4614 persecu-

2078 4629 2152 4683 tio
2200 4627 2536 4682 fraudulenta
2568 4636 2668 4697 est,
2705 4646 2824 4700 quae
2854 4646 2996 4684 nunc
3026 4646 3123 4702 per
3139 4631 3521 4699 hujuscemodi
3556 4633 3672 4689 hm-

2077 4717 2273 4772 reticos
2296 4725 2347 4771 et
2381 4715 2551 4772 falsos
2598 4717 2796 4773 fratres
2839 4718 3038 4790 agitur.
3077 4719 3260 4774 Tertia
3302 4730 3554 4791 superest
3579 4737 3678 4792 per

2076 4805 2464 4861 Antichristum
2525 4814 2784 4872 ventura,
2831 4823 2940 4877 qua
2978 4807 3113 4861 nihil
3153 4816 3236 4863 est
3275 4808 3675 4880 periculosius,

2077 4895 2332 4965 quoniam
2363 4902 2415 4948 et
2444 4894 2676 4950 violenta
2706 4904 2757 4949 et
2788 4893 3130 4950 fraudulenta
3148 4897 3268 4952 erit.
3301 4898 3420 4952 Vim
3453 4898 3678 4953 habebit

2075 4982 2132 5036 in
2177 4982 2426 5053 imperio,
2458 4983 2642 5038 dolum
2673 4984 2728 5038 in
2749 4984 3044 5040 miraculis.
3069 4985 3152 5042 Ad
3173 4985 3283 5042 vim
3311 4986 3548 5042 relatum
3570 4995 3674 5055 est,

2077 5072 2223 5142 quod
2267 5072 2469 5127 dictum
2511 5080 2592 5126 est
2619 5075 2724 5128 Leo
2755 5089 2768 5128 ε
2801 5073 2870 5128 ad
2901 5074 3056 5129 dolos
3078 5119 3092 5144 ,
3117 5076 3265 5145 quod
3304 5075 3509 5131 dictum
3542 5085 3628 5131 est
3659 5092 3673 5130 :

2075 5163 2138 5216 in
2169 5161 2442 5233 spelunca
2471 5177 2593 5217 sua.
2625 5162 2690 5216 Et
2721 5177 2938 5217 rursum
2977 5162 3093 5233 ipsa
3123 5162 3350 5235 repetita
3379 5171 3504 5220 sunt
3535 5181 3675 5221 con-

2075 5264 2234 5303 verso
2267 5249 2456 5304 ordine
2489 5265 2501 5303 :
2535 5251 2844 5327 Insidiatur
2874 5255 2941 5307 ut
2977 5253 3186 5324 rapiat,
3213 5259 3315 5308 etc.
3349 5252 3491 5308 Nam
3521 5255 3674 5310 insi-

2071 5337 2178 5394 diae
2207 5337 2278 5392 ad
2305 5337 2492 5393 dolum
2511 5335 2798 5409 pertinent,
2830 5356 3028 5412 rapere
3049 5340 3320 5398 violentia:
3343 5341 3660 5415 deputatur.

2076 5426 2210 5481 Item
2241 5443 2364 5496 quae
2394 5435 2695 5499 sequuntur
2724 5427 2845 5498 ipsa
2865 5436 2988 5483 sunt
3015 5447 3029 5483 :
3641 5417 3648 5466 Ϊ

2146 5550 2316 5604 Vens.
2347 5554 2434 5605 3t.
2467 5581 2536 5592 —
2575 5553 2638 5607 In
2670 5553 2863 5626 laqueo
2908 5569 3008 5610 suo
3037 5554 3381 5622 humiliavit,
3417 5563 3524 5612 etc.
3559 5559 3671 5613 La-

2073 5654 2246 5711 queus
2275 5638 2421 5696 enim
2451 5639 2591 5696 bene
2629 5639 2902 5712 signiﬁcat
2923 5640 3150 5699 insidias
3172 5660 3189 5699 :
3211 5643 3514 5702 dominatio
3545 5661 3676 5720 vere
