  <div class='ocr_page' id='page_1' title='image "/cluster/home/n/w/nwhite01/storage/ocr_20150623/114/hvd.32044052819893/392.png"; bbox 0 0 4002 6184; ppageno 0'>
   <div class='ocr_carea' id='block_1_1' title="bbox 290 259 396 311">
    <p class='ocr_par' dir='ltr' id='par_1_1' title="bbox 290 259 396 311">
     <span class='ocr_line' id='line_1_1' title="bbox 290 259 396 311; baseline -0.009 0"><span class='ocrx_word' id='word_1_1' title='bbox 290 259 396 311; x_wconf 85' lang='lat'>773</span> 
     </span>
    </p>
   </div>
   <div class='ocr_carea' id='block_1_2' title="bbox 291 376 1555 450">
    <p class='ocr_par' dir='ltr' id='par_1_2' title="bbox 291 376 1555 450">
     <span class='ocr_line' id='line_1_2' title="bbox 291 376 1555 450; baseline -0.002 -13"><span class='ocrx_word' id='word_1_2' title='bbox 291 389 568 437; x_wconf 86' lang='lat' dir='ltr'>terrorem</span> <span class='ocrx_word' id='word_1_3' title='bbox 603 376 888 450; x_wconf 77' lang='lat' dir='ltr'>aptissime</span> <span class='ocrx_word' id='word_1_4' title='bbox 915 376 1157 434; x_wconf 87' lang='lat' dir='ltr'>insinuat</span> <span class='ocrx_word' id='word_1_5' title='bbox 1195 394 1210 434; x_wconf 88' lang='lat'><strong>:</strong></span> <span class='ocrx_word' id='word_1_6' title='bbox 1241 377 1386 434; x_wconf 89' lang='lat' dir='ltr'>unde</span> <span class='ocrx_word' id='word_1_7' title='bbox 1417 379 1492 434; x_wconf 91' lang='lat' dir='ltr'>ait</span> <span class='ocrx_word' id='word_1_8' title='bbox 1542 394 1555 434; x_wconf 91' lang='lat'><strong>:</strong></span> 
     </span>
    </p>
   </div>
   <div class='ocr_carea' id='block_1_3' title="bbox 292 469 706 535">
    <p class='ocr_par' dir='ltr' id='par_1_3' title="bbox 292 469 706 535">
     <span class='ocr_line' id='line_1_3' title="bbox 292 469 706 535; baseline -0.01 -8"><span class='ocrx_word' id='word_1_9' title='bbox 292 474 350 528; x_wconf 87' lang='lat' dir='ltr'>et</span> <span class='ocrx_word' id='word_1_10' title='bbox 380 469 564 535; x_wconf 81' lang='lat' dir='ltr'>cadet,</span> <span class='ocrx_word' id='word_1_11' title='bbox 600 476 706 524; x_wconf 90' lang='lat' dir='ltr'>etc.</span> 
     </span>
    </p>
   </div>
   <div class='ocr_carea' id='block_1_4' title="bbox 367 555 1897 624">
    <p class='ocr_par' dir='ltr' id='par_1_4' title="bbox 367 555 1897 624">
     <span class='ocr_line' id='line_1_4' title="bbox 367 555 1897 624; baseline -0.001 -11"><span class='ocrx_word' id='word_1_12' title='bbox 367 558 535 613; x_wconf 86' lang='lat' dir='ltr'>Vens.</span> <span class='ocrx_word' id='word_1_13' title='bbox 573 561 662 614; x_wconf 76' lang='lat'>32.</span> <span class='ocrx_word' id='word_1_14' title='bbox 695 585 767 598; x_wconf 90' lang='lat'><em>-</em></span> <span class='ocrx_word' id='word_1_15' title='bbox 803 556 970 612; x_wconf 75' lang='lat' dir='ltr'>Dixit</span> <span class='ocrx_word' id='word_1_16' title='bbox 997 557 1154 613; x_wconf 87' lang='lat' dir='ltr'>enim</span> <span class='ocrx_word' id='word_1_17' title='bbox 1181 557 1246 612; x_wconf 89' lang='lat' dir='ltr'>in</span> <span class='ocrx_word' id='word_1_18' title='bbox 1275 556 1437 613; x_wconf 90' lang='lat' dir='ltr'>corde</span> <span class='ocrx_word' id='word_1_19' title='bbox 1467 572 1592 624; x_wconf 90' lang='lat' dir='ltr'>suo,</span> <span class='ocrx_word' id='word_1_20' title='bbox 1629 563 1734 612; x_wconf 94' lang='lat' dir='ltr'>etc.</span> <span class='ocrx_word' id='word_1_21' title='bbox 1766 555 1897 611; x_wconf 77' lang='lat' dir='ltr'>Hzec</span> 
     </span>
    </p>
   </div>
   <div class='ocr_carea' id='block_1_5' title="bbox 289 645 1901 712">
    <p class='ocr_par' dir='ltr' id='par_1_5' title="bbox 289 645 1901 712">
     <span class='ocr_line' id='line_1_5' title="bbox 289 645 1901 712; baseline -0.002 -9"><span class='ocrx_word' id='word_1_22' title='bbox 289 654 373 703; x_wconf 90' lang='lat' dir='ltr'>est</span> <span class='ocrx_word' id='word_1_23' title='bbox 402 645 687 703; x_wconf 82' lang='lat' dir='ltr'>inclinatio</span> <span class='ocrx_word' id='word_1_24' title='bbox 719 653 774 700; x_wconf 91' lang='lat' dir='ltr'>et</span> <span class='ocrx_word' id='word_1_25' title='bbox 802 660 967 702; x_wconf 89' lang='lat' dir='ltr'>casus</span> <span class='ocrx_word' id='word_1_26' title='bbox 996 645 1361 712; x_wconf 85' lang='lat' dir='ltr'>miserrimus,</span> <span class='ocrx_word' id='word_1_27' title='bbox 1393 645 1522 700; x_wconf 89' lang='lat' dir='ltr'>dum</span> <span class='ocrx_word' id='word_1_28' title='bbox 1551 645 1768 700; x_wconf 89' lang='lat' dir='ltr'>animus</span> <span class='ocrx_word' id='word_1_29' title='bbox 1794 645 1901 700; x_wconf 89' lang='lat' dir='ltr'>hu-</span> 
     </span>
    </p>
   </div>
   <div class='ocr_carea' id='block_1_6' title="bbox 282 733 1902 807">
    <p class='ocr_par' dir='ltr' id='par_1_6' title="bbox 282 733 1902 807">
     <span class='ocr_line' id='line_1_6' title="bbox 282 733 1902 807; baseline -0.002 -16"><span class='ocrx_word' id='word_1_30' title='bbox 282 750 487 791; x_wconf 90' lang='lat' dir='ltr'>manus</span> <span class='ocrx_word' id='word_1_31' title='bbox 517 734 576 789; x_wconf 92' lang='lat' dir='ltr'>in</span> <span class='ocrx_word' id='word_1_32' title='bbox 590 734 705 791; x_wconf 86' lang='lat' dir='ltr'>suis</span> <span class='ocrx_word' id='word_1_33' title='bbox 726 733 1105 806; x_wconf 78' lang='lat' dir='ltr'>iniquitatibUs</span> <span class='ocrx_word' id='word_1_34' title='bbox 1127 733 1287 807; x_wconf 85' lang='lat' dir='ltr'>quasi</span> <span class='ocrx_word' id='word_1_35' title='bbox 1307 743 1679 806; x_wconf 88' lang='lat' dir='ltr'>prosperatur,</span> <span class='ocrx_word' id='word_1_36' title='bbox 1705 741 1759 788; x_wconf 90' lang='lat' dir='ltr'>et</span> <span class='ocrx_word' id='word_1_37' title='bbox 1775 747 1902 804; x_wconf 90' lang='lat' dir='ltr'>par-</span> 
     </span>
    </p>
   </div>
   <div class='ocr_carea' id='block_1_7' title="bbox 285 821 1902 896">
    <p class='ocr_par' dir='ltr' id='par_1_7' title="bbox 285 821 1902 896">
     <span class='ocr_line' id='line_1_7' title="bbox 285 821 1902 896; baseline -0.002 -16"><span class='ocrx_word' id='word_1_38' title='bbox 285 824 465 896; x_wconf 57' lang='lat' dir='ltr'>cizsibi</span> <span class='ocrx_word' id='word_1_39' title='bbox 494 831 668 895; x_wconf 91' lang='lat' dir='ltr'>putat,</span> <span class='ocrx_word' id='word_1_40' title='bbox 694 838 820 880; x_wconf 90' lang='lat' dir='ltr'>cum</span> <span class='ocrx_word' id='word_1_41' title='bbox 852 831 1179 893; x_wconf 77' lang='lat' dir='ltr'>excaecatur,</span> <span class='ocrx_word' id='word_1_42' title='bbox 1204 829 1261 879; x_wconf 92' lang='lat' dir='ltr'>ut</span> <span class='ocrx_word' id='word_1_43' title='bbox 1292 830 1540 880; x_wconf 85' lang='lat' dir='ltr'>servetur</span> <span class='ocrx_word' id='word_1_44' title='bbox 1555 822 1627 878; x_wconf 90' lang='lat' dir='ltr'>ad</span> <span class='ocrx_word' id='word_1_45' title='bbox 1655 821 1902 877; x_wconf 84' lang='lat' dir='ltr'>ultimam</span> 
     </span>
    </p>
   </div>
   <div class='ocr_carea' id='block_1_8' title="bbox 287 905 1899 986">
    <p class='ocr_par' dir='ltr' id='par_1_8' title="bbox 287 905 1899 986">
     <span class='ocr_line' id='line_1_8' title="bbox 287 905 1899 986; baseline -0.002 -18"><span class='ocrx_word' id='word_1_46' title='bbox 287 920 766 986; x_wconf 90' lang='lat' dir='ltr'>opportunamque</span> <span class='ocrx_word' id='word_1_47' title='bbox 799 912 1119 981; x_wconf 85' lang='lat' dir='ltr'>vindictam,</span> <span class='ocrx_word' id='word_1_48' title='bbox 1151 911 1222 968; x_wconf 90' lang='lat' dir='ltr'>de</span> <span class='ocrx_word' id='word_1_49' title='bbox 1251 905 1530 986; x_wconf 33' lang='lat' dir='ltr'>qua—nunc</span> <span class='ocrx_word' id='word_1_50' title='bbox 1569 911 1684 982; x_wconf 90' lang='lat' dir='ltr'>jam</span> <span class='ocrx_word' id='word_1_51' title='bbox 1713 910 1899 984; x_wconf 89' lang='lat' dir='ltr'>loqui-</span> 
     </span>
    </p>
   </div>
   <div class='ocr_carea' id='block_1_9' title="bbox 287 1000 650 1057">
    <p class='ocr_par' dir='ltr' id='par_1_9' title="bbox 287 1000 650 1057">
     <span class='ocr_line' id='line_1_9' title="bbox 287 1000 650 1057; baseline 0 -1"><span class='ocrx_word' id='word_1_52' title='bbox 287 1007 379 1056; x_wconf 90' lang='lat' dir='ltr'>tur</span> <span class='ocrx_word' id='word_1_53' title='bbox 407 1000 601 1057; x_wconf 91' lang='lat' dir='ltr'>dicens</span> <span class='ocrx_word' id='word_1_54' title='bbox 636 1018 650 1056; x_wconf 90' lang='lat'>:</span> 
     </span>
    </p>
   </div>
   <div class='ocr_carea' id='block_1_10' title="bbox 360 1115 1899 1188">
    <p class='ocr_par' dir='ltr' id='par_1_10' title="bbox 360 1115 1899 1188">
     <span class='ocr_line' id='line_1_10' title="bbox 360 1115 1899 1188; baseline -0.003 -15"><span class='ocrx_word' id='word_1_55' title='bbox 360 1116 535 1174; x_wconf 87' lang='lat' dir='ltr'>Vens.</span> <span class='ocrx_word' id='word_1_56' title='bbox 570 1120 660 1173; x_wconf 87' lang='lat'>33.</span> <span class='ocrx_word' id='word_1_57' title='bbox 683 1145 753 1158; x_wconf 89' lang='lat'><strong><em>—</em></strong></span> <span class='ocrx_word' id='word_1_58' title='bbox 773 1119 1046 1188; x_wconf 72' lang='lat' dir='ltr'>Exsurge,</span> <span class='ocrx_word' id='word_1_59' title='bbox 1081 1115 1316 1172; x_wconf 80' lang='lat' dir='ltr'>Domine</span> <span class='ocrx_word' id='word_1_60' title='bbox 1371 1117 1536 1183; x_wconf 78' lang='lat' dir='ltr'>Deus,</span> <span class='ocrx_word' id='word_1_61' title='bbox 1588 1116 1899 1181; x_wconf 73' lang='lat' dir='ltr'>exaltetur,</span> 
     </span>
    </p>
   </div>
   <div class='ocr_carea' id='block_1_11' title="bbox 289 1203 1904 1276">
    <p class='ocr_par' dir='ltr' id='par_1_11' title="bbox 289 1203 1904 1276">
     <span class='ocr_line' id='line_1_11' title="bbox 289 1203 1904 1276; baseline -0.003 -14"><span class='ocrx_word' id='word_1_62' title='bbox 289 1213 396 1263; x_wconf 86' lang='lat' dir='ltr'><strong>etc.</strong></span> <span class='ocrx_word' id='word_1_63' title='bbox 422 1206 484 1261; x_wconf 88' lang='lat' dir='ltr'>Id</span> <span class='ocrx_word' id='word_1_64' title='bbox 515 1213 597 1261; x_wconf 88' lang='lat' dir='ltr'>est</span> <span class='ocrx_word' id='word_1_65' title='bbox 613 1205 903 1261; x_wconf 79' lang='lat' dir='ltr'>manifesta</span> <span class='ocrx_word' id='word_1_66' title='bbox 933 1205 1001 1260; x_wconf 89' lang='lat' dir='ltr'>sit</span> <span class='ocrx_word' id='word_1_67' title='bbox 1022 1204 1261 1276; x_wconf 90' lang='lat' dir='ltr'>potentia</span> <span class='ocrx_word' id='word_1_68' title='bbox 1291 1211 1405 1260; x_wconf 88' lang='lat' dir='ltr'>tua.</span> <span class='ocrx_word' id='word_1_69' title='bbox 1433 1203 1721 1260; x_wconf 83' lang='lat' dir='ltr'>Laborans</span> <span class='ocrx_word' id='word_1_70' title='bbox 1757 1203 1904 1258; x_wconf 90' lang='lat' dir='ltr'>enim</span> 
     </span>
    </p>
   </div>
   <div class='ocr_carea' id='block_1_12' title="bbox 282 1291 1905 1366">
    <p class='ocr_par' dir='ltr' id='par_1_12' title="bbox 282 1291 1905 1366">
     <span class='ocr_line' id='line_1_12' title="bbox 282 1291 1905 1366; baseline -0.004 -14"><span class='ocrx_word' id='word_1_71' title='bbox 282 1294 541 1352; x_wconf 81' lang='lat' dir='ltr'>Ecclesia</span> <span class='ocrx_word' id='word_1_72' title='bbox 569 1293 677 1350; x_wconf 86' lang='lat' dir='ltr'>illis</span> <span class='ocrx_word' id='word_1_73' title='bbox 705 1293 1047 1366; x_wconf 85' lang='lat' dir='ltr'>temporibus</span> <span class='ocrx_word' id='word_1_74' title='bbox 1094 1301 1357 1366; x_wconf 85' lang='lat' dir='ltr'>tanquam</span> <span class='ocrx_word' id='word_1_75' title='bbox 1398 1292 1554 1348; x_wconf 90' lang='lat' dir='ltr'>navis</span> <span class='ocrx_word' id='word_1_76' title='bbox 1584 1291 1642 1347; x_wconf 90' lang='lat' dir='ltr'>in</span> <span class='ocrx_word' id='word_1_77' title='bbox 1683 1291 1905 1364; x_wconf 81' lang='lat' dir='ltr'>magnis</span> 
     </span>
    </p>
   </div>
   <div class='ocr_carea' id='block_1_13' title="bbox 287 1381 1906 1455">
    <p class='ocr_par' dir='ltr' id='par_1_13' title="bbox 287 1381 1906 1455">
     <span class='ocr_line' id='line_1_13' title="bbox 287 1381 1906 1455; baseline -0.001 -17"><span class='ocrx_word' id='word_1_78' title='bbox 287 1383 548 1440; x_wconf 79' lang='lat' dir='ltr'>ﬂuctibus</span> <span class='ocrx_word' id='word_1_79' title='bbox 578 1391 632 1439; x_wconf 90' lang='lat' dir='ltr'>et</span> <span class='ocrx_word' id='word_1_80' title='bbox 659 1382 924 1455; x_wconf 87' lang='lat' dir='ltr'>procellis</span> <span class='ocrx_word' id='word_1_81' title='bbox 952 1381 1108 1455; x_wconf 88' lang='lat' dir='ltr'>quasi</span> <span class='ocrx_word' id='word_1_82' title='bbox 1139 1381 1503 1438; x_wconf 86' lang='lat' dir='ltr'>dormientem</span> <span class='ocrx_word' id='word_1_83' title='bbox 1548 1381 1746 1437; x_wconf 87' lang='lat' dir='ltr'>excitat</span> <span class='ocrx_word' id='word_1_84' title='bbox 1789 1381 1906 1437; x_wconf 90' lang='lat' dir='ltr'>Do-</span> 
     </span>
    </p>
   </div>
   <div class='ocr_carea' id='block_1_14' title="bbox 287 1469 1904 1543">
    <p class='ocr_par' dir='ltr' id='par_1_14' title="bbox 287 1469 1904 1543">
     <span class='ocr_line' id='line_1_14' title="bbox 287 1469 1904 1543; baseline -0.002 -16"><span class='ocrx_word' id='word_1_85' title='bbox 287 1471 527 1539; x_wconf 87' lang='lat' dir='ltr'>minum,</span> <span class='ocrx_word' id='word_1_86' title='bbox 558 1479 618 1528; x_wconf 91' lang='lat' dir='ltr'>ut</span> <span class='ocrx_word' id='word_1_87' title='bbox 662 1471 896 1543; x_wconf 89' lang='lat' dir='ltr'>imperet</span> <span class='ocrx_word' id='word_1_88' title='bbox 942 1470 1139 1538; x_wconf 89' lang='lat' dir='ltr'>ventis,</span> <span class='ocrx_word' id='word_1_89' title='bbox 1191 1478 1246 1527; x_wconf 88' lang='lat' dir='ltr'>et</span> <span class='ocrx_word' id='word_1_90' title='bbox 1293 1469 1635 1542; x_wconf 90' lang='lat' dir='ltr'>tranquilitas</span> <span class='ocrx_word' id='word_1_91' title='bbox 1691 1469 1904 1524; x_wconf 89' lang='lat' dir='ltr'>redeat.</span> 
     </span>
    </p>
   </div>
   <div class='ocr_carea' id='block_1_15' title="bbox 297 1556 1905 1634">
    <p class='ocr_par' dir='ltr' id='par_1_15' title="bbox 297 1556 1905 1634">
     <span class='ocr_line' id='line_1_15' title="bbox 297 1556 1905 1634; baseline -0.002 -18"><span class='ocrx_word' id='word_1_92' title='bbox 297 1561 426 1616; x_wconf 82' lang='lat' dir='ltr'>Jam</span> <span class='ocrx_word' id='word_1_93' title='bbox 455 1561 635 1634; x_wconf 86' lang='lat' dir='ltr'>itaque</span> <span class='ocrx_word' id='word_1_94' title='bbox 662 1559 956 1617; x_wconf 81' lang='lat' dir='ltr'>manifesto</span> <span class='ocrx_word' id='word_1_95' title='bbox 977 1559 1186 1630; x_wconf 89' lang='lat' dir='ltr'>judicio</span> <span class='ocrx_word' id='word_1_96' title='bbox 1225 1558 1593 1633; x_wconf 83' lang='lat' dir='ltr'>intelligentes</span> <span class='ocrx_word' id='word_1_97' title='bbox 1635 1566 1688 1614; x_wconf 91' lang='lat' dir='ltr'>et</span> <span class='ocrx_word' id='word_1_98' title='bbox 1717 1556 1905 1614; x_wconf 86' lang='lat' dir='ltr'>exsul-</span> 
     </span>
    </p>
   </div>
   <div class='ocr_carea' id='block_1_16' title="bbox 290 1649 736 1706">
    <p class='ocr_par' dir='ltr' id='par_1_16' title="bbox 290 1649 736 1706">
     <span class='ocr_line' id='line_1_16' title="bbox 290 1649 736 1706; baseline 0.002 -1"><span class='ocrx_word' id='word_1_99' title='bbox 290 1657 473 1706; x_wconf 87' lang='lat' dir='ltr'>tantes</span> <span class='ocrx_word' id='word_1_100' title='bbox 501 1649 689 1706; x_wconf 87' lang='lat' dir='ltr'>dicunt</span> <span class='ocrx_word' id='word_1_101' title='bbox 720 1667 736 1706; x_wconf 89' lang='lat'><strong>:</strong></span> 
     </span>
    </p>
   </div>
   <div class='ocr_carea' id='block_1_17' title="bbox 1260 251 2417 310">
    <p class='ocr_par' dir='ltr' id='par_1_17' title="bbox 1260 251 2417 310">
     <span class='ocr_line' id='line_1_17' title="bbox 1260 251 2417 310; baseline -0.002 -1"><span class='ocrx_word' id='word_1_102' title='bbox 1260 253 1516 310; x_wconf 84' lang='lat' dir='ltr'>EXPOS.</span> <span class='ocrx_word' id='word_1_103' title='bbox 1551 255 1623 309; x_wconf 85' lang='grc' dir='ltr'>ΙΝ</span> <span class='ocrx_word' id='word_1_104' title='bbox 1654 254 1762 309; x_wconf 84' lang='lat' dir='ltr'>XX</span> <span class='ocrx_word' id='word_1_105' title='bbox 1789 252 2050 310; x_wconf 83' lang='lat' dir='ltr'>PRIMOS</span> <span class='ocrx_word' id='word_1_106' title='bbox 2079 251 2417 310; x_wconf 80' lang='lat' dir='ltr'>PSALMOS.</span> 
     </span>
    </p>
   </div>
   <div class='ocr_carea' id='block_1_18' title="bbox 1608 371 3605 451">
    <p class='ocr_par' dir='ltr' id='par_1_18' title="bbox 1608 371 3605 451">
     <span class='ocr_line' id='line_1_18' title="bbox 1608 371 3605 451; baseline 0 -17"><span class='ocrx_word' id='word_1_107' title='bbox 1608 379 1917 436; x_wconf 77' lang='lat' dir='ltr'>inclinabit</span> <span class='ocrx_word' id='word_1_108' title='bbox 1945 377 1998 440; x_wconf 85' lang='lat' dir='ltr'>A</span> <span class='ocrx_word' id='word_1_109' title='bbox 2013 379 2303 451; x_wconf 81' lang='lat' dir='ltr'>pupillum</span> <span class='ocrx_word' id='word_1_110' title='bbox 2329 377 2514 445; x_wconf 88' lang='lat' dir='ltr'>etiam,</span> <span class='ocrx_word' id='word_1_111' title='bbox 2549 375 2641 448; x_wconf 92' lang='lat' dir='ltr'>qui</span> <span class='ocrx_word' id='word_1_112' title='bbox 2671 371 3279 448; x_wconf 56' lang='lat' dir='ltr'>condemnatzi&#39;judicat</span> <span class='ocrx_word' id='word_1_113' title='bbox 3299 384 3480 433; x_wconf 90' lang='lat' dir='ltr'>autem</span> <span class='ocrx_word' id='word_1_114' title='bbox 3505 394 3605 451; x_wconf 90' lang='lat' dir='ltr'>pu-</span> 
     </span>
    </p>
   </div>
   <div class='ocr_carea' id='block_1_19' title="bbox 3501 256 3607 310">
    <p class='ocr_par' dir='ltr' id='par_1_19' title="bbox 3501 256 3607 310">
     <span class='ocr_line' id='line_1_19' title="bbox 3501 256 3607 310; baseline 0 0"><span class='ocrx_word' id='word_1_115' title='bbox 3501 256 3607 310; x_wconf 71' lang='grc'>774</span> 
     </span>
    </p>
   </div>
   <div class='ocr_carea' id='block_1_20' title="bbox 1994 464 3607 539">
    <p class='ocr_par' dir='ltr' id='par_1_20' title="bbox 1994 464 3607 539">
     <span class='ocr_line' id='line_1_20' title="bbox 1994 464 3607 539; baseline 0.001 -18"><span class='ocrx_word' id='word_1_116' title='bbox 1994 467 2156 539; x_wconf 91' lang='lat' dir='ltr'>pillo,</span> <span class='ocrx_word' id='word_1_117' title='bbox 2194 465 2287 539; x_wconf 90' lang='lat' dir='ltr'>qui</span> <span class='ocrx_word' id='word_1_118' title='bbox 2314 481 2416 537; x_wconf 91' lang='lat' dir='ltr'>pro</span> <span class='ocrx_word' id='word_1_119' title='bbox 2461 464 2666 537; x_wconf 90' lang='lat' dir='ltr'>pupillo</span> <span class='ocrx_word' id='word_1_120' title='bbox 2711 465 2914 536; x_wconf 75' lang='lat' dir='ltr'>profert</span> <span class='ocrx_word' id='word_1_121' title='bbox 2961 465 3307 520; x_wconf 90' lang='lat' dir='ltr'>sententiam.</span> <span class='ocrx_word' id='word_1_122' title='bbox 3345 467 3607 523; x_wconf 85' lang='lat' dir='ltr'>Homines</span> 
     </span>
    </p>
   </div>
   <div class='ocr_carea' id='block_1_21' title="bbox 1999 553 3604 625">
    <p class='ocr_par' dir='ltr' id='par_1_21' title="bbox 1999 553 3604 625">
     <span class='ocr_line' id='line_1_21' title="bbox 1999 553 3604 625; baseline 0 -14"><span class='ocrx_word' id='word_1_123' title='bbox 1999 563 2182 611; x_wconf 89' lang='lat' dir='ltr'>autem</span> <span class='ocrx_word' id='word_1_124' title='bbox 2213 563 2338 610; x_wconf 90' lang='lat' dir='ltr'>sunt</span> <span class='ocrx_word' id='word_1_125' title='bbox 2367 570 2479 610; x_wconf 93' lang='lat' dir='ltr'>non</span> <span class='ocrx_word' id='word_1_126' title='bbox 2507 553 2686 610; x_wconf 88' lang='lat' dir='ltr'>solum</span> <span class='ocrx_word' id='word_1_127' title='bbox 2712 555 2781 609; x_wconf 91' lang='lat' dir='ltr'>de</span> <span class='ocrx_word' id='word_1_128' title='bbox 2812 554 3010 625; x_wconf 89' lang='lat' dir='ltr'>quibus</span> <span class='ocrx_word' id='word_1_129' title='bbox 3054 554 3259 610; x_wconf 90' lang='lat' dir='ltr'>dictum</span> <span class='ocrx_word' id='word_1_130' title='bbox 3289 562 3372 609; x_wconf 91' lang='lat' dir='ltr'>est</span> <span class='ocrx_word' id='word_1_131' title='bbox 3406 570 3420 611; x_wconf 92' lang='lat'>:</span> <span class='ocrx_word' id='word_1_132' title='bbox 3458 555 3604 611; x_wconf 86' lang='lat' dir='ltr'>Con-</span> 
     </span>
    </p>
   </div>
   <div class='ocr_carea' id='block_1_22' title="bbox 2006 644 3607 716">
    <p class='ocr_par' dir='ltr' id='par_1_22' title="bbox 2006 644 3607 716">
     <span class='ocr_line' id='line_1_22' title="bbox 2006 644 3607 716; baseline -0.001 -16"><span class='ocrx_word' id='word_1_133' title='bbox 2006 645 2204 710; x_wconf 88' lang='lat' dir='ltr'>stitue,</span> <span class='ocrx_word' id='word_1_134' title='bbox 2245 645 2499 710; x_wconf 84' lang='lat' dir='ltr'>Domine,</span> <span class='ocrx_word' id='word_1_135' title='bbox 2545 644 2928 716; x_wconf 88' lang='lat' dir='ltr'>legislatorem</span> <span class='ocrx_word' id='word_1_136' title='bbox 2955 660 3128 716; x_wconf 81' lang='lat' dir='ltr'>super</span> <span class='ocrx_word' id='word_1_137' title='bbox 3159 660 3268 709; x_wconf 86' lang='lat' dir='ltr'>eos,</span> <span class='ocrx_word' id='word_1_138' title='bbox 3313 647 3380 699; x_wconf 91' lang='lat' dir='ltr'>ut</span> <span class='ocrx_word' id='word_1_139' title='bbox 3413 644 3607 700; x_wconf 79' lang='lat' dir='ltr'>sciant</span> 
     </span>
    </p>
   </div>
   <div class='ocr_carea' id='block_1_23' title="bbox 2001 730 3600 806">
    <p class='ocr_par' dir='ltr' id='par_1_23' title="bbox 2001 730 3600 806">
     <span class='ocr_line' id='line_1_23' title="bbox 2001 730 3600 806; baseline 0 -18"><span class='ocrx_word' id='word_1_140' title='bbox 2001 737 2220 806; x_wconf 81' lang='lat' dir='ltr'>gentes,</span> <span class='ocrx_word' id='word_1_141' title='bbox 2255 733 2522 806; x_wconf 88' lang='lat' dir='ltr'>quoniam</span> <span class='ocrx_word' id='word_1_142' title='bbox 2536 731 2788 788; x_wconf 76' lang='lat' dir='ltr'>homines</span> <span class='ocrx_word' id='word_1_143' title='bbox 2819 735 2988 800; x_wconf 85' lang='lat' dir='ltr'>sunt;</span> <span class='ocrx_word' id='word_1_144' title='bbox 3023 732 3120 787; x_wconf 89' lang='lat' dir='ltr'>sed</span> <span class='ocrx_word' id='word_1_145' title='bbox 3152 733 3314 787; x_wconf 89' lang='lat' dir='ltr'>etiam</span> <span class='ocrx_word' id='word_1_146' title='bbox 3344 730 3458 799; x_wconf 92' lang='lat' dir='ltr'>ille,</span> <span class='ocrx_word' id='word_1_147' title='bbox 3508 731 3600 804; x_wconf 89' lang='lat' dir='ltr'>qui</span> 
     </span>
    </p>
   </div>
   <div class='ocr_carea' id='block_1_24' title="bbox 2005 819 3606 894">
    <p class='ocr_par' dir='ltr' id='par_1_24' title="bbox 2005 819 3606 894">
     <span class='ocr_line' id='line_1_24' title="bbox 2005 819 3606 894; baseline -0.001 -17"><span class='ocrx_word' id='word_1_148' title='bbox 2005 822 2202 878; x_wconf 89' lang='lat' dir='ltr'>eodem</span> <span class='ocrx_word' id='word_1_149' title='bbox 2229 820 2351 877; x_wconf 94' lang='lat' dir='ltr'>loco</span> <span class='ocrx_word' id='word_1_150' title='bbox 2379 820 2695 894; x_wconf 82' lang='lat' dir='ltr'>intelligitur</span> <span class='ocrx_word' id='word_1_151' title='bbox 2722 821 2850 891; x_wconf 91' lang='lat' dir='ltr'>poni</span> <span class='ocrx_word' id='word_1_152' title='bbox 2899 836 3063 891; x_wconf 89' lang='lat' dir='ltr'>super</span> <span class='ocrx_word' id='word_1_153' title='bbox 3109 836 3223 887; x_wconf 90' lang='lat' dir='ltr'>eos,</span> <span class='ocrx_word' id='word_1_154' title='bbox 3274 821 3435 878; x_wconf 88' lang='lat' dir='ltr'>homo</span> <span class='ocrx_word' id='word_1_155' title='bbox 3483 819 3606 886; x_wconf 90' lang='lat' dir='ltr'>erit,</span> 
     </span>
    </p>
   </div>
   <div class='ocr_carea' id='block_1_25' title="bbox 2000 908 3608 983">
    <p class='ocr_par' dir='ltr' id='par_1_25' title="bbox 2000 908 3608 983">
     <span class='ocr_line' id='line_1_25' title="bbox 2000 908 3608 983; baseline -0.001 -17"><span class='ocrx_word' id='word_1_156' title='bbox 2000 909 2070 966; x_wconf 89' lang='lat' dir='ltr'>de</span> <span class='ocrx_word' id='word_1_157' title='bbox 2101 926 2209 983; x_wconf 89' lang='lat' dir='ltr'>quo</span> <span class='ocrx_word' id='word_1_158' title='bbox 2239 925 2385 966; x_wconf 90' lang='lat' dir='ltr'>nunc</span> <span class='ocrx_word' id='word_1_159' title='bbox 2413 908 2611 966; x_wconf 89' lang='lat' dir='ltr'>dicitur</span> <span class='ocrx_word' id='word_1_160' title='bbox 2643 926 2658 963; x_wconf 89' lang='lat'><strong>:</strong></span> <span class='ocrx_word' id='word_1_161' title='bbox 2689 913 2756 966; x_wconf 88' lang='lat' dir='ltr'>ut</span> <span class='ocrx_word' id='word_1_162' title='bbox 2784 925 2898 965; x_wconf 87' lang='lat' dir='ltr'>non</span> <span class='ocrx_word' id='word_1_163' title='bbox 2915 913 3166 982; x_wconf 84' lang='lat' dir='ltr'>apponat</span> <span class='ocrx_word' id='word_1_164' title='bbox 3194 910 3354 965; x_wconf 89' lang='lat' dir='ltr'>ultra</span> <span class='ocrx_word' id='word_1_165' title='bbox 3381 908 3608 980; x_wconf 87' lang='lat' dir='ltr'>magni-</span> 
     </span>
    </p>
   </div>
   <div class='ocr_carea' id='block_1_26' title="bbox 2000 996 3612 1070">
    <p class='ocr_par' dir='ltr' id='par_1_26' title="bbox 2000 996 3612 1070">
     <span class='ocr_line' id='line_1_26' title="bbox 2000 996 3612 1070; baseline -0.002 -15"><span class='ocrx_word' id='word_1_166' title='bbox 2000 1000 2172 1068; x_wconf 83' lang='lat' dir='ltr'>ﬁcare</span> <span class='ocrx_word' id='word_1_167' title='bbox 2202 1015 2261 1055; x_wconf 90' lang='lat' dir='ltr'>se</span> <span class='ocrx_word' id='word_1_168' title='bbox 2292 999 2452 1055; x_wconf 87' lang='lat' dir='ltr'>homo</span> <span class='ocrx_word' id='word_1_169' title='bbox 2482 1014 2654 1070; x_wconf 85' lang='lat' dir='ltr'>super</span> <span class='ocrx_word' id='word_1_170' title='bbox 2701 1002 2936 1064; x_wconf 85' lang='lat' dir='ltr'>terram,</span> <span class='ocrx_word' id='word_1_171' title='bbox 2972 1012 3093 1053; x_wconf 90' lang='lat' dir='ltr'>cum</span> <span class='ocrx_word' id='word_1_172' title='bbox 3143 998 3355 1053; x_wconf 84' lang='lat' dir='ltr'>venerit</span> <span class='ocrx_word' id='word_1_173' title='bbox 3401 996 3612 1054; x_wconf 84' lang='lat' dir='ltr'>scilicet</span> 
     </span>
    </p>
   </div>
   <div class='ocr_carea' id='block_1_27' title="bbox 2003 1085 3614 1157">
    <p class='ocr_par' dir='ltr' id='par_1_27' title="bbox 2003 1085 3614 1157">
     <span class='ocr_line' id='line_1_27' title="bbox 2003 1085 3614 1157; baseline -0.001 -14"><span class='ocrx_word' id='word_1_174' title='bbox 2003 1087 2170 1143; x_wconf 90' lang='lat' dir='ltr'>Filius</span> <span class='ocrx_word' id='word_1_175' title='bbox 2216 1085 2451 1142; x_wconf 88' lang='lat' dir='ltr'>hominis</span> <span class='ocrx_word' id='word_1_176' title='bbox 2502 1086 2749 1155; x_wconf 88' lang='lat' dir='ltr'>judicare</span> <span class='ocrx_word' id='word_1_177' title='bbox 2776 1085 3002 1157; x_wconf 89' lang='lat' dir='ltr'>pupillo,</span> <span class='ocrx_word' id='word_1_178' title='bbox 3037 1085 3127 1142; x_wconf 90' lang='lat' dir='ltr'>vel</span> <span class='ocrx_word' id='word_1_179' title='bbox 3170 1085 3316 1144; x_wconf 87' lang='lat' dir='ltr'>exuit</span> <span class='ocrx_word' id='word_1_180' title='bbox 3372 1092 3614 1142; x_wconf 87' lang='lat' dir='ltr'>veterem</span> 
     </span>
    </p>
   </div>
   <div class='ocr_carea' id='block_1_28' title="bbox 2003 1173 3611 1248">
    <p class='ocr_par' dir='ltr' id='par_1_28' title="bbox 2003 1173 3611 1248">
     <span class='ocr_line' id='line_1_28' title="bbox 2003 1173 3611 1248; baseline -0.001 -15"><span class='ocrx_word' id='word_1_181' title='bbox 2003 1175 2301 1244; x_wconf 86' lang='lat' dir='ltr'>hominem,</span> <span class='ocrx_word' id='word_1_182' title='bbox 2360 1183 2524 1248; x_wconf 89' lang='lat' dir='ltr'>atque</span> <span class='ocrx_word' id='word_1_183' title='bbox 2590 1175 2697 1232; x_wconf 88' lang='lat' dir='ltr'>hoc</span> <span class='ocrx_word' id='word_1_184' title='bbox 2750 1175 2917 1232; x_wconf 90' lang='lat' dir='ltr'>modo</span> <span class='ocrx_word' id='word_1_185' title='bbox 2973 1183 3232 1247; x_wconf 88' lang='lat' dir='ltr'>tanquam</span> <span class='ocrx_word' id='word_1_186' title='bbox 3280 1173 3472 1232; x_wconf 85' lang='lat' dir='ltr'>extulit</span> <span class='ocrx_word' id='word_1_187' title='bbox 3510 1189 3611 1248; x_wconf 85' lang='lat' dir='ltr'>pa-</span> 
     </span>
    </p>
   </div>
   <div class='ocr_carea' id='block_1_29' title="bbox 2006 1273 2167 1323">
    <p class='ocr_par' dir='ltr' id='par_1_29' title="bbox 2006 1273 2167 1323">
     <span class='ocr_line' id='line_1_29' title="bbox 2006 1273 2167 1323; baseline -0.006 -1"><span class='ocrx_word' id='word_1_188' title='bbox 2006 1273 2167 1323; x_wconf 88' lang='lat' dir='ltr'>trem.</span> 
     </span>
    </p>
   </div>
   <div class='ocr_carea' id='block_1_30' title="bbox 2541 1403 3073 1462">
    <p class='ocr_par' dir='ltr' id='par_1_30' title="bbox 2541 1403 3073 1462">
     <span class='ocr_line' id='line_1_30' title="bbox 2541 1403 3073 1462; baseline 0.002 -2"><span class='ocrx_word' id='word_1_189' title='bbox 2541 1404 2616 1460; x_wconf 88' lang='lat' dir='ltr'>IN</span> <span class='ocrx_word' id='word_1_190' title='bbox 2641 1403 2973 1462; x_wconf 79' lang='lat' dir='ltr'>PSALMUM</span> <span class='ocrx_word' id='word_1_191' title='bbox 2999 1403 3073 1461; x_wconf 88' lang='lat' dir='ltr'>X.</span> 
     </span>
    </p>
   </div>
   <div class='ocr_carea' id='block_1_31' title="bbox 2077 1546 3610 1621">
    <p class='ocr_par' dir='ltr' id='par_1_31' title="bbox 2077 1546 3610 1621">
     <span class='ocr_line' id='line_1_31' title="bbox 2077 1546 3610 1621; baseline 0.003 -17"><span class='ocrx_word' id='word_1_192' title='bbox 2077 1549 2326 1606; x_wconf 90' lang='lat' dir='ltr'>Psalmus</span> <span class='ocrx_word' id='word_1_193' title='bbox 2357 1548 2461 1604; x_wconf 89' lang='lat' dir='ltr'>iste</span> <span class='ocrx_word' id='word_1_194' title='bbox 2490 1548 2705 1605; x_wconf 90' lang='lat' dir='ltr'>canitur</span> <span class='ocrx_word' id='word_1_195' title='bbox 2743 1548 3010 1605; x_wconf 91' lang='lat' dir='ltr'>adversus</span> <span class='ocrx_word' id='word_1_196' title='bbox 3040 1546 3351 1619; x_wconf 70' lang='lat' dir='ltr'>haereticos,</span> <span class='ocrx_word' id='word_1_197' title='bbox 3385 1549 3479 1621; x_wconf 91' lang='lat' dir='ltr'>qui</span> <span class='ocrx_word' id='word_1_198' title='bbox 3506 1565 3610 1608; x_wconf 86' lang='lat' dir='ltr'>nos</span> 
     </span>
    </p>
   </div>
   <div class='ocr_carea' id='block_1_32' title="bbox 2006 1637 3605 1706">
    <p class='ocr_par' dir='ltr' id='par_1_32' title="bbox 2006 1637 3605 1706">
     <span class='ocr_line' id='line_1_32' title="bbox 2006 1637 3605 1706; baseline 0.001 -13"><span class='ocrx_word' id='word_1_199' title='bbox 2006 1638 2076 1694; x_wconf 91' lang='lat' dir='ltr'>ab</span> <span class='ocrx_word' id='word_1_200' title='bbox 2118 1638 2382 1694; x_wconf 89' lang='lat' dir='ltr'>uberibus</span> <span class='ocrx_word' id='word_1_201' title='bbox 2442 1637 2632 1692; x_wconf 91' lang='lat' dir='ltr'>matris</span> <span class='ocrx_word' id='word_1_202' title='bbox 2675 1637 2938 1694; x_wconf 63' lang='lat' dir='ltr'>Ecclesia;</span> <span class='ocrx_word' id='word_1_203' title='bbox 2997 1645 3250 1694; x_wconf 85' lang='lat' dir='ltr'>avertere</span> <span class='ocrx_word' id='word_1_204' title='bbox 3291 1638 3605 1706; x_wconf 90' lang='lat' dir='ltr'>moliuntur,</span> 
     </span>
    </p>
   </div>
   <div class='ocr_carea' id='block_1_33' title="bbox 369 1725 3609 1810">
    <p class='ocr_par' dir='ltr' id='par_1_33' title="bbox 369 1725 3609 1810">
     <span class='ocr_line' id='line_1_33' title="bbox 369 1725 3609 1810; baseline -0.002 -21"><span class='ocrx_word' id='word_1_205' title='bbox 369 1739 540 1795; x_wconf 65' lang='lat' dir='ltr'>Vnus.</span> <span class='ocrx_word' id='word_1_206' title='bbox 565 1741 655 1794; x_wconf 67' lang='grc'>34,</span> <span class='ocrx_word' id='word_1_207' title='bbox 694 1768 766 1780; x_wconf 88' lang='grc'><strong>-</strong></span> <span class='ocrx_word' id='word_1_208' title='bbox 789 1740 1030 1810; x_wconf 81' lang='lat' dir='ltr'>Propter</span> <span class='ocrx_word' id='word_1_209' title='bbox 1047 1735 1448 1810; x_wconf 77' lang='lat' dir='ltr'>quidirritavit</span> <span class='ocrx_word' id='word_1_210' title='bbox 1473 1736 1682 1809; x_wconf 76' lang='lat' dir='ltr'>impius</span> <span class='ocrx_word' id='word_1_211' title='bbox 1702 1737 1880 1792; x_wconf 76' lang='lat' dir='ltr'>Deum</span> <span class='ocrx_word' id='word_1_212' title='bbox 1913 1739 1967 1800; x_wconf 86' lang='lat' dir='ltr'>B</span> <span class='ocrx_word' id='word_1_213' title='bbox 2005 1725 2338 1782; x_wconf 72' lang='lat' dir='ltr'>afﬁrmantes</span> <span class='ocrx_word' id='word_1_214' title='bbox 2370 1727 2516 1800; x_wconf 92' lang='lat' dir='ltr'>quod</span> <span class='ocrx_word' id='word_1_215' title='bbox 2562 1726 2706 1798; x_wconf 91' lang='lat' dir='ltr'>apud</span> <span class='ocrx_word' id='word_1_216' title='bbox 2751 1726 2871 1797; x_wconf 91' lang='lat' dir='ltr'>ipso</span> <span class='ocrx_word' id='word_1_217' title='bbox 2919 1727 2988 1782; x_wconf 91' lang='lat' dir='ltr'>sit</span> <span class='ocrx_word' id='word_1_218' title='bbox 3034 1726 3305 1794; x_wconf 82' lang='lat' dir='ltr'>Christus,</span> <span class='ocrx_word' id='word_1_219' title='bbox 3356 1734 3410 1783; x_wconf 93' lang='lat' dir='ltr'>et</span> <span class='ocrx_word' id='word_1_220' title='bbox 3454 1726 3609 1800; x_wconf 89' lang='lat' dir='ltr'>quasi</span> 
     </span>
    </p>
   </div>
   <div class='ocr_carea' id='block_1_34' title="bbox 291 1823 1903 1900">
    <p class='ocr_par' dir='ltr' id='par_1_34' title="bbox 291 1823 1903 1900">
     <span class='ocr_line' id='line_1_34' title="bbox 291 1823 1903 1900; baseline -0.002 -17"><span class='ocrx_word' id='word_1_221' title='bbox 291 1834 404 1884; x_wconf 87' lang='lat' dir='ltr'>etc.</span> <span class='ocrx_word' id='word_1_222' title='bbox 437 1827 500 1882; x_wconf 89' lang='lat' dir='ltr'>Id</span> <span class='ocrx_word' id='word_1_223' title='bbox 529 1834 613 1882; x_wconf 91' lang='lat' dir='ltr'>est</span> <span class='ocrx_word' id='word_1_224' title='bbox 642 1826 774 1900; x_wconf 90' lang='lat' dir='ltr'>quid</span> <span class='ocrx_word' id='word_1_225' title='bbox 800 1825 1005 1898; x_wconf 82' lang='lat' dir='ltr'>profuit</span> <span class='ocrx_word' id='word_1_226' title='bbox 1031 1833 1185 1882; x_wconf 89' lang='lat' dir='ltr'>tanta</span> <span class='ocrx_word' id='word_1_227' title='bbox 1226 1825 1374 1882; x_wconf 89' lang='lat' dir='ltr'>mala</span> <span class='ocrx_word' id='word_1_228' title='bbox 1421 1823 1651 1882; x_wconf 80' lang='lat' dir='ltr'>facere?</span> <span class='ocrx_word' id='word_1_229' title='bbox 1693 1824 1903 1880; x_wconf 91' lang='lat' dir='ltr'>Deinde</span> 
     </span>
    </p>
   </div>
   <div class='ocr_carea' id='block_1_35' title="bbox 289 1915 591 1988">
    <p class='ocr_par' dir='ltr' id='par_1_35' title="bbox 289 1915 591 1988">
     <span class='ocr_line' id='line_1_35' title="bbox 289 1915 591 1988; baseline 0 -18"><span class='ocrx_word' id='word_1_230' title='bbox 289 1915 544 1988; x_wconf 89' lang='lat' dir='ltr'>sequitur</span> <span class='ocrx_word' id='word_1_231' title='bbox 575 1932 591 1970; x_wconf 89' lang='lat'><strong>:</strong></span> 
     </span>
    </p>
   </div>
   <div class='ocr_carea' id='block_1_36' title="bbox 368 2019 1902 2095">
    <p class='ocr_par' dir='ltr' id='par_1_36' title="bbox 368 2019 1902 2095">
     <span class='ocr_line' id='line_1_36' title="bbox 368 2019 1902 2095; baseline -0.003 -17"><span class='ocrx_word' id='word_1_232' title='bbox 368 2023 539 2078; x_wconf 87' lang='lat' dir='ltr'>Vens.</span> <span class='ocrx_word' id='word_1_233' title='bbox 563 2025 651 2078; x_wconf 84' lang='lat'><strong>35.</strong></span> <span class='ocrx_word' id='word_1_234' title='bbox 683 2052 754 2062; x_wconf 97' lang='lat'><strong>—</strong></span> <span class='ocrx_word' id='word_1_235' title='bbox 789 2022 942 2080; x_wconf 80' lang='lat' dir='ltr'>Vides</span> <span class='ocrx_word' id='word_1_236' title='bbox 972 2021 1239 2095; x_wconf 85' lang='lat' dir='ltr'>quoniam</span> <span class='ocrx_word' id='word_1_237' title='bbox 1261 2024 1324 2077; x_wconf 90' lang='lat' dir='ltr'>tu</span> <span class='ocrx_word' id='word_1_238' title='bbox 1359 2021 1619 2087; x_wconf 85' lang='lat' dir='ltr'>laborem,</span> <span class='ocrx_word' id='word_1_239' title='bbox 1641 2026 1745 2076; x_wconf 91' lang='lat' dir='ltr'><strong>etc.</strong></span> <span class='ocrx_word' id='word_1_240' title='bbox 1767 2019 1902 2075; x_wconf 86' lang='lat' dir='ltr'>Sen-</span> 
     </span>
    </p>
   </div>
   <div class='ocr_carea' id='block_1_37' title="bbox 291 2108 1902 2182">
    <p class='ocr_par' dir='ltr' id='par_1_37' title="bbox 291 2108 1902 2182">
     <span class='ocr_line' id='line_1_37' title="bbox 291 2108 1902 2182; baseline -0.003 -14"><span class='ocrx_word' id='word_1_241' title='bbox 291 2127 394 2168; x_wconf 88' lang='lat' dir='ltr'>sus</span> <span class='ocrx_word' id='word_1_242' title='bbox 419 2111 523 2167; x_wconf 90' lang='lat' dir='ltr'>iste</span> <span class='ocrx_word' id='word_1_243' title='bbox 551 2110 1052 2182; x_wconf 85' lang='lat' dir='ltr'>pronuntiationem</span> <span class='ocrx_word' id='word_1_244' title='bbox 1081 2110 1296 2182; x_wconf 73' lang='lat' dir='ltr'>quaerit,</span> <span class='ocrx_word' id='word_1_245' title='bbox 1328 2109 1384 2165; x_wconf 92' lang='lat' dir='ltr'>in</span> <span class='ocrx_word' id='word_1_246' title='bbox 1415 2125 1519 2181; x_wconf 90' lang='lat' dir='ltr'>qua</span> <span class='ocrx_word' id='word_1_247' title='bbox 1567 2108 1612 2163; x_wconf 90' lang='lat' dir='ltr'>si</span> <span class='ocrx_word' id='word_1_248' title='bbox 1659 2116 1902 2165; x_wconf 87' lang='lat' dir='ltr'>erratum</span> 
     </span>
    </p>
   </div>
   <div class='ocr_carea' id='block_1_38' title="bbox 291 2197 1900 2256">
    <p class='ocr_par' dir='ltr' id='par_1_38' title="bbox 291 2197 1900 2256">
     <span class='ocr_line' id='line_1_38' title="bbox 291 2197 1900 2256; baseline -0.004 0"><span class='ocrx_word' id='word_1_249' title='bbox 291 2199 460 2256; x_wconf 82' lang='lat' dir='ltr'>fuerit</span> <span class='ocrx_word' id='word_1_250' title='bbox 488 2199 832 2256; x_wconf 88' lang='lat' dir='ltr'>obscuratur.</span> <span class='ocrx_word' id='word_1_251' title='bbox 867 2199 958 2255; x_wconf 93' lang='lat' dir='ltr'>Sic</span> <span class='ocrx_word' id='word_1_252' title='bbox 985 2199 1130 2255; x_wconf 90' lang='lat' dir='ltr'>enim</span> <span class='ocrx_word' id='word_1_253' title='bbox 1177 2198 1311 2254; x_wconf 88' lang='lat' dir='ltr'>dixit</span> <span class='ocrx_word' id='word_1_254' title='bbox 1339 2198 1396 2252; x_wconf 92' lang='lat' dir='ltr'>in</span> <span class='ocrx_word' id='word_1_255' title='bbox 1442 2197 1607 2254; x_wconf 90' lang='lat' dir='ltr'>corde</span> <span class='ocrx_word' id='word_1_256' title='bbox 1651 2212 1750 2252; x_wconf 94' lang='lat' dir='ltr'>suo</span> <span class='ocrx_word' id='word_1_257' title='bbox 1792 2197 1900 2251; x_wconf 89' lang='lat' dir='ltr'>im-</span> 
     </span>
    </p>
   </div>
   <div class='ocr_carea' id='block_1_39' title="bbox 288 2285 1901 2362">
    <p class='ocr_par' dir='ltr' id='par_1_39' title="bbox 288 2285 1901 2362">
     <span class='ocr_line' id='line_1_39' title="bbox 288 2285 1901 2362; baseline -0.003 -18"><span class='ocrx_word' id='word_1_258' title='bbox 288 2288 422 2361; x_wconf 92' lang='lat' dir='ltr'>pius</span> <span class='ocrx_word' id='word_1_259' title='bbox 450 2305 565 2345; x_wconf 87' lang='lat' dir='ltr'>non</span> <span class='ocrx_word' id='word_1_260' title='bbox 593 2288 847 2362; x_wconf 84' lang='lat' dir='ltr'>requiret</span> <span class='ocrx_word' id='word_1_261' title='bbox 874 2290 1039 2354; x_wconf 84' lang='lat' dir='ltr'>Deus,</span> <span class='ocrx_word' id='word_1_262' title='bbox 1078 2286 1233 2358; x_wconf 90' lang='lat' dir='ltr'>quasi</span> <span class='ocrx_word' id='word_1_263' title='bbox 1264 2288 1412 2344; x_wconf 90' lang='lat' dir='ltr'>Deus</span> <span class='ocrx_word' id='word_1_264' title='bbox 1442 2286 1689 2342; x_wconf 87' lang='lat' dir='ltr'>laborem</span> <span class='ocrx_word' id='word_1_265' title='bbox 1719 2293 1773 2340; x_wconf 91' lang='lat' dir='ltr'>et</span> <span class='ocrx_word' id='word_1_266' title='bbox 1802 2285 1901 2340; x_wconf 88' lang='lat' dir='ltr'>do-</span> 
     </span>
    </p>
   </div>
   <div class='ocr_carea' id='block_1_40' title="bbox 287 2373 1900 2443">
    <p class='ocr_par' dir='ltr' id='par_1_40' title="bbox 287 2373 1900 2443">
     <span class='ocr_line' id='line_1_40' title="bbox 287 2373 1900 2443; baseline -0.002 -11"><span class='ocrx_word' id='word_1_267' title='bbox 287 2377 474 2433; x_wconf 90' lang='lat' dir='ltr'>lorem</span> <span class='ocrx_word' id='word_1_268' title='bbox 503 2377 830 2443; x_wconf 87' lang='lat' dir='ltr'>consideret,</span> <span class='ocrx_word' id='word_1_269' title='bbox 864 2381 930 2432; x_wconf 89' lang='lat' dir='ltr'>ut</span> <span class='ocrx_word' id='word_1_270' title='bbox 962 2377 1156 2432; x_wconf 88' lang='lat' dir='ltr'>tradat</span> <span class='ocrx_word' id='word_1_271' title='bbox 1182 2392 1273 2433; x_wconf 90' lang='lat' dir='ltr'>eos</span> <span class='ocrx_word' id='word_1_272' title='bbox 1302 2376 1364 2431; x_wconf 85' lang='lat' dir='ltr'>in</span> <span class='ocrx_word' id='word_1_273' title='bbox 1394 2391 1604 2432; x_wconf 87' lang='lat' dir='ltr'>manus</span> <span class='ocrx_word' id='word_1_274' title='bbox 1651 2391 1808 2442; x_wconf 85' lang='lat' dir='ltr'>suas,</span> <span class='ocrx_word' id='word_1_275' title='bbox 1843 2373 1900 2429; x_wconf 93' lang='lat' dir='ltr'>id</span> 
     </span>
    </p>
   </div>
   <div class='ocr_carea' id='block_1_41' title="bbox 288 2464 1902 2538">
    <p class='ocr_par' dir='ltr' id='par_1_41' title="bbox 288 2464 1902 2538">
     <span class='ocr_line' id='line_1_41' title="bbox 288 2464 1902 2538; baseline -0.002 -16"><span class='ocrx_word' id='word_1_276' title='bbox 288 2475 382 2522; x_wconf 91' lang='lat' dir='ltr'>est</span> <span class='ocrx_word' id='word_1_277' title='bbox 409 2466 564 2538; x_wconf 89' lang='lat' dir='ltr'>quasi</span> <span class='ocrx_word' id='word_1_278' title='bbox 591 2466 839 2522; x_wconf 88' lang='lat' dir='ltr'>laborare</span> <span class='ocrx_word' id='word_1_279' title='bbox 889 2473 942 2520; x_wconf 91' lang='lat' dir='ltr'>et</span> <span class='ocrx_word' id='word_1_280' title='bbox 999 2464 1188 2520; x_wconf 91' lang='lat' dir='ltr'>dolere</span> <span class='ocrx_word' id='word_1_281' title='bbox 1245 2465 1451 2531; x_wconf 88' lang='lat' dir='ltr'>timeat,</span> <span class='ocrx_word' id='word_1_282' title='bbox 1510 2471 1564 2520; x_wconf 91' lang='lat' dir='ltr'>et</span> <span class='ocrx_word' id='word_1_283' title='bbox 1610 2471 1902 2535; x_wconf 84' lang='lat' dir='ltr'>prOpterea</span> 
     </span>
    </p>
   </div>
   <div class='ocr_carea' id='block_1_42' title="bbox 288 2552 1899 2627">
    <p class='ocr_par' dir='ltr' id='par_1_42' title="bbox 288 2552 1899 2627">
     <span class='ocr_line' id='line_1_42' title="bbox 288 2552 1899 2627; baseline -0.002 -16"><span class='ocrx_word' id='word_1_284' title='bbox 288 2555 405 2611; x_wconf 87' lang='lat' dir='ltr'>illis</span> <span class='ocrx_word' id='word_1_285' title='bbox 434 2561 644 2627; x_wconf 89' lang='lat' dir='ltr'>parcat,</span> <span class='ocrx_word' id='word_1_286' title='bbox 675 2571 745 2610; x_wconf 91' lang='lat' dir='ltr'>ne</span> <span class='ocrx_word' id='word_1_287' title='bbox 775 2569 1011 2610; x_wconf 87' lang='lat' dir='ltr'>onerosa</span> <span class='ocrx_word' id='word_1_288' title='bbox 1035 2553 1107 2609; x_wconf 88' lang='lat' dir='ltr'>sit</span> <span class='ocrx_word' id='word_1_289' title='bbox 1135 2552 1212 2609; x_wconf 91' lang='lat' dir='ltr'>illi</span> <span class='ocrx_word' id='word_1_290' title='bbox 1240 2569 1405 2624; x_wconf 60' lang='lat' dir='ltr'>poena</span> <span class='ocrx_word' id='word_1_291' title='bbox 1435 2568 1646 2619; x_wconf 89' lang='lat' dir='ltr'>eorum,</span> <span class='ocrx_word' id='word_1_292' title='bbox 1693 2559 1787 2607; x_wconf 90' lang='lat' dir='ltr'>aut</span> <span class='ocrx_word' id='word_1_293' title='bbox 1830 2568 1899 2608; x_wconf 90' lang='lat' dir='ltr'>ne</span> 
     </span>
    </p>
   </div>
   <div class='ocr_carea' id='block_1_43' title="bbox 285 2640 1900 2715">
    <p class='ocr_par' dir='ltr' id='par_1_43' title="bbox 285 2640 1900 2715">
     <span class='ocr_line' id='line_1_43' title="bbox 285 2640 1900 2715; baseline -0.002 -16"><span class='ocrx_word' id='word_1_294' title='bbox 285 2643 592 2702; x_wconf 64' lang='lat' dir='ltr'>iracundia:</span> <span class='ocrx_word' id='word_1_295' title='bbox 662 2650 989 2715; x_wconf 89' lang='lat' dir='ltr'>tempestate</span> <span class='ocrx_word' id='word_1_296' title='bbox 1054 2643 1302 2698; x_wconf 86' lang='lat' dir='ltr'>turbetur</span> <span class='ocrx_word' id='word_1_297' title='bbox 1325 2645 1366 2697; x_wconf 75' lang='grc' dir='ltr'><strong>ἐ</strong></span> <span class='ocrx_word' id='word_1_298' title='bbox 1417 2641 1697 2714; x_wconf 90' lang='lat' dir='ltr'>quomodo</span> <span class='ocrx_word' id='word_1_299' title='bbox 1774 2640 1900 2713; x_wconf 92' lang='lat' dir='ltr'>ple-</span> 
     </span>
    </p>
   </div>
   <div class='ocr_carea' id='block_1_44' title="bbox 287 2730 1900 2805">
    <p class='ocr_par' dir='ltr' id='par_1_44' title="bbox 287 2730 1900 2805">
     <span class='ocr_line' id='line_1_44' title="bbox 287 2730 1900 2805; baseline -0.001 -17"><span class='ocrx_word' id='word_1_300' title='bbox 287 2748 530 2805; x_wconf 86' lang='lat' dir='ltr'>rumque</span> <span class='ocrx_word' id='word_1_301' title='bbox 583 2733 834 2788; x_wconf 89' lang='lat' dir='ltr'>homines</span> <span class='ocrx_word' id='word_1_302' title='bbox 889 2731 1096 2789; x_wconf 89' lang='lat' dir='ltr'>faciunt</span> <span class='ocrx_word' id='word_1_303' title='bbox 1141 2730 1478 2788; x_wconf 89' lang='lat' dir='ltr'>dissimulata</span> <span class='ocrx_word' id='word_1_304' title='bbox 1543 2730 1786 2788; x_wconf 85' lang='lat' dir='ltr'>vindicta</span> <span class='ocrx_word' id='word_1_305' title='bbox 1830 2745 1900 2786; x_wconf 92' lang='lat' dir='ltr'>ne</span> 
     </span>
    </p>
   </div>
   <div class='ocr_carea' id='block_1_45' title="bbox 285 2819 952 2892">
    <p class='ocr_par' dir='ltr' id='par_1_45' title="bbox 285 2819 952 2892">
     <span class='ocr_line' id='line_1_45' title="bbox 285 2819 952 2892; baseline -0.003 -14"><span class='ocrx_word' id='word_1_306' title='bbox 285 2821 562 2892; x_wconf 88' lang='lat' dir='ltr'>laborent,</span> <span class='ocrx_word' id='word_1_307' title='bbox 595 2828 688 2877; x_wconf 92' lang='lat' dir='ltr'>aut</span> <span class='ocrx_word' id='word_1_308' title='bbox 715 2819 952 2878; x_wconf 87' lang='lat' dir='ltr'>doleant.</span> 
     </span>
    </p>
   </div>
   <div class='ocr_carea' id='block_1_46' title="bbox 366 2906 1900 2980">
    <p class='ocr_par' dir='ltr' id='par_1_46' title="bbox 366 2906 1900 2980">
     <span class='ocr_line' id='line_1_46' title="bbox 366 2906 1900 2980; baseline -0.004 -12"><span class='ocrx_word' id='word_1_309' title='bbox 366 2911 487 2968; x_wconf 85' lang='lat' dir='ltr'>Tibi</span> <span class='ocrx_word' id='word_1_310' title='bbox 515 2911 818 2968; x_wconf 88' lang='lat' dir='ltr'>derelictus</span> <span class='ocrx_word' id='word_1_311' title='bbox 835 2914 939 2977; x_wconf 85' lang='lat' dir='ltr'>est,</span> <span class='ocrx_word' id='word_1_312' title='bbox 974 2916 1078 2966; x_wconf 88' lang='lat' dir='ltr'>etc.</span> <span class='ocrx_word' id='word_1_313' title='bbox 1112 2908 1242 2964; x_wconf 91' lang='lat' dir='ltr'>Ideo</span> <span class='ocrx_word' id='word_1_314' title='bbox 1274 2907 1418 2963; x_wconf 90' lang='lat' dir='ltr'>enim</span> <span class='ocrx_word' id='word_1_315' title='bbox 1448 2923 1660 2980; x_wconf 89' lang='lat' dir='ltr'>pauper</span> <span class='ocrx_word' id='word_1_316' title='bbox 1708 2913 1809 2974; x_wconf 88' lang='lat' dir='ltr'>est,</span> <span class='ocrx_word' id='word_1_317' title='bbox 1841 2906 1900 2963; x_wconf 91' lang='lat' dir='ltr'>id</span> 
     </span>
    </p>
   </div>
   <div class='ocr_carea' id='block_1_47' title="bbox 290 2997 1898 3070">
    <p class='ocr_par' dir='ltr' id='par_1_47' title="bbox 290 2997 1898 3070">
     <span class='ocr_line' id='line_1_47' title="bbox 290 2997 1898 3070; baseline -0.004 -14"><span class='ocrx_word' id='word_1_318' title='bbox 290 3007 376 3056; x_wconf 88' lang='lat' dir='ltr'>est</span> <span class='ocrx_word' id='word_1_319' title='bbox 405 2999 588 3056; x_wconf 89' lang='lat' dir='ltr'>omnia</span> <span class='ocrx_word' id='word_1_320' title='bbox 615 3000 775 3069; x_wconf 88' lang='lat' dir='ltr'>hujus</span> <span class='ocrx_word' id='word_1_321' title='bbox 826 2999 1016 3054; x_wconf 91' lang='lat' dir='ltr'>mundi</span> <span class='ocrx_word' id='word_1_322' title='bbox 1064 2997 1386 3070; x_wconf 87' lang='lat' dir='ltr'>temporalia</span> <span class='ocrx_word' id='word_1_323' title='bbox 1416 2997 1562 3052; x_wconf 90' lang='lat' dir='ltr'>bona</span> <span class='ocrx_word' id='word_1_324' title='bbox 1611 3004 1898 3068; x_wconf 90' lang='lat' dir='ltr'>contemp-</span> 
     </span>
    </p>
   </div>
   <div class='ocr_carea' id='block_1_48' title="bbox 287 3086 1968 3164">
    <p class='ocr_par' dir='ltr' id='par_1_48' title="bbox 287 3086 1968 3164">
     <span class='ocr_line' id='line_1_48' title="bbox 287 3086 1968 3164; baseline -0.001 -21"><span class='ocrx_word' id='word_1_325' title='bbox 287 3089 381 3156; x_wconf 88' lang='lat' dir='ltr'>sit,</span> <span class='ocrx_word' id='word_1_326' title='bbox 412 3097 473 3144; x_wconf 89' lang='lat' dir='ltr'>ut</span> <span class='ocrx_word' id='word_1_327' title='bbox 518 3095 576 3143; x_wconf 89' lang='lat' dir='ltr'>tu</span> <span class='ocrx_word' id='word_1_328' title='bbox 606 3088 682 3145; x_wconf 91' lang='lat' dir='ltr'>sis</span> <span class='ocrx_word' id='word_1_329' title='bbox 729 3094 938 3144; x_wconf 87' lang='lat' dir='ltr'>tantum</span> <span class='ocrx_word' id='word_1_330' title='bbox 987 3103 1115 3161; x_wconf 89' lang='lat' dir='ltr'>spes</span> <span class='ocrx_word' id='word_1_331' title='bbox 1158 3087 1294 3156; x_wconf 89' lang='lat' dir='ltr'>ejus.</span> <span class='ocrx_word' id='word_1_332' title='bbox 1347 3086 1676 3160; x_wconf 86' lang='lat' dir='ltr'>Orphanum</span> <span class='ocrx_word' id='word_1_333' title='bbox 1716 3093 1968 3164; x_wconf 77' lang='lat' dir='ltr'>autemC</span> 
     </span>
    </p>
   </div>
   <div class='ocr_carea' id='block_1_49' title="bbox 290 3175 1899 3248">
    <p class='ocr_par' dir='ltr' id='par_1_49' title="bbox 290 3175 1899 3248">
     <span class='ocr_line' id='line_1_49' title="bbox 290 3175 1899 3248; baseline -0.002 -16"><span class='ocrx_word' id='word_1_334' title='bbox 290 3177 449 3243; x_wconf 84' lang='lat' dir='ltr'>dixit,</span> <span class='ocrx_word' id='word_1_335' title='bbox 482 3177 571 3233; x_wconf 88' lang='lat' dir='ltr'>cui</span> <span class='ocrx_word' id='word_1_336' title='bbox 599 3177 825 3232; x_wconf 87' lang='lat' dir='ltr'>moritur</span> <span class='ocrx_word' id='word_1_337' title='bbox 852 3184 1009 3248; x_wconf 89' lang='lat' dir='ltr'>pater</span> <span class='ocrx_word' id='word_1_338' title='bbox 1038 3175 1128 3232; x_wconf 90' lang='lat' dir='ltr'>hic</span> <span class='ocrx_word' id='word_1_339' title='bbox 1165 3175 1421 3241; x_wconf 87' lang='lat' dir='ltr'>mundus,</span> <span class='ocrx_word' id='word_1_340' title='bbox 1453 3191 1552 3246; x_wconf 88' lang='lat' dir='ltr'>per</span> <span class='ocrx_word' id='word_1_341' title='bbox 1580 3191 1742 3247; x_wconf 90' lang='lat' dir='ltr'>quem</span> <span class='ocrx_word' id='word_1_342' title='bbox 1773 3189 1899 3230; x_wconf 86' lang='lat' dir='ltr'>car-</span> 
     </span>
    </p>
   </div>
   <div class='ocr_carea' id='block_1_50' title="bbox 289 3263 1901 3338">
    <p class='ocr_par' dir='ltr' id='par_1_50' title="bbox 289 3263 1901 3338">
     <span class='ocr_line' id='line_1_50' title="bbox 289 3263 1901 3338; baseline -0.002 -16"><span class='ocrx_word' id='word_1_343' title='bbox 289 3265 493 3322; x_wconf 88' lang='lat' dir='ltr'>naliter</span> <span class='ocrx_word' id='word_1_344' title='bbox 521 3265 739 3338; x_wconf 80' lang='lat' dir='ltr'>genitus</span> <span class='ocrx_word' id='word_1_345' title='bbox 784 3272 886 3332; x_wconf 90' lang='lat' dir='ltr'>est,</span> <span class='ocrx_word' id='word_1_346' title='bbox 919 3265 1017 3321; x_wconf 90' lang='lat' dir='ltr'>sed</span> <span class='ocrx_word' id='word_1_347' title='bbox 1060 3271 1240 3337; x_wconf 90' lang='lat' dir='ltr'>potest</span> <span class='ocrx_word' id='word_1_348' title='bbox 1281 3265 1395 3335; x_wconf 88' lang='lat' dir='ltr'>jam</span> <span class='ocrx_word' id='word_1_349' title='bbox 1442 3263 1628 3319; x_wconf 89' lang='lat' dir='ltr'>dicere</span> <span class='ocrx_word' id='word_1_350' title='bbox 1689 3280 1702 3318; x_wconf 95' lang='lat'>:</span> <span class='ocrx_word' id='word_1_351' title='bbox 1765 3263 1901 3319; x_wconf 84' lang='lat' dir='ltr'>Mihi</span> 
     </span>
    </p>
   </div>
   <div class='ocr_carea' id='block_1_51' title="bbox 290 3351 1899 3426">
    <p class='ocr_par' dir='ltr' id='par_1_51' title="bbox 290 3351 1899 3426">
     <span class='ocr_line' id='line_1_51' title="bbox 290 3351 1899 3426; baseline -0.004 -14"><span class='ocrx_word' id='word_1_352' title='bbox 290 3355 548 3412; x_wconf 86' lang='lat' dir='ltr'>mundus</span> <span class='ocrx_word' id='word_1_353' title='bbox 573 3355 888 3425; x_wconf 73' lang='lat' dir='ltr'>cruciﬁxus</span> <span class='ocrx_word' id='word_1_354' title='bbox 917 3357 1020 3421; x_wconf 90' lang='lat' dir='ltr'>est,</span> <span class='ocrx_word' id='word_1_355' title='bbox 1052 3358 1111 3410; x_wconf 90' lang='lat' dir='ltr'>et</span> <span class='ocrx_word' id='word_1_356' title='bbox 1137 3370 1231 3426; x_wconf 88' lang='lat' dir='ltr'>ego</span> <span class='ocrx_word' id='word_1_357' title='bbox 1246 3352 1477 3409; x_wconf 86' lang='lat' dir='ltr'>mundo.</span> <span class='ocrx_word' id='word_1_358' title='bbox 1509 3352 1732 3408; x_wconf 87' lang='lat' dir='ltr'>Talibus</span> <span class='ocrx_word' id='word_1_359' title='bbox 1753 3351 1899 3407; x_wconf 91' lang='lat' dir='ltr'>enim</span> 
     </span>
    </p>
   </div>
   <div class='ocr_carea' id='block_1_52' title="bbox 289 3440 1897 3515">
    <p class='ocr_par' dir='ltr' id='par_1_52' title="bbox 289 3440 1897 3515">
     <span class='ocr_line' id='line_1_52' title="bbox 289 3440 1897 3515; baseline -0.002 -16"><span class='ocrx_word' id='word_1_360' title='bbox 289 3443 556 3514; x_wconf 90' lang='lat' dir='ltr'>orphanis</span> <span class='ocrx_word' id='word_1_361' title='bbox 584 3450 742 3515; x_wconf 88' lang='lat' dir='ltr'>pater</span> <span class='ocrx_word' id='word_1_362' title='bbox 789 3441 848 3497; x_wconf 87' lang='lat' dir='ltr'>ﬁt</span> <span class='ocrx_word' id='word_1_363' title='bbox 875 3443 1046 3513; x_wconf 90' lang='lat' dir='ltr'>Deus,</span> <span class='ocrx_word' id='word_1_364' title='bbox 1095 3442 1294 3514; x_wconf 88' lang='lat' dir='ltr'>quibus</span> <span class='ocrx_word' id='word_1_365' title='bbox 1323 3440 1456 3496; x_wconf 93' lang='lat' dir='ltr'>dicit</span> <span class='ocrx_word' id='word_1_366' title='bbox 1505 3457 1520 3495; x_wconf 89' lang='lat'><strong>:</strong></span> <span class='ocrx_word' id='word_1_367' title='bbox 1567 3441 1645 3497; x_wconf 88' lang='lat' dir='ltr'>Ne</span> <span class='ocrx_word' id='word_1_368' title='bbox 1693 3440 1897 3497; x_wconf 86' lang='lat' dir='ltr'>dicatis</span> 
     </span>
    </p>
   </div>
   <div class='ocr_carea' id='block_1_53' title="bbox 286 3532 1008 3606">
    <p class='ocr_par' dir='ltr' id='par_1_53' title="bbox 286 3532 1008 3606">
     <span class='ocr_line' id='line_1_53' title="bbox 286 3532 1008 3606; baseline 0.003 -18"><span class='ocrx_word' id='word_1_369' title='bbox 286 3533 441 3590; x_wconf 82' lang='lat' dir='ltr'>vobis</span> <span class='ocrx_word' id='word_1_370' title='bbox 467 3536 695 3606; x_wconf 86' lang='lat' dir='ltr'>patrem</span> <span class='ocrx_word' id='word_1_371' title='bbox 721 3532 786 3587; x_wconf 88' lang='lat' dir='ltr'>in</span> <span class='ocrx_word' id='word_1_372' title='bbox 818 3532 1008 3590; x_wconf 84' lang='lat' dir='ltr'>terris.</span> 
     </span>
    </p>
   </div>
   <div class='ocr_carea' id='block_1_54' title="bbox 362 3645 1893 3717">
    <p class='ocr_par' dir='ltr' id='par_1_54' title="bbox 362 3645 1893 3717">
     <span class='ocr_line' id='line_1_54' title="bbox 362 3645 1893 3717; baseline -0.004 -13"><span class='ocrx_word' id='word_1_373' title='bbox 362 3646 536 3704; x_wconf 88' lang='lat' dir='ltr'>Vens.</span> <span class='ocrx_word' id='word_1_374' title='bbox 570 3651 658 3703; x_wconf 90' lang='lat'>36.</span> <span class='ocrx_word' id='word_1_375' title='bbox 700 3677 772 3689; x_wconf 92' lang='lat'><strong><em>—</em></strong></span> <span class='ocrx_word' id='word_1_376' title='bbox 802 3647 1036 3704; x_wconf 73' lang='lat' dir='ltr'>(Io-ntere</span> <span class='ocrx_word' id='word_1_377' title='bbox 1066 3645 1403 3702; x_wconf 84' lang='lat' dir='ltr'>branchium</span> <span class='ocrx_word' id='word_1_378' title='bbox 1419 3645 1754 3717; x_wconf 84' lang='lat' dir='ltr'>peccatoris,</span> <span class='ocrx_word' id='word_1_379' title='bbox 1787 3649 1893 3699; x_wconf 91' lang='lat' dir='ltr'>etc.</span> 
     </span>
    </p>
   </div>
   <div class='ocr_carea' id='block_1_55' title="bbox 291 3731 1898 3808">
    <p class='ocr_par' dir='ltr' id='par_1_55' title="bbox 291 3731 1898 3808">
     <span class='ocr_line' id='line_1_55' title="bbox 291 3731 1898 3808; baseline -0.004 -16"><span class='ocrx_word' id='word_1_380' title='bbox 291 3735 449 3792; x_wconf 89' lang='lat' dir='ltr'>Illius</span> <span class='ocrx_word' id='word_1_381' title='bbox 480 3736 705 3804; x_wconf 89' lang='lat' dir='ltr'>scilicet,</span> <span class='ocrx_word' id='word_1_382' title='bbox 739 3735 806 3791; x_wconf 88' lang='lat' dir='ltr'>de</span> <span class='ocrx_word' id='word_1_383' title='bbox 835 3750 943 3808; x_wconf 90' lang='lat' dir='ltr'>quo</span> <span class='ocrx_word' id='word_1_384' title='bbox 974 3750 1138 3807; x_wconf 88' lang='lat' dir='ltr'>supra</span> <span class='ocrx_word' id='word_1_385' title='bbox 1154 3733 1438 3790; x_wconf 88' lang='lat' dir='ltr'>dicebatur</span> <span class='ocrx_word' id='word_1_386' title='bbox 1470 3751 1485 3788; x_wconf 90' lang='lat'>:</span> <span class='ocrx_word' id='word_1_387' title='bbox 1517 3731 1898 3789; x_wconf 82' lang='lat' dir='ltr'>omniumini—</span> 
     </span>
    </p>
   </div>
   <div class='ocr_carea' id='block_1_56' title="bbox 289 3821 1896 3893">
    <p class='ocr_par' dir='ltr' id='par_1_56' title="bbox 289 3821 1896 3893">
     <span class='ocr_line' id='line_1_56' title="bbox 289 3821 1896 3893; baseline -0.005 -10"><span class='ocrx_word' id='word_1_388' title='bbox 289 3827 576 3883; x_wconf 87' lang='lat' dir='ltr'>micorum</span> <span class='ocrx_word' id='word_1_389' title='bbox 605 3842 837 3882; x_wconf 88' lang='lat' dir='ltr'>suorum</span> <span class='ocrx_word' id='word_1_390' title='bbox 866 3825 1271 3881; x_wconf 83' lang='lat' dir='ltr'>dominabitur.</span> <span class='ocrx_word' id='word_1_391' title='bbox 1297 3823 1600 3880; x_wconf 84' lang='lat' dir='ltr'>Brachium</span> <span class='ocrx_word' id='word_1_392' title='bbox 1628 3837 1760 3893; x_wconf 82' lang='lat' dir='ltr'>ergo</span> <span class='ocrx_word' id='word_1_393' title='bbox 1781 3821 1896 3889; x_wconf 86' lang='lat' dir='ltr'>ejus</span> 
     </span>
    </p>
   </div>
   <div class='ocr_carea' id='block_1_57' title="bbox 292 3913 1898 3987">
    <p class='ocr_par' dir='ltr' id='par_1_57' title="bbox 292 3913 1898 3987">
     <span class='ocr_line' id='line_1_57' title="bbox 292 3913 1898 3987; baseline -0.004 -16"><span class='ocrx_word' id='word_1_394' title='bbox 292 3914 432 3971; x_wconf 84' lang='lat' dir='ltr'>dixit</span> <span class='ocrx_word' id='word_1_395' title='bbox 484 3913 781 3987; x_wconf 90' lang='lat' dir='ltr'>potentiam</span> <span class='ocrx_word' id='word_1_396' title='bbox 837 3913 973 3982; x_wconf 88' lang='lat' dir='ltr'>ejus.</span> <span class='ocrx_word' id='word_1_397' title='bbox 1023 3913 1318 3980; x_wconf 68' lang='lat' dir='ltr'>Quaeretur</span> <span class='ocrx_word' id='word_1_398' title='bbox 1376 3919 1557 3967; x_wconf 90' lang='lat' dir='ltr'>autem</span> <span class='ocrx_word' id='word_1_399' title='bbox 1598 3914 1898 3984; x_wconf 86' lang='lat' dir='ltr'>peccatum</span> 
     </span>
    </p>
   </div>
   <div class='ocr_carea' id='block_1_58' title="bbox 290 3998 1897 4075">
    <p class='ocr_par' dir='ltr' id='par_1_58' title="bbox 290 3998 1897 4075">
     <span class='ocr_line' id='line_1_58' title="bbox 290 3998 1897 4075; baseline -0.003 -15"><span class='ocrx_word' id='word_1_400' title='bbox 290 4005 436 4075; x_wconf 85' lang='lat' dir='ltr'>ejus,</span> <span class='ocrx_word' id='word_1_401' title='bbox 469 4003 524 4058; x_wconf 91' lang='lat' dir='ltr'>id</span> <span class='ocrx_word' id='word_1_402' title='bbox 555 4010 638 4058; x_wconf 92' lang='lat' dir='ltr'>est</span> <span class='ocrx_word' id='word_1_403' title='bbox 675 4000 1005 4072; x_wconf 87' lang='lat' dir='ltr'>judicabitur</span> <span class='ocrx_word' id='word_1_404' title='bbox 1033 4001 1102 4056; x_wconf 90' lang='lat' dir='ltr'>de</span> <span class='ocrx_word' id='word_1_405' title='bbox 1143 4008 1371 4074; x_wconf 89' lang='lat' dir='ltr'>peccato</span> <span class='ocrx_word' id='word_1_406' title='bbox 1413 4017 1515 4057; x_wconf 90' lang='lat' dir='ltr'>suo</span> <span class='ocrx_word' id='word_1_407' title='bbox 1549 4017 1562 4054; x_wconf 89' lang='lat'>:</span> <span class='ocrx_word' id='word_1_408' title='bbox 1595 4014 1699 4055; x_wconf 90' lang='lat' dir='ltr'>nec</span> <span class='ocrx_word' id='word_1_409' title='bbox 1741 3998 1897 4055; x_wconf 86' lang='lat' dir='ltr'>inve-</span> 
     </span>
    </p>
   </div>
   <div class='ocr_carea' id='block_1_59' title="bbox 292 4089 1554 4164">
    <p class='ocr_par' dir='ltr' id='par_1_59' title="bbox 292 4089 1554 4164">
     <span class='ocr_line' id='line_1_59' title="bbox 292 4089 1554 4164; baseline -0.002 -17"><span class='ocrx_word' id='word_1_410' title='bbox 292 4093 511 4159; x_wconf 86' lang='lat' dir='ltr'>nietur,</span> <span class='ocrx_word' id='word_1_411' title='bbox 545 4090 671 4164; x_wconf 89' lang='lat' dir='ltr'>quia</span> <span class='ocrx_word' id='word_1_412' title='bbox 697 4089 870 4163; x_wconf 90' lang='lat' dir='ltr'>periet</span> <span class='ocrx_word' id='word_1_413' title='bbox 900 4089 1018 4162; x_wconf 92' lang='lat' dir='ltr'>ipse</span> <span class='ocrx_word' id='word_1_414' title='bbox 1045 4105 1148 4162; x_wconf 91' lang='lat' dir='ltr'>pro</span> <span class='ocrx_word' id='word_1_415' title='bbox 1177 4097 1404 4162; x_wconf 88' lang='lat' dir='ltr'>peccato</span> <span class='ocrx_word' id='word_1_416' title='bbox 1434 4104 1554 4144; x_wconf 92' lang='lat' dir='ltr'>suo.</span> 
     </span>
    </p>
   </div>
   <div class='ocr_carea' id='block_1_60' title="bbox 366 4205 1894 4278">
    <p class='ocr_par' dir='ltr' id='par_1_60' title="bbox 366 4205 1894 4278">
     <span class='ocr_line' id='line_1_60' title="bbox 366 4205 1894 4278; baseline -0.003 -16"><span class='ocrx_word' id='word_1_417' title='bbox 366 4205 536 4263; x_wconf 78' lang='lat' dir='ltr'>Vens.</span> <span class='ocrx_word' id='word_1_418' title='bbox 573 4209 660 4262; x_wconf 81' lang='lat'>37.</span> <span class='ocrx_word' id='word_1_419' title='bbox 685 4237 754 4246; x_wconf 96' lang='lat'>—</span> <span class='ocrx_word' id='word_1_420' title='bbox 777 4206 1046 4263; x_wconf 87' lang='lat' dir='ltr'>Dominus</span> <span class='ocrx_word' id='word_1_421' title='bbox 1075 4206 1330 4278; x_wconf 85' lang='lat' dir='ltr'>regnabit</span> <span class='ocrx_word' id='word_1_422' title='bbox 1358 4206 1422 4261; x_wconf 88' lang='lat' dir='ltr'>in</span> <span class='ocrx_word' id='word_1_423' title='bbox 1452 4208 1754 4274; x_wconf 76' lang='lat' dir='ltr'>aeternum,</span> <span class='ocrx_word' id='word_1_424' title='bbox 1787 4209 1894 4259; x_wconf 90' lang='lat' dir='ltr'>etc.</span> 
     </span>
    </p>
   </div>
   <div class='ocr_carea' id='block_1_61' title="bbox 296 4294 1398 4368">
    <p class='ocr_par' dir='ltr' id='par_1_61' title="bbox 296 4294 1398 4368">
     <span class='ocr_line' id='line_1_61' title="bbox 296 4294 1398 4368; baseline -0.003 -16"><span class='ocrx_word' id='word_1_425' title='bbox 296 4296 502 4353; x_wconf 86' lang='lat' dir='ltr'>Gentes</span> <span class='ocrx_word' id='word_1_426' title='bbox 529 4295 710 4368; x_wconf 89' lang='lat' dir='ltr'>posuit</span> <span class='ocrx_word' id='word_1_427' title='bbox 735 4303 1059 4365; x_wconf 88' lang='lat' dir='ltr'>peccatores</span> <span class='ocrx_word' id='word_1_428' title='bbox 1090 4303 1144 4352; x_wconf 91' lang='lat' dir='ltr'>et</span> <span class='ocrx_word' id='word_1_429' title='bbox 1180 4294 1398 4367; x_wconf 91' lang='lat' dir='ltr'>impios.</span> 
     </span>
    </p>
   </div>
   <div class='ocr_carea' id='block_1_62' title="bbox 367 4397 1895 4474">
    <p class='ocr_par' dir='ltr' id='par_1_62' title="bbox 367 4397 1895 4474">
     <span class='ocr_line' id='line_1_62' title="bbox 367 4397 1895 4474; baseline -0.004 -17"><span class='ocrx_word' id='word_1_430' title='bbox 367 4402 536 4458; x_wconf 86' lang='lat' dir='ltr'>Vens.</span> <span class='ocrx_word' id='word_1_431' title='bbox 569 4405 655 4458; x_wconf 90' lang='lat'><strong>38.</strong></span> <span class='ocrx_word' id='word_1_432' title='bbox 687 4432 760 4443; x_wconf 91' lang='lat'><strong>—</strong></span> <span class='ocrx_word' id='word_1_433' title='bbox 786 4402 1140 4460; x_wconf 89' lang='lat' dir='ltr'>Desiderium</span> <span class='ocrx_word' id='word_1_434' title='bbox 1167 4416 1501 4474; x_wconf 86' lang='lat' dir='ltr'>pauperum,</span> <span class='ocrx_word' id='word_1_435' title='bbox 1535 4407 1641 4455; x_wconf 90' lang='lat' dir='ltr'>etc.</span> <span class='ocrx_word' id='word_1_436' title='bbox 1667 4397 1895 4454; x_wconf 86' lang='lat' dir='ltr'>Deside-</span> 
     </span>
    </p>
   </div>
   <div class='ocr_carea' id='block_1_63' title="bbox 287 4486 1886 4563">
    <p class='ocr_par' dir='ltr' id='par_1_63' title="bbox 287 4486 1886 4563">
     <span class='ocr_line' id='line_1_63' title="bbox 287 4486 1886 4563; baseline -0.003 -17"><span class='ocrx_word' id='word_1_437' title='bbox 287 4491 437 4546; x_wconf 86' lang='lat' dir='ltr'>rium</span> <span class='ocrx_word' id='word_1_438' title='bbox 463 4489 619 4558; x_wconf 85' lang='lat' dir='ltr'>illud,</span> <span class='ocrx_word' id='word_1_439' title='bbox 653 4506 759 4563; x_wconf 91' lang='lat' dir='ltr'>quo</span> <span class='ocrx_word' id='word_1_440' title='bbox 804 4491 1122 4561; x_wconf 74' lang='lat' dir='ltr'>aestuabant,</span> <span class='ocrx_word' id='word_1_441' title='bbox 1155 4506 1281 4546; x_wconf 89' lang='lat' dir='ltr'>cum</span> <span class='ocrx_word' id='word_1_442' title='bbox 1324 4489 1381 4544; x_wconf 88' lang='lat' dir='ltr'>in</span> <span class='ocrx_word' id='word_1_443' title='bbox 1407 4487 1676 4561; x_wconf 83' lang='lat' dir='ltr'>angustiis</span> <span class='ocrx_word' id='word_1_444' title='bbox 1704 4493 1757 4543; x_wconf 92' lang='lat' dir='ltr'><strong>et</strong></span> <span class='ocrx_word' id='word_1_445' title='bbox 1787 4486 1886 4541; x_wconf 88' lang='lat' dir='ltr'>tri-</span> 
     </span>
    </p>
   </div>
   <div class='ocr_carea' id='block_1_64' title="bbox 294 4574 1894 4649">
    <p class='ocr_par' dir='ltr' id='par_1_64' title="bbox 294 4574 1894 4649">
     <span class='ocr_line' id='line_1_64' title="bbox 294 4574 1894 4649; baseline -0.002 -15"><span class='ocrx_word' id='word_1_446' title='bbox 294 4578 663 4636; x_wconf 88' lang='lat' dir='ltr'>bulationibus</span> <span class='ocrx_word' id='word_1_447' title='bbox 691 4579 851 4649; x_wconf 90' lang='lat' dir='ltr'>hujus</span> <span class='ocrx_word' id='word_1_448' title='bbox 880 4579 1065 4636; x_wconf 71' lang='lat' dir='ltr'>saeculi</span> <span class='ocrx_word' id='word_1_449' title='bbox 1111 4578 1330 4635; x_wconf 89' lang='lat' dir='ltr'>Domini</span> <span class='ocrx_word' id='word_1_450' title='bbox 1359 4577 1506 4634; x_wconf 90' lang='lat' dir='ltr'>diem</span> <span class='ocrx_word' id='word_1_451' title='bbox 1533 4574 1894 4647; x_wconf 88' lang='lat' dir='ltr'>concupisce-</span> 
     </span>
    </p>
   </div>
   <div class='ocr_carea' id='block_1_65' title="bbox 292 4676 437 4724">
    <p class='ocr_par' dir='ltr' id='par_1_65' title="bbox 292 4676 437 4724">
     <span class='ocr_line' id='line_1_65' title="bbox 292 4676 437 4724; baseline -0.007 0"><span class='ocrx_word' id='word_1_452' title='bbox 292 4676 437 4724; x_wconf 86' lang='lat' dir='ltr'>rent.</span> 
     </span>
    </p>
   </div>
   <div class='ocr_carea' id='block_1_66' title="bbox 367 4751 1896 4829">
    <p class='ocr_par' dir='ltr' id='par_1_66' title="bbox 367 4751 1896 4829">
     <span class='ocr_line' id='line_1_66' title="bbox 367 4751 1896 4829; baseline -0.003 -17"><span class='ocrx_word' id='word_1_453' title='bbox 367 4757 714 4829; x_wconf 76' lang='lat' dir='ltr'>Praeparatio</span> <span class='ocrx_word' id='word_1_454' title='bbox 741 4763 923 4812; x_wconf 89' lang='lat' dir='ltr'>autem</span> <span class='ocrx_word' id='word_1_455' title='bbox 952 4755 1135 4814; x_wconf 83' lang='lat' dir='ltr'>cordis</span> <span class='ocrx_word' id='word_1_456' title='bbox 1176 4756 1270 4812; x_wconf 92' lang='lat' dir='ltr'>illa</span> <span class='ocrx_word' id='word_1_457' title='bbox 1297 4763 1399 4821; x_wconf 89' lang='lat' dir='ltr'>est,</span> <span class='ocrx_word' id='word_1_458' title='bbox 1449 4753 1520 4810; x_wconf 88' lang='lat' dir='ltr'>de</span> <span class='ocrx_word' id='word_1_459' title='bbox 1549 4767 1656 4824; x_wconf 87' lang='lat' dir='ltr'>qua</span> <span class='ocrx_word' id='word_1_460' title='bbox 1683 4751 1742 4808; x_wconf 91' lang='lat' dir='ltr'>in</span> <span class='ocrx_word' id='word_1_461' title='bbox 1785 4751 1896 4808; x_wconf 89' lang='lat' dir='ltr'>alio</span> 
     </span>
    </p>
   </div>
   <div class='ocr_carea' id='block_1_67' title="bbox 292 4844 1896 4917">
    <p class='ocr_par' dir='ltr' id='par_1_67' title="bbox 292 4844 1896 4917">
     <span class='ocr_line' id='line_1_67' title="bbox 292 4844 1896 4917; baseline -0.003 -17"><span class='ocrx_word' id='word_1_462' title='bbox 292 4844 508 4917; x_wconf 90' lang='lat' dir='ltr'>psalmo</span> <span class='ocrx_word' id='word_1_463' title='bbox 523 4845 760 4902; x_wconf 87' lang='lat' dir='ltr'>canitur:</span> <span class='ocrx_word' id='word_1_464' title='bbox 786 4848 1065 4901; x_wconf 88' lang='lat' dir='ltr'>Paratum</span> <span class='ocrx_word' id='word_1_465' title='bbox 1084 4861 1180 4902; x_wconf 91' lang='lat' dir='ltr'>cor</span> <span class='ocrx_word' id='word_1_466' title='bbox 1207 4861 1415 4912; x_wconf 87' lang='lat' dir='ltr'>meum,</span> <span class='ocrx_word' id='word_1_467' title='bbox 1435 4845 1600 4910; x_wconf 89' lang='lat' dir='ltr'>Deus,</span> <span class='ocrx_word' id='word_1_468' title='bbox 1624 4845 1896 4914; x_wconf 89' lang='lat' dir='ltr'>paratum</span> 
     </span>
    </p>
   </div>
   <div class='ocr_carea' id='block_1_68' title="bbox 292 4929 1896 5006">
    <p class='ocr_par' dir='ltr' id='par_1_68' title="bbox 292 4929 1896 5006">
     <span class='ocr_line' id='line_1_68' title="bbox 292 4929 1896 5006; baseline -0.003 -17"><span class='ocrx_word' id='word_1_469' title='bbox 292 4949 393 4991; x_wconf 91' lang='lat' dir='ltr'>cor</span> <span class='ocrx_word' id='word_1_470' title='bbox 418 4949 608 4991; x_wconf 87' lang='lat' dir='ltr'>meum</span> <span class='ocrx_word' id='word_1_471' title='bbox 643 4952 657 4990; x_wconf 91' lang='lat'>:</span> <span class='ocrx_word' id='word_1_472' title='bbox 689 4933 758 4990; x_wconf 91' lang='lat' dir='ltr'>de</span> <span class='ocrx_word' id='word_1_473' title='bbox 790 4949 898 5006; x_wconf 91' lang='lat' dir='ltr'>qua</span> <span class='ocrx_word' id='word_1_474' title='bbox 926 4941 979 4990; x_wconf 91' lang='lat' dir='ltr'>et</span> <span class='ocrx_word' id='word_1_475' title='bbox 1025 4932 1319 5006; x_wconf 86' lang='lat' dir='ltr'>Apostolus</span> <span class='ocrx_word' id='word_1_476' title='bbox 1351 4949 1367 4986; x_wconf 90' lang='lat'><strong>:</strong></span> <span class='ocrx_word' id='word_1_477' title='bbox 1397 4934 1450 4988; x_wconf 87' lang='lat' dir='ltr'>si</span> <span class='ocrx_word' id='word_1_478' title='bbox 1489 4936 1701 4997; x_wconf 89' lang='lat' dir='ltr'>autem,</span> <span class='ocrx_word' id='word_1_479' title='bbox 1752 4929 1896 5003; x_wconf 89' lang='lat' dir='ltr'>quod</span> 
     </span>
    </p>
   </div>
   <div class='ocr_carea' id='block_1_69' title="bbox 294 5022 1894 5096">
    <p class='ocr_par' dir='ltr' id='par_1_69' title="bbox 294 5022 1894 5096">
     <span class='ocr_line' id='line_1_69' title="bbox 294 5022 1894 5096; baseline -0.003 -16"><span class='ocrx_word' id='word_1_480' title='bbox 294 5038 414 5080; x_wconf 84' lang='lat' dir='ltr'>non</span> <span class='ocrx_word' id='word_1_481' title='bbox 446 5023 719 5090; x_wconf 81' lang='lat' dir='ltr'>videmus,</span> <span class='ocrx_word' id='word_1_482' title='bbox 743 5039 1056 5096; x_wconf 87' lang='lat' dir='ltr'>speramus,</span> <span class='ocrx_word' id='word_1_483' title='bbox 1089 5039 1192 5096; x_wconf 91' lang='lat' dir='ltr'>per</span> <span class='ocrx_word' id='word_1_484' title='bbox 1217 5022 1561 5094; x_wconf 85' lang='lat' dir='ltr'>patientiam</span> <span class='ocrx_word' id='word_1_485' title='bbox 1593 5023 1894 5093; x_wconf 72' lang='lat' dir='ltr'>exspecta-</span> 
     </span>
    </p>
   </div>
   <div class='ocr_carea' id='block_1_70' title="bbox 294 5109 1890 5180">
    <p class='ocr_par' dir='ltr' id='par_1_70' title="bbox 294 5109 1890 5180">
     <span class='ocr_line' id='line_1_70' title="bbox 294 5109 1890 5180; baseline -0.003 -12"><span class='ocrx_word' id='word_1_486' title='bbox 294 5127 446 5168; x_wconf 84' lang='lat' dir='ltr'>mus.</span> <span class='ocrx_word' id='word_1_487' title='bbox 475 5113 596 5168; x_wconf 83' lang='lat' dir='ltr'>Jam</span> <span class='ocrx_word' id='word_1_488' title='bbox 611 5127 744 5169; x_wconf 89' lang='lat' dir='ltr'>vero</span> <span class='ocrx_word' id='word_1_489' title='bbox 771 5127 969 5168; x_wconf 85' lang='lat' dir='ltr'>aurem</span> <span class='ocrx_word' id='word_1_490' title='bbox 990 5112 1092 5168; x_wconf 88' lang='lat' dir='ltr'>Dei</span> <span class='ocrx_word' id='word_1_491' title='bbox 1117 5126 1228 5166; x_wconf 91' lang='lat' dir='ltr'>non</span> <span class='ocrx_word' id='word_1_492' title='bbox 1246 5109 1526 5166; x_wconf 90' lang='lat' dir='ltr'>membum</span> <span class='ocrx_word' id='word_1_493' title='bbox 1545 5124 1890 5180; x_wconf 89' lang='lat' dir='ltr'>corporeum,</span> 
     </span>
    </p>
   </div>
   <div class='ocr_carea' id='block_1_71' title="bbox 297 5197 1895 5274">
    <p class='ocr_par' dir='ltr' id='par_1_71' title="bbox 297 5197 1895 5274">
     <span class='ocr_line' id='line_1_71' title="bbox 297 5197 1895 5274; baseline -0.001 -18"><span class='ocrx_word' id='word_1_494' title='bbox 297 5201 398 5256; x_wconf 82' lang='lat' dir='ltr'>sed</span> <span class='ocrx_word' id='word_1_495' title='bbox 425 5200 720 5274; x_wconf 84' lang='lat' dir='ltr'>potentiam</span> <span class='ocrx_word' id='word_1_496' title='bbox 751 5217 895 5268; x_wconf 91' lang='lat' dir='ltr'>esse,</span> <span class='ocrx_word' id='word_1_497' title='bbox 946 5217 1052 5273; x_wconf 87' lang='lat' dir='ltr'>qua</span> <span class='ocrx_word' id='word_1_498' title='bbox 1077 5200 1313 5267; x_wconf 85' lang='lat' dir='ltr'>exaudit,</span> <span class='ocrx_word' id='word_1_499' title='bbox 1357 5197 1689 5270; x_wconf 77' lang='lat' dir='ltr'>regulariter</span> <span class='ocrx_word' id='word_1_500' title='bbox 1728 5198 1895 5254; x_wconf 83' lang='lat' dir='ltr'>debe-</span> 
     </span>
    </p>
   </div>
   <div class='ocr_carea' id='block_1_72' title="bbox 295 5286 1890 5362">
    <p class='ocr_par' dir='ltr' id='par_1_72' title="bbox 295 5286 1890 5362">
     <span class='ocr_line' id='line_1_72' title="bbox 295 5286 1890 5362; baseline -0.001 -17"><span class='ocrx_word' id='word_1_501' title='bbox 295 5304 419 5346; x_wconf 87' lang='lat' dir='ltr'>mus</span> <span class='ocrx_word' id='word_1_502' title='bbox 447 5290 719 5362; x_wconf 89' lang='lat' dir='ltr'>accipere.</span> <span class='ocrx_word' id='word_1_503' title='bbox 759 5291 884 5346; x_wconf 86' lang='lat' dir='ltr'>Non</span> <span class='ocrx_word' id='word_1_504' title='bbox 912 5289 1057 5346; x_wconf 90' lang='lat' dir='ltr'>enim</span> <span class='ocrx_word' id='word_1_505' title='bbox 1086 5304 1413 5360; x_wconf 88' lang='lat' dir='ltr'>corporeum</span> <span class='ocrx_word' id='word_1_506' title='bbox 1453 5286 1537 5342; x_wconf 84' lang='lat' dir='ltr'>fas</span> <span class='ocrx_word' id='word_1_507' title='bbox 1567 5295 1653 5342; x_wconf 91' lang='lat' dir='ltr'>est</span> <span class='ocrx_word' id='word_1_508' title='bbox 1678 5295 1890 5357; x_wconf 88' lang='lat' dir='ltr'>putare,</span> 
     </span>
    </p>
   </div>
   <div class='ocr_carea' id='block_1_73' title="bbox 295 5375 1896 5451">
    <p class='ocr_par' dir='ltr' id='par_1_73' title="bbox 295 5375 1896 5451">
     <span class='ocr_line' id='line_1_73' title="bbox 295 5375 1896 5451; baseline -0.001 -17"><span class='ocrx_word' id='word_1_509' title='bbox 295 5379 442 5451; x_wconf 87' lang='lat' dir='ltr'>quod</span> <span class='ocrx_word' id='word_1_510' title='bbox 469 5377 733 5435; x_wconf 89' lang='lat' dir='ltr'>Dominus</span> <span class='ocrx_word' id='word_1_511' title='bbox 762 5380 908 5436; x_wconf 90' lang='lat' dir='ltr'>Deus</span> <span class='ocrx_word' id='word_1_512' title='bbox 936 5394 1046 5433; x_wconf 91' lang='lat' dir='ltr'>non</span> <span class='ocrx_word' id='word_1_513' title='bbox 1074 5386 1357 5434; x_wconf 90' lang='lat' dir='ltr'>sonantem</span> <span class='ocrx_word' id='word_1_514' title='bbox 1385 5391 1602 5444; x_wconf 90' lang='lat' dir='ltr'>vocem,</span> <span class='ocrx_word' id='word_1_515' title='bbox 1636 5375 1733 5431; x_wconf 92' lang='lat' dir='ltr'>sed</span> <span class='ocrx_word' id='word_1_516' title='bbox 1761 5392 1896 5446; x_wconf 69' lang='lat' dir='ltr'>prte-</span> 
     </span>
    </p>
   </div>
   <div class='ocr_carea' id='block_1_74' title="bbox 281 5467 1111 5538">
    <p class='ocr_par' dir='ltr' id='par_1_74' title="bbox 281 5467 1111 5538">
     <span class='ocr_line' id='line_1_74' title="bbox 281 5467 1111 5538; baseline 0.004 -17"><span class='ocrx_word' id='word_1_517' title='bbox 281 5467 628 5538; x_wconf 73' lang='lat' dir='ltr'>perationem</span> <span class='ocrx_word' id='word_1_518' title='bbox 665 5468 849 5526; x_wconf 82' lang='lat' dir='ltr'>cordis</span> <span class='ocrx_word' id='word_1_519' title='bbox 890 5467 1111 5524; x_wconf 89' lang='lat' dir='ltr'>audivit.</span> 
     </span>
    </p>
   </div>
   <div class='ocr_carea' id='block_1_75' title="bbox 364 5558 1895 5638">
    <p class='ocr_par' dir='ltr' id='par_1_75' title="bbox 364 5558 1895 5638">
     <span class='ocr_line' id='line_1_75' title="bbox 364 5558 1895 5638; baseline -0.005 -16"><span class='ocrx_word' id='word_1_520' title='bbox 364 5565 534 5622; x_wconf 82' lang='lat' dir='ltr'>Vens.</span> <span class='ocrx_word' id='word_1_521' title='bbox 557 5569 646 5622; x_wconf 86' lang='lat'>39.</span> <span class='ocrx_word' id='word_1_522' title='bbox 669 5594 740 5608; x_wconf 89' lang='lat'><strong>-</strong></span> <span class='ocrx_word' id='word_1_523' title='bbox 762 5565 1024 5624; x_wconf 81' lang='lat' dir='ltr'>Judicare</span> <span class='ocrx_word' id='word_1_524' title='bbox 1039 5564 1261 5638; x_wconf 86' lang='lat' dir='ltr'>pupillo</span> <span class='ocrx_word' id='word_1_525' title='bbox 1277 5567 1333 5621; x_wconf 86' lang='lat' dir='ltr'>et</span> <span class='ocrx_word' id='word_1_526' title='bbox 1353 5561 1585 5630; x_wconf 81' lang='lat' dir='ltr'>humili,</span> <span class='ocrx_word' id='word_1_527' title='bbox 1604 5568 1710 5620; x_wconf 88' lang='lat' dir='ltr'>etc.</span> <span class='ocrx_word' id='word_1_528' title='bbox 1731 5558 1895 5616; x_wconf 81' lang='lat' dir='ltr'>Aliud</span> 
     </span>
    </p>
   </div>
   <div class='ocr_carea' id='block_1_76' title="bbox 285 5649 1899 5729">
    <p class='ocr_par' dir='ltr' id='par_1_76' title="bbox 285 5649 1899 5729">
     <span class='ocr_line' id='line_1_76' title="bbox 285 5649 1899 5729; baseline -0.005 -15"><span class='ocrx_word' id='word_1_529' title='bbox 285 5655 549 5725; x_wconf 81' lang='lat' dir='ltr'>judicare</span> <span class='ocrx_word' id='word_1_530' title='bbox 574 5655 882 5729; x_wconf 87' lang='lat' dir='ltr'>pupillum,</span> <span class='ocrx_word' id='word_1_531' title='bbox 921 5653 1070 5712; x_wconf 89' lang='lat' dir='ltr'>aliud</span> <span class='ocrx_word' id='word_1_532' title='bbox 1089 5653 1355 5727; x_wconf 84' lang='lat' dir='ltr'>judicare</span> <span class='ocrx_word' id='word_1_533' title='bbox 1397 5653 1637 5727; x_wconf 78' lang='lat' dir='ltr'>pupillo.</span> <span class='ocrx_word' id='word_1_534' title='bbox 1667 5649 1899 5710; x_wconf 75' lang='lat' dir='ltr'>Iudicat</span> 
     </span>
    </p>
   </div>
   <div class='ocr_carea' id='block_1_77' title="bbox 2000 1814 3609 1889">
    <p class='ocr_par' dir='ltr' id='par_1_77' title="bbox 2000 1814 3609 1889">
     <span class='ocr_line' id='line_1_77' title="bbox 2000 1814 3609 1889; baseline 0.001 -19"><span class='ocrx_word' id='word_1_535' title='bbox 2000 1815 2088 1887; x_wconf 90' lang='lat' dir='ltr'>pie</span> <span class='ocrx_word' id='word_1_536' title='bbox 2115 1815 2491 1882; x_wconf 90' lang='lat' dir='ltr'>admonentes,</span> <span class='ocrx_word' id='word_1_537' title='bbox 2522 1822 2581 1870; x_wconf 90' lang='lat' dir='ltr'>ut</span> <span class='ocrx_word' id='word_1_538' title='bbox 2614 1814 2683 1870; x_wconf 90' lang='lat' dir='ltr'>ad</span> <span class='ocrx_word' id='word_1_539' title='bbox 2729 1831 2826 1871; x_wconf 91' lang='lat' dir='ltr'>eos</span> <span class='ocrx_word' id='word_1_540' title='bbox 2874 1815 3208 1872; x_wconf 89' lang='lat' dir='ltr'>transeundo</span> <span class='ocrx_word' id='word_1_541' title='bbox 3252 1816 3609 1889; x_wconf 84' lang='lat' dir='ltr'>transmigre-</span> 
     </span>
    </p>
   </div>
   <div class='ocr_carea' id='block_1_78' title="bbox 2001 1905 3609 1975">
    <p class='ocr_par' dir='ltr' id='par_1_78' title="bbox 2001 1905 3609 1975">
     <span class='ocr_line' id='line_1_78' title="bbox 2001 1905 3609 1975; baseline 0 -15"><span class='ocrx_word' id='word_1_542' title='bbox 2001 1920 2124 1960; x_wconf 90' lang='lat' dir='ltr'>mus</span> <span class='ocrx_word' id='word_1_543' title='bbox 2155 1905 2210 1958; x_wconf 93' lang='lat' dir='ltr'>in</span> <span class='ocrx_word' id='word_1_544' title='bbox 2237 1905 2531 1972; x_wconf 89' lang='lat' dir='ltr'>Christum,</span> <span class='ocrx_word' id='word_1_545' title='bbox 2567 1920 2730 1975; x_wconf 88' lang='lat' dir='ltr'>quem</span> <span class='ocrx_word' id='word_1_546' title='bbox 2759 1921 2819 1960; x_wconf 88' lang='lat' dir='ltr'>se</span> <span class='ocrx_word' id='word_1_547' title='bbox 2847 1905 3052 1960; x_wconf 88' lang='lat' dir='ltr'>habere</span> <span class='ocrx_word' id='word_1_548' title='bbox 3085 1905 3440 1962; x_wconf 88' lang='lat' dir='ltr'>mentiuntur.</span> <span class='ocrx_word' id='word_1_549' title='bbox 3462 1906 3609 1961; x_wconf 89' lang='lat' dir='ltr'>Nam</span> 
     </span>
    </p>
   </div>
   <div class='ocr_carea' id='block_1_79' title="bbox 2000 1991 3609 2066">
    <p class='ocr_par' dir='ltr' id='par_1_79' title="bbox 2000 1991 3609 2066">
     <span class='ocr_line' id='line_1_79' title="bbox 2000 1991 3609 2066; baseline -0.001 -16"><span class='ocrx_word' id='word_1_550' title='bbox 2000 2008 2125 2050; x_wconf 90' lang='lat' dir='ltr'>cum</span> <span class='ocrx_word' id='word_1_551' title='bbox 2153 1991 2336 2048; x_wconf 90' lang='lat' dir='ltr'>multis</span> <span class='ocrx_word' id='word_1_552' title='bbox 2364 1993 2675 2049; x_wconf 90' lang='lat' dir='ltr'>nominibus</span> <span class='ocrx_word' id='word_1_553' title='bbox 2707 1993 2955 2048; x_wconf 88' lang='lat' dir='ltr'>Christus</span> <span class='ocrx_word' id='word_1_554' title='bbox 2985 1993 3041 2047; x_wconf 92' lang='lat' dir='ltr'>in</span> <span class='ocrx_word' id='word_1_555' title='bbox 3083 1993 3368 2065; x_wconf 89' lang='lat' dir='ltr'>prophetia</span> <span class='ocrx_word' id='word_1_556' title='bbox 3397 1993 3609 2066; x_wconf 86' lang='lat' dir='ltr'>allego-</span> 
     </span>
    </p>
   </div>
   <div class='ocr_carea' id='block_1_80' title="bbox 1999 2081 3610 2153">
    <p class='ocr_par' dir='ltr' id='par_1_80' title="bbox 1999 2081 3610 2153">
     <span class='ocr_line' id='line_1_80' title="bbox 1999 2081 3610 2153; baseline 0.001 -16"><span class='ocrx_word' id='word_1_557' title='bbox 1999 2081 2116 2138; x_wconf 90' lang='lat' dir='ltr'>rice</span> <span class='ocrx_word' id='word_1_558' title='bbox 2145 2081 2532 2148; x_wconf 88' lang='lat' dir='ltr'>insinuaretur,</span> <span class='ocrx_word' id='word_1_559' title='bbox 2566 2081 2729 2137; x_wconf 90' lang='lat' dir='ltr'>etiam</span> <span class='ocrx_word' id='word_1_560' title='bbox 2758 2098 2920 2138; x_wconf 85' lang='lat' dir='ltr'>mons</span> <span class='ocrx_word' id='word_1_561' title='bbox 2961 2081 3263 2153; x_wconf 85' lang='lat' dir='ltr'>appellatus</span> <span class='ocrx_word' id='word_1_562' title='bbox 3292 2089 3376 2139; x_wconf 90' lang='lat' dir='ltr'>est</span> <span class='ocrx_word' id='word_1_563' title='bbox 3423 2098 3437 2138; x_wconf 89' lang='lat'><strong>:</strong></span> <span class='ocrx_word' id='word_1_564' title='bbox 3486 2081 3610 2138; x_wconf 88' lang='lat' dir='ltr'>Istis</span> 
     </span>
    </p>
   </div>
   <div class='ocr_carea' id='block_1_81' title="bbox 1999 2169 2911 2242">
    <p class='ocr_par' dir='ltr' id='par_1_81' title="bbox 1999 2169 2911 2242">
     <span class='ocr_line' id='line_1_81' title="bbox 1999 2169 2911 2242; baseline -0.001 -16"><span class='ocrx_word' id='word_1_565' title='bbox 1999 2170 2182 2242; x_wconf 87' lang='lat' dir='ltr'>itaque</span> <span class='ocrx_word' id='word_1_566' title='bbox 2212 2170 2653 2241; x_wconf 88' lang='lat' dir='ltr'>respondendum</span> <span class='ocrx_word' id='word_1_567' title='bbox 2685 2177 2767 2225; x_wconf 90' lang='lat' dir='ltr'>est</span> <span class='ocrx_word' id='word_1_568' title='bbox 2794 2169 2867 2225; x_wconf 89' lang='lat' dir='ltr'>ita</span> <span class='ocrx_word' id='word_1_569' title='bbox 2897 2187 2911 2224; x_wconf 90' lang='lat'><strong>:</strong></span> 
     </span>
    </p>
   </div>
   <div class='ocr_carea' id='block_1_82' title="bbox 2075 2258 3602 2330">
    <p class='ocr_par' dir='ltr' id='par_1_82' title="bbox 2075 2258 3602 2330">
     <span class='ocr_line' id='line_1_82' title="bbox 2075 2258 3602 2330; baseline 0.001 -15"><span class='ocrx_word' id='word_1_570' title='bbox 2075 2260 2245 2315; x_wconf 87' lang='lat' dir='ltr'>Vens.</span> <span class='ocrx_word' id='word_1_571' title='bbox 2277 2263 2332 2316; x_wconf 82' lang='grc'>2.</span> <span class='ocrx_word' id='word_1_572' title='bbox 2374 2289 2443 2299; x_wconf 89' lang='grc'><strong><em>-</em></strong></span> <span class='ocrx_word' id='word_1_573' title='bbox 2473 2260 2537 2314; x_wconf 94' lang='lat' dir='ltr'>In</span> <span class='ocrx_word' id='word_1_574' title='bbox 2565 2259 2802 2316; x_wconf 89' lang='lat' dir='ltr'>Domino</span> <span class='ocrx_word' id='word_1_575' title='bbox 2830 2258 3064 2328; x_wconf 80' lang='lat' dir='ltr'>conﬁdo,</span> <span class='ocrx_word' id='word_1_576' title='bbox 3100 2258 3364 2330; x_wconf 86' lang='lat' dir='ltr'>quomodo</span> <span class='ocrx_word' id='word_1_577' title='bbox 3393 2258 3602 2325; x_wconf 78' lang='lat' dir='ltr'>dicitis,</span> 
     </span>
    </p>
   </div>
   <div class='ocr_carea' id='block_1_83' title="bbox 1996 2347 3608 2420">
    <p class='ocr_par' dir='ltr' id='par_1_83' title="bbox 1996 2347 3608 2420">
     <span class='ocr_line' id='line_1_83' title="bbox 1996 2347 3608 2420; baseline 0 -16"><span class='ocrx_word' id='word_1_578' title='bbox 1996 2355 2104 2404; x_wconf 77' lang='lat' dir='ltr'>etc.</span> <span class='ocrx_word' id='word_1_579' title='bbox 2139 2348 2317 2404; x_wconf 89' lang='lat' dir='ltr'>Unum</span> <span class='ocrx_word' id='word_1_580' title='bbox 2337 2347 2484 2402; x_wconf 89' lang='lat' dir='ltr'>enim</span> <span class='ocrx_word' id='word_1_581' title='bbox 2501 2352 2752 2404; x_wconf 88' lang='lat' dir='ltr'>mentem</span> <span class='ocrx_word' id='word_1_582' title='bbox 2783 2354 2963 2416; x_wconf 90' lang='lat' dir='ltr'>teneo,</span> <span class='ocrx_word' id='word_1_583' title='bbox 2996 2347 3054 2401; x_wconf 88' lang='lat' dir='ltr'>in</span> <span class='ocrx_word' id='word_1_584' title='bbox 3075 2363 3182 2418; x_wconf 90' lang='lat' dir='ltr'>quo</span> <span class='ocrx_word' id='word_1_585' title='bbox 3209 2347 3444 2417; x_wconf 81' lang='lat' dir='ltr'>conﬁdo,</span> <span class='ocrx_word' id='word_1_586' title='bbox 3475 2363 3608 2420; x_wconf 88' lang='lat' dir='ltr'>quo-</span> 
     </span>
    </p>
   </div>
   <div class='ocr_carea' id='block_1_84' title="bbox 1998 2435 3607 2508">
    <p class='ocr_par' dir='ltr' id='par_1_84' title="bbox 1998 2435 3607 2508">
     <span class='ocr_line' id='line_1_84' title="bbox 1998 2435 3607 2508; baseline 0 -16"><span class='ocrx_word' id='word_1_587' title='bbox 1998 2437 2159 2492; x_wconf 90' lang='lat' dir='ltr'>modo</span> <span class='ocrx_word' id='word_1_588' title='bbox 2189 2436 2400 2504; x_wconf 85' lang='lat' dir='ltr'>dicitis,</span> <span class='ocrx_word' id='word_1_589' title='bbox 2440 2443 2500 2508; x_wconf 90' lang='lat' dir='ltr'>u_t</span> <span class='ocrx_word' id='word_1_590' title='bbox 2545 2436 2616 2491; x_wconf 91' lang='lat' dir='ltr'>ad</span> <span class='ocrx_word' id='word_1_591' title='bbox 2662 2451 2762 2492; x_wconf 91' lang='lat' dir='ltr'>vos</span> <span class='ocrx_word' id='word_1_592' title='bbox 2806 2443 3101 2502; x_wconf 90' lang='lat' dir='ltr'>transeam,</span> <span class='ocrx_word' id='word_1_593' title='bbox 3164 2443 3424 2507; x_wconf 89' lang='lat' dir='ltr'>tanquam</span> <span class='ocrx_word' id='word_1_594' title='bbox 3451 2435 3607 2492; x_wconf 91' lang='lat' dir='ltr'>multi</span> 
     </span>
    </p>
   </div>
   <div class='ocr_carea' id='block_1_85' title="bbox 1997 2524 2392 2580">
    <p class='ocr_par' dir='ltr' id='par_1_85' title="bbox 1997 2524 2392 2580">
     <span class='ocr_line' id='line_1_85' title="bbox 1997 2524 2392 2580; baseline 0 0"><span class='ocrx_word' id='word_1_595' title='bbox 1997 2525 2108 2580; x_wconf 88' lang='lat' dir='ltr'>sint</span> <span class='ocrx_word' id='word_1_596' title='bbox 2140 2524 2343 2580; x_wconf 88' lang='lat' dir='ltr'>Christi</span> <span class='ocrx_word' id='word_1_597' title='bbox 2367 2529 2392 2580; x_wconf 76' lang='lat'>.9</span> 
     </span>
    </p>
   </div>
   <div class='ocr_carea' id='block_1_86' title="bbox 2068 2612 3606 2685">
    <p class='ocr_par' dir='ltr' id='par_1_86' title="bbox 2068 2612 3606 2685">
     <span class='ocr_line' id='line_1_86' title="bbox 2068 2612 3606 2685; baseline 0 -17"><span class='ocrx_word' id='word_1_598' title='bbox 2068 2613 2241 2668; x_wconf 81' lang='lat' dir='ltr'>Vens.</span> <span class='ocrx_word' id='word_1_599' title='bbox 2277 2617 2330 2668; x_wconf 88' lang='lat'><strong>3.</strong></span> <span class='ocrx_word' id='word_1_600' title='bbox 2361 2643 2432 2654; x_wconf 88' lang='lat'>-—-</span> <span class='ocrx_word' id='word_1_601' title='bbox 2462 2612 2739 2680; x_wconf 84' lang='lat' dir='ltr'>Quoniam</span> <span class='ocrx_word' id='word_1_602' title='bbox 2753 2628 2881 2670; x_wconf 85' lang='lat' dir='ltr'>ecce</span> <span class='ocrx_word' id='word_1_603' title='bbox 2898 2616 3240 2685; x_wconf 85' lang='lat' dir='ltr'>peccatores,</span> <span class='ocrx_word' id='word_1_604' title='bbox 3273 2618 3379 2669; x_wconf 90' lang='lat' dir='ltr'>etc.</span> <span class='ocrx_word' id='word_1_605' title='bbox 3405 2615 3606 2669; x_wconf 84' lang='lat' dir='ltr'>Teten-</span> 
     </span>
    </p>
   </div>
   <div class='ocr_carea' id='block_1_87' title="bbox 1994 2700 3606 2773">
    <p class='ocr_par' dir='ltr' id='par_1_87' title="bbox 1994 2700 3606 2773">
     <span class='ocr_line' id='line_1_87' title="bbox 1994 2700 3606 2773; baseline 0 -15"><span class='ocrx_word' id='word_1_606' title='bbox 1994 2701 2207 2758; x_wconf 88' lang='lat' dir='ltr'>derunt</span> <span class='ocrx_word' id='word_1_607' title='bbox 2239 2718 2456 2768; x_wconf 86' lang='lat' dir='ltr'>arcum,</span> <span class='ocrx_word' id='word_1_608' title='bbox 2492 2701 2804 2773; x_wconf 88' lang='lat' dir='ltr'>Scripturas</span> <span class='ocrx_word' id='word_1_609' title='bbox 2831 2700 3104 2771; x_wconf 86' lang='lat' dir='ltr'>videlicet,</span> <span class='ocrx_word' id='word_1_610' title='bbox 3138 2717 3272 2771; x_wconf 88' lang='lat' dir='ltr'>quas</span> <span class='ocrx_word' id='word_1_611' title='bbox 3316 2701 3606 2758; x_wconf 88' lang='lat' dir='ltr'>carnaliter</span> 
     </span>
    </p>
   </div>
   <div class='ocr_carea' id='block_1_88' title="bbox 1996 2788 3602 2861">
    <p class='ocr_par' dir='ltr' id='par_1_88' title="bbox 1996 2788 3602 2861">
     <span class='ocr_line' id='line_1_88' title="bbox 1996 2788 3602 2861; baseline 0.001 -16"><span class='ocrx_word' id='word_1_612' title='bbox 1996 2788 2424 2861; x_wconf 88' lang='lat' dir='ltr'>interpretando,</span> <span class='ocrx_word' id='word_1_613' title='bbox 2483 2797 2779 2846; x_wconf 87' lang='lat' dir='ltr'>venenatas</span> <span class='ocrx_word' id='word_1_614' title='bbox 2807 2788 3104 2846; x_wconf 90' lang='lat' dir='ltr'>sententias</span> <span class='ocrx_word' id='word_1_615' title='bbox 3149 2788 3279 2845; x_wconf 91' lang='lat' dir='ltr'>inde</span> <span class='ocrx_word' id='word_1_616' title='bbox 3333 2789 3602 2846; x_wconf 88' lang='lat' dir='ltr'>emittunt.</span> 
     </span>
    </p>
   </div>
   <div class='ocr_carea' id='block_1_89' title="bbox 1998 2877 3608 2952">
    <p class='ocr_par' dir='ltr' id='par_1_89' title="bbox 1998 2877 3608 2952">
     <span class='ocr_line' id='line_1_89' title="bbox 1998 2877 3608 2952; baseline -0.001 -16"><span class='ocrx_word' id='word_1_617' title='bbox 1998 2881 2355 2936; x_wconf 87' lang='lat' dir='ltr'>Paraverunt</span> <span class='ocrx_word' id='word_1_618' title='bbox 2383 2879 2620 2951; x_wconf 84' lang='lat' dir='ltr'>sagittas</span> <span class='ocrx_word' id='word_1_619' title='bbox 2634 2880 2698 2935; x_wconf 90' lang='lat' dir='ltr'>in</span> <span class='ocrx_word' id='word_1_620' title='bbox 2723 2880 3015 2952; x_wconf 86' lang='lat' dir='ltr'>pharetra,</span> <span class='ocrx_word' id='word_1_621' title='bbox 3047 2877 3244 2935; x_wconf 88' lang='lat' dir='ltr'>eadem</span> <span class='ocrx_word' id='word_1_622' title='bbox 3272 2878 3439 2934; x_wconf 90' lang='lat' dir='ltr'>verba</span> <span class='ocrx_word' id='word_1_623' title='bbox 3459 2878 3608 2934; x_wconf 83' lang='lat' dir='ltr'>scili-</span> 
     </span>
    </p>
   </div>
   <div class='ocr_carea' id='block_1_90' title="bbox 1995 2967 3606 3042">
    <p class='ocr_par' dir='ltr' id='par_1_90' title="bbox 1995 2967 3606 3042">
     <span class='ocr_line' id='line_1_90' title="bbox 1995 2967 3606 3042; baseline 0 -18"><span class='ocrx_word' id='word_1_624' title='bbox 1995 2977 2103 3035; x_wconf 90' lang='lat' dir='ltr'>cet,</span> <span class='ocrx_word' id='word_1_625' title='bbox 2152 2985 2276 3042; x_wconf 57' lang='lat' dir='ltr'>quas</span> <span class='ocrx_word' id='word_1_626' title='bbox 2333 2969 2728 3039; x_wconf 87' lang='lat' dir='ltr'>scripturarum</span> <span class='ocrx_word' id='word_1_627' title='bbox 2783 2968 3102 3024; x_wconf 87' lang='lat' dir='ltr'>auctoritate</span> <span class='ocrx_word' id='word_1_628' title='bbox 3152 2967 3486 3038; x_wconf 76' lang='lat' dir='ltr'>iaculantur,</span> <span class='ocrx_word' id='word_1_629' title='bbox 3545 2975 3606 3024; x_wconf 89' lang='lat' dir='ltr'>ut</span> 
     </span>
    </p>
   </div>
   <div class='ocr_carea' id='block_1_91' title="bbox 1997 3055 3606 3128">
    <p class='ocr_par' dir='ltr' id='par_1_91' title="bbox 1997 3055 3606 3128">
     <span class='ocr_line' id='line_1_91' title="bbox 1997 3055 3606 3128; baseline 0 -16"><span class='ocrx_word' id='word_1_630' title='bbox 1997 3071 2120 3112; x_wconf 92' lang='lat' dir='ltr'>cum</span> <span class='ocrx_word' id='word_1_631' title='bbox 2168 3056 2440 3112; x_wconf 89' lang='lat' dir='ltr'>senserint</span> <span class='ocrx_word' id='word_1_632' title='bbox 2493 3056 2758 3113; x_wconf 69' lang='lat' dir='ltr'>Ecclesiae</span> <span class='ocrx_word' id='word_1_633' title='bbox 2783 3055 2988 3112; x_wconf 89' lang='lat' dir='ltr'>lumine</span> <span class='ocrx_word' id='word_1_634' title='bbox 3035 3063 3260 3128; x_wconf 86' lang='lat' dir='ltr'>propter</span> <span class='ocrx_word' id='word_1_635' title='bbox 3304 3055 3606 3112; x_wconf 87' lang='lat' dir='ltr'>multitudi-</span> 
     </span>
    </p>
   </div>
   <div class='ocr_carea' id='block_1_92' title="bbox 1999 3145 3608 3218">
    <p class='ocr_par' dir='ltr' id='par_1_92' title="bbox 1999 3145 3608 3218">
     <span class='ocr_line' id='line_1_92' title="bbox 1999 3145 3608 3218; baseline -0.001 -16"><span class='ocrx_word' id='word_1_636' title='bbox 1999 3161 2126 3202; x_wconf 89' lang='lat' dir='ltr'>nem</span> <span class='ocrx_word' id='word_1_637' title='bbox 2156 3145 2531 3218; x_wconf 81' lang='lat' dir='ltr'>imperitorum</span> <span class='ocrx_word' id='word_1_638' title='bbox 2579 3154 2632 3201; x_wconf 91' lang='lat' dir='ltr'>et</span> <span class='ocrx_word' id='word_1_639' title='bbox 2687 3145 2989 3202; x_wconf 87' lang='lat' dir='ltr'>carnalium</span> <span class='ocrx_word' id='word_1_640' title='bbox 3029 3145 3339 3215; x_wconf 89' lang='lat' dir='ltr'>obscurato,</span> <span class='ocrx_word' id='word_1_641' title='bbox 3386 3159 3499 3200; x_wconf 90' lang='lat' dir='ltr'>non</span> <span class='ocrx_word' id='word_1_642' title='bbox 3543 3159 3608 3201; x_wconf 87' lang='lat' dir='ltr'>se</span> 
     </span>
    </p>
   </div>
   <div class='ocr_carea' id='block_1_93' title="bbox 1997 3232 3606 3307">
    <p class='ocr_par' dir='ltr' id='par_1_93' title="bbox 1997 3232 3606 3307">
     <span class='ocr_line' id='line_1_93' title="bbox 1997 3232 3606 3307; baseline -0.001 -17"><span class='ocrx_word' id='word_1_643' title='bbox 1997 3251 2164 3307; x_wconf 91' lang='lat' dir='ltr'>posse</span> <span class='ocrx_word' id='word_1_644' title='bbox 2194 3235 2468 3303; x_wconf 85' lang='lat' dir='ltr'>convinci,</span> <span class='ocrx_word' id='word_1_645' title='bbox 2503 3242 2860 3306; x_wconf 87' lang='lat' dir='ltr'>corrumpunt</span> <span class='ocrx_word' id='word_1_646' title='bbox 2886 3249 3070 3291; x_wconf 88' lang='lat' dir='ltr'>mores</span> <span class='ocrx_word' id='word_1_647' title='bbox 3098 3234 3274 3291; x_wconf 90' lang='lat' dir='ltr'>bonos</span> <span class='ocrx_word' id='word_1_648' title='bbox 3315 3232 3606 3306; x_wconf 90' lang='lat' dir='ltr'>colloquiis</span> 
     </span>
    </p>
   </div>
   <div class='ocr_carea' id='block_1_94' title="bbox 1999 3323 2181 3380">
    <p class='ocr_par' dir='ltr' id='par_1_94' title="bbox 1999 3323 2181 3380">
     <span class='ocr_line' id='line_1_94' title="bbox 1999 3323 2181 3380; baseline 0.011 -2"><span class='ocrx_word' id='word_1_649' title='bbox 1999 3323 2181 3380; x_wconf 91' lang='lat' dir='ltr'>malis.</span> 
     </span>
    </p>
   </div>
   <div class='ocr_carea' id='block_1_95' title="bbox 2069 3411 3603 3485">
    <p class='ocr_par' dir='ltr' id='par_1_95' title="bbox 2069 3411 3603 3485">
     <span class='ocr_line' id='line_1_95' title="bbox 2069 3411 3603 3485; baseline -0.001 -17"><span class='ocrx_word' id='word_1_650' title='bbox 2069 3413 2244 3470; x_wconf 86' lang='lat' dir='ltr'>Vens.</span> <span class='ocrx_word' id='word_1_651' title='bbox 2273 3415 2328 3468; x_wconf 85' lang='grc'>4.</span> <span class='ocrx_word' id='word_1_652' title='bbox 2361 3441 2432 3453; x_wconf 89' lang='grc'><strong><em>-</em></strong></span> <span class='ocrx_word' id='word_1_653' title='bbox 2467 3413 2744 3480; x_wconf 86' lang='lat' dir='ltr'>Quoniam</span> <span class='ocrx_word' id='word_1_654' title='bbox 2772 3428 2894 3485; x_wconf 62' lang='lat' dir='ltr'>quae</span> <span class='ocrx_word' id='word_1_655' title='bbox 2936 3411 3235 3484; x_wconf 82' lang='lat' dir='ltr'>perfecisti</span> <span class='ocrx_word' id='word_1_656' title='bbox 3281 3411 3603 3467; x_wconf 74' lang='lat' dir='ltr'>dextruxe-</span> 
     </span>
    </p>
   </div>
   <div class='ocr_carea' id='block_1_96' title="bbox 1997 3499 3599 3572">
    <p class='ocr_par' dir='ltr' id='par_1_96' title="bbox 1997 3499 3599 3572">
     <span class='ocr_line' id='line_1_96' title="bbox 1997 3499 3599 3572; baseline -0.001 -16"><span class='ocrx_word' id='word_1_657' title='bbox 1997 3505 2156 3567; x_wconf 85' lang='lat' dir='ltr'>runt,</span> <span class='ocrx_word' id='word_1_658' title='bbox 2193 3508 2298 3557; x_wconf 91' lang='lat' dir='ltr'>etc.</span> <span class='ocrx_word' id='word_1_659' title='bbox 2333 3501 2540 3556; x_wconf 90' lang='lat' dir='ltr'>Omnes</span> <span class='ocrx_word' id='word_1_660' title='bbox 2587 3500 2849 3567; x_wconf 85' lang='lat' dir='ltr'>haeretici,</span> <span class='ocrx_word' id='word_1_661' title='bbox 2903 3508 3165 3572; x_wconf 88' lang='lat' dir='ltr'>quantum</span> <span class='ocrx_word' id='word_1_662' title='bbox 3208 3499 3264 3554; x_wconf 90' lang='lat' dir='ltr'>in</span> <span class='ocrx_word' id='word_1_663' title='bbox 3313 3500 3447 3570; x_wconf 91' lang='lat' dir='ltr'>ipsis</span> <span class='ocrx_word' id='word_1_664' title='bbox 3497 3507 3599 3566; x_wconf 92' lang='lat' dir='ltr'>est,</span> 
     </span>
    </p>
   </div>
   <div class='ocr_carea' id='block_1_97' title="bbox 1996 3587 3608 3660">
    <p class='ocr_par' dir='ltr' id='par_1_97' title="bbox 1996 3587 3608 3660">
     <span class='ocr_line' id='line_1_97' title="bbox 1996 3587 3608 3660; baseline -0.001 -16"><span class='ocrx_word' id='word_1_665' title='bbox 1996 3589 2424 3646; x_wconf 70' lang='lat' dir='ltr'>dextruxerunt</span> <span class='ocrx_word' id='word_1_666' title='bbox 2470 3589 2707 3656; x_wconf 88' lang='lat' dir='ltr'>laudem,</span> <span class='ocrx_word' id='word_1_667' title='bbox 2754 3605 2918 3660; x_wconf 89' lang='lat' dir='ltr'>quam</span> <span class='ocrx_word' id='word_1_668' title='bbox 2966 3605 3033 3644; x_wconf 88' lang='lat' dir='ltr'>ex</span> <span class='ocrx_word' id='word_1_669' title='bbox 3077 3604 3174 3644; x_wconf 88' lang='lat' dir='ltr'>ore</span> <span class='ocrx_word' id='word_1_670' title='bbox 3223 3587 3506 3643; x_wconf 84' lang='lat' dir='ltr'>infantium</span> <span class='ocrx_word' id='word_1_671' title='bbox 3552 3595 3608 3642; x_wconf 92' lang='lat' dir='ltr'>et</span> 
     </span>
    </p>
   </div>
   <div class='ocr_carea' id='block_1_98' title="bbox 1996 3675 3599 3748">
    <p class='ocr_par' dir='ltr' id='par_1_98' title="bbox 1996 3675 3599 3748">
     <span class='ocr_line' id='line_1_98' title="bbox 1996 3675 3599 3748; baseline -0.001 -16"><span class='ocrx_word' id='word_1_672' title='bbox 1996 3677 2307 3736; x_wconf 89' lang='lat' dir='ltr'>lactentium</span> <span class='ocrx_word' id='word_1_673' title='bbox 2338 3677 2566 3748; x_wconf 85' lang='lat' dir='ltr'>perfecit</span> <span class='ocrx_word' id='word_1_674' title='bbox 2612 3679 2780 3744; x_wconf 87' lang='lat' dir='ltr'>Deus,</span> <span class='ocrx_word' id='word_1_675' title='bbox 2828 3677 2960 3732; x_wconf 91' lang='lat' dir='ltr'>dum</span> <span class='ocrx_word' id='word_1_676' title='bbox 3002 3675 3395 3748; x_wconf 62' lang='lat' dir='ltr'>quaestionibus</span> <span class='ocrx_word' id='word_1_677' title='bbox 3445 3676 3599 3733; x_wconf 87' lang='lat' dir='ltr'>vanis</span> 
     </span>
    </p>
   </div>
   <div class='ocr_carea' id='block_1_99' title="bbox 1997 3762 3602 3839">
    <p class='ocr_par' dir='ltr' id='par_1_99' title="bbox 1997 3762 3602 3839">
     <span class='ocr_line' id='line_1_99' title="bbox 1997 3762 3602 3839; baseline -0.001 -19"><span class='ocrx_word' id='word_1_678' title='bbox 1997 3773 2051 3820; x_wconf 90' lang='lat' dir='ltr'>et</span> <span class='ocrx_word' id='word_1_679' title='bbox 2097 3766 2434 3837; x_wconf 88' lang='lat' dir='ltr'>scrupulosis</span> <span class='ocrx_word' id='word_1_680' title='bbox 2483 3767 2757 3839; x_wconf 79' lang='lat' dir='ltr'>exagitant</span> <span class='ocrx_word' id='word_1_681' title='bbox 2803 3765 3085 3836; x_wconf 88' lang='lat' dir='ltr'>parvulos,</span> <span class='ocrx_word' id='word_1_682' title='bbox 3135 3772 3189 3818; x_wconf 91' lang='lat' dir='ltr'><strong>et</strong></span> <span class='ocrx_word' id='word_1_683' title='bbox 3233 3764 3428 3819; x_wconf 89' lang='lat' dir='ltr'>nutriri</span> <span class='ocrx_word' id='word_1_684' title='bbox 3474 3762 3602 3819; x_wconf 85' lang='lat' dir='ltr'>ﬁdei</span> 
     </span>
    </p>
   </div>
   <div class='ocr_carea' id='block_1_100' title="bbox 1997 3852 3596 3924">
    <p class='ocr_par' dir='ltr' id='par_1_100' title="bbox 1997 3852 3596 3924">
     <span class='ocr_line' id='line_1_100' title="bbox 1997 3852 3596 3924; baseline -0.001 -15"><span class='ocrx_word' id='word_1_685' title='bbox 1997 3853 2139 3910; x_wconf 90' lang='lat' dir='ltr'>lacte</span> <span class='ocrx_word' id='word_1_686' title='bbox 2167 3871 2277 3911; x_wconf 89' lang='lat' dir='ltr'>non</span> <span class='ocrx_word' id='word_1_687' title='bbox 2305 3855 2504 3911; x_wconf 89' lang='lat' dir='ltr'>sinunt.</span> <span class='ocrx_word' id='word_1_688' title='bbox 2539 3853 2698 3924; x_wconf 90' lang='lat' dir='ltr'>Quod</span> <span class='ocrx_word' id='word_1_689' title='bbox 2727 3853 2775 3908; x_wconf 89' lang='lat' dir='ltr'>si</span> <span class='ocrx_word' id='word_1_690' title='bbox 2817 3853 3080 3920; x_wconf 78' lang='lat' dir='ltr'>haeretici,</span> <span class='ocrx_word' id='word_1_691' title='bbox 3113 3860 3206 3908; x_wconf 91' lang='lat' dir='ltr'>aut</span> <span class='ocrx_word' id='word_1_692' title='bbox 3251 3852 3425 3908; x_wconf 65' lang='lat' dir='ltr'>Judmi</span> <span class='ocrx_word' id='word_1_693' title='bbox 3471 3852 3596 3908; x_wconf 87' lang='lat' dir='ltr'>lau-</span> 
     </span>
    </p>
   </div>
   <div class='ocr_carea' id='block_1_101' title="bbox 1998 3941 3592 4016">
    <p class='ocr_par' dir='ltr' id='par_1_101' title="bbox 1998 3941 3592 4016">
     <span class='ocr_line' id='line_1_101' title="bbox 1998 3941 3592 4016; baseline -0.003 -16"><span class='ocrx_word' id='word_1_694' title='bbox 1998 3944 2124 4000; x_wconf 87' lang='lat' dir='ltr'>dem</span> <span class='ocrx_word' id='word_1_695' title='bbox 2153 3944 2240 3999; x_wconf 91' lang='lat' dir='ltr'>vel</span> <span class='ocrx_word' id='word_1_696' title='bbox 2265 3945 2448 4016; x_wconf 81' lang='lat' dir='ltr'>legem</span> <span class='ocrx_word' id='word_1_697' title='bbox 2475 3943 2576 4000; x_wconf 88' lang='lat' dir='ltr'>Dei</span> <span class='ocrx_word' id='word_1_698' title='bbox 2605 3943 3008 4011; x_wconf 86' lang='lat' dir='ltr'>destruxerunt,</span> <span class='ocrx_word' id='word_1_699' title='bbox 3042 3942 3310 4009; x_wconf 90' lang='lat' dir='ltr'>Christus,</span> <span class='ocrx_word' id='word_1_700' title='bbox 3345 3941 3479 4014; x_wconf 88' lang='lat' dir='ltr'>quid</span> <span class='ocrx_word' id='word_1_701' title='bbox 3507 3943 3592 4012; x_wconf 84' lang='lat' dir='ltr'>fe-</span> 
     </span>
    </p>
   </div>
   <div class='ocr_carea' id='block_1_102' title="bbox 1997 4029 3598 4104">
    <p class='ocr_par' dir='ltr' id='par_1_102' title="bbox 1997 4029 3598 4104">
     <span class='ocr_line' id='line_1_102' title="bbox 1997 4029 3598 4104; baseline -0.002 -16"><span class='ocrx_word' id='word_1_702' title='bbox 1997 4033 2096 4098; x_wconf 89' lang='lat' dir='ltr'>cit,</span> <span class='ocrx_word' id='word_1_703' title='bbox 2130 4032 2221 4104; x_wconf 92' lang='lat' dir='ltr'>qui</span> <span class='ocrx_word' id='word_1_704' title='bbox 2247 4032 2381 4088; x_wconf 85' lang='lat' dir='ltr'>dixit</span> <span class='ocrx_word' id='word_1_705' title='bbox 2413 4049 2426 4088; x_wconf 91' lang='lat'><strong>:</strong></span> <span class='ocrx_word' id='word_1_706' title='bbox 2460 4035 2665 4089; x_wconf 83' lang='lat' dir='ltr'>Pacem</span> <span class='ocrx_word' id='word_1_707' title='bbox 2709 4049 2896 4088; x_wconf 90' lang='lat' dir='ltr'>meam</span> <span class='ocrx_word' id='word_1_708' title='bbox 2943 4031 3009 4088; x_wconf 93' lang='lat' dir='ltr'>do</span> <span class='ocrx_word' id='word_1_709' title='bbox 3052 4032 3198 4088; x_wconf 77' lang='lat' dir='ltr'>vobis</span> <span class='ocrx_word' id='word_1_710' title='bbox 3249 4046 3262 4086; x_wconf 92' lang='lat'>:</span> <span class='ocrx_word' id='word_1_711' title='bbox 3311 4045 3477 4104; x_wconf 86' lang='lat' dir='ltr'>quam</span> <span class='ocrx_word' id='word_1_712' title='bbox 3519 4029 3598 4086; x_wconf 87' lang='lat' dir='ltr'>illi</span> 
     </span>
    </p>
   </div>
   <div class='ocr_carea' id='block_1_103' title="bbox 1997 4119 2948 4178">
    <p class='ocr_par' dir='ltr' id='par_1_103' title="bbox 1997 4119 2948 4178">
     <span class='ocr_line' id='line_1_103' title="bbox 1997 4119 2948 4178; baseline -0.001 0"><span class='ocrx_word' id='word_1_713' title='bbox 1997 4119 2232 4178; x_wconf 85' lang='lat' dir='ltr'>nefanda</span> <span class='ocrx_word' id='word_1_714' title='bbox 2259 4122 2601 4178; x_wconf 91' lang='lat' dir='ltr'>dissensione</span> <span class='ocrx_word' id='word_1_715' title='bbox 2631 4121 2948 4177; x_wconf 77' lang='lat' dir='ltr'>violarunt?</span> 
     </span>
    </p>
   </div>
   <div class='ocr_carea' id='block_1_104' title="bbox 2069 4229 3593 4301">
    <p class='ocr_par' dir='ltr' id='par_1_104' title="bbox 2069 4229 3593 4301">
     <span class='ocr_line' id='line_1_104' title="bbox 2069 4229 3593 4301; baseline -0.001 -18"><span class='ocrx_word' id='word_1_716' title='bbox 2069 4229 2239 4284; x_wconf 84' lang='lat' dir='ltr'>Vens.</span> <span class='ocrx_word' id='word_1_717' title='bbox 2271 4232 2324 4284; x_wconf 79' lang='grc'>5.</span> <span class='ocrx_word' id='word_1_718' title='bbox 2355 4259 2425 4270; x_wconf 93' lang='lat'>-—</span> <span class='ocrx_word' id='word_1_719' title='bbox 2454 4230 2726 4286; x_wconf 87' lang='lat' dir='ltr'>Dominus</span> <span class='ocrx_word' id='word_1_720' title='bbox 2753 4230 2817 4284; x_wconf 90' lang='lat' dir='ltr'>in</span> <span class='ocrx_word' id='word_1_721' title='bbox 2847 4230 3054 4301; x_wconf 88' lang='lat' dir='ltr'>templo</span> <span class='ocrx_word' id='word_1_722' title='bbox 3092 4233 3290 4284; x_wconf 89' lang='lat' dir='ltr'>sancto</span> <span class='ocrx_word' id='word_1_723' title='bbox 3317 4243 3436 4295; x_wconf 88' lang='lat' dir='ltr'>suo,</span> <span class='ocrx_word' id='word_1_724' title='bbox 3484 4235 3593 4284; x_wconf 89' lang='lat' dir='ltr'>etc.</span> 
     </span>
    </p>
   </div>
   <div class='ocr_carea' id='block_1_105' title="bbox 1995 4315 3590 4389">
    <p class='ocr_par' dir='ltr' id='par_1_105' title="bbox 1995 4315 3590 4389">
     <span class='ocr_line' id='line_1_105' title="bbox 1995 4315 3590 4389; baseline -0.001 -17"><span class='ocrx_word' id='word_1_725' title='bbox 1995 4315 2081 4373; x_wconf 87' lang='lat' dir='ltr'>Ita</span> <span class='ocrx_word' id='word_1_726' title='bbox 2107 4333 2256 4385; x_wconf 89' lang='lat' dir='ltr'>vero,</span> <span class='ocrx_word' id='word_1_727' title='bbox 2291 4318 2430 4375; x_wconf 90' lang='lat' dir='ltr'>sicut</span> <span class='ocrx_word' id='word_1_728' title='bbox 2458 4318 2750 4389; x_wconf 84' lang='lat' dir='ltr'>Apostolus</span> <span class='ocrx_word' id='word_1_729' title='bbox 2779 4317 2907 4374; x_wconf 90' lang='lat' dir='ltr'>dicit</span> <span class='ocrx_word' id='word_1_730' title='bbox 2943 4335 2955 4372; x_wconf 94' lang='lat'>:</span> <span class='ocrx_word' id='word_1_731' title='bbox 2994 4318 3284 4389; x_wconf 84' lang='lat' dir='ltr'>Templum</span> <span class='ocrx_word' id='word_1_732' title='bbox 3311 4317 3464 4372; x_wconf 86' lang='lat' dir='ltr'>enim</span> <span class='ocrx_word' id='word_1_733' title='bbox 3485 4316 3590 4372; x_wconf 89' lang='lat' dir='ltr'>Dei</span> 
     </span>
    </p>
   </div>
   <div class='ocr_carea' id='block_1_106' title="bbox 1998 4406 3594 4480">
    <p class='ocr_par' dir='ltr' id='par_1_106' title="bbox 1998 4406 3594 4480">
     <span class='ocr_line' id='line_1_106' title="bbox 1998 4406 3594 4480; baseline 0.001 -20"><span class='ocrx_word' id='word_1_734' title='bbox 1998 4410 2266 4462; x_wconf 87' lang='lat' dir='ltr'>sanctum</span> <span class='ocrx_word' id='word_1_735' title='bbox 2295 4411 2398 4474; x_wconf 90' lang='lat' dir='ltr'>est,</span> <span class='ocrx_word' id='word_1_736' title='bbox 2431 4408 2573 4480; x_wconf 85' lang='lat' dir='ltr'>quod</span> <span class='ocrx_word' id='word_1_737' title='bbox 2602 4409 2738 4464; x_wconf 86' lang='lat' dir='ltr'>estis</span> <span class='ocrx_word' id='word_1_738' title='bbox 2768 4423 2879 4464; x_wconf 88' lang='lat' dir='ltr'>vos.</span> <span class='ocrx_word' id='word_1_739' title='bbox 2912 4407 2977 4462; x_wconf 89' lang='lat' dir='ltr'>In</span> <span class='ocrx_word' id='word_1_740' title='bbox 3007 4408 3110 4462; x_wconf 88' lang='lat' dir='ltr'>hoc</span> <span class='ocrx_word' id='word_1_741' title='bbox 3143 4406 3347 4477; x_wconf 88' lang='lat' dir='ltr'>templo</span> <span class='ocrx_word' id='word_1_742' title='bbox 3392 4408 3594 4461; x_wconf 85' lang='lat' dir='ltr'>sancto</span> 
     </span>
    </p>
   </div>
   <div class='ocr_carea' id='block_1_107' title="bbox 1984 4492 3595 4569">
    <p class='ocr_par' dir='ltr' id='par_1_107' title="bbox 1984 4492 3595 4569">
     <span class='ocr_line' id='line_1_107' title="bbox 1984 4492 3595 4569; baseline 0 -23"><span class='ocrx_word' id='word_1_743' title='bbox 1984 4505 2087 4551; x_wconf 80' lang='lat' dir='ltr'>suo</span> <span class='ocrx_word' id='word_1_744' title='bbox 2115 4497 2386 4553; x_wconf 87' lang='lat' dir='ltr'>Dominus</span> <span class='ocrx_word' id='word_1_745' title='bbox 2419 4503 2521 4562; x_wconf 87' lang='lat' dir='ltr'>est,</span> <span class='ocrx_word' id='word_1_746' title='bbox 2555 4496 2701 4569; x_wconf 90' lang='lat' dir='ltr'>quod</span> <span class='ocrx_word' id='word_1_747' title='bbox 2727 4502 2942 4552; x_wconf 88' lang='lat' dir='ltr'>constat</span> <span class='ocrx_word' id='word_1_748' title='bbox 2989 4511 3057 4550; x_wconf 82' lang='lat' dir='ltr'>ex</span> <span class='ocrx_word' id='word_1_749' title='bbox 3103 4493 3287 4548; x_wconf 89' lang='lat' dir='ltr'>multis</span> <span class='ocrx_word' id='word_1_750' title='bbox 3329 4492 3595 4547; x_wconf 88' lang='lat' dir='ltr'>membris</span> 
     </span>
    </p>
   </div>
   <div class='ocr_carea' id='block_1_108' title="bbox 1997 4580 3595 4657">
    <p class='ocr_par' dir='ltr' id='par_1_108' title="bbox 1997 4580 3595 4657">
     <span class='ocr_line' id='line_1_108' title="bbox 1997 4580 3595 4657; baseline -0.001 -19"><span class='ocrx_word' id='word_1_751' title='bbox 1997 4600 2096 4640; x_wconf 91' lang='lat' dir='ltr'>sua</span> <span class='ocrx_word' id='word_1_752' title='bbox 2126 4599 2355 4657; x_wconf 65' lang='lat' dir='ltr'>quieque</span> <span class='ocrx_word' id='word_1_753' title='bbox 2385 4584 2564 4640; x_wconf 81' lang='lat' dir='ltr'>ofﬁcia</span> <span class='ocrx_word' id='word_1_754' title='bbox 2607 4584 2944 4656; x_wconf 84' lang='lat' dir='ltr'>gerentibus,</span> <span class='ocrx_word' id='word_1_755' title='bbox 2977 4582 3034 4637; x_wconf 92' lang='lat' dir='ltr'>in</span> <span class='ocrx_word' id='word_1_756' title='bbox 3074 4597 3235 4636; x_wconf 89' lang='lat' dir='ltr'>unam</span> <span class='ocrx_word' id='word_1_757' title='bbox 3281 4580 3595 4638; x_wconf 73' lang='lat' dir='ltr'>aedificatio-</span> 
     </span>
    </p>
   </div>
   <div class='ocr_carea' id='block_1_109' title="bbox 1995 4668 3592 4743">
    <p class='ocr_par' dir='ltr' id='par_1_109' title="bbox 1995 4668 3592 4743">
     <span class='ocr_line' id='line_1_109' title="bbox 1995 4668 3592 4743; baseline 0 -15"><span class='ocrx_word' id='word_1_758' title='bbox 1995 4688 2120 4728; x_wconf 91' lang='lat' dir='ltr'>nem</span> <span class='ocrx_word' id='word_1_759' title='bbox 2150 4673 2411 4729; x_wconf 88' lang='lat' dir='ltr'>charitate</span> <span class='ocrx_word' id='word_1_760' title='bbox 2441 4672 2789 4729; x_wconf 89' lang='lat' dir='ltr'>constructis.</span> <span class='ocrx_word' id='word_1_761' title='bbox 2825 4673 3010 4742; x_wconf 90' lang='lat' dir='ltr'>Ipsum</span> <span class='ocrx_word' id='word_1_762' title='bbox 3036 4668 3357 4743; x_wconf 83' lang='lat' dir='ltr'>intelligitur</span> <span class='ocrx_word' id='word_1_763' title='bbox 3386 4679 3439 4726; x_wconf 89' lang='lat' dir='ltr'>et</span> <span class='ocrx_word' id='word_1_764' title='bbox 3481 4687 3592 4728; x_wconf 76' lang='lat' dir='ltr'>ca:—</span> 
     </span>
    </p>
   </div>
   <div class='ocr_carea' id='block_1_110' title="bbox 1999 4759 3302 4834">
    <p class='ocr_par' dir='ltr' id='par_1_110' title="bbox 1999 4759 3302 4834">
     <span class='ocr_line' id='line_1_110' title="bbox 1999 4759 3302 4834; baseline -0.002 -17"><span class='ocrx_word' id='word_1_765' title='bbox 1999 4763 2136 4828; x_wconf 87' lang='lat' dir='ltr'>lum,</span> <span class='ocrx_word' id='word_1_766' title='bbox 2170 4762 2227 4816; x_wconf 89' lang='lat' dir='ltr'>in</span> <span class='ocrx_word' id='word_1_767' title='bbox 2254 4777 2364 4833; x_wconf 90' lang='lat' dir='ltr'>quo</span> <span class='ocrx_word' id='word_1_768' title='bbox 2393 4769 2606 4834; x_wconf 84' lang='lat' dir='ltr'>regnat,</span> <span class='ocrx_word' id='word_1_769' title='bbox 2643 4768 2696 4816; x_wconf 90' lang='lat' dir='ltr'>et</span> <span class='ocrx_word' id='word_1_770' title='bbox 2723 4761 2868 4816; x_wconf 90' lang='lat' dir='ltr'>unde</span> <span class='ocrx_word' id='word_1_771' title='bbox 2892 4759 3102 4830; x_wconf 89' lang='lat' dir='ltr'>judicat</span> <span class='ocrx_word' id='word_1_772' title='bbox 3132 4761 3302 4816; x_wconf 88' lang='lat' dir='ltr'>Deus.</span> 
     </span>
    </p>
   </div>
   <div class='ocr_carea' id='block_1_111' title="bbox 2070 4847 3596 4924">
    <p class='ocr_par' dir='ltr' id='par_1_111' title="bbox 2070 4847 3596 4924">
     <span class='ocr_line' id='line_1_111' title="bbox 2070 4847 3596 4924; baseline -0.001 -19"><span class='ocrx_word' id='word_1_773' title='bbox 2070 4852 2230 4907; x_wconf 89' lang='lat' dir='ltr'>Oculi</span> <span class='ocrx_word' id='word_1_774' title='bbox 2286 4853 2407 4923; x_wconf 86' lang='lat' dir='ltr'>ejus</span> <span class='ocrx_word' id='word_1_775' title='bbox 2439 4852 2501 4906; x_wconf 87' lang='lat' dir='ltr'>in</span> <span class='ocrx_word' id='word_1_776' title='bbox 2531 4866 2862 4924; x_wconf 86' lang='lat' dir='ltr'>pauperem,</span> <span class='ocrx_word' id='word_1_777' title='bbox 2898 4857 3005 4905; x_wconf 91' lang='lat' dir='ltr'>etc.</span> <span class='ocrx_word' id='word_1_778' title='bbox 3051 4847 3266 4919; x_wconf 87' lang='lat' dir='ltr'>Quippe</span> <span class='ocrx_word' id='word_1_779' title='bbox 3309 4847 3398 4904; x_wconf 89' lang='lat' dir='ltr'>cui</span> <span class='ocrx_word' id='word_1_780' title='bbox 3445 4847 3596 4904; x_wconf 87' lang='lat' dir='ltr'>dere-</span> 
     </span>
    </p>
   </div>
   <div class='ocr_carea' id='block_1_112' title="bbox 1994 4935 3598 5010">
    <p class='ocr_par' dir='ltr' id='par_1_112' title="bbox 1994 4935 3598 5010">
     <span class='ocr_line' id='line_1_112' title="bbox 1994 4935 3598 5010; baseline 0 -16"><span class='ocrx_word' id='word_1_781' title='bbox 1994 4938 2156 4995; x_wconf 90' lang='lat' dir='ltr'>lictus</span> <span class='ocrx_word' id='word_1_782' title='bbox 2181 4947 2263 4995; x_wconf 91' lang='lat' dir='ltr'>est</span> <span class='ocrx_word' id='word_1_783' title='bbox 2291 4955 2516 5010; x_wconf 89' lang='lat' dir='ltr'>pauper,</span> <span class='ocrx_word' id='word_1_784' title='bbox 2577 4947 2628 4993; x_wconf 87' lang='lat' dir='ltr'>et</span> <span class='ocrx_word' id='word_1_785' title='bbox 2655 4937 2750 5010; x_wconf 90' lang='lat' dir='ltr'>qui</span> <span class='ocrx_word' id='word_1_786' title='bbox 2806 4937 2981 4994; x_wconf 85' lang='lat' dir='ltr'>factus</span> <span class='ocrx_word' id='word_1_787' title='bbox 3011 4945 3096 4992; x_wconf 91' lang='lat' dir='ltr'>est</span> <span class='ocrx_word' id='word_1_788' title='bbox 3152 4935 3426 5009; x_wconf 86' lang='lat' dir='ltr'>refugium</span> <span class='ocrx_word' id='word_1_789' title='bbox 3467 4952 3598 5008; x_wconf 87' lang='lat' dir='ltr'>pau-</span> 
     </span>
    </p>
   </div>
   <div class='ocr_carea' id='block_1_113' title="bbox 1961 5025 3599 5100">
    <p class='ocr_par' dir='ltr' id='par_1_113' title="bbox 1961 5025 3599 5100">
     <span class='ocr_line' id='line_1_113' title="bbox 1961 5025 3599 5100; baseline -0.001 -16"><span class='ocrx_word' id='word_1_790' title='bbox 1961 5053 1964 5055; x_wconf 92' lang='grc'><strong>·</strong></span> <span class='ocrx_word' id='word_1_791' title='bbox 1993 5028 2132 5100; x_wconf 89' lang='lat' dir='ltr'>peri.</span> <span class='ocrx_word' id='word_1_792' title='bbox 2165 5029 2336 5086; x_wconf 85' lang='lat' dir='ltr'>Filios</span> <span class='ocrx_word' id='word_1_793' title='bbox 2364 5035 2542 5083; x_wconf 90' lang='lat' dir='ltr'>autem</span> <span class='ocrx_word' id='word_1_794' title='bbox 2571 5028 2865 5084; x_wconf 87' lang='lat' dir='ltr'>hominum</span> <span class='ocrx_word' id='word_1_795' title='bbox 2894 5027 2962 5082; x_wconf 89' lang='lat' dir='ltr'>de</span> <span class='ocrx_word' id='word_1_796' title='bbox 2991 5025 3273 5083; x_wconf 89' lang='lat' dir='ltr'>veteribus</span> <span class='ocrx_word' id='word_1_797' title='bbox 3302 5042 3404 5097; x_wconf 89' lang='lat' dir='ltr'>per</span> <span class='ocrx_word' id='word_1_798' title='bbox 3433 5025 3599 5084; x_wconf 86' lang='lat' dir='ltr'>fidem</span> 
     </span>
    </p>
   </div>
   <div class='ocr_carea' id='block_1_114' title="bbox 1995 5114 3598 5190">
    <p class='ocr_par' dir='ltr' id='par_1_114' title="bbox 1995 5114 3598 5190">
     <span class='ocr_line' id='line_1_114' title="bbox 1995 5114 3598 5190; baseline 0 -18"><span class='ocrx_word' id='word_1_799' title='bbox 1995 5126 2354 5190; x_wconf 84' lang='lat' dir='ltr'>regeneratos</span> <span class='ocrx_word' id='word_1_800' title='bbox 2383 5116 2590 5188; x_wconf 88' lang='lat' dir='ltr'>accipe.</span> <span class='ocrx_word' id='word_1_801' title='bbox 2633 5116 2699 5171; x_wconf 80' lang='lat' dir='ltr'>lii</span> <span class='ocrx_word' id='word_1_802' title='bbox 2728 5115 2876 5170; x_wconf 87' lang='lat' dir='ltr'>enim</span> <span class='ocrx_word' id='word_1_803' title='bbox 2925 5114 3252 5186; x_wconf 89' lang='lat' dir='ltr'>quibusdam</span> <span class='ocrx_word' id='word_1_804' title='bbox 3300 5115 3598 5187; x_wconf 87' lang='lat' dir='ltr'>Scriptura-</span> 
     </span>
    </p>
   </div>
   <div class='ocr_carea' id='block_1_115' title="bbox 1951 5203 3601 5275">
    <p class='ocr_par' dir='ltr' id='par_1_115' title="bbox 1951 5203 3601 5275">
     <span class='ocr_line' id='line_1_115' title="bbox 1951 5203 3601 5275; baseline -0.001 -12"><span class='ocrx_word' id='word_1_805' title='bbox 1951 5238 1956 5244; x_wconf 89' lang='grc'><strong><em>-</em></strong></span> <span class='ocrx_word' id='word_1_806' title='bbox 1993 5223 2118 5263; x_wconf 90' lang='lat' dir='ltr'>rum</span> <span class='ocrx_word' id='word_1_807' title='bbox 2146 5205 2284 5262; x_wconf 91' lang='lat' dir='ltr'>locis</span> <span class='ocrx_word' id='word_1_808' title='bbox 2314 5206 2564 5262; x_wconf 87' lang='lat' dir='ltr'>obscuris</span> <span class='ocrx_word' id='word_1_809' title='bbox 2592 5211 2851 5275; x_wconf 88' lang='lat' dir='ltr'>tanquam</span> <span class='ocrx_word' id='word_1_810' title='bbox 2879 5203 3080 5261; x_wconf 91' lang='lat' dir='ltr'>clausis</span> <span class='ocrx_word' id='word_1_811' title='bbox 3107 5204 3281 5261; x_wconf 89' lang='lat' dir='ltr'>oculis</span> <span class='ocrx_word' id='word_1_812' title='bbox 3310 5204 3412 5261; x_wconf 92' lang='lat' dir='ltr'>Dei</span> <span class='ocrx_word' id='word_1_813' title='bbox 3441 5219 3601 5262; x_wconf 85' lang='lat' dir='ltr'>exer-</span> 
     </span>
    </p>
   </div>
   <div class='ocr_carea' id='block_1_116' title="bbox 1955 5293 3600 5366">
    <p class='ocr_par' dir='ltr' id='par_1_116' title="bbox 1955 5293 3600 5366">
     <span class='ocr_line' id='line_1_116' title="bbox 1955 5293 3600 5366; baseline -0.002 -13"><span class='ocrx_word' id='word_1_814' title='bbox 1955 5331 1958 5334; x_wconf 98' lang='lat'><strong><em>-</em></strong></span> <span class='ocrx_word' id='word_1_815' title='bbox 1994 5304 2206 5362; x_wconf 91' lang='lat' dir='ltr'>centur,</span> <span class='ocrx_word' id='word_1_816' title='bbox 2239 5304 2298 5350; x_wconf 92' lang='lat' dir='ltr'>ut</span> <span class='ocrx_word' id='word_1_817' title='bbox 2329 5301 2575 5366; x_wconf 75' lang='lat' dir='ltr'>quaerant</span> <span class='ocrx_word' id='word_1_818' title='bbox 2607 5311 2622 5350; x_wconf 91' lang='lat'><strong>:</strong></span> <span class='ocrx_word' id='word_1_819' title='bbox 2655 5301 2708 5350; x_wconf 91' lang='lat' dir='ltr'>et</span> <span class='ocrx_word' id='word_1_820' title='bbox 2735 5311 2924 5349; x_wconf 90' lang='lat' dir='ltr'>rursus</span> <span class='ocrx_word' id='word_1_821' title='bbox 2973 5293 3300 5365; x_wconf 88' lang='lat' dir='ltr'>quibusdam</span> <span class='ocrx_word' id='word_1_822' title='bbox 3329 5293 3464 5352; x_wconf 90' lang='lat' dir='ltr'>locis</span> <span class='ocrx_word' id='word_1_823' title='bbox 3491 5308 3600 5350; x_wconf 87' lang='lat' dir='ltr'>ma-</span> 
     </span>
    </p>
   </div>
   <div class='ocr_carea' id='block_1_117' title="bbox 1992 5383 3598 5456">
    <p class='ocr_par' dir='ltr' id='par_1_117' title="bbox 1992 5383 3598 5456">
     <span class='ocr_line' id='line_1_117' title="bbox 1992 5383 3598 5456; baseline -0.002 -16"><span class='ocrx_word' id='word_1_824' title='bbox 1992 5386 2202 5442; x_wconf 78' lang='lat' dir='ltr'>nifestis</span> <span class='ocrx_word' id='word_1_825' title='bbox 2232 5392 2488 5456; x_wconf 89' lang='lat' dir='ltr'>tanquam</span> <span class='ocrx_word' id='word_1_826' title='bbox 2515 5383 2718 5455; x_wconf 89' lang='lat' dir='ltr'>apertis</span> <span class='ocrx_word' id='word_1_827' title='bbox 2746 5383 2918 5439; x_wconf 91' lang='lat' dir='ltr'>oculis</span> <span class='ocrx_word' id='word_1_828' title='bbox 2949 5383 3051 5440; x_wconf 92' lang='lat' dir='ltr'>Dei</span> <span class='ocrx_word' id='word_1_829' title='bbox 3095 5383 3485 5452; x_wconf 87' lang='lat' dir='ltr'>illuminantur,</span> <span class='ocrx_word' id='word_1_830' title='bbox 3538 5388 3598 5437; x_wconf 86' lang='lat' dir='ltr'>ut</span> 
     </span>
    </p>
   </div>
   <div class='ocr_carea' id='block_1_118' title="bbox 1955 5469 3596 5546">
    <p class='ocr_par' dir='ltr' id='par_1_118' title="bbox 1955 5469 3596 5546">
     <span class='ocr_line' id='line_1_118' title="bbox 1955 5469 3596 5546; baseline -0.002 -16"><span class='ocrx_word' id='word_1_831' title='bbox 1955 5527 1960 5538; x_wconf 72' lang='grc'>,</span> <span class='ocrx_word' id='word_1_832' title='bbox 1994 5476 2305 5546; x_wconf 85' lang='lat' dir='ltr'>gaudeant,</span> <span class='ocrx_word' id='word_1_833' title='bbox 2356 5480 2410 5528; x_wconf 91' lang='lat' dir='ltr'>et</span> <span class='ocrx_word' id='word_1_834' title='bbox 2449 5472 2557 5529; x_wconf 88' lang='lat' dir='ltr'>ista</span> <span class='ocrx_word' id='word_1_835' title='bbox 2595 5473 2652 5527; x_wconf 91' lang='lat' dir='ltr'>in</span> <span class='ocrx_word' id='word_1_836' title='bbox 2696 5473 2901 5529; x_wconf 86' lang='lat' dir='ltr'>sanctis</span> <span class='ocrx_word' id='word_1_837' title='bbox 2944 5472 3101 5530; x_wconf 89' lang='lat' dir='ltr'>libris</span> <span class='ocrx_word' id='word_1_838' title='bbox 3147 5473 3340 5535; x_wconf 88' lang='lat' dir='ltr'>crebra</span> <span class='ocrx_word' id='word_1_839' title='bbox 3385 5469 3596 5541; x_wconf 84' lang='lat' dir='ltr'>apertio</span> 
     </span>
    </p>
   </div>
   <div class='ocr_carea' id='block_1_119' title="bbox 1995 5558 3598 5636">
    <p class='ocr_par' dir='ltr' id='par_1_119' title="bbox 1995 5558 3598 5636">
     <span class='ocr_line' id='line_1_119' title="bbox 1995 5558 3598 5636; baseline -0.003 -18"><span class='ocrx_word' id='word_1_840' title='bbox 1995 5571 2158 5635; x_wconf 86' lang='lat' dir='ltr'>atque</span> <span class='ocrx_word' id='word_1_841' title='bbox 2218 5561 2466 5636; x_wconf 88' lang='lat' dir='ltr'>operatio</span> <span class='ocrx_word' id='word_1_842' title='bbox 2523 5569 2780 5634; x_wconf 88' lang='lat' dir='ltr'>tanquam</span> <span class='ocrx_word' id='word_1_843' title='bbox 2803 5563 3089 5636; x_wconf 68' lang='lat' dir='ltr'>palpebrae</span> <span class='ocrx_word' id='word_1_844' title='bbox 3133 5568 3259 5618; x_wconf 89' lang='lat' dir='ltr'>sunt</span> <span class='ocrx_word' id='word_1_845' title='bbox 3303 5558 3427 5628; x_wconf 88' lang='lat' dir='ltr'>Dei,</span> <span class='ocrx_word' id='word_1_846' title='bbox 3471 5574 3598 5630; x_wconf 70' lang='lat' dir='ltr'>quae</span> 
     </span>
    </p>
   </div>
   <div class='ocr_carea' id='block_1_120' title="bbox 1992 5646 3597 5725">
    <p class='ocr_par' dir='ltr' id='par_1_120' title="bbox 1992 5646 3597 5725">
     <span class='ocr_line' id='line_1_120' title="bbox 1992 5646 3597 5725; baseline -0.002 -18"><span class='ocrx_word' id='word_1_847' title='bbox 1992 5652 2368 5725; x_wconf 82' lang='lat' dir='ltr'>interrogant,</span> <span class='ocrx_word' id='word_1_848' title='bbox 2449 5650 2507 5710; x_wconf 88' lang='lat' dir='ltr'>id</span> <span class='ocrx_word' id='word_1_849' title='bbox 2554 5659 2640 5710; x_wconf 84' lang='lat' dir='ltr'>est</span> <span class='ocrx_word' id='word_1_850' title='bbox 2701 5653 2935 5723; x_wconf 79' lang='lat' dir='ltr'>probant</span> <span class='ocrx_word' id='word_1_851' title='bbox 2982 5650 3124 5724; x_wconf 82' lang='lat' dir='ltr'>ﬁlios</span> <span class='ocrx_word' id='word_1_852' title='bbox 3171 5647 3472 5718; x_wconf 82' lang='lat' dir='ltr'>hominum,</span> <span class='ocrx_word' id='word_1_853' title='bbox 3503 5646 3597 5720; x_wconf 85' lang='lat' dir='ltr'>qui</span> 
     </span>
    </p>
   </div>
  </div>
