4002 6184
417 275 524 329 7Ἷῦ

954 271 1360 328 WALAFRIDI
1386 270 1631 327 STRABI
1663 269 1868 328 FULD.
1901 269 2075 328 MON.
2109 269 2262 327 OPP.
2300 268 2478 326 PARS
2507 270 2550 326 Ι.
2583 298 2653 312 -ι
2679 268 3154 327 THEOLOGICA.

3629 272 3737 325 776

418 410 598 467 neque
633 375 1156 468 fatigantur‘rerum
1203 393 1555 461 obscuritate,
1607 393 1707 450 sed
1752 409 2020 450 exercen—
2049 396 2106 458 A
2197 393 2367 450 Vnus.
2401 395 2453 449 5.
2484 421 2555 435 -
2589 395 2693 463 Qui
2722 393 3000 449 dixerunt
3033 394 3291 465 linguam
3317 397 3597 459 nostram,
3622 400 3728 448 etc.

417 493 523 552 tur,
583 499 762 558 neque
816 479 1074 539 inﬂantur
1128 482 1468 556 cognitione,
1527 483 1626 539 sed
1681 482 2018 540 confirman-

417 581 525 630 tur.

488 662 660 718 Vnus.
694 665 747 718 6.
783 691 854 703 -
885 661 1158 718 Dominus
1199 660 1520 733 interrogat
1541 662 1769 734 justum
1812 665 1870 718 et
1911 663 2021 718 im-

412 752 596 824 pium,
629 757 732 806 etc.
767 749 906 819 Quid
947 765 1078 821 ergo
1124 734 1437 819 metuimus,
1489 765 1558 804 ne
1608 749 1814 822 aliquid
1860 749 2020 805 nobis

417 839 598 895 obsint
625 837 796 909 impii,
831 838 878 891 si
904 837 1044 893 forte
1072 835 1358 894 nobiscum
1387 846 1733 893 sacramenta
1763 853 1872 894 non
1901 838 2019 893 sin-

415 943 543 985 cero
574 926 740 983 corde
774 926 1197 992 communicant,
1231 926 1450 999 quando
1478 925 1570 982 ille
1602 927 1902 998 interrogat
1925 927 2019 996 ju-

413 1023 558 1071 stum
589 1023 642 1071 et
668 1014 912 1086 impium,
945 1023 999 1072 et
1027 1015 1222 1072 anima:
1251 1023 1458 1070 tantum
1487 1032 1600 1072 suae
1635 1024 1796 1073 nocet
1842 1016 2020 1073 dilec-

414 1112 497 1163 tor
525 1103 824 1176 iniquitatis
843 1104 872 1158 ?

485 1194 658 1250 Vnus.
691 1194 746 1249 ’7.
779 1222 850 1234 -
878 1193 1045 1250 Pluet
1083 1209 1256 1266 super
1295 1197 1636 1267 peccatores,
1672 1201 1776 1251 etc.
1826 1195 2016 1262 Pluet,

413 1283 485 1340 ad
513 1282 682 1338 verba
719 1281 1132 1354 praedicantium
1159 1281 1342 1337 retulit
1385 1282 1526 1338 coelo
1553 1282 1847 1349 manantia,
1898 1299 2021 1354 quae

411 1371 518 1446 piis
547 1370 750 1426 imbres
779 1379 904 1426 sunt
938 1389 951 1424 :
981 1371 1123 1425 male
1154 1378 1333 1425 autem
1356 1370 1782 1443 intelligentibus
1802 1379 1891 1426 aut
1910 1386 2020 1426 non

417 1459 770 1517 credentibus
795 1459 997 1532 laquei.
1032 1458 1112 1513 llli
1131 1458 1274 1513 enim
1306 1459 1444 1514 bene
1466 1458 1820 1531 intelligendo
1839 1459 1895 1513 in
1913 1458 2020 1515 fide

414 1547 738 1606 fructiﬁcant
771 1565 784 1602 :
816 1546 905 1603 isti
934 1547 1076 1602 male
1119 1547 1399 1604 tractando
1444 1548 1652 1603 animas
1683 1565 1809 1602 suas
1855 1548 2020 1604 modo

413 1637 784 1710 perversitatis
842 1635 1200 1709 strangulant.
1259 1637 1428 1691 Pcnna
1481 1653 1615 1692 vero
1689 1653 1880 1692 eorum
1937 1644 2021 1692 est

415 1734 576 1799 atque
605 1725 780 1782 exitus
805 1768 818 1791 ,
853 1742 954 1796 per
982 1741 1117 1797 quos
1146 1725 1554 1796 blasphematur
1582 1741 1781 1780 nomen
1809 1725 1930 1792 Dei,
1962 1733 2021 1780 ut

412 1816 647 1888 primum
678 1814 1036 1886 cupiditatum
1068 1831 1286 1869 suarum
1315 1816 1444 1886 igne
1481 1822 1778 1880 vastentur,
1812 1813 2011 1869 deinde

414 1903 679 1960 malorum
709 1919 937 1973 operum
965 1903 1176 1973 pudore
1203 1919 1233 1956 a
1266 1910 1408 1957 coetu
1435 1903 1715 1958 beatorum
1745 1902 2011 1971 abjician-

413 1999 518 2058 tur,
575 1997 853 2063 postremo
909 1991 1114 2061 arrepti
1177 1997 1338 2062 atque
1385 1991 1656 2046 submersi
1707 1990 2013 2046 ineffabiles

415 2094 608 2152 poenas
638 2079 786 2134 luant
819 2095 834 2134 :
867 2080 984 2135 haec
1013 2079 1157 2134 enim
1183 2096 1316 2152 pars
1339 2086 1422 2134 est
1449 2081 1644 2135 calicis
1673 2096 1886 2136 eorum.
1914 2082 2016 2136 Ca-

419 2169 584 2225 licem
637 2175 818 2223 autem
864 2175 1125 2238 proptere,
1169 2175 1300 2240 puto
1357 2167 1704 2239 appellatum,
1767 2184 1836 2224 ne
1885 2167 2014 2239 quid

415 2265 614 2328 praeter
640 2257 862 2312 modum
895 2263 1057 2328 atque
1089 2271 1394 2311 mensuram
1428 2257 1514 2311 vel
1544 2257 1598 2310 in
1627 2256 1760 2328 ipsis
1811 2271 2013 2328 pecca-

413 2351 589 2400 torum
618 2345 900 2416 suppliciis
927 2361 1024 2416 per
1051 2343 1288 2401 divinam
1332 2344 1730 2416 providentiam
1771 2343 1893 2402 fieri
1919 2359 2014 2402 ar-

415 2432 696 2489 bitremur.

486 2523 658 2577 Vnus.
701 2527 752 2576 8.
786 2550 856 2562 —
889 2521 1164 2589 Quoniam
1185 2523 1382 2594 justus
1428 2523 1720 2591 Dominus,
1770 2530 1876 2579 etc.
1909 2523 2015 2578 Pro

407 2610 570 2681 justis
588 2613 838 2683 justitia:
875 2609 1251 2682 intelliguntur
1297 2610 1508 2682 positae.
1539 2612 1598 2665 In
1638 2611 1820 2666 multis
1869 2611 2016 2666 enim

407 2700 570 2770 justis
601 2709 860 2772 tanquam
889 2699 1072 2754 multa:
1095 2699 1316 2770 justitiae
1345 2700 1599 2755 videntur
1629 2717 1770 2766 esse,
1807 2715 1931 2756 cum
1949 2699 2019 2755 sit

414 2803 526 2843 una
554 2788 674 2854 Dei,
709 2789 864 2856 cujus
893 2803 1084 2843 omnes
1113 2787 1436 2859 participant
1473 2805 1484 2843 :
1519 2797 1779 2861 tanquam
1817 2788 1864 2843 si
1911 2803 2017 2843 una

414 2875 578 2932 facies
607 2877 879 2932 intueatur
905 2877 1064 2946 plura
1092 2877 1336 2948 specula,
1372 2877 1519 2948 quod
1540 2877 1594 2931 in
1623 2877 1716 2932 illa
1737 2877 2018 2950 singulare

415 2973 517 3032 est,
549 2965 618 3020 de
647 2965 755 3020 illis
780 2965 1022 3036 pluribus
1053 2965 1339 3036 pluraliter
1368 2966 1631 3021 redditur.
1674 2967 1864 3021 Facies
1913 2981 2018 3021 au-

358 3063 365 3072 '
414 3062 524 3110 tem
549 3053 652 3109 Dei
690 3060 775 3108 est
828 3053 1090 3124 potentia,
1151 3069 1258 3125 qua
1313 3053 1494 3125 dignis
1549 3054 1856 3111 innotescit.
1913 3057 2020 3110 Aut

417 3151 570 3199 certe
597 3113 922 3215 (equitatem
951 3113 1096 3198 vidit
1111 3113 1303 3198 vultus
1333 3113 1474 3214 eius,
1502 3143 1628 3214 quia
1656 3158 1766 3198 non
1795 3160 1854 3199 se
1884 3159 2021 3216 pra}-
2048 3113 2097 3178 Ο

416 3230 506 3286 bet
556 3231 1000 3303 cognoscendum
1047 3230 1204 3285 malis
1228 3272 1242 3301 ,
1294 3231 1393 3286 sed
1443 3231 1619 3287 bonis.
1669 3234 1739 3288 Et
1783 3232 1900 3304 ipsa
1937 3241 2023 3291 est

416 3320 672 3392 cequitas.

920 3462 993 3516 IN
1033 3461 1365 3519 PSALMUM
1403 3463 1501 3518 XI.

487 3605 693 3661 Octa-va
721 3611 899 3676 potest
927 3605 1158 3678 intelligi
1178 3605 1295 3661 dies
1317 3605 1528 3676 judicii,
1548 3613 1640 3661 aut
1670 3613 1817 3662 certe
1837 3606 2021 3663 Evan-

2119 481 2352 553 Superbi
2407 483 2700 554 hypocrita:
2758 481 3154 554 significantur,
3223 482 3280 536 in
3327 496 3587 537 sermone
3633 497 3733 536 suo

2119 587 2273 643 spem
2303 579 2568 643 ponentes
2595 571 2664 628 ad
2691 571 2944 628 homines
2973 563 3438 644 decipiendos,'et
3469 571 3590 627 Deo
3617 586 3726 626 non

2118 667 2245 716 sunt
2273 660 2495 716 subditi.

2189 750 2358 805 Vnus.
2393 753 2447 805 6.
2483 779 2554 791 —
2582 751 2822 823 Propter
2849 750 3145 806 miseriam
3171 752 3431 823 inopum,
3467 756 3578 804 etc.
3614 748 3726 806 Hoc

2118 838 2189 895 de
2245 854 2480 909 persona
2531 838 2631 894 Dei
2680 838 2854 894 Patris
2901 838 3300 910 accipiendum,
3356 839 3450 910 qui
3499 845 3728 910 propter

2118 923 2315 1000 inapes
2343 935 2396 982 et
2421 943 2719 1000 pauperes,
2753 928 2808 982 id
2837 935 2938 995 est,
2975 927 3158 998 inepia
3185 935 3239 983 et
3267 934 3598 998 paupertate
3631 927 3727 982 bo-

2122 1031 2320 1072 norum
2348 1015 2710 1087 spiritualium
2739 1024 2984 1088 egentes,
3019 1015 3214 1070 Filium
3243 1032 3400 1070 suum
3429 1014 3600 1070 misit.

2194 1107 2413 1161 Ponam
2443 1107 2506 1160 in
2536 1106 2804 1170 salutari,
2837 1113 2942 1160 etc.
2975 1105 3042 1159 In
3090 1106 3357 1170 salutari,
3408 1103 3468 1158 in
3513 1102 3734 1159 Christo

2119 1193 2498 1265 accipiendum
2527 1201 2610 1249 est
2624 1193 2924 1250 secundum
2947 1193 3079 1248 illud
3104 1211 3118 1248 :
3136 1195 3269 1265 quia
3288 1193 3559 1249 viderunt
3579 1194 3733 1249 oculi

2125 1284 2240 1338 mei
2267 1284 2522 1339 salutare
2547 1285 2740 1349 tuum‘;
2761 1282 2816 1336 in
2833 1298 2940 1353 quo
2961 1281 3280 1354 intelligitur
3300 1281 3557 1353 posuisse
3579 1280 3730 1353 quod

2123 1371 2192 1426 ad
2240 1371 2516 1426 miseriam
2559 1371 2782 1442 in0pum
2825 1370 3180 1426 auferendam
3229 1379 3284 1426 et
3310 1369 3732 1441 consolandum

2120 1459 2382 1532 gemitum
2415 1474 2715 1530 pauperum
2744 1459 2999 1530 pertinet.
3031 1460 3404 1516 Fiducialiter
3431 1474 3569 1515 vero
3619 1461 3732 1530 egit

2120 1558 2184 1613 in
2214 1574 2295 1627 eo,
2323 1557 2625 1614 secundum
2656 1557 2789 1613 illud
2817 1557 2874 1612 in
2901 1557 3207 1631 Evangelio
3239 1575 3254 1612 :
3285 1559 3427 1613 Erat
3452 1557 3618 1614 enim
3646 1557 3734 1614 do-

2121 1663 2255 1702 cens
2287 1663 2377 1703 eos
2413 1651 2688 1720 tanquam
2716 1651 3056 1719 potestatem
3103 1647 3331 1702 habens.

2045 1755 2100 1816 B
2195 1736 2366 1791 Vnus.
2407 1737 2462 1791 '1.
2494 1765 2564 1776 —
2594 1737 2830 1808 Eloquia
2856 1737 3102 1802 Domini,
3135 1737 3355 1808 eloquia
3399 1740 3584 1802 casta,
3622 1742 3728 1792 etc.

2128 1826 2313 1891 Casta,
2364 1824 2420 1879 id
2463 1832 2547 1879 est
2609 1824 2759 1879 nullo
2807 1823 3106 1880 adulterata
3151 1823 3462 1892 mendacio,
3519 1824 3620 1880 sed
3666 1825 3736 1879 ad

2111 1912 2288 1968 vicem
2317 1912 2554 1984 argenti,
2588 1913 2735 1984 quod
2763 1912 3120 1981 examinatur,
3170 1911 3512 1984 septemplici
3563 1913 3734 1984 Spiri.

2113 2009 2200 2056 tus
2227 2001 2402 2057 sancti
2433 2002 2560 2072 igne
2588 2001 2838 2072 probata.
2874 2001 3033 2070 Quod
3061 2008 3244 2056 autem
3272 2000 3344 2055 ait
3377 2017 3392 2054 :
3421 2001 3733 2073 probatum

2116 2094 2302 2156 terras,
2335 2089 2672 2146 manifestius
2713 2091 2984 2146 Hebraica
3033 2090 3199 2147 editio
3243 2089 3446 2163 posuit,
3497 2107 3733 2164 separa-

2115 2183 2240 2235 tum
2269 2196 2306 2234 a
2337 2184 2509 2236 terra.

2187 2268 2357 2324 Vnus.
2406 2273 2458 2323 8.
2491 2297 2560 2308 —
2595 2269 2690 2335 Tu,
2724 2269 2978 2339 Domine,
3010 2269 3255 2326 servabis
3304 2285 3425 2336 nos,
3460 2275 3572 2325 etc.
3625 2269 3729 2327 Hic

2115 2364 2374 2428 tanquam
2404 2356 2599 2430 inopes
2629 2365 2682 2412 et
2712 2373 3004 2429 pauperes,
3034 2357 3111 2414 ibi
3139 2366 3405 2430 tanquam
3430 2357 3729 2429 opulentos

2117 2453 2172 2500 et
2199 2445 2416 2501 divites.

2187 2534 2359 2590 Vnus.
2393 2537 2445 2588 9.
2485 2564 2553 2575 ——
2584 2533 2649 2590 In
2678 2536 2926 2592 circuitu
2954 2536 3119 2608 impii
3146 2536 3465 2603 ambulant,
3507 2543 3624 2594 etc.
3665 2536 3731 2592 In

2115 2624 2365 2680 circuitu
2403 2623 2722 2679 ambulant.
2755 2625 2816 2679 Id
2862 2633 2964 2694 est,
3009 2625 3065 2679 in
3109 2625 3495 2696 temporalium
3540 2642 3731 2681 rerum

2116 2711 2428 2782 cupiditate,
2462 2729 2583 2783 qum
2612 2721 2820 2784 septem
2850 2713 3060 2769 dierum
3090 2714 3321 2785 repetito
3343 2714 3572 2771 circuitu
3611 2723 3732 2770 tan-

2119 2816 2282 2872 quam
2312 2807 2426 2855 rota
2456 2801 2709 2871 volvitur,
2755 2809 2808 2856 et
2835 2801 2960 2857 ideo
2989 2818 3100 2858 non
3132 2804 3459 2873 perveniunt
3495 2803 3555 2859 in
3573 2808 3732 2861 octa-

2118 2906 2266 2956 vam,
2295 2888 2351 2942 id
2385 2896 2466 2943 est
2496 2889 2548 2942 in
2579 2897 2866 2955 aeternum,
2897 2907 2996 2961 pro
3028 2907 3136 2964 qua
3163 2891 3266 2948 iste
3302 2893 3554 2964 psalmus
3611 2894 3734 2948 titu-

2117 2977 2260 3032 Iatus
2285 2985 2386 3032 est.
2416 2979 2876 3050 Multiplicantur
2902 2989 3080 3036 autem
3108 2982 3223 3051 ﬁlii
3265 2983 3588 3049 hominum,
3622 2982 3732 3038 hoc

2117 3073 2218 3132 est,
2246 3065 2376 3136 justi
2405 3067 2716 3124 secundum
2753 3069 3122 3127 altitudinem
3149 3070 3271 3141 Dei,
3325 3071 3548 3142 quando
3597 3078 3732 3128 eunt

2117 3155 2188 3211 de
2218 3155 2415 3212 virtute
2440 3155 2496 3212 in
2519 3155 2791 3213 virtutem.

2619 3350 2693 3407 IN
2723 3349 3050 3408 PSALMUM
3097 3349 3219 3405 XII.

2189 3519 2360 3574 Vnus.
2398 3522 2449 3574 l.
2481 3547 2554 3561 —
2587 3521 2887 3592 Usquequo,
2907 3521 3160 3584 Domine,
3185 3517 3532 3575 Oblivisceris
3552 3534 3645 3574 me
3666 3520 3727 3574 in

2117 3608 2334 3676 ﬁnem?
2363 3614 2466 3663 etc.
2500 3607 2560 3662 Id
2590 3615 2672 3662 est
2701 3607 2890 3662 differs
2920 3624 3007 3663 me
3035 3607 3104 3661 ad
3132 3606 3554 3678 intelligendum
3577 3607 3729 3662 Chri-

419 3693 654 3766 gelicam
680 3693 1121 3764 praedicationem
1151 3693 1368 3767 figurat,
1393 3695 1449 3749 in
1480 3711 1589 3766 qua
1608 3695 1781 3752 Judaei
1809 3696 1895 3752 vel
1915 3696 2022 3751 hee-
2118 3704 2261 3750 stum
2293 3695 2664 3767 spiritualiter,
2705 3696 2797 3767 qui
2826 3704 2908 3751 est
2954 3695 3219 3766 sapientia
3264 3696 3384 3765 Dei,
3443 3704 3497 3752 et
3549 3704 3728 3752 rectus

415 3782 569 3838 retici
598 3781 918 3855 decalogum
943 3782 1084 3855 legis
1111 3782 1562 3856 transgrediendo
1592 3783 1734 3839 velut
1762 3784 1817 3839 in
1849 3785 2022 3839 unde—
2119 3783 2243 3839 ﬁnis
2274 3784 2451 3840 omnis
2483 3784 2793 3840 intentionis
2821 3785 3036 3840 animae.
3057 3786 3319 3840 Avertere
3351 3785 3500 3840 enim
3516 3788 3729 3857 faciem

411 3871 569 3926 nario
589 3887 818 3926 numero
837 3871 978 3942 lapsi
999 3879 1142 3925 sunt.
1169 3872 1321 3927 Unde
1343 3889 1544 3943 corpus
1565 3873 1849 3940 Ecclesiae,
1871 3874 2018 3944 quod
2118 3874 2264 3928 Deus
2295 3873 2512 3943 dicitur,
2547 3874 2676 3928 dum
2704 3890 2814 3928 non
2843 3874 2936 3930 dat
2967 3873 3163 3929 animae
3189 3874 3431 3928 notitiam
3461 3873 3572 3942 sui,
3605 3890 3726 3946 quae

411 3958 568 4014 unius
599 3967 652 4014 et
681 3959 831 4014 vocis
861 3967 914 4014 et
943 3959 1144 4026 cordis,
1175 3961 1469 4015 Dominum
1517 3969 1657 4030 orat,
1691 3969 1750 4016 ut
1797 3961 1868 4016 ab
1917 3977 2017 4019 eo—
2117 3962 2294 4018 adhuc
2323 3979 2522 4034 purum
2552 3961 2747 4018 mentis
2769 3962 2987 4019 oculum
3017 3979 3128 4018 non
3157 3962 3339 4017 habet.

413 4064 532 4104 rum
560 4047 906 4103 damnatione
939 4048 1204 4118 eripiatur
1237 4067 1250 4102 :
2193 4053 2359 4108 Vnus.
2391 4056 2444 4108 2.
2478 4083 2547 4091 -
2579 4053 2842 4119 Quandiu
2867 4069 3077 4124 ponam
3123 4053 3426 4107 consilium
3477 4054 3543 4106 in
3597 4051 3723 4107 ani-

485 4137 655 4192 Vnus.
687 4140 740 4192 2.
773 4167 844 4176 —
874 4138 1104 4193 Salvum
1146 4153 1234 4192 me
1282 4141 1394 4208 fac,
1448 4139 1702 4207 Domine,
1727 4140 2013 4211 quoniam,
2115 4157 2230 4205 ma,
2263 4148 2366 4195 etc.
2399 4139 2638 4195 Consilio
2669 4156 2776 4194 non
2806 4156 2941 4210 Opus
2973 4149 3057 4194 est
3086 4139 3190 4195 nisi
3219 4139 3272 4194 in
3302 4140 3572 4195 adversis.
3622 4141 3722 4195 Er-

416 4233 522 4282 etc.
556 4225 774 4296 Defecit
801 4228 1057 4291 sanctus,
1090 4224 1145 4279 id
1175 4233 1258 4280 est
1287 4241 1396 4280 non
1444 4225 1737 4296 invenitur,
1773 4227 1914 4282 sicut
1942 4227 2018 4282 lo-
2116 4243 2206 4299 go,
2241 4228 2495 4300 quandiu
2520 4245 2728 4300 ponam
2771 4230 3075 4285 consilium
3106 4231 3168 4285 in
3216 4230 3414 4284 anima
3445 4245 3598 4292 mea,
3650 4229 3720 4283 ita

421 4315 656 4387 quimur,
690 4330 814 4369 cum
845 4313 1077 4368 dicimus
1106 4331 1120 4367 :
1153 4313 1710 4378 defecitfrumentum,
1745 4324 1838 4370 aut
1865 4315 2015 4370 defe-
2116 4316 2315 4371 dicitur
2338 4335 2350 4370 :
2377 4317 2616 4388 quandiu
2639 4333 2734 4373 ero
2755 4317 2807 4370 in
2828 4317 3115 4374 adversis?
3134 4319 3238 4373 Aut
3261 4324 3408 4372 certe
3431 4317 3722 4388 responsio

409 4402 483 4459 cit
520 4402 774 4474 pecunia.
809 4402 1025 4457 Veritas
1061 4410 1244 4457 autem
1265 4419 1371 4456 una
1402 4411 1507 4468 est,
1543 4419 1652 4475 qua
1682 4403 2016 4458 illustrantur
2116 4412 2216 4471 est,
2253 4413 2309 4459 ut
2335 4405 2438 4459 iste
2469 4406 2536 4460 sit
2569 4422 2762 4460 sensus
2797 4425 2810 4460 :
2841 4407 3068 4471 Tandiu,
3103 4405 3352 4471 Domine,
3376 4406 3724 4462 Oblivisceris

411 4491 611 4548 animm
637 4498 861 4548 sanctae.
915 4491 1022 4546 Sed
1070 4491 1329 4562 quoniam
1380 4491 1564 4546 multa:
1610 4499 1736 4546 sunt
1793 4493 2009 4558 animae,
2039 4479 2204 4548 Dme
2248 4494 2305 4547 in
2333 4493 2514 4562 finem,
2559 4502 2612 4550 et
2652 4495 2836 4550 tandiu
2878 4495 3078 4550 avertis
3110 4494 3306 4551 faciem
3349 4503 3498 4549 tuam
3530 4507 3566 4548 a
3613 4511 3720 4563 me,

409 4580 467 4635 in
495 4581 630 4652 ipsis
660 4579 842 4635 multa:
874 4582 1140 4635 veritates
1188 4580 1296 4634 dici
1326 4587 1592 4650 possunt;
1627 4580 1766 4636 sicut
1793 4581 1864 4636 ab
1909 4597 2018 4636 una

419 4667 559 4724 facie
588 4669 771 4724 multae
799 4669 856 4723 in
887 4669 1124 4740 speculis
1149 4669 1418 4742 imagines
1447 4678 1729 4740 apparent.

487 4758 658 4813 Vnus.
699 4762 752 4813 3.
789 4787 859 4799 --—
906 4759 1056 4814 Vana
1103 4760 1277 4814 locuti
1297 4763 1434 4814 sunt
1480 4760 1882 4832 unusquisque,
1908 4767 2012 4816 etc.

419 4848 756 4903 Proximum
786 4862 1006 4903 omnem
1034 4847 1310 4902 hominem
1339 4855 1553 4918 Oportet
1587 4847 1837 4920 intelligi,
1890 4849 2021 4919 quia

415 4950 578 4990 nemo
609 4943 692 4990 est
719 4952 843 4992 cum
873 4951 982 5008 quo
1014 4935 1082 4990 sit
1111 4935 1451 5006 operandum
1470 4935 1694 5004 malum,
1720 4944 1772 4992 et
1792 4937 2020 4994 dilectio

415 5024 666 5093 proximi
692 5026 913 5080 malum
941 5041 1056 5081 non
1085 5029 1371 5097 operatur.
1405 5024 1563 5094 Quod
1594 5034 1773 5081 autem
1799 5025 1885 5080 bis
1905 5026 1976 5080 ait
2001 5045 2016 5082 :

421 5111 488 5164 in
518 5111 679 5166 corde
707 5116 765 5167 et
792 5113 974 5182 corde,
1006 5113 1206 5184 duplex
1235 5129 1333 5170 cor
1380 5113 1649 5187 significat
1683 5131 1696 5170 :
1730 5115 1824 5186 qui
1873 5116 2019 5170 enim

419 5196 476 5251 in
507 5197 674 5253 corde
703 5214 803 5254 suo
832 5201 935 5256 scit
962 5217 1150 5256 verum
1179 5217 1322 5268 esse,
1355 5203 1502 5273 quod
1530 5220 1718 5258 verum
1751 5211 1854 5271 est,
1885 5219 2022 5274 quo-

415 5285 708 5343 dammodo
736 5287 844 5343 alio
886 5289 1053 5345 corde
1093 5306 1388 5362 suppressa
1415 5291 1644 5348 veritate
1689 5291 1817 5352 dolo
1858 5292 2020 5348 insti-

417 5383 583 5449 gante
610 5375 890 5432 mentitur.

488 5473 658 5529 Vnus.
701 5474 754 5530 4.
787 5503 857 5515 -
887 5475 1183 5546 Disperdat
1214 5478 1487 5533 Dominus
1534 5480 1801 5536 universa
1851 5480 2018 5550 labia,

417 5570 525 5620 etc.
562 5564 835 5621 Universa
864 5563 1017 5632 dixit,
1052 5580 1122 5619 ne
1150 5564 1271 5635 quis
1301 5581 1360 5620 se
1381 5573 1666 5637 exceptum
1693 5574 1863 5638 putet.
1885 5570 2022 5625 Lin-

416 5668 587 5724 guam
613 5661 794 5714 autem
818 5653 1244 5726 magniloquam
1271 5654 1588 5725 superbiam
1610 5655 1876 5728 intellige.

2119 4582 2355 4654 quandiu
2386 4597 2587 4654 ponam
2615 4583 2900 4638 consilium
2931 4583 2986 4638 in
3014 4583 3191 4638 anima
3218 4599 3362 4649 mea,
3392 4592 3451 4637 ut
3477 4583 3722 4654 perfecte

2118 4679 2373 4742 Operetur
2398 4671 2850 4726 misericordiam.
2894 4673 3018 4726 Non
3065 4688 3189 4726 eum
3236 4671 3423 4744 dirigit
3469 4673 3625 4727 Deus
3672 4671 3725 4726 in

2119 4759 2303 4840 ﬁnem,
2334 4776 2512 4830 neque
2543 4760 2788 4814 notitiam
2818 4759 2899 4814 sui
2929 4760 3171 4831 plenam,
3204 4760 3349 4831 quod
3377 4768 3462 4814 est
3490 4759 3636 4816 facie
3656 4759 3724 4814 ad

2120 4847 2331 4915 faciem,
2374 4849 2582 4919 praebet
2612 4848 2706 4902 illi.
2757 4851 2818 4903 In
2846 4865 2912 4904 eo
2959 4849 3143 4918 etiam,
3194 4848 3339 4920 quod
3386 4849 3720 4923 subjungit:

2119 4937 2366 4993 dolorem
2395 4939 2458 4992 in
2487 4937 2648 4994 corde
2668 4954 2788 4994 meo
2817 4954 2918 5009 per
2945 4937 3114 5005 diem,
3149 4937 3488 5005 subauditur,
3544 4955 3723 5010 quan-

2119 5024 2212 5079 diu
2242 5041 2442 5096 ponam
2463 5025 2491 5079 ‘P
2516 5027 2620 5080 Per
2647 5026 2793 5081 diem
2820 5042 2954 5080 vero
2991 5034 3086 5081 aut
3132 5027 3605 5082 continuationem
3650 5027 3723 5082 si-

2119 5113 2364 5186 gniﬁcat,
2397 5122 2486 5170 aut
2516 5114 2636 5170 dies
2666 5130 2768 5186 pro
2797 5122 3040 5186 tempore
3068 5115 3410 5188 intelligitur,
3443 5131 3479 5171 a
3523 5131 3636 5188 quo
3666 5131 3726 5171 se

2121 5203 2244 5274 quis
2272 5201 2590 5259 desiderans
2619 5202 2742 5259 exui
2771 5203 3019 5260 dolorem
3047 5204 3201 5275 ponit
3228 5203 3286 5259 in
3314 5204 3500 5270 corde,
3529 5203 3728 5276 depre-

2121 5306 2254 5347 cans
2280 5291 2352 5348 ad
2379 5299 2584 5348 aeterna
2611 5293 2984 5349 conscendere
3013 5287 3078 5348 et
3095 5293 3387 5350 humanam
3433 5293 3586 5349 diem
3614 5307 3725 5350 non

2121 5379 2252 5452 pati.

2193 5478 2363 5533 Vnus.
2398 5481 2449 5533 3.
2483 5509 2552 5518 —
2586 5480 2866 5553 Usquequo
2894 5481 3251 5538 exaltabitur
3279 5481 3580 5549 inimicus,
3617 5492 3720 5540 etc.

2123 5567 2393 5624 Inimicus
2422 5565 2526 5622 iste
2555 5567 2805 5624 diabolus
2835 5577 2937 5638 est,
2969 5569 3087 5627 sive
3115 5569 3351 5642 populus
3379 5569 3608 5644 impius,
3641 5571 3724 5630 vel

2123 5655 2463 5714 consuetudo
2508 5656 2744 5713 carnalis
2755 5695 2770 5712 .
