4002 6184
230 331 343 384 777

1270 329 1523 386 EXPOS.
1560 332 1627 386 IN
1658 330 1763 384 XX
1795 326 2051 384 PRIMOS
2081 326 2412 382 PSALMOS.

3440 332 3543 384 778

314 453 487 508 Vnns.
525 454 578 508 4.
613 483 683 492 -
712 454 939 541 Respice
991 461 1171 509 autem
1201 452 1439 509 refertur
1480 454 1547 509 ad
1593 454 1648 508 id
1699 453 1843 526 quod
1872 454 1927 514 A
1950 451 2261 520 hominum,
2295 459 2398 507 etc.
2436 450 2614 522 Super
2642 451 2844 505 Judaeis
2875 458 3051 522 potest
3084 451 3331 524 intelligi,
3365 462 3421 506 ut
3443 454 3546 507 ho-

239 540 452 597 dictum
480 548 561 596 est
596 559 610 596 :
648 540 923 616 Usquequo
953 543 1295 599 Oblivisceris
1318 558 1406 598 me
1454 544 1515 599 in
1546 543 1720 611 ﬁnem
1748 548 1771 598 ?

316 656 489 711 Vnus.
521 659 574 711 5.
598 685 669 696 —
696 656 970 712 Illumina
1012 658 1200 715 oculos
1229 674 1401 725 meos,
1447 673 1519 714 ne
1568 674 1839 729 unquam,

241 752 352 802 etc.
388 745 522 802 Orat
551 746 740 801 oculos
772 745 856 800 sui
887 745 1071 802 cordis
1118 746 1464 812 illuminari,
1498 762 1567 801 ne
1610 745 1844 801 delecta-

242 833 342 888 bili
374 832 590 889 defectu
608 834 819 906 peccati
849 834 1184 891 claudantur.
1217 834 1430 891 Diaboli
1457 833 1655 906 quippe
1684 833 1848 889 insul-

241 921 378 978 tatio
407 923 700 979 metuenda
727 931 828 989 est,
863 923 956 995 qui
985 923 1290 979 detestabili
1310 923 1702 980 consuetudine
1718 930 1846 978 tunc

240 1009 484 1068 efﬁcitur
510 1011 687 1079 laetus,
722 1012 941 1084 quando
970 1028 1066 1068 eos
1100 1028 1236 1085 quos
1265 1012 1564 1085 deceperit,
1598 1028 1659 1068 se
1707 1027 1844 1085 cog-

238 1100 457 1156 noverit
486 1101 793 1171 possidere.

324 1190 432 1259 Qui
470 1190 753 1246 tribulant
798 1205 889 1246 me
923 1190 1315 1256 exsultabunt,
1349 1197 1454 1246 etc.
1504 1188 1846 1246 Tribulantes

236 1286 374 1333 sunt
397 1277 599 1335 diaboli
629 1285 683 1334 et
713 1278 896 1352 angeli
917 1279 1052 1348 ejus,
1088 1278 1181 1351 qui
1210 1295 1319 1335 non
1350 1278 1759 1335 exsultaverunt
1777 1278 1847 1334 de

230 1368 389 1437 justo
419 1366 536 1424 viro
562 1367 687 1435 Job,
720 1384 844 1425 cum
873 1384 1000 1424 eum
1048 1367 1384 1438 tribularent,
1438 1368 1567 1440 quia
1604 1383 1716 1423 non
1765 1374 1850 1422 est

236 1460 455 1524 motus,
473 1456 531 1512 id
550 1464 653 1526 est,
679 1457 747 1512 de
765 1456 1053 1513 stabilitate
1068 1456 1318 1513 ﬁdeinon
1336 1457 1581 1513 recessit.
1606 1456 1850 1528 Idipsum

239 1554 430 1600 autem
459 1546 605 1618 quod
624 1561 734 1601 non
766 1553 1019 1602 movetur
1066 1546 1250 1613 homo,
1287 1554 1341 1602 et
1369 1544 1505 1602 ﬁxus
1534 1546 1591 1600 in
1616 1545 1849 1601 Domino

241 1641 553 1706 permanet,
584 1650 697 1689 non
718 1633 823 1689 sibi
851 1634 1011 1689 debet
1053 1633 1316 1702 tribuere,
1350 1650 1419 1690 ne
1462 1650 1584 1691 cum
1628 1651 1688 1689 se
1730 1633 1850 1707 glo-

239 1721 413 1778 riatur
467 1738 579 1779 non
637 1739 761 1779 esse
801 1727 1041 1792 motum,
1092 1722 1215 1794 ipsa
1252 1723 1510 1795 superbia
1542 1731 1845 1779 moveatur.

1956 540 2199 595 noratius
2248 555 2343 595 eos
2389 538 2748 611 appellaverit
2793 541 2939 607 ﬁlios
2988 541 3280 596 hominum
3323 550 3548 612 pr0pter

1954 628 2113 682 unius
2143 627 2241 683 Dei
2269 627 2469 683 cultum
2498 628 2552 681 in
2597 628 3004 699 comparatione
3042 629 3344 701 gentilium.
3379 632 3548 686 Pros-

1951 717 2095 788 picit
2124 724 2304 772 autem
2332 718 2625 781 Dominus,
2669 724 2726 771 ut
2754 716 2933 772 videat
2964 733 3063 787 per
3091 717 3299 772 animas
3332 726 3549 773 sanctas

1954 820 2101 869 suas,
2132 805 2275 876 quod
2305 804 2577 876 significat
2607 804 2662 859 id
2684 805 2830 876 quod
2880 806 3083 862 dictum
3131 815 3230 873 est,
3283 806 3348 862 de
3392 807 3543 863 cwlo.

1951 893 2090 947 Nam
2142 909 2241 964 per
2284 893 2525 964 seipsum
2571 892 2705 947 nihil
2761 910 2882 948 eum
2930 895 3103 950 latet:
3149 895 3253 949 nisi
3299 893 3434 951 forte
3485 910 3551 951 eo

1952 981 2116 1037 modo
2147 982 2477 1055 intelligatur
2505 981 2728 1052 dictum,
2778 987 2842 1038 ut
2889 985 3094 1051 videat,
3130 983 3185 1038 id
3234 990 3317 1039 est
3364 984 3550 1039 videre

1953 1068 2103 1126 faciat
2144 1088 2157 1125 :
2192 1070 2331 1126 sicut
2359 1071 2636 1126 Abraham
2668 1060 2870 1127 diclum
2897 1080 2980 1126 est
3015 1089 3030 1126 :
3086 1073 3246 1129 Nunc
3295 1073 3542 1145 cognovi,

1952 1158 2095 1231 quod
2126 1160 2328 1215 timeas
2354 1161 2553 1228 Deum,
2584 1159 2638 1213 id
2669 1168 2768 1226 est,
2803 1176 2947 1215 nunc
2977 1175 3315 1234 cognoscere
3344 1159 3470 1217 feci.

2021 1274 2194 1332 Vnns.
2227 1279 2281 1331 3.
2314 1306 2384 1317 —
2415 1276 2616 1333 Omnes
2666 1276 3120 1345 declinaverunt,
3168 1285 3275 1334 etc.
3330 1278 3392 1333 Id
3439 1285 3543 1349 est,

1951 1362 2124 1420 Judaei
2167 1364 2302 1420 tales
2348 1364 2474 1422 facti
2509 1373 2649 1431 sunt,
2682 1365 2873 1438 quales
2894 1373 2947 1421 et
2974 1374 3189 1438 gentes.

2020 1454 2358 1526 Sepulcrum
2373 1459 2579 1528 patens
2596 1459 2701 1521 est,
2734 1463 2839 1512 etc.
2856 1457 2918 1510 In
2938 1456 3188 1527 sepulcro
3209 1462 3431 1527 patente
3452 1463 3547 1512 aut

1950 1542 2220 1599 voracitas
2249 1542 2588 1616 signiﬁcatur
2616 1544 2874 1600 inhiantis
2904 1544 3068 1617 gulae,
3100 1552 3190 1600 aut
3217 1544 3273 1599 in
3331 1544 3545 1617 allego-

1951 1631 2049 1700 ria,
2084 1630 2177 1704 qui
2204 1632 2477 1704 occidunt,
2511 1640 2565 1688 et
2593 1633 2751 1705 quasi
2781 1634 3046 1689 devorant
3076 1633 3392 1696 interfectos
3425 1650 3541 1701 eos,

1952 1720 2148 1791 quibus
2177 1737 2392 1777 morum
2430 1738 2655 1777 suorum
2699 1723 3110 1794 perversitatem
3156 1724 3404 1780 suadent.
3450 1724 3551 1779 Cui

310 1829 485 1885 vus.
511 1832 563 1884 δ,
589 1858 662 1872 __
684 1830 1011 1886 Exmuabit
1025 1846 1121 1886 θον
1134 1845 1325 1886 meum
1353 1831 1417 1886 in
1444 1831 1833 1899 “mmmam.
1871 1813 1925 1873 Β
1954 1808 2130 1865 simile
2198 1818 2300 1879 est,
2352 1826 2384 1866 e
2415 1811 2687 1867 contrario
2721 1852 2734 1880 ,
2788 1811 2933 1883 quod
2977 1813 3135 1867 Petro
3190 1813 3395 1868 dictum
3441 1819 3543 1879 est,

238 1917 307 1973 In
337 1919 587 1974 salutari
618 1922 734 1988 tuo,
766 1919 871 1976 hoc
902 1926 988 1974 est
1016 1918 1304 1974 inChristo
1332 1920 1484 1985 Jesu,
1532 1919 1846 1975 exsultabit

240 2023 342 2063 cor
369 2023 579 2077 meum,
615 2006 706 2079 qui
746 2008 946 2063 tribuit
977 2008 1121 2063 mihi
1151 2007 1294 2063 bona
1320 2007 1597 2079 spiritalia,
1632 2023 1744 2063 non
1774 2006 1845 2063 ad

239 2094 545 2151 humanum
582 2095 728 2151 diem
756 2095 1104 2167 pertinentia.
1154 2096 1381 2167 Propter
1416 2096 1562 2168 quod
1600 2098 1845 2170 psallam

240 2185 475 2239 nomini
506 2184 807 2254 Altissimi,
838 2184 895 2239 id
924 2192 1025 2251 est,
1077 2198 1202 2240 cum
1244 2184 1443 2257 gaudio
1463 2184 1666 2259 gratias
1715 2200 1842 2259 ago,

238 2279 296 2327 et
345 2272 764 2329 ordinatissime
815 2280 938 2328 utor
997 2288 1247 2343 corpore,
1312 2273 1458 2344 quod
1521 2281 1604 2329 est
1651 2281 1844 2330 cantus

241 2361 446 2417 animae
492 2361 804 2432 spiritualis.
855 2361 913 2416 Si
958 2369 1142 2416 autem
1186 2361 1368 2433 aliqua
1412 2361 1501 2418 hic
1537 2360 1846 2418 differentia

241 2449 646 2505 consideranda
677 2458 779 2517 est,
811 2449 1048 2507 cantabo
1080 2450 1267 2518 corde,
1307 2451 1557 2523 psallam
1586 2451 1844 2522 operibus

239 2537 497 2608 Domino,
549 2538 641 2611 qui
691 2538 840 2594 solus
883 2537 1031 2594 videt
1065 2556 1080 2594 :
1128 2538 1336 2593 nomini
1378 2547 1561 2595 autem
1603 2539 1840 2608 Domini,

240 2627 393 2700 quod
422 2628 564 2699 apud
591 2627 840 2684 homines
868 2626 1177 2695 innotescit,
1202 2628 1347 2700 quod
1376 2644 1485 2685 non
1512 2627 1591 2684 illi
1619 2628 1718 2687 sed
1746 2644 1844 2685 no-

241 2716 331 2771 bis
357 2722 442 2772 est
468 2715 619 2772 utile.

730 2884 805 2941 IN
852 2885 1182 2943 PSALMUM
1215 2886 1366 2942 XIII.

314 3043 477 3101 Finis
501 3044 641 3116 legis
675 3044 953 3101 Christus.
986 3044 1071 3100 Ad
1114 3043 1266 3099 illum
1312 3044 1573 3113 redimus,
1625 3043 1845 3117 quando

1950 1899 2147 1965 Macta,
2181 1902 2240 1954 et
2266 1899 2572 1967 manduca,
2606 1908 2663 1955 ut
2683 1899 2738 1954 in
2761 1916 2917 1955 suam
2947 1899 3111 1955 ﬁdem
3145 1908 3198 1955 et
3227 1900 3401 1956 bonos
3421 1916 3547 1957 mo-

1944 2003 2037 2042 res
2066 1995 2261 2061 gentes
2308 1996 2674 2044 converteret.
2718 1989 2865 2043 Patet
2886 2004 3015 2045 vero
3064 1988 3211 2061 quod
3255 1989 3546 2062 sequitur:

1943 2076 2176 2148 Linguis
2206 2078 2326 2133 suis
2357 2076 2541 2135 dolose
2560 2077 2818 2149 agebant.
2852 2078 3049 2133 Comes
3096 2077 3299 2150 quippe
3345 2085 3430 2133 est
3457 2092 3547 2135 vo-

1944 2165 2164 2221 racibus
2183 2165 2423 2221 adulatio
2452 2174 2506 2222 et
2525 2166 2779 2221 omnibus
2797 2166 2976 2223 malis.
3025 2168 3309 2224 Venenum
3366 2174 3549 2223 autem

1943 2252 2131 2309 dolum
2178 2254 2357 2321 dicit;
2404 2256 2670 2328 aspidum
2726 2270 2880 2325 vero,
2928 2254 3057 2326 quia
3110 2256 3302 2311 nolunt
3355 2255 3549 2314 audire

1942 2342 2117 2398 verba
2145 2341 2493 2400 incantantis.
2517 2342 2709 2414 Aspidi
2741 2344 2887 2398 enim
2902 2344 3074 2400 Judaei
3094 2343 3373 2416 aptissime
3389 2360 3547 2401 com-

1942 2439 2225 2502 parantur,
2254 2431 2344 2503 qui
2372 2431 2665 2487 adversum
2708 2433 2875 2488 verba
2913 2432 3171 2488 salutaria
3216 2432 3548 2491 induxerunt

1945 2518 2135 2574 miseri
2163 2519 2471 2575 lethiferam
2501 2520 2858 2576 surdidatem.

2018 2609 2264 2676 Quorum
2290 2626 2348 2666 os
2363 2610 2783 2679 maledictione,
2817 2618 2921 2667 etc.
2954 2610 3127 2667 Pedes
3158 2610 3397 2684 appellat
3413 2626 3545 2670 con-

1944 2695 2051 2751 silii
2079 2713 2428 2769 progressus,
2466 2699 2662 2772 quibus
2692 2700 2761 2755 de
2788 2699 3026 2771 incoepto
3056 2715 3340 2757 movemur
3366 2701 3438 2757 ad
3458 2719 3548 2759 ex-

1941 2783 2050 2840 itus
2080 2802 2283 2841 rerum.
2316 2788 2459 2842 Nam
2492 2788 2639 2859 quod
2660 2787 2792 2843 dixit
2813 2789 3046 2859 veloces,
3070 2788 3328 2860 ostendit,
3360 2791 3544 2847 mode-

1943 2873 2172 2930 rationis
2200 2874 2309 2930 illis
2338 2875 2566 2931 consilia
2594 2875 2853 2933 defuisse.
2876 2878 2961 2933 Ad
2995 2878 3403 2950 effundendum
3418 2897 3546 2937 san-

1940 2965 2192 3035 guinem,
2226 2963 2470 3020 divinum
2498 2964 2752 3021 videlicet
2782 2965 3103 3038 Salvatoris,
3154 2976 3214 3024 ut
3256 2968 3542 3026 scelerata;

1942 3050 2025 3107 rei
2057 3060 2271 3109 crescat
2287 3053 2600 3109 immanitas
2631 3053 2882 3111 actionis.

240 3132 537 3205 incipimus
565 3133 712 3233 viam
742 3133 1190 3236 bonamingredi
1221 3151 1237 3189 :
1281 3132 1463 3236 ipsum
1508 3130 1836 3236 videbi'rn'ust
1870 3171 1920 3236 Ο
2019 3141 2294 3200 Contritio
2311 3146 2368 3199 et
2388 3144 2706 3215 infelicitas
2735 3145 2799 3199 in
2828 3144 2934 3200 viis
2961 3160 3177 3212 eorum,
3209 3152 3313 3203 etc.
3335 3145 3542 3205 Omnes

241 3237 371 3278 cum
397 3222 829 3293 pervenerimus.
852 3224 921 3278 Et
947 3222 1072 3278 ideo
1111 3222 1229 3293 ipse
1278 3221 1421 3291 ﬁnis,
1468 3239 1631 3294 quem
1667 3221 1840 3279 Judaei
1873 3221 1920 3236 ν’
1940 3229 2207 3287 malorum
2236 3232 2519 3287 hominum
2548 3232 2651 3289 viae
2679 3233 2857 3305 plena:
2886 3241 3013 3289 sunt
3039 3233 3321 3292 laboribus
3349 3244 3402 3293 et
3446 3236 3543 3293 mi-

241 3310 496 3367 videntes
525 3310 784 3367 humilem
813 3311 870 3366 in
908 3318 1189 3382 assumpta
1233 3326 1399 3367 carne
1442 3311 1681 3382 venisse,
1731 3326 1843 3368 non

235 3398 622 3456 intellexerunt
651 3400 829 3472 ipsum
860 3416 982 3456 esse
1004 3399 1097 3471 qui
1123 3399 1414 3471 praedictus
1442 3398 1619 3457 fuerat
1646 3416 1677 3455 a
1704 3416 1840 3473 pro-

241 3489 445 3561 phetis.
477 3489 609 3546 Ideo
638 3489 716 3545 sic
744 3487 931 3560 incipit
959 3488 1204 3561 psalmus
1237 3506 1251 3544 :

309 3596 485 3652 Vens.
520 3600 570 3652 t.
603 3627 673 3637 —
704 3597 869 3653 Dixit
917 3598 1198 3669 insipiens
1242 3597 1307 3651 in
1354 3596 1516 3653 corde
1561 3613 1681 3663 suo,
1733 3604 1835 3653 etc.

237 3684 400 3756 Quod
429 3685 553 3742 ideo
574 3685 817 3760 gravius,
852 3685 982 3758 quia
1009 3701 1118 3741 non
1148 3691 1355 3741 tantum
1373 3684 1533 3739 labiis
1564 3685 1834 3756 dixerunt,

241 3775 346 3831 sed
374 3777 441 3831 in
466 3776 650 3846 corde,
682 3782 740 3830 ut
767 3774 913 3831 malo
944 3782 1073 3831 voto
1099 3774 1256 3846 pejor
1271 3773 1625 3830 incredulitas
1635 3774 1838 3846 junge-

241 3871 421 3920 retur.
452 3865 639 3921 Potest
667 3863 773 3921 hoc
794 3871 849 3920 et
878 3863 947 3919 de
995 3864 1253 3938 gentibus
1270 3863 1521 3935 intelligi,
1545 3862 1635 3936 qui
1654 3863 1839 3936 provi-

241 3953 487 4010 dentiam
516 3953 758 4010 divinam
787 3960 1053 4025 negantes
1102 3953 1326 4010 casibus
1364 3951 1629 4010 mundum
1686 3952 1837 4010 testi-

237 4050 389 4097 mant
416 4042 732 4116 gubernari.

314 4132 577 4205 Corrupti
602 4135 742 4188 sunt
778 4133 837 4187 et
866 4130 1287 4200 abominabiles,
1318 4136 1423 4187 etc.
1458 4130 1519 4186 Id
1562 4137 1663 4200 est,
1708 4129 1839 4187 dum

235 4227 420 4275 amant
439 4221 544 4277 hoc
574 4219 854 4287 saeculum,
890 4227 943 4275 et
971 4235 1079 4275 non
1108 4227 1290 4274 amant
1327 4220 1523 4288 Deum,
1562 4219 1680 4291 ipsa
1713 4227 1840 4275 sunt

234 4308 437 4376 studia,
471 4324 594 4380 qua;
623 4315 975 4380 corrumpunt
1014 4307 1269 4377 animam,
1320 4315 1374 4364 et
1415 4308 1496 4365 sic
1538 4316 1834 4375 excaecant,

235 4402 295 4449 ut
325 4395 499 4467 possit
518 4397 684 4452 etiam
713 4395 898 4453 dicere
918 4395 1183 4468 insipiens
1226 4396 1284 4451 in
1313 4396 1478 4452 corde
1526 4412 1663 4452 suo:
1716 4398 1837 4454 Non

235 4483 326 4536 est
353 4482 502 4537 Deus
533 4501 552 4537 :
572 4483 723 4538 sicut
754 4483 911 4537 enim
952 4498 1070 4538 non
1126 4482 1508 4555 probaverunt
1535 4483 1713 4538 Deum
1746 4482 1839 4538 ha-

1940 3318 2103 3375 seria.
2137 3321 2293 3377 Unde
2322 3338 2437 3379 non
2452 3326 2836 3394 cognoverunt
2852 3324 3003 3380 viam
3021 3325 3201 3397 pacis,
3229 3340 3352 3397 quae
3371 3324 3541 3384 dicit:

1947 3408 2351 3476 Veniteadme,
2384 3425 2579 3467 omnes
2606 3411 2704 3483 qui
2737 3412 3005 3469 laboratis
3034 3417 3093 3469 et
3121 3415 3348 3471 onerati
3374 3415 3533 3488 estis,

1938 3499 1997 3552 et
2024 3512 2118 3569 ego
2145 3498 2401 3568 reﬁciam
2427 3516 2538 3565 vos,
2560 3503 2618 3555 et
2631 3500 2832 3556 discite
2849 3517 2886 3556 a
2901 3517 2990 3557 me
3006 3503 3139 3575 quia
3153 3504 3314 3560 mitis
3329 3520 3457 3561 sum
3484 3509 3543 3562 et

1939 3585 2174 3641 humilis
2199 3587 2447 3657 corde,et
2472 3588 2777 3645 invenietis
2801 3592 3052 3662 requiem
3084 3592 3383 3650 animabus
3419 3610 3540 3651 ves-

1940 3676 2045 3730 tris
2059 3676 2288 3747 :jugum
2303 3676 2458 3732 enim
2468 3692 2661 3734 meum
2678 3677 2805 3734 lene
2819 3681 2924 3745 est,
2944 3682 3003 3735 et
3017 3682 3247 3737 sarcina
3260 3698 3388 3739 mea
3401 3683 3540 3740 levis

1937 3767 2042 3820 est.

2008 3852 2180 3907 Vnus.
2212 3851 2265 3907 4.
2296 3880 2368 3892 -
2394 3853 2591 3911 Nonne
2622 3859 2955 3927 cognoscent
2988 3871 3200 3927 omnes,
3233 3865 3341 3915 etc.
3403 3858 3537 3917 0m-

1936 3940 2103 3996 nibus
2131 3940 2313 4012 impiis
2342 3941 2606 3997 Dominus
2630 3942 2895 4014 judicium
2914 3945 3297 4016 comminatur,
3319 3946 3531 4018 dicens,

1935 4028 1993 4084 in
2021 4029 2377 4086 retributione
2406 4031 2656 4103 generali
2698 4048 3029 4105 cognoscere
3065 4035 3377 4109 vindictam,
3437 4038 3538 4111 qui

1935 4134 2082 4176 nunc
2108 4128 2406 4191 operantur
2433 4121 2534 4176 sub
2568 4121 2826 4179 libertate
2870 4124 3154 4181 malitiam.
3216 4126 3322 4195 Qui
3374 4127 3534 4186 devo-

1936 4211 2093 4275 rant,
2122 4207 2317 4279 inquit,
2347 4210 2567 4282 plebem
2593 4228 2781 4268 meam
2818 4213 2971 4269 sicut
3013 4230 3201 4272 escam
3216 4218 3387 4289 panis
3418 4234 3438 4273 :
3465 4215 3521 4271 id

1938 4303 2040 4362 est,
2071 4297 2331 4367 quotidie.
2368 4299 2535 4354 Cibus
2567 4300 2712 4355 enim
2739 4301 2900 4373 panis
2930 4303 3277 4375 quotidianus
3297 4312 3400 4371 est,
3432 4304 3529 4362 de-

1938 4393 2129 4440 vorant
2156 4385 2316 4441 etiam
2334 4388 2617 4461 pepulum,
2651 4389 2779 4462 quia
2808 4408 2907 4447 sua
2925 4393 3215 4449 commoda
3234 4410 3301 4450 ex
3327 4393 3422 4449 illo
3438 4409 3532 4461 ca-

1937 4472 2110 4544 piunt,
2132 4490 2244 4530 non
2270 4475 2509 4533 ferentes
2525 4478 2887 4535 ministerium
2910 4498 3067 4535 suum
3085 4484 3153 4538 ad
3174 4482 3409 4557 gloriam
3424 4483 3527 4543 Dei

235 4571 363 4628 bere
388 4572 451 4626 in
480 4571 704 4637 notitia,
737 4571 890 4626 dedit
919 4571 1049 4625 illos
1080 4535 1227 4627 Deus
1257 4571 1320 4626 in
1355 4570 1655 4643 reprobum
1698 4587 1833 4627 sen-
1867 4535 1922 4598 D
1940 4569 1993 4617 εἰ
2020 4562 2089 4616 ad
2119 4579 2328 4633 eorum,
2362 4566 2559 4638 quibus
2587 4577 2843 4639 praesunt,
2868 4570 3117 4626 salutem.

234 4678 386 4727 sum,
418 4667 478 4714 ut
505 4658 892 4713 nefandissima
917 4658 1290 4715 incredulitate
1312 4658 1583 4730 maculati,
1619 4660 1832 4716 abomi-

232 4749 454 4805 nabiles
484 4747 716 4803 Domino
772 4746 884 4802 suis
924 4748 1201 4803 erroribus
1247 4748 1622 4803 redderentur.
1675 4747 1835 4817 Quod

232 4854 370 4893 vero
400 4837 493 4908 ait,
526 4854 701 4910 usque
729 4836 802 4892 ad
835 4853 1036 4902 unum,
1071 4837 1158 4892 vel
1196 4852 1316 4893 cum
1348 4836 1466 4908 ipso
1513 4853 1622 4892 uno
1657 4844 1835 4908 potest

233 4926 487 4998 intelligi,
520 4934 578 4981 ut
607 4925 788 4979 nullus
813 4926 1095 4981 hominum
1115 4925 1485 4997 intelligatur;
1520 4925 1835 4999 velprazter

233 5032 442 5082 unum,
474 5022 533 5069 ut
560 5014 893 5086 intelligatur
921 5015 1185 5069 Dominus
1234 5014 1501 5082 Christus,
1535 5015 1673 5070 sicut
1692 5015 1832 5071 dici-

233 5121 360 5160 mus
393 5122 409 5159 :
440 5103 544 5159 iste
573 5118 709 5176 ager
737 5120 912 5176 usque
942 5103 1013 5158 ad
1033 5119 1183 5159 mare
1206 5111 1307 5171 est,
1358 5119 1468 5159 non
1515 5105 1703 5176 utique
1752 5104 1831 5160 si-

233 5193 351 5249 mul
380 5200 760 5265 computamus
779 5199 831 5248 et
860 5207 1033 5248 mare.
1066 5194 1134 5247 Et
1173 5192 1273 5248 iste
1306 5200 1385 5248 est
1428 5193 1624 5249 melior
1666 5193 1830 5249 intel-

230 5283 429 5349 lectus,
451 5290 510 5337 ut
524 5298 686 5338 nemo
715 5280 1049 5355 intelligatur
1077 5281 1274 5338 fecisse
1318 5282 1613 5337 bonitatem
1659 5299 1831 5356 usque

230 5372 301 5427 ad
330 5370 625 5439 Christum,
661 5371 790 5444 quia
816 5386 925 5426 non
956 5379 1134 5441 potest
1151 5372 1380 5443 quisque
1401 5372 1701 5439 hominum,
1725 5372 1831 5427 nisi

229 5461 351 5533 ipse
381 5460 689 5528 donaverit,
713 5459 894 5516 facere
915 5459 1230 5515 bonitatem.
1264 5461 1333 5515 Et
1348 5460 1481 5515 illud
1512 5477 1676 5515 unum
1706 5468 1787 5516 est
1812 5476 1825 5517 :

231 5549 363 5623 quia
381 5566 666 5622 usquequo
692 5549 919 5622 quisque
947 5558 1246 5622 cognoscat
1275 5566 1441 5605 unum
1470 5550 1667 5617 Deum,
1717 5565 1827 5605 non

226 5647 411 5712 potest
441 5637 622 5695 facere
643 5639 865 5693 bonum.

2005 4651 2176 4707 Vnus.
2211 4656 2263 4709 5.
2287 4684 2356 4694 -
2383 4657 2687 4712 Dominum
2706 4675 2817 4713 non
2836 4660 3257 4729 invocaverunt,
3278 4668 3381 4718 etc.
3406 4662 3529 4718 Non

1935 4738 2081 4795 enim
2109 4758 2237 4796 vere
2268 4743 2491 4800 invocat
2522 4745 2830 4812 Dominum,
2866 4747 2959 4818 qui
2997 4748 3267 4805 desiderat
3295 4766 3415 4823 quae
3452 4750 3530 4807 illi

1933 4829 2241 4900 displicent.
2273 4831 2445 4887 Judaei
2493 4849 2707 4905 quoque
2751 4835 3038 4892 timuerunt
3083 4854 3314 4910 regnum
3353 4847 3529 4896 terre-

1934 4934 2065 4973 num
2094 4919 2360 4991 amittere,
2394 4922 2487 4977 ubi
2516 4939 2631 4978 non
2660 4927 2785 4980 erat
2818 4926 3006 4981 timor.
3040 4926 3299 4983 Dixerunt
3331 4928 3476 4984 enim
3512 4946 3524 4986 :

1932 5007 1991 5063 Si
2022 5008 2340 5065 dimitimus
2370 5026 2499 5066 eum
2527 5013 2629 5079 sic,
2662 5028 2855 5069 omnes
2903 5014 3137 5071 credent
3186 5017 3248 5072 in
3278 5033 3427 5087 eum,
3476 5024 3533 5077 et

1932 5097 2163 5152 venient
2194 5099 2449 5166 Romani,
2484 5104 2543 5155 et
2570 5102 2773 5157 tollent
2817 5104 2972 5160 nobis
3002 5108 3057 5159 et
3081 5109 3309 5177 gentem
3336 5111 3397 5164 et
3454 5109 3530 5167 lo-

1933 5201 2063 5241 cum
2092 5207 2112 5255 ,-
2142 5194 2195 5241 et
2224 5187 2524 5244 amiserunt
2553 5206 2785 5263 regnum
2815 5192 3098 5261 ccelorum,
3146 5196 3293 5266 quod
3337 5196 3530 5257 timere

1934 5274 2255 5330 debuerunt.
2285 5277 2354 5331 Et
2394 5277 2498 5334 hoc
2540 5278 2610 5333 de
2653 5280 2904 5335 omnibus
2949 5284 3343 5359 temporalibus
3385 5302 3529 5343 com-

1931 5364 2108 5418 modis
2136 5364 2550 5439 intelligendum
2581 5376 2682 5435 est,
2732 5384 2963 5441 quorum
3008 5372 3360 5431 amissionem
3404 5391 3527 5432 cum

1930 5452 2121 5507 timent
2149 5453 2417 5525 homines,
2449 5456 2517 5510 ad
2547 5464 2754 5512 aeterna
2782 5474 2893 5514 non
2922 5460 3166 5517 veniunt.

2003 5553 2171 5609 Vnus.
2206 5557 2256 5609 6.
2290 5585 2359 5595 -
2394 5555 2669 5623 Quoniam
2715 5559 2989 5617 Dominus
3035 5563 3097 5617 in
3142 5562 3523 5633 generatione,

1930 5648 2035 5696 etc.
2081 5642 2165 5696 Ad
2208 5643 2491 5714 superiora
2533 5644 2783 5717 refertur,
2833 5649 2976 5720 quod
3020 5649 3218 5704 dicitur
3255 5651 3522 5721 quoniam

301 5728 476 5785 Vnus.
494 5732 549 5786 2.
573 5729 930 5784 —Dominus
946 5726 1013 5784 de
1030 5728 1164 5785 ccelo
1177 5728 1471 5801 prospexit
1492 5742 1664 5799 super
1678 5727 1825 5795 ﬁlios
1926 5730 2073 5787 Deus
2103 5733 2166 5787 in
2194 5734 2557 5805 generatione
2569 5737 2731 5807 justa
2761 5740 2865 5808 est,
2889 5745 2944 5792 ut
2964 5736 3033 5791 sit
3053 5753 3248 5792 sensus
3282 5754 3293 5793 :
3327 5738 3522 5796 Nonne

517 5826 758 5882 Panos.
794 5824 982 5882 CXIV.

3237 5836 3310 5897 25
