4002 6184
891 236 1296 292 WALAFRIDI
1335 233 1578 290 STRABI
1616 232 1815 289 FULD.
1854 230 2029 288 MON.
2070 230 2224 288 OPP.
2264 230 2442 288 PARS
2478 232 2523 287 Ι.
2562 262 2633 273 -
2668 232 3142 289 THEOLOGICA.
3581 236 3686 290 780

393 240 497 294 7‘79

399 369 736 435 cognoscent
767 377 979 427 omnes,
1012 360 1105 432 qui
1133 366 1431 431 operantur
1454 357 1814 429 iniquitatem,
1848 372 1992 428 quo-
2011 359 2069 420 Α
2169 356 2335 411 Vens.
2368 358 2420 412 4.
2443 386 2515 397 —
2542 357 2625 412 Ad
2643 358 2893 413 nihilum
2942 357 3216 414 deductus
3260 363 3365 424 est,
3422 366 3533 415 etc.
3595 361 3703 415 Ista

398 446 548 503 niam
577 447 724 503 Deus
753 445 809 500 in
839 444 1194 517 generatione
1216 444 1361 513 justa
1390 450 1491 513 est,
1534 442 1588 496 id
1636 449 1739 509 est,
1787 456 1896 496 non
1942 440 1999 494 in
2098 444 2367 516 perfectio
2396 452 2498 513 est,
2533 453 2589 499 ut
2619 445 2752 500 nihil
2778 446 2836 501 in
2888 446 3111 502 homine
3168 446 3349 502 valeat
3406 447 3705 520 malignus.

401 535 481 592 eis
512 535 605 607 qui
634 534 867 607 diligunt
897 533 1176 589 saeculum.
1213 532 1474 601 Injustum
1513 538 1595 586 est
1632 529 1777 585 enim
1825 529 2000 584 relin-
2098 534 2166 588 Et
2193 542 2250 589 ut
2274 533 2408 588 nihil
2438 534 2506 588 sit
2535 534 2590 589 in
2623 539 2925 608 conspectu
2955 537 3098 607 ejus,
3142 535 3449 591 certissime
3496 536 3709 592 noverit

401 640 579 697 quere
608 623 936 679 saeculorum
966 621 1307 677 conditorem
1346 628 1400 676 et
1446 619 1675 693 diligere
1716 618 1998 685 saeculum,

404 720 459 768 et
487 712 695 769 servire
725 719 988 767 creatura
1018 725 1184 782 quam
1217 708 1486 765 Creatori.
1524 709 1835 765 Consilium
1872 709 2001 763 ino-

403 804 494 874 pis
511 801 870 872 con/adistis,
908 807 1039 865 etc.,
1074 798 1130 853 id
1166 806 1268 867 est,
1312 797 1718 868 contempsistis
1743 794 2005 851 humilem

400 889 699 945 adventum
726 889 847 957 Dei,
884 887 1011 959 quia
1040 903 1150 942 non
1179 887 1234 942 in
1274 902 1340 941 eo
1368 886 1581 942 vidistis
1625 901 1883 957 pompam
1904 900 2006 940 sae-

400 978 528 1044 culi,
559 986 617 1032 ut
644 977 721 1044 hi,
754 992 893 1049 quos
923 976 1175 1043 vocabat,
1208 975 1264 1029 in
1295 976 1412 1031 Deo
1458 975 1576 1031 solo
1625 990 1779 1046 spem
1826 988 2004 1045 pone-

402 1074 545 1133 rent,
576 1081 687 1121 non
714 1065 770 1120 in
802 1066 968 1121 rebus
1001 1064 1429 1120 transeuntibus.

470 1155 642 1211 Vens.
681 1156 736 1209 '7.
768 1184 839 1195 —
876 1156 1007 1224 Quis
1035 1154 1193 1210 dabit
1211 1170 1285 1210 ea:
1313 1154 1466 1221 Sion,
1501 1159 1605 1207 etc.
1638 1152 1769 1220 Quis
1797 1150 1952 1205 dabit
1983 1152 2007 1205 t

397 1243 762 1300 subauditur:
796 1242 901 1297 nisi
944 1243 1084 1314 ipse,
1137 1243 1294 1311 cujus
1342 1240 1705 1296 humilitatem
1756 1246 2006 1294 contem-

397 1333 604 1406 psistis.
640 1334 763 1404 Ipse
793 1331 940 1387 enim
968 1331 1023 1387 in
1056 1331 1305 1388 claritate
1345 1338 1609 1386 venturus
1638 1335 1721 1384 est
1748 1327 1818 1382 ad
1856 1326 2006 1397 judi-

398 1422 544 1480 cium
570 1422 818 1478 vivorum
849 1428 903 1475 et
944 1428 1301 1487 mortuorum,
1342 1433 1686 1492 regnumque
1710 1417 2004 1486 justorum,

396 1518 455 1568 ut
484 1509 745 1584 quoniam
776 1510 879 1565 isto
905 1508 1096 1564 humili
1125 1509 1362 1563 adventu
1387 1510 1547 1579 facta
1576 1510 1661 1563 est
1690 1506 1916 1562 cazcitas
1931 1521 2006 1560 ex

393 1604 561 1675 parte
609 1602 673 1656 in
721 1600 917 1668 Israel,
965 1602 1033 1654 ut
1073 1596 1370 1670 plenitudo
1426 1597 1686 1669 gentium
1732 1593 2005 1660 intraret,

2101 621 2403 694 malignum
2431 637 2541 677 non
2570 639 2713 689 esse,
2746 622 2851 677 nisi
2874 637 3000 679 cum
3028 623 3242 679 animus
3271 639 3305 679 a
3326 639 3426 680 suo
3449 625 3706 681 Creatom

2101 718 2305 767 aeterno
2334 719 2389 766 et
2408 711 2839 768 incommutabili
2859 711 2931 767 ad
2961 720 3223 767 creaturae
3253 712 3499 784 speciem
3543 728 3709 769 aver-

2102 799 2246 868 titur,
2275 816 2396 871 quae
2423 799 2493 855 de
2524 799 2693 855 nihilo
2724 799 2869 856 facta
2898 808 3000 856 est.
3037 803 3321 857 Timentes
3351 806 3551 857 autem
3598 803 3711 858 Do-

2102 888 2327 944 minum
2372 889 2672 961 glori/teat,
2725 889 2818 961 qui
2884 897 3065 960 potest
3130 890 3313 946 dicere
3377 906 3506 947 cum
3568 891 3710 946 Pro-

2100 977 2305 1048 pheta:
2338 978 2472 1034 Mihi
2500 982 2695 1034 autem
2741 980 2916 1034 nimis
2951 979 3313 1049 honoriﬁcati
3351 983 3494 1036 sunt
3535 980 3712 1036 amici

2113 1067 2216 1132 tui,
2250 1068 2415 1122 Deus.

2182 1154 2286 1223 Qui
2305 1156 2473 1227 jurat
2500 1156 2765 1228 proximo
2795 1171 2894 1212 suo
2922 1158 2981 1212 et
3016 1172 3132 1212 non
3166 1155 3397 1228 decipit,
3447 1163 3557 1212 etc.
3603 1156 3713 1212 Ista

2104 1257 2215 1297 non
2243 1251 2369 1298 sunt
2386 1259 2585 1315 magna
2618 1261 2632 1300 :
2666 1244 2764 1299 sed
2790 1243 2880 1315 qui
2910 1259 3013 1300 nec
3041 1246 3146 1299 ista
3172 1252 3373 1316 potest,
3405 1244 3581 1301 multo
3600 1245 3713 1300 mi-

2104 1347 2208 1386 nus
2225 1340 2405 1403 potest
2437 1333 2585 1406 loqui
2603 1335 2901 1389 veritatem
2922 1334 2986 1389 in
3005 1333 3170 1390 corde
3190 1350 3309 1402 suo,
3331 1342 3384 1388 et
3404 1349 3518 1389 non
3536 1349 3714 1407 agere

2105 1419 2298 1476 dolum
2326 1423 2391 1477 in
2423 1422 2621 1494 lingua
2650 1438 2754 1477 sua
2787 1464 2801 1488 ,
2834 1422 2931 1477 sed
2961 1429 3018 1476 ut
3044 1429 3129 1476 est
3174 1421 3230 1476 in
3275 1421 3466 1490 corde,
3514 1439 3714 1479 verum

2105 1508 2180 1563 ita
2199 1508 2467 1579 proferre,
2493 1518 2547 1565 et
2572 1510 2774 1566 habere
2799 1510 2855 1565 in
2886 1525 2979 1565 ore
3011 1511 3126 1579 Est,
3158 1518 3260 1577 est,
3289 1510 3436 1577 Non,
3467 1526 3606 1579 non,
3655 1515 3719 1568 et

2107 1613 2223 1653 non
2250 1600 2439 1671 facere
2463 1601 2727 1672 proximo
2744 1615 2843 1655 suo
2860 1600 3099 1666 malum,
3122 1598 3179 1653 id
3191 1607 3272 1654 est
3287 1599 3422 1653 nulli
3449 1598 3665 1655 homini
3695 1616 3714 1669 ;

399 1690 496 1745 illo
525 1688 633 1744 alio
663 1686 757 1743 ﬁat
788 1687 933 1759 quod
953 1686 1199 1778 sequitur
1230 1702 1243 1741 :
1278 1689 1335 1741 et
1350 1687 1443 1778 _sic
1477 1684 1660 1778 omnis
1677 1683 1871 1778 Israel
1886 1682 2000 1778 sa_l-
2022 1717 2076 1778 B
2110 1694 2162 1742 et
2197 1689 2557 1760 approbrium
2599 1705 2715 1744 non
2756 1689 3010 1761 accipere
3050 1688 3319 1744 adversus
3372 1691 3715 1761 proximum

401 1794 503 1834 vus
523 1778 703 1847 ﬁeret.
745 1778 852 1831 Pro
893 1774 1095 1831 ludatis
1141 1773 1433 1846 Apostolus
1477 1772 1637 1828 etiam
1674 1772 1809 1828 illud
1850 1770 2005 1825 Isaia

398 1865 777 1923 testimonium
807 1864 1038 1935 accepit,
1093 1863 1241 1935 quod
1286 1862 1492 1919 dictum
1529 1870 1651 1917 est:
1697 1862 1894 1919 Veniat
1930 1876 2004 1916 ex

406 1957 562 2020 Sion,
587 1956 684 2026 qui
714 1955 944 2025 eripiat,
968 1956 1025 2008 et
1044 1955 1271 2008 avertat
1304 1953 1664 2024 impietatem
1696 1965 1770 2005 ea:
1817 1949 2000 2015 Iacob,

407 2043 547 2099 sicut
566 2042 655 2098 hic
681 2041 920 2113 positum
949 2047 1030 2095 est
1063 2056 1077 2096 :
1114 2040 1246 2108 Quis
1276 2039 1431 2097 dabit
1470 2055 1544 2096 ea:
1578 2039 1711 2095 Sion
1748 2039 2004 2094 salutare

406 2132 586 2189 Israel
617 2136 640 2187 ξ)
669 2130 726 2187 Si
755 2138 955 2198 autem,
988 2137 1048 2184 ut
1075 2129 1401 2200 plerumque
1431 2127 1588 2195 solet,
1624 2143 1699 2184 ea:
1727 2127 1889 2184 Iacob
1908 2127 2002 2182 Ju-

406 2222 653 2277 dseorum
700 2219 954 2291 populus,
1004 2233 1106 2289 per
1148 2219 1324 2274 Israel
1367 2215 1688 2290 intelligitur
1732 2216 1997 2289 gentium,

406 2309 870 2367 considerandum
899 2314 982 2363 est
1027 2306 1261 2362 diversis
1306 2305 1505 2372 causis,
1560 2320 1722 2377 quam
1774 2303 2001 2376 propria

405 2399 577 2454 verba
604 2396 811 2452 tributa
841 2403 990 2451 sunt.
1031 2395 1120 2449 Ait
1148 2394 1293 2450 enim
1325 2410 1338 2449 :
1372 2394 1699 2450 Exsultabit
1727 2394 1911 2460 Iacob,
1943 2391 1999 2447 id

404 2495 486 2543 est
530 2485 884 2542 inenarrabili
905 2484 1108 2558 gaudio
1127 2483 1504 2552 cumulabitur,
1530 2482 1751 2554 quando
1799 2480 1998 2537 viderit

401 2576 547 2649 quod
578 2574 963 2630 ardentissima
989 2572 1342 2629 desiderabat
1388 2588 1486 2643 spe
1519 2590 1533 2638 ;
1584 2571 1872 2628 laetabitur
1908 2571 1995 2626 Is-

398 2664 541 2734 rael,
576 2663 670 2736 qui
697 2678 809 2720 non
836 2670 1111 2735 speratam
1142 2660 1381 2732 suscepit
1409 2659 1757 2718 medicinam.

897 2867 972 2925 IN
999 2865 1330 2924 PSALMUM
1367 2865 1517 2923 XIV.

470 3023 639 3081 Vens.
664 3026 715 3078 1.
739 3052 809 3063 -
828 3021 1081 3090 Domine,
1106 3022 1231 3092 quis
1260 3017 1533 3074 habitabit
1562 3017 1646 3083 in,
1680 3022 1784 3071 etc.
1806 3013 1993 3083 Quan-

407 3128 568 3187 quam
600 3111 897 3183 aliquando
929 3080 1165 3181 ponatur
1187 3080 1642 3172 tabernaculum,
1686 3080 1850 3160 etiam
1891 3118 1994 3175 pro
2013 3080 2062 3144 Ο

396 3201 735 3259 habitatione
757 3199 1109 3271 sempiterna,
1143 3205 1325 3251 tamen
1364 3211 1489 3252 cum
1517 3193 1739 3266 proprio
1788 3191 1996 3263 accipi-

402 3301 510 3360 tur,
548 3290 977 3346 tabernaculum
1007 3285 1135 3342 belli
1172 3301 1263 3341 res
1310 3293 1412 3340 est.
1460 3285 1546 3339 Ad
1591 3291 1804 3354 tempus
1850 3280 1997 3337 enim

390 3396 514 3436 cum
544 3378 763 3434 diabolo
792 3376 1134 3446 dimicamus,
1171 3383 1224 3431 et
1252 3383 1381 3429 tunc
1427 3388 1566 3444 opus
1614 3380 1697 3427 est
1733 3371 1995 3427 taberna-

387 3468 532 3537 culo,
564 3482 673 3539 quo
694 3482 796 3522 nos
823 3462 1155 3531 reﬁciamus,
1187 3462 1334 3534 quod
1374 3460 1651 3535 signiﬁcat
1679 3459 1915 3514 maxime
1935 3456 1997 3513 ﬁ-

389 3558 512 3613 dem
545 3554 862 3627 temporalis
891 3551 1338 3624 dispensationis,
1370 3567 1493 3623 quse
1521 3565 1623 3622 pro
1664 3548 1826 3604 nobis
1869 3554 1994 3604 acta

391 3654 475 3703 est
503 3643 877 3717 temporaliter
919 3659 1022 3715 per
1066 3640 1500 3697 incarnationem
1550 3637 1789 3695 Domini.
1844 3637 1994 3693 Mons

393 3751 526 3793 vero
548 3741 768 3791 sanctus
784 3734 962 3805 ipsam
990 3738 1252 3787 aeternam
1278 3728 1673 3785 habitationem
1695 3724 1990 3801 signiﬁcat.

397 3824 507 3880 Sed
569 3823 784 3878 intuere
869 3836 1031 3893 quam
1094 3818 1325 3890 pulchre
1380 3833 1484 3888 per
1540 3816 1724 3872 varios
1798 3829 1995 3870 sensus

392 3920 519 3983 apta
546 3910 718 3967 verba
744 3908 1147 3979 distinguantur
1177 3924 1191 3961 :
1226 3909 1291 3962 In
1340 3906 1724 3972 tabernaculo,
1773 3902 1993 3971 dicitur,

395 4001 521 4072 quis
537 3998 810 4054 habitabit
826 3996 935 4068 ﬁde
955 3996 1049 4051 illo
1064 3995 1157 4067 qui
1168 3995 1345 4050 adhuc
1356 3994 1412 4048 in
1438 3994 1597 4062 hujus
1624 3991 1806 4048 saeculi
1819 4005 1999 4064 agone

403 4085 719 4152 contendit;
750 4087 815 4141 in
836 4087 1047 4151 monte,
1085 4085 1209 4157 quis
1238 4083 1549 4155 requiescet
1573 4085 1596 4137 ?
1626 4081 1840 4152 quando
1876 4081 1993 4151 jam

390 4173 768 4248 unusquisque
824 4171 1067 4228 ﬁdelium
1125 4188 1228 4243 per
1306 4170 1528 4226 labores
1591 4169 1751 4239 hujus
1805 4168 1993 4227 saeculi

388 4273 611 4325 aeternae
638 4262 792 4337 pacis
822 4260 1116 4318 securitate
1145 4258 1403 4316 reﬁcitur.

462 4373 634 4429 Vnus.
678 4374 732 4441 2,
775 4372 828 4425 3.
876 4399 946 4409 —
991 4368 1096 4435 Qui
1140 4366 1463 4439 ingreditur
1495 4367 1619 4421 sine
1662 4365 1891 4421 macula
1938 4368 1995 4421 et

395 4466 664 4539 aperatur
670 4440 987 4533 justitiam.
1012 4457 1117 4525 Qui
1143 4457 1410 4539 loquitur,
1440 4462 1544 4510 etc.
1568 4453 1829 4509 Nonnulli
1850 4440 2062 4510 enimD

409 4537 465 4608 in
494 4550 656 4606 labiis
684 4549 889 4604 habent
927 4547 1247 4613 veritatem,
1287 4537 1548 4601 in'corde
1594 4559 1704 4599 non
1750 4543 1955 4599 habent
1986 4570 2002 4618 ς

398 4650 663 4712 tanquam
690 4638 736 4692 si
765 4636 963 4709 aliquis
1001 4636 1192 4692 dolose
1212 4634 1450 4690 ostendit
1498 4632 1663 4702 viam,
1711 4632 1891 4689 sciens
1939 4631 1995 4686 in

407 4744 472 4787 ea
500 4743 623 4786 esse
656 4726 918 4792 latrones,
952 4732 1005 4781 et
1036 4724 1181 4781 dicat
1210 4741 1221 4779 :
1257 4723 1314 4779 Si
1344 4723 1445 4778 hac
1498 4722 1647 4790 ieris,
1681 4728 1824 4779 tutus
1853 4736 1888 4775 a
1914 4720 2002 4775 la-

406 4818 659 4875 tronibus
691 4816 818 4885 eris,
855 4823 908 4871 et
937 4814 1218 4886 contingat
1235 4820 1292 4869 ut
1319 4828 1448 4868 vere
1470 4811 1545 4866 ibi
1573 4827 1683 4867 non
1711 4809 2003 4865 invenian-

406 4915 512 4963 tur.
546 4908 746 4963 Verum
775 4905 867 4959 ille
899 4906 1118 4961 locutus
1147 4907 1231 4959 est
1262 4904 1325 4958 in
1344 4902 1505 4959 corde
1527 4916 1645 4967 suo,
1680 4898 1828 4955 aliud
1857 4898 2004 4955 enim

412 4983 653 5066 putabat,
684 5002 739 5049 et
765 4992 1019 5049 nesciens
1049 5008 1242 5049 verum
1287 4990 1439 5045 dixit.
1480 4991 1632 5063 Ergo
1675 5004 1874 5060 parum
1920 4996 2004 5047 est

414 5096 605 5138 verum
629 5081 800 5153 loqui,
831 5082 938 5137 nisi
967 5081 1131 5137 etiam
1159 5082 1223 5137 in
1245 5080 1410 5136 corde
1439 5080 1513 5134 ita
1551 5078 1638 5134 sit.
1689 5080 1756 5134 In
1806 5078 2003 5150 lingua

410 5182 544 5227 vero
581 5168 761 5241 agitur
784 5169 964 5236 dolus,
1012 5182 1136 5226 cum
1177 5168 1324 5224 aliud
1369 5183 1463 5224 ore
1500 5166 1797 5240 profertur,
1853 5164 2002 5223 aliud

405 5265 631 5333 pectore
658 5256 878 5329 legitur.

475 5365 585 5424 Nec
604 5364 746 5437 fecit
770 5364 1027 5436 proximo
1078 5380 1178 5421 suo
1219 5364 1458 5434 malum,
1500 5369 1604 5420 etc.
1664 5362 2000 5419 Proximum

404 5471 623 5513 omnem
652 5452 930 5533 hominem
956 5451 1131 5523 accipi
1162 5461 1420 5523 oportere
1440 5460 1626 5507 notum
1651 5458 1733 5506 est
1764 5469 1778 5507 :
1809 5451 2002 5507 adver-

404 5562 497 5601 sus
528 5560 687 5618 quem
718 5540 1076 5616 opprobrium
1106 5557 1222 5597 non
1243 5543 1471 5613 accipit,
1504 5539 1597 5613 qui
1625 5556 1736 5597 non
1770 5540 2001 5597 libenter

405 5648 471 5692 ac
498 5642 704 5691 temere
725 5631 898 5691 credit
925 5629 1287 5689 criminatori.

2106 1793 2294 1842 suum,
2329 1792 2451 1847 quae
2481 1784 2606 1830 sunt
2624 1775 3012 1847 perfectorum,
3047 1776 3104 1830 in
3131 1785 3429 1847 conspectu
3474 1792 3714 1850 quorum

2105 1864 2177 1920 ad
2206 1864 2431 1920 nihilum
2456 1865 2721 1922 deductus
2751 1874 2834 1922 est
2862 1865 3156 1939 malignus.
3188 1866 3394 1923 Tamen
3423 1866 3590 1923 etiam
3607 1866 3715 1922 ista

2104 1954 2320 2010 minora
2347 1953 2419 2009 ita
2447 1954 2741 2011 concludit.

2173 2044 2347 2099 Vnus:
2383 2047 2435 2100 5.
2495 2074 2565 2085 -
2600 2045 2708 2114 Qui
2737 2045 2885 2117 facit
2922 2044 3059 2111 hac,
3099 2060 3218 2102 non
3261 2045 3586 2102 movebitur
3632 2045 3702 2101 in

2102 2136 2402 2190 (etei-num.

2601 2285 2676 2339 IN
2712 2284 3041 2343 PSALMUM
3076 2286 3199 2342 XV.

2170 2423 2286 2481 Rex
2305 2432 2493 2481 noster
2516 2425 2572 2480 in
2599 2425 2705 2482 hoc
2734 2425 2948 2497 psalmo
2978 2425 3220 2499 loquitur
3241 2441 3308 2482 ex
3327 2440 3567 2499 persona
3588 2441 3713 2481 sus-

2097 2513 2360 2583 ceptionis
2390 2515 2661 2579 humanae,
2706 2514 2775 2570 de
2822 2530 2932 2586 quo
2967 2515 3150 2570 titulus
3197 2515 3402 2589 regalis
3456 2523 3715 2586 tempore

2094 2602 2369 2673 passionis
2396 2602 2690 2674 inscriptus
2721 2603 2938 2659 emicuit
2973 2621 2986 2658 :
3030 2606 3190 2660 Iesus
3234 2605 3570 2660 Nazarenus
3600 2620 3713 2660 rex

2094 2691 2437 2747 Iudworum.
2472 2692 2581 2747 Sed
2611 2691 2714 2763 ipsi
2744 2690 2798 2747 in
2829 2693 2936 2748 hoc
2964 2692 3087 2749 loco
3116 2693 3389 2750 veraciter
3414 2693 3595 2749 Judaei
3615 2692 3712 2748 in—

2097 2779 2435 2853 telliguntur,
2469 2780 2562 2852 qui
2592 2778 2762 2836 ﬁdem
2785 2781 2980 2836 Christi
3009 2781 3177 2838 corde
3218 2782 3453 2838 retinent
3483 2782 3557 2837 ad
3576 2781 3712 2852 jus-

2097 2867 2248 2936 tiam,
2279 2875 2334 2925 et
2363 2885 2456 2925 ore
2485 2867 2810 2925 conﬁtentur
2829 2870 2884 2924 in
2915 2870 3164 2925 salutem.

2163 2958 2333 3013 Vnus.
2370 2962 2419 3025 l,
2454 2962 2507 3016 2.
2550 2988 2622 2999 —
2664 2959 2941 3015 Conserva
2988 2975 3099 3026 me,
3130 2960 3388 3025 Domine,
3419 2960 3704 3031 quoniam

2089 3047 2311 3119 speravi
2338 3048 2403 3102 in
2459 3050 2533 3103 te.
2576 3047 2715 3103 Dixi
2755 3049 2987 3104 Domino
3018 3067 3038 3104 :
3081 3050 3228 3104 Deus
3261 3064 3422 3104 meus
3482 3064 3543 3104 es
3604 3052 3695 3118 tu,

2096 3136 2362 3207 quoniam
2392 3136 2661 3191 bonorum
2690 3152 2946 3192 meorum
2972 3152 3089 3192 non
3118 3152 3260 3210 eges.
3292 3135 3569 3205 Quoniam
3602 3136 3704 3193 bo-

2094 3225 2187 3280 nis
2206 3226 2347 3280 meis
2376 3240 2487 3280 non
2518 3232 2773 3296 expectas
2804 3232 2860 3279 tu
2879 3222 3001 3280 ﬁeri
3027 3225 3238 3281 beatus.
3271 3224 3407 3293 Quae
3433 3225 3630 3292 verba,
3652 3225 3702 3280 si

2095 3329 2161 3368 ex
2188 3328 2420 3384 persona
2447 3311 2665 3368 Domini
2694 3312 3013 3384 accipienda
3040 3322 3182 3381 sunt,
3215 3313 3520 3369 notandum
3540 3312 3709 3369 valde

2098 3417 2259 3473 quam
2297 3401 2579 3472 aptissime
2620 3409 2926 3473 congruant
2964 3401 3137 3468 titulo,
3183 3401 3277 3474 qui
3313 3402 3371 3456 in
3422 3402 3706 3458 Hebraico

2094 3489 2170 3544 ita
2198 3488 2437 3563 legitur:
2463 3491 2697 3546 humilis
2725 3494 2783 3546 et
2810 3491 3086 3563 simplicis
3121 3491 3240 3557 Dei,
3273 3490 3421 3545 illius
3446 3490 3711 3546 videlicet

2095 3578 2188 3650 qui
2218 3577 2350 3633 dixit
2384 3594 2397 3634 :
2428 3579 2637 3637 Discite
2671 3595 2827 3646 ame,
2862 3581 2994 3653 quia
3022 3579 3181 3635 mitis
3201 3596 3348 3649 sum,
3378 3583 3438 3635 et
3466 3579 3707 3635 humilis

2093 3667 2277 3725 corde.
2317 3666 2877 3741 Animadvertendum
2930 3684 3165 3740 quoque,
3217 3667 3365 3739 quod
3409 3668 3566 3723 solus
3609 3667 3705 3723 ille

2094 3756 2364 3813 veraciter
2391 3758 2663 3813 Dominus
2697 3757 2783 3827 sit,
2816 3756 2928 3830 qui,
2963 3757 3261 3812 secundum
3293 3757 3439 3828 quod
3466 3756 3560 3812 hic
3604 3771 3707 3812 ex-

2096 3844 2486 3902 cellentissime
2555 3844 2807 3901 deﬁnitur
2830 3888 2844 3913 ,
2926 3845 3072 3902 bono
3141 3844 3287 3901 servi
3354 3860 3468 3901 non
3553 3852 3701 3917 eget.

2095 3934 2219 3990 Non
2248 3933 2395 3989 enim
2423 3934 2560 4005 Deo,
2588 3934 2688 3991 sed
2716 3933 2878 3990 nobis
2915 3941 3255 4006 praestamus,
3293 3933 3340 3988 si
3379 3933 3524 3990 bene
3570 3933 3699 4008 agi-

2093 4039 2240 4078 mus.

2166 4112 2337 4167 Vens.
2371 4114 2424 4167 3.
2457 4112 2772 4168 —Sanctis
2819 4114 2917 4185 qui
2961 4117 3099 4168 sunt
3128 4114 3194 4168 in
3222 4116 3379 4168 terra
3410 4115 3560 4184 ejus,
3594 4118 3699 4169 etc.

2054 4240 2071 4255 ς
2095 4200 2310 4256 Sanctis
2340 4200 2433 4271 qui
2460 4200 2516 4255 in
2559 4208 2708 4256 terra
2736 4200 3038 4257 viventium
3088 4217 3242 4272 spem
3286 4216 3441 4255 suam
3488 4216 3696 4272 posue-

2094 4296 2239 4358 runt,
2269 4289 2479 4345 civibus
2509 4289 2849 4346 Hierusalem
2880 4288 3141 4359 caelestis,
3171 4305 3402 4362 quorum
3458 4305 3699 4346 conver-

2094 4378 2230 4433 satio
2261 4377 2565 4449 spiritualis
2591 4395 2693 4451 per
2718 4379 3016 4436 anchoram
3046 4379 3165 4450 spei
3192 4378 3249 4433 in
3292 4378 3389 4433 illa
3435 4379 3620 4451 patria
3649 4376 3703 4433 ﬁ-

2100 4467 2266 4540 gitur,
2314 4484 2435 4539 quaa
2485 4476 2632 4523 recte
2675 4470 2776 4524 Dei
2843 4473 3000 4524 terra
3055 4467 3382 4536 nominatur,
3446 4467 3703 4539 quamvis

2102 4557 2280 4613 adhuc
2307 4556 2363 4611 in
2386 4558 2471 4613 his
2498 4556 2660 4613 terris
2691 4572 2857 4613 carne
2885 4566 3190 4623 versentur,
3220 4557 3400 4612 miras
3428 4558 3578 4628 fecit
3602 4558 3704 4612 Pa-

2102 4654 2186 4702 ter
2213 4648 2536 4704 voluntates
2565 4662 2720 4702 meas
2748 4646 2804 4700 in
2830 4645 3075 4718 profectu
3102 4644 3339 4713 illorum,
3373 4661 3483 4718 quo
3505 4661 3703 4701 sense-

2102 4743 2225 4791 runt
2252 4734 2381 4807 quid
2409 4733 2492 4791 eis
2509 4734 2768 4806 profuerit
2797 4743 2849 4790 et
2881 4734 3184 4789 humanitas
3220 4749 3360 4790 mea
3400 4733 3703 4790 divinitatis

2100 4831 2157 4878 ut
2201 4839 2459 4892 morerer,
2498 4831 2553 4880 et
2597 4823 2850 4879 divinitas
2916 4821 3271 4879 humanitatis
3316 4829 3376 4877 ut
3437 4838 3705 4896 resurge-

2101 4929 2240 4969 rem.

2172 5004 2344 5059 Vens.
2376 5003 2429 5058 4.
2463 5031 2533 5043 -
2574 5000 2968 5074 Multiplicatce
3003 5004 3145 5057 sunt
3177 4999 3557 5070 inﬁrmitates
3613 5014 3704 5057 eo-

2100 5109 2251 5162 rum,
2283 5098 2386 5148 etc.
2421 5091 2518 5146 Hae
2545 5090 2914 5160 inﬁrmitates
2957 5105 3176 5146 errores
3221 5096 3364 5156 sunt,
3411 5105 3552 5162 quas
3604 5104 3707 5161 per

2098 5179 2497 5254 Evangelicam
2525 5178 2830 5235 doctrinam
2850 5177 3050 5234 multas
3077 5179 3133 5233 in
3163 5195 3223 5234 se
3254 5194 3378 5233 esse
3408 5186 3704 5236 cernentes

2098 5271 2493 5327 acceleverunt
2536 5268 2766 5324 salutem
2792 5276 3046 5339 expetere
3073 5283 3107 5324 a
3137 5267 3374 5323 Christo.

2168 5358 2292 5417 Non
2318 5359 2656 5431 congregabo
2694 5358 3090 5415 conventicula
3131 5373 3326 5413 eorum
3353 5354 3423 5413 de
3464 5357 3709 5430 sangui-

2096 5449 2282 5516 nibus,
2316 5456 2420 5504 etc.
2442 5449 2617 5504 Erunt
2646 5462 2777 5518 ergo
2807 5444 3185 5503 conventicula
3220 5460 3415 5501 eorum
3445 5461 3561 5502 non
3589 5460 3709 5503 car-

2097 5537 2261 5606 nalia,
2326 5552 2428 5592 nec
2484 5536 2551 5592 de
2619 5535 2991 5608 sanguinibus
3056 5550 3316 5606 pecorum
3372 5534 3709 5606 propitiatus

2098 5625 2452 5700 congregabo
2480 5640 2597 5694 eos,
2631 5625 2731 5682 sed
2757 5623 3021 5697 spirituali
3050 5623 3352 5681 mutatione
3379 5623 3711 5685 oblivisceno
