4002 6184
415 229 519 282 ’783

861 223 1266 281 WALAFRIDI
1302 223 1546 279 STRABI
1587 222 1783 279 FULD.
1827 221 1996 278 MON.
2038 221 2191 279 OPP;
2232 221 2407 279 PARS
2444 222 2488 277 Ι.
2527 253 2597 264 -
2633 221 3106 280 THEOLOGICA.

3612 226 3722 280 ’784

493 350 667 407 Vens.
692 348 1202 421 lO.—Quiadipem
1217 364 1386 403 suum
1400 348 1823 405 concluserunt.
1840 347 1899 402 Id
1919 347 2097 415 est,A
2125 346 2231 401 nisi
2273 345 2421 419 quod
2463 346 2656 402 beatus
2701 347 2941 403 Joannes
2988 346 3284 419 Apostolus
3325 347 3404 403 ait
3448 348 3723 405 :Scimus

417 438 600 495 laetitia
630 453 730 493 sua
774 436 963 510 pingui
1005 436 1245 507 cooperti
1285 442 1428 501 sunt,
1475 442 1835 507 posteaquam
1863 435 2016 507 cupi-

418 528 558 584 ditas
587 542 776 583 eorum
801 526 871 581 de
899 524 1109 581 scelere
1138 524 1333 579 satiata
1371 530 1473 579 est.
1505 525 1575 579 Et
1623 531 1914 595 propterea
1955 541 2014 581 os

417 632 613 673 eorum
639 616 889 673 locutum
912 616 1000 670 est
1019 614 1340 685 superbiam
1357 632 1376 669 :
1393 613 1512 669 Non
1540 613 1804 669 habemus
1829 628 2015 686 regem

414 706 531 761 nisi
557 705 866 769 Ctesarem;
893 709 964 771 et,
998 703 1095 775 qui
1115 701 1364 759 destruis
1393 703 1691 775 templum,
1719 708 1775 758 et
1816 709 2013 759 caetera

412 794 557 849 talia.

485 899 653 955 Vens.
676 900 735 952 11
749 938 763 953 .
775 926 845 937 -
856 898 963 953 Pro
958 896 1225 970 jicientes
1240 912 1332 952 me
1346 912 1501 953 nunc
1518 895 2016 953 circumdederunt

405 1002 513 1053 me,
548 994 653 1042 etc.
685 987 1056 1059 Projicientes
1085 1001 1174 1040 me
1203 993 1355 1040 extra
1388 984 1679 1051 civitatem,
1711 1000 1857 1041 nunc
1907 986 2013 1041 cir-

406 1075 819 1133 cumdederunt
840 1090 930 1130 me
959 1074 1015 1129 in
1045 1089 1230 1141 cruce,
1259 1081 1313 1130 et
1328 1073 1682 1130 intentionem
1711 1073 1895 1130 cordis
1925 1072 2010 1129 sui

407 1167 739 1221 statuerunt
750 1163 1036 1220 declinare
1049 1163 1106 1217 in
1115 1162 1221 1219 ista
1235 1171 1474 1228 terrena,
1489 1170 1741 1234 putantes
1750 1178 2009 1236 magnum

407 1252 616 1309 malum
644 1251 859 1324 perpeti
885 1267 1011 1308 eum
1041 1251 1135 1325 qui
1156 1251 1521 1308 occidebatur.

474 1350 646 1406 Vens.
677 1352 763 1406 12.
795 1379 868 1389 -
889 1349 1271 1423 Susceperunt
1292 1365 1382 1405 me
1405 1350 1555 1406 sicut
1581 1349 1665 1406 leo
1676 1352 1919 1423 paratus
1936 1347 2008 1405 ad

402 1438 678 1513 praedam,
705 1434 1204 1512 etc.Suscepe'runt
1233 1453 1339 1504 me,
1374 1437 1515 1494 sicut
1542 1437 1633 1493 ille
1657 1422 2006 1493 adversarius

402 1526 675 1585 circuiens
706 1541 958 1598 quaerens
1002 1542 1164 1599 quem
1203 1526 1449 1596 devoret,
1486 1533 1539 1583 et
1586 1528 1737 1583 sicut
1778 1527 2006 1583 catulus

402 1618 545 1690 ejus,
572 1615 807 1687 populus
837 1614 1066 1682 scilicet,
1112 1615 1198 1671 cui
1217 1615 1422 1672 dictum
1449 1622 1533 1671 est
1565 1631 1578 1670 :
1618 1616 1711 1673 Vos
1735 1631 1811 1671 ea:
1838 1618 2005 1688 patre

2115 438 2265 510 quia,
2298 452 2429 492 cum
2456 438 2808 509 apparuerit,
2841 437 3056 495 similes
3088 438 3143 493 ei
3171 439 3386 494 erimus
3406 455 3426 493 :
3445 440 3724 510 quoniam

2112 524 2422 583 videbimus
2442 539 2575 582 eum
2593 526 2769 583 sicuti
2787 529 2894 583 est.

2588 721 2663 777 IN
2698 720 3032 778 PSALMUM
3058 702 3232 777 xvn.

2182 889 2318 960 Quae
2344 898 2427 947 est
2454 890 2561 947 ista
2588 891 2726 962 dies,
2758 889 2815 946 in
2845 904 2955 964 qua
2983 904 3183 962 corpus
3211 888 3411 946 Christi
3437 888 3507 946 de
3534 904 3726 946 manu

2108 982 2367 1037 omnium
2405 980 2775 1038 inimicorum
2817 995 3044 1037 suorum
3073 977 3418 1050 eripiendum
3449 993 3511 1035 se
3541 976 3721 1043 novit,

2108 1066 2213 1123 nisi
2256 1068 2350 1125 illa
2391 1069 2546 1139 cujus
2588 1068 2821 1142 gloriam
2865 1068 2921 1123 in
2968 1066 3077 1124 ﬁne
3119 1066 3481 1140 praecedentis
3519 1063 3727 1138 psalmi

2110 1156 2391 1214 evidenter
2419 1157 2686 1229 expressit
2712 1157 2904 1214 dicens
2936 1174 2951 1212 :
2990 1156 3285 1230 Implebor,
3324 1172 3458 1212 cum
3485 1156 3725 1227 evigila-

2107 1262 2254 1313 vero,
2286 1246 2666 1303 similitudine
2697 1250 2818 1303 tua.
2860 1245 2999 1301 Cum
3027 1244 3176 1301 enim
3218 1242 3468 1301 Ecclesia
3510 1242 3725 1299 Christi

2106 1333 2164 1390 in
2192 1334 2560 1409 evigilatione,
2591 1333 2648 1391 id
2677 1342 2758 1391 est
2792 1333 3226 1404 resurrectione,
3280 1332 3506 1405 impleta
3548 1331 3723 1388 fuerit

2112 1423 2463 1480 similitudine
2480 1422 2600 1495 Dei,
2623 1431 2752 1481 tunc
2780 1439 2891 1479 non
2911 1422 3091 1481 solum
3107 1422 3177 1478 de
3192 1437 3358 1478 manu
3384 1429 3747 1479 ceterorum.

2105 1511 2454 1569 inimicorum
2486 1520 2728 1584 ereptam
2749 1528 2809 1567 se
2830 1510 3214 1587 gratulabitur,
3248 1511 3348 1566 sed
3378 1517 3431 1566 et
3447 1510 3518 1566 de
3547 1525 3725 1565 manu

2107 1600 2257 1672 Saul,
2288 1618 2389 1673 per
2409 1618 2572 1674 quem
2597 1599 2935 1676 signiﬁcatur
2959 1616 3131 1668 mors,
3162 1599 3250 1657 cui
3270 1600 3327 1655 in
3342 1598 3724 1656 resurrectio-

403 1688 617 1762 diabolo
646 1706 803 1771 estis,
835 1704 1085 1776 cogitans
1110 1703 1180 1760 de
1197 1704 1428 1772 insidiis,
1453 1703 1652 1777 quibus
1669 1704 1879 1776 justum
1908 1703 2003 1761 cir-

2114 1705 2174 1746 [ιθ
2201 1689 2537 1746 insultabunt
2566 1688 2740 1747 sancti
2771 1690 3053 1747 dicentes:
3117 1690 3212 1749 Ubi
3238 1692 3345 1759 est,
3402 1704 3578 1754 mors,
3607 1690 3727 1745 vic-

407 1794 741 1850 cumveniret
771 1800 824 1849 et
841 1793 1112 1865 perderet.

476 1928 648 1985 Vnus.
678 1930 767 1984 13.
799 1959 869 1969 -
899 1930 1173 1999 Exsurge,
1199 1926 1452 1997 Domine,
1476 1927 1726 2000 praeveni
1779 1942 1909 1983 eum
1954 1930 2010 1983 et

405 2019 720 2092 supplanta
749 2033 897 2083 eum,
933 2024 1037 2072 etc.
1073 2019 1345 2088 Exsurge,
1375 2016 1545 2082 Deus,
1581 2031 1743 2087 quem
1774 2014 2010 2072 dormire

402 2105 639 2163 inﬁdelis
666 2105 903 2176 populus
928 2104 1243 2170 arbitratur,
1276 2110 1329 2160 et
1358 2103 1669 2176 iniquitates
1726 2103 2007 2159 hominum

402 2204 514 2246 non
560 2204 774 2256 curare,
824 2195 1119 2260 antequam
1158 2195 1483 2244 exerceatur
1530 2185 1742 2242 malitia
1787 2203 1906 2255 sua,
1949 2194 2009 2242 ut

403 2278 608 2335 factum
637 2277 754 2346 ejus
774 2276 1009 2333 vindicta
1024 2275 1398 2348 praeveniat,et
1420 2275 1496 2330 ita
1514 2276 1823 2349 supplanta
1850 2293 2001 2332 eum.

413 2369 557 2423 Erue
612 2373 793 2421 autem
841 2367 1099 2421 animam
1153 2380 1357 2433 meam,
1429 2364 1809 2420 resuscitando
1856 2380 1943 2419 me
1971 2380 2003 2418 a

409 2462 602 2522 morte,
634 2470 756 2527 quae
784 2453 916 2508 mihi
945 2453 1014 2508 ab
1044 2453 1226 2524 impiis
1256 2453 1491 2526 irrogata
1539 2460 1642 2508 est.
1687 2452 1882 2507 Anima
1907 2469 2003 2507 au-

342 2610 345 2615 ί
405 2552 518 2600 tem
545 2559 668 2598 mea
694 2546 919 2615 framea
943 2549 1034 2596 tua
1063 2550 1164 2613 est,
1189 2557 1348 2613 quam
1366 2541 1658 2613 assumpsit
1678 2557 1872 2596 manus
1888 2548 1998 2610 tua,

400 2632 456 2688 id
485 2639 568 2688 est
595 2639 802 2687 aeterna
828 2630 1000 2686 virtus
1024 2637 1133 2697 tua,
1164 2637 1223 2684 ut
1250 2646 1349 2701 per
1378 2629 1554 2700 ipsam
1575 2646 1745 2703 regna
1765 2629 2002 2685 debellet

400 2720 718 2793 iniquitatis,
762 2727 815 2775 et
860 2718 1065 2775 dividat
1096 2719 1272 2788 justos
1319 2718 1390 2774 ab
1434 2718 1639 2790 impiis.
1684 2718 1837 2776 Hanc
1863 2733 2001 2793 ergo

399 2825 531 2866 erue
558 2809 628 2864 ab
656 2807 891 2864 inimicis
914 2807 1076 2862 meis.

469 2916 641 2973 Vnus.
675 2917 741 2970 14
766 2945 838 2955 -
856 2915 1111 2979 Domine,
1135 2930 1171 2969 a
1180 2914 1381 2978 paucis
1406 2913 1472 2968 de
1498 2916 1654 2970 terra
1677 2912 1860 2970 divide
1884 2928 1995 2981 eos,

399 3014 504 3063 etc.
536 3004 714 3061 Pauci
742 3010 867 3059 sunt
898 3001 1025 3059 boni
1054 3002 1124 3057 ad
1166 3001 1636 3073 comparationem
1682 3001 1954 3057 malorum
1981 3020 1996 3069 ;

402 3061 501 3150 sed
529 3093 695 3149 divisi
723 3091 895 3148 Judaei
925 3107 1025 3162 per
1052 3090 1245 3146 orbem
1286 3061 1411 3145 sunt
1448 3108 1483 3146 a
1525 3091 1745 3163 paucis,
1791 3089 1885 3162 qui
1930 3061 1997 3146 ea
2029 3061 2080 3126 α

397 3182 477 3239 eis
506 3180 872 3247 crediderunt,
905 3180 974 3236 de
1002 3178 1269 3247 Ecclesia,
1313 3195 1436 3251 quae
1481 3183 1636 3235 terra
1677 3178 1993 3248 viventium,

399 3269 639 3342 separati
667 3271 732 3325 in
755 3270 873 3325 vita
902 3269 1168 3340 ipsorum,
1201 3268 1257 3323 id
1280 3275 1382 3335 est,
1416 3267 1472 3322 in
1492 3266 1613 3335 ista,
1642 3282 1807 3339 quam
1824 3268 1997 3323 solam

397 3375 550 3416 suam
573 3357 738 3415 vitam
767 3364 977 3429 putant,
1008 3357 1133 3430 quia
1147 3364 1406 3413 aeternam
1422 3356 1731 3428 desperant.
1762 3357 1887 3413 Non
1908 3372 1998 3413 so-

390 3447 502 3503 lum
531 3455 712 3503 autem
739 3446 839 3502 ista
868 3462 1034 3519 paena
1066 3461 1162 3502 eos
1186 3453 1478 3502 consecuta
1509 3453 1591 3502 est
1617 3445 1864 3516 visibilis,
1899 3446 1998 3502 sed

391 3537 557 3594 etiam
585 3536 653 3592 de
668 3536 928 3608 peccatis,
961 3551 1084 3608 quae
1099 3542 1359 3607 tanquam
1378 3535 1623 3591 tenebrae
1649 3534 1999 3592 abscondun-

395 3631 491 3683 tur
514 3625 773 3681 alumine
801 3624 1040 3682 veritatis
1094 3623 1212 3691 Dei,
1255 3624 1568 3697 adimpleta
1608 3630 1693 3680 est
1733 3623 1999 3680 memoria

390 3730 599 3785 eorum,
631 3722 689 3770 ut
716 3713 1170 3770 obliviscerentur
1194 3714 1389 3768 Deum.

462 3805 722 3862 Saturati
752 3807 891 3859 sunt
914 3803 1077 3873 ﬁliis,
1110 3805 1167 3858 et
1191 3802 1539 3858 dimiserunt
1563 3801 1836 3874 reliquias
1863 3817 1997 3859 suas

386 3895 642 3967 parvulis
671 3894 826 3960 suis;
856 3893 962 3947 hoc
992 3897 1096 3957 est,
1143 3890 1412 3945 malorum
1455 3906 1686 3965 operum
1733 3889 1999 3946 fructibus

392 3989 521 4036 sunt
552 3979 766 4051 repleti,
798 3987 852 4034 et
880 3985 1103 4050 peccata
1137 3976 1472 4034 inﬁdelitatis
1509 3994 1624 4034 suae
1669 3977 1835 4034 etiam
1881 3978 1999 4035 suis

393 4069 627 4143 posteris
656 4068 1018 4139 reliquerunt.

450 4184 624 4242 Vens.
645 4185 917 4255 l5.—-Eg0
934 4184 1128 4238 autem
1147 4182 1211 4236 in
1210 4180 1449 4252 justitia
1474 4183 1575 4235 tua
1593 4179 1997 4253 apparebo,etc.

398 4274 519 4348 Ego
548 4279 731 4328 autem
762 4271 854 4344 qui
884 4285 994 4326 non
1021 4268 1245 4340 apparui
1273 4267 1353 4323 eis
1383 4266 1475 4339 qui
1501 4268 1665 4324 corde
1707 4267 1930 4324 sordido
1950 4276 2003 4324 et

2109 1779 2255 1836 toria
2276 1783 2396 1846 tua,
2420 1779 2517 1835 ubi
2541 1783 2644 1848 est,
2667 1795 2839 1842 mors.
2863 1780 3097 1836 aculeus
3115 1781 3249 1834 tuus
3269 1778 3298 1832 ?
3327 1776 3459 1833 Saul
3486 1775 3721 1849 quippe,

2106 1866 2200 1939 qui
2227 1866 2620 1939 interpretatur
2642 1868 2879 1942 petitus,
2910 1866 3104 1923 mortis
3120 1865 3531 1921 similitudinem
3546 1865 3720 1938 gerit,

2104 1955 2174 2011 de
2220 1971 2326 2029 qua
2369 1954 2655 2028 Scriptura
2694 1955 2825 2013 dicit
2870 1972 2885 2010 :
2927 1958 3075 2012 Deus
3117 1958 3359 2012 mortem
3399 1971 3519 2012 non
3550 1955 3717 2025 fecit,

2104 2059 2209 2101 nec
2233 2045 2465 2101 latatur
2486 2045 2551 2101 in
2575 2045 2893 2118 perditione
2918 2045 3248 2101 viventium.
3267 2044 3334 2098 Et
3350 2050 3475 2115 post
3488 2057 3669 2114 pauca
3699 2059 3717 2097 :

2105 2133 2272 2206 [mpii
2300 2137 2494 2190 autem
2522 2134 2784 2190 manibus
2812 2137 2871 2190 et
2895 2133 3074 2190 verbis
3108 2132 3499 2189 accersierunt
3521 2131 3715 2188 illam.

2174 2222 2346 2277 VERS.
2369 2225 2426 2280 2.
2449 2254 2519 2263 —
2544 2223 2795 2294 Diligam
2827 2225 2899 2289 te,
2944 2223 3198 2288 Domine,
3238 2219 3520 2293 fortitudo
3560 2235 3715 2286 mea,

2105 2310 2381 2366 Dominus
2412 2310 2844 2380 ﬁrmamentum
2872 2327 3082 2377 meum,
3127 2317 3233 2367 etc.
3284 2307 3552 2381 Loquitur
3593 2308 3722 2365 haec

2104 2398 2353 2455 Christus
2383 2406 2437 2454 et
2465 2399 2732 2470 Ecclesia,
2768 2399 2824 2454 id
2853 2406 2937 2455 est
2965 2406 3109 2455 totus
3139 2397 3401 2465 Christus,
3451 2405 3619 2469 caput
3656 2404 3716 2453 et

2102 2502 2322 2558 corpus.
2354 2489 2601 2560 Diligam
2631 2492 2705 2554 te,
2738 2489 2995 2554 Domine,
3047 2503 3149 2558 per
3176 2502 3341 2559 quem
3373 2484 3531 2542 fortis
3564 2501 3712 2553 sum,

2102 2574 2196 2648 qui
2218 2591 2308 2632 me
2334 2575 2581 2645 ﬁrmasti,
2615 2575 2707 2650 qui
2726 2575 2904 2650 refugi
2929 2575 3001 2632 ad
3020 2583 3072 2632 te
3105 2574 3322 2649 :refugi
3350 2582 3558 2644 autem,
3584 2573 3719 2647 quin

2100 2662 2344 2720 liberasti
2372 2681 2481 2720 me.

2174 2753 2416 2809 Vnas.3.
2442 2783 2513 2794 —
2540 2755 2687 2810 Deus
2714 2768 2875 2810 meus
2900 2752 3130 2826 adjutor
3155 2768 3336 2819 meus,
3368 2757 3428 2808 et
3462 2752 3700 2825 sperabo

2098 2840 2164 2898 in
2195 2858 2343 2898 eum.
2374 2840 2479 2911 Qui
2508 2841 2641 2897 mihi
2684 2841 2835 2913 prius
2883 2841 3215 2912 adjutorium
3252 2840 3562 2899 vocationis
3602 2848 3716 2897 tute

2097 2930 2418 3003 praestitisti,
2451 2938 2510 2986 ut
2537 2947 2762 3002 sperare
2791 2930 2849 2986 in
2876 2938 2930 2986 te
2956 2930 3183 3002 possim.
3213 2933 3507 2988 Protector
3523 2945 3712 2996 meus,

2100 3023 2160 3075 et
2181 3036 2360 3077 cornu
2390 3020 2599 3076 salutis
2627 3036 2787 3088 mem,
2820 3024 2879 3076 et
2897 3023 3189 3091 susceptor
3213 3035 3394 3076 meus.
3422 3020 3716 3075 Protector

2096 3122 2269 3174 meus,
2304 3108 2430 3180 quia
2476 3124 2588 3164 non
2634 3107 2705 3164 de
2743 3124 2834 3165 me
2880 3095 3225 3180 praesumpsi,
3278 3108 3438 3181 quasi
3486 3108 3712 3180 erigens

2095 3196 2388 3253 adversum
2444 3203 2498 3253 te
2552 3212 2725 3254 cornu
2772 3198 3066 3269 superbiae,
3110 3196 3209 3253 sed
3243 3197 3483 3269 teipsum
3509 3212 3710 3269 cornu,

2095 3285 2201 3355 hoc
2224 3292 2326 3353 est,
2359 3284 2576 3341 ﬁrmam
2588 3285 2970 3343 celsitudinem
2996 3285 3185 3342 salutis
3211 3284 3434 3344 inveni:
3468 3285 3619 3359 quod
3647 3292 3712 3341 ut

2094 3372 2425 3445 invenirem,
2461 3374 2751 3446 suscepisti
2781 3390 2890 3432 me.

2169 3464 2338 3520 Vens.
2381 3465 2435 3519 4.
2481 3493 2552 3505 -
2591 3464 2859 3520 Laudans
2901 3462 3167 3522 invocabo
3217 3463 3547 3531 Dominum,
3596 3472 3704 3521 etc.

2094 3549 2221 3607 Non
2250 3566 2432 3607 meam
2461 3551 2715 3625 gloriam,
2751 3552 2848 3609 sed
2886 3551 3107 3609 Domini
3156 3568 3408 3626 quaerens
3435 3553 3709 3611 invocabo

2096 3641 2422 3711 Dominum,
2455 3647 2510 3697 et
2537 3656 2650 3697 non
2676 3640 2953 3698 erit‘nnde
2981 3640 3116 3697 mihi
3142 3649 3377 3699 noceant
3405 3640 3708 3714 impietatis

2097 3744 2339 3787 errores.

2167 3818 2341 3876 Vens.
2358 3817 2997 3877 5.—Circumdederunt
3008 3835 3099 3877 me
3114 3812 3577 3886 dolores‘mortis,
3597 3826 3705 3876 etc.

2096 3906 2322 3964 Dolores
2350 3907 2711 3977 mortalitatis,
2744 3907 2851 3964 hoc
2879 3915 2963 3963 est
2981 3906 3180 3977 carnis,
3199 3906 3711 3965 circumdederunt

2096 4011 2207 4065 me,
2239 4002 2294 4050 et
2320 3996 2490 4053 turbae
2518 3997 2716 4069 iniquae
2744 3995 2816 4051 ad
2844 4002 3058 4068 tempus
3086 4003 3373 4052 commotae
3401 3995 3558 4053 velut
3600 3995 3709 4051 ﬂu-

2096 4082 2244 4138 mina
2271 4082 2534 4154 pluvialia
2561 4084 2667 4142 cito
2694 4084 2936 4141 desitura
2986 4091 3239 4159 egerunt,
3286 4092 3347 4139 ut
3394 4084 3701 4155 conturba—

2099 4178 2222 4227 rent
2240 4187 2350 4228 me.

2170 4260 2342 4316 Vnus.
2376 4263 2428 4315 6.
2461 4290 2532 4302 -—-
2561 4261 2786 4319 Dolores
2815 4262 3038 4333 inferni
3064 4259 3574 4318 circumdederunt
3591 4276 3703 4329 me,

398 4361 693 4418 tenebroso
721 4359 902 4416 lucem
945 4356 1223 4429 sapientiae
1264 4356 1453 4411 videre
1492 4371 1603 4411 non
1645 4364 1893 4427 possunt,
1937 4357 2001 4412 in
2033 4421 2079 4429 _
2101 4354 2205 4404 etc.
2229 4348 2292 4403 In
2318 4348 2404 4403 his
2433 4348 2525 4421 qui
2564 4365 2655 4405 me
2709 4348 3209 4416 circumdederunt,
3266 4356 3325 4405 ut
3377 4349 3705 4421 perderent,

388 4451 628 4525 jnstitia
654 4454 757 4506 tua
788 4448 984 4505 videbo
1005 4421 1206 4503 l‘aciem
1239 4452 1404 4511 tuam,
1461 4451 1514 4500 et
1563 4421 1829 4515 satiabor,
1877 4421 2007 4502 cum
2032 4421 2261 4493 Derant
2314 4437 2530 4494 dolores
2582 4437 2911 4503 invidentiae.
2972 4437 3065 4510 qui
3120 4445 3355 4494 mortem
3380 4447 3707 4510 operantur,

400 4541 730 4612 apparuerit
751 4538 932 4610 gloria
958 4540 1078 4603 tua,
1112 4542 1171 4590 ut
1200 4534 1254 4589 hi
1285 4534 1378 4606 qui
1396 4549 1483 4589 me
1513 4533 1843 4606 intelligunt.
1879 4533 2010 4589 Dili-

403 4634 597 4700 genter
622 4641 752 4682 vero
784 4626 1104 4690 notandum,
1138 4631 1193 4679 et
1222 4622 1454 4679 solerter
1482 4630 1566 4678 est
1617 4622 1896 4678 memoriae
1923 4623 2009 4677 in-

404 4715 753 4781 culcandum,
787 4729 953 4787 quam
976 4712 1267 4785 perspicue
1299 4712 1477 4785 gloria
1504 4711 1920 4767 resurrectionis
1948 4709 2007 4767 ﬁ-

403 4804 608 4861 delium
647 4804 802 4874 juxta
848 4803 1141 4859 editionem
1188 4800 1511 4857 Hebraicam
1554 4799 1640 4855 his
1691 4800 2004 4857 novissimis

404 4893 690 4950 versiculis
719 4892 1051 4956 declaretur,
1085 4889 1283 4962 quibus
1313 4888 1510 4945 dicitur
1541 4889 1683 4960 :Ego
1699 4889 1763 4944 in
1766 4891 2006 4962 justitia

405 4982 592 5038 videbo
610 4983 821 5054 faciem
840 4986 1023 5050 tuam;
1036 4980 1153 5052 imp
1162 4979 1326 5046 lebor,
1340 4995 1471 5035 cum
1486 4977 2003 5050 evigilavero,simi-

409 5069 652 5125 litudine
685 5074 804 5125 tua.
831 5070 974 5125 Nam
1003 5085 1127 5125 cum
1157 5074 1365 5123 constet
1389 5067 1553 5139 quod,
1602 5067 1708 5122 nisi
1738 5067 2002 5136 justifica-

403 5164 521 5213 tum
551 5172 747 5228 corpus
774 5157 971 5213 Christi
998 5156 1174 5231 gratia
1202 5156 1317 5225 ejus
1347 5155 1543 5212 faciem
1568 5156 1689 5219 Dei,
1720 5156 1813 5228 qui
1850 5157 2004 5226 justi-

398 5246 488 5303 tite
521 5253 606 5303 est
629 5245 770 5315 fons,
801 5246 985 5302 videre
1014 5261 1124 5302 non
1171 5245 1362 5317 possit,
1409 5260 1521 5301 non
1562 5245 1738 5301 solum
1779 5244 1849 5301 de
1888 5253 2001 5301 tam

403 5334 693 5393 excellenti
716 5334 862 5390 dono
904 5334 1229 5407 gratulatur,
1262 5333 1359 5388 sed
1405 5334 1631 5405 insuper
1674 5333 1890 5405 impleri
1938 5349 1998 5391 se

401 5423 752 5480 similitudine
807 5421 1001 5494 ipsius,
1032 5437 1158 5478 cum
1205 5420 1565 5494 evigilaverit,
1599 5421 1657 5477 id
1695 5429 1781 5477 est
1823 5437 2002 5478 resur-

398 5512 621 5580 rexerit,
682 5520 794 5568 tota
849 5509 1171 5568 certitudine
1227 5508 1468 5566 confidit.
1518 5509 1662 5579 Quid
1718 5510 1864 5566 enim
1912 5518 1997 5567 est

400 5601 565 5666 aliud,
590 5603 876 5675 implebor,
910 5617 1042 5656 cum
1066 5599 1416 5671 evigilavero,
1450 5599 1845 5671 similitudine
1872 5603 1990 5669 tua,

2102 4524 2516 4598 perducuntque
2542 4525 2613 4582 ad
2636 4525 2912 4583 infernum
2941 4526 3174 4597 peccati.
3206 4527 3607 4583 Prmvenerunt
3624 4544 3711 4583 au-

2103 4620 2215 4670 tem
2240 4630 2348 4681 me,
2381 4621 2439 4669 ut
2467 4613 2683 4686 priores
2710 4630 2912 4672 nocere
2941 4614 3162 4682 vellent,
3196 4614 3342 4687 quod
3381 4615 3463 4671 eis
3510 4623 3707 4688 postea

2103 4701 2443 4760 redderetur.
2475 4703 2633 4759 Tales
2661 4712 2844 4759 autem
2870 4703 3120 4760 homines
3149 4702 3368 4775 capiunt
3410 4703 3468 4759 in
3512 4704 3706 4775 perdi-

2102 4790 2327 4859 tionem,
2360 4791 2555 4863 quibus
2584 4792 2730 4848 mala
2742 4789 3115 4864 persuaserint
3138 4792 3430 4864 jactatione
3452 4793 3702 4862 justitiae,

2103 4879 2257 4949 cujus
2285 4895 2396 4937 non
2422 4896 2482 4937 re
2503 4881 2601 4938 sed
2630 4880 2849 4938 nomine
2890 4880 3157 4938 adversus
3201 4888 3397 4955 gentes
3448 4881 3703 4951 glorian-

2104 4974 2214 5023 tur.

2171 5073 2344 5131 Vens.
2374 5075 2429 5130 7.
2461 5104 2532 5117 —
2561 5075 2627 5131 In
2653 5075 3023 5134 tribulatione
3052 5092 3182 5134 mea
3227 5077 3486 5134 invocavi
3514 5078 3706 5135 Domi-

2099 5178 2262 5233 num,
2293 5169 2397 5219 etc.
2427 5165 2505 5219 De
2537 5165 2763 5237 templo,
2795 5165 2903 5221 hoc
2931 5171 3015 5220 est
3041 5164 3113 5221 de
3140 5164 3308 5221 corde
3326 5179 3473 5233 meo,
3502 5164 3563 5221 in
3595 5182 3706 5239 quo

2098 5249 2331 5322 habitat,
2361 5251 2655 5309 exaudivit
2679 5269 2866 5311 vocem
2906 5269 3135 5323 meam;
3163 5257 3221 5310 et
3258 5254 3477 5311 clamor
3517 5271 3702 5324 meus,

2099 5354 2264 5410 quem
2289 5354 2398 5395 non
2426 5339 2484 5395 in
2511 5341 2730 5396 auribus
2756 5341 3056 5412 hominum,
3087 5342 3190 5398 sed
3234 5357 3424 5400 coram
3461 5341 3589 5416 ipso
3612 5343 3700 5400 in-

2096 5432 2185 5483 tus
2211 5427 2407 5495 habeo,
2440 5430 2705 5486 introivit
2727 5431 2791 5486 in
2815 5447 2982 5488 aures
3007 5433 3148 5504 ejus.

2165 5516 2336 5573 Vnus.
2352 5521 2404 5573 8.
2428 5547 2498 5559 --
2516 5518 2803 5575 Commota
2814 5523 2901 5576 est
2917 5523 2975 5577 et
2987 5521 3338 5577 contremuit
3354 5524 3533 5585 terra,
3556 5523 3699 5592 fun-

2094 5604 2365 5663 damenta
2390 5608 2677 5665 montium
2691 5609 3031 5665 conturbata
3042 5612 3199 5667 sunt.
3226 5607 3543 5667 Clariﬁcato
3563 5608 3699 5666 Filio
