4002 6184
283 303 396 356 ’185

1375 293 1632 353 EXPOS.
1667 295 1739 350 IN
1776 294 1884 350 XX
1913 293 2170 352 PRIMOS
2201 294 2535 352 PSALMOS.

3495 301 3600 354 786

291 421 536 480 hominis
558 422 826 480 commoti
845 425 987 478 sunt
1007 426 1064 478 et
1076 423 1546 478 contremuerunt
1560 427 1895 491 peccatores,
1927 420 1984 481 A
2073 419 2242 475 Vens.
2270 423 2356 476 16.
2380 450 2449 462 —
2467 422 2538 476 Et
2550 425 2941 493 apparuerunt
2955 423 3144 492 fontes
3162 437 3458 494 aquarum,
3483 429 3588 479 etc.

289 521 348 568 et
379 528 509 583 spes
559 511 944 582 superborum,
999 526 1119 581 qua:
1165 509 1221 564 in
1266 510 1370 566 hoc
1416 509 1616 564 szeculo
1659 508 1896 576 fuerunt,

292 600 637 656 conturbatae
684 607 830 663 sunt,
862 607 919 652 ut
949 598 1158 653 scilicet
1179 597 1291 666 jam
1339 597 1738 652 ﬁrmamentum
1788 612 1897 652 non

292 689 525 744 haberet
554 687 611 743 in
643 687 901 744 cordibus
930 686 1210 742 hominum
1243 702 1370 759 spes
1400 685 1782 758 temporalium
1800 685 1898 741 bo-

289 792 509 835 norum.

366 867 541 922 Vens.
575 869 627 921 9.
680 894 750 906 —
791 863 1058 920 Ascendit
1101 865 1299 936 fumus
1345 865 1408 919 in
1457 863 1547 920 ira
1594 865 1736 936 ejus,
1789 870 1892 919 etc.

286 956 562 1012 Ascendit
611 953 924 1023 lacrymosa
969 951 1281 1023 deprecatio
1324 951 1721 1023 pmnitentium,
1768 967 1893 1008 cum

288 1042 685 1116 cognovissent
717 1042 846 1113 quid
876 1041 1111 1096 minaret
1141 1042 1290 1096 Deus
1321 1041 1540 1112 impiis;
1565 1048 1617 1096 et
1646 1041 1894 1114 ﬂagran-

286 1131 368 1186 tia
398 1130 682 1186 charitatis
715 1131 783 1185 de
816 1130 1006 1185 notitia
1035 1130 1151 1198 ejus
1179 1137 1304 1200 post
1325 1129 1698 1200 paenitentiam
1731 1146 1898 1186 exar-

282 1221 368 1276 sit
399 1239 419 1286 ;
450 1227 504 1274 et
531 1218 629 1287 illi,
665 1219 755 1290 qui
777 1218 894 1288 jam
941 1218 1141 1272 mortui
1191 1225 1366 1285 erant,
1418 1217 1623 1274 deserti
1670 1219 1738 1272 ab
1768 1218 1895 1290 igne

286 1307 422 1363 boni
460 1307 718 1362 desiderii
771 1321 835 1362 ac
889 1305 1012 1363 luce
1060 1306 1318 1376 justitize,
1376 1313 1430 1361 et
1488 1305 1676 1380 frigidi
1735 1314 1893 1362 tene-

286 1396 551 1467 brosique
581 1403 983 1462 remanserant,
1028 1410 1224 1451 rursus
1271 1397 1499 1452 accensi
1528 1403 1581 1452 et
1604 1395 1893 1451 illuminati

285 1485 627 1542 revixerunt.

359 1597 536 1652 Vens.
570 1599 658 1652 10.
690 1625 761 1638 —
791 1595 1099 1653 Inclinavit
1145 1597 1310 1654 ccelos
1339 1600 1395 1653 et
1424 1596 1729 1663 descendit,
1782 1603 1886 1653 etc.

283 1685 584 1757 Apostolos
612 1684 914 1740 humilitate
946 1682 1278 1752 informavit,
1334 1693 1386 1741 et
1430 1685 1602 1756 impii,
1654 1685 1746 1758 qui
1776 1692 1890 1740 ter-

2001 508 2247 564 Revelati
2294 518 2416 564 sunt
2462 510 2764 580 prophetae,
2818 510 2908 580 qui
2950 525 3061 564 non
3108 509 3593 582 intelligebantur,

1999 612 2166 667 super
2194 613 2333 668 quos
2357 598 2720 653 aediﬁcaretur
2740 599 2888 653 orbis
2919 607 3192 654 terrarum
3223 599 3457 654 credens
3489 600 3594 654 Do-

1997 685 2163 740 mino.
2199 687 2275 742 Ab
2293 688 2678 758 increpatione
2700 691 2817 756 tua,
2843 689 3097 754 Domine,
3118 689 3184 743 ab
3214 689 3591 760 inspiratione

1997 774 2232 846 spiritus
2253 775 2355 830 ira:
2377 780 2489 830 tzue
2507 797 2524 842 ,-
2543 776 2828 831 clamantis
2842 777 3048 832 scilicet
3070 796 3087 831 :
3110 777 3589 849 ApprOpinquavit

1996 879 2167 935 super
2187 881 2276 920 vos
2290 881 2526 935 regnum
2542 867 2672 934 Dei;
2691 873 2778 920 et:
2795 867 2914 922 Nisi
2921 867 3321 938 paenitentiam
3339 865 3583 938 egeritis,

1995 969 2189 1009 omnes
2221 954 2392 1008 simul
2424 955 2772 1010 moriemini.

2065 1042 2236 1096 Vens.
2275 1045 2360 1097 17.
2393 1071 2463 1082 —
2493 1044 2645 1098 Misit
2673 1043 2738 1098 de
2767 1059 2986 1099 summa
3017 1047 3072 1098 et
3089 1045 3310 1116 accepit
3339 1059 3448 1108 me,
3477 1051 3583 1100 etc.

1995 1129 2258 1186 Vocando
2291 1146 2357 1185 ex
2388 1131 2641 1202 gentibus
2671 1131 2728 1185 in
2757 1131 3131 1186 hzereditatem
3161 1131 3454 1205 gloriosam
3484 1133 3590 1188 Ec-

1994 1217 2219 1274 clesiam
2232 1235 2340 1274 non
2359 1220 2643 1275 habentem
2658 1220 2931 1276 maculam
2953 1230 3045 1276 aut
3060 1236 3277 1294 rugam,
3293 1220 3592 1293 assumpsit

1991 1323 2080 1363 me
2111 1308 2179 1363 de
2211 1308 2554 1364 multitudine
2584 1309 2932 1380 pOpulorum.

2065 1397 2243 1452 Vens.
2281 1401 2367 1452 18.
2397 1427 2468 1438 -—
2499 1399 2725 1470 Eripuit
2761 1416 2849 1455 me
2870 1399 2936 1454 de
2953 1399 3207 1455 inimicis
3227 1399 3369 1454 meis
3388 1399 3583 1470 fortis-

1992 1486 2176 1552 simis,
2193 1493 2296 1541 etc.
2318 1488 2543 1558 Eripuit
2555 1503 2644 1543 me
2661 1488 2727 1542 de
2741 1487 2992 1544 inimicis
3005 1489 3160 1553 meis,
3182 1487 3273 1560 qui
3292 1486 3586 1558 praevalue-

1991 1582 2120 1628 runt
2141 1574 2212 1629 ad
2230 1573 2575 1645 aﬁligendam
2601 1584 2655 1630 et
2673 1577 3096 1647 pervertendam
3126 1576 3288 1632 istam
3319 1585 3586 1648 tempora-

1988 1663 2099 1717 lem
2127 1663 2290 1719 vitam
2320 1679 2518 1718 meam.

282 1751 421 1830 rene
451 1774 688 1847 sapiunt,
735 1774 1038 1847 caliginem
1083 1751 1303 1831 malitiae
1347 1791 1462 1831 sua“:
1505 1751 1621 1830 non
1669 1751 1880 1848 cogno-
1911 1782 1964 1842 Β
2060 1751 2232 1807 VERS-
2266 1756 2355 1848 ‘9;
2380 1781 2452 1848 '_"
2483 1754 2885 1848 Ρνίεῗίῖτιθηιηί
2914 1769 3004 1810 τηε
3031 1756 3095 1848 ίη
3124 1753 3216 1809 die
3259 1753 3584 1826 απῖίείίθηὺ

283 1872 500 1919 verunt.

357 1977 532 2034 Vens.
570 1979 655 2032 11.
689 2005 759 2018 —
787 1977 857 2032 Et
877 1977 1133 2032 ascendit
1153 1993 1323 2049 super
1351 1976 1642 2034 cherubim
1663 1981 1719 2033 et
1740 1977 1884 2034 vola-

282 2069 387 2133 vit,
422 2075 526 2122 etc.
561 2065 842 2121 Exaltatus
872 2073 955 2121 est
984 2081 1149 2136 super
1175 2065 1569 2136 plenitudinem
1618 2066 1878 2136 scientiae,

280 2165 341 2211 ut
376 2171 540 2210 nemo
569 2155 636 2209 ad
663 2154 952 2210 Dominum
996 2155 1207 2210 veniret
1250 2153 1355 2209 nisi
1401 2171 1499 2226 per
1543 2155 1878 2211 charitatem.

284 2244 594 2302 Plenitudo
625 2245 779 2300 enim
813 2245 949 2316 legis
979 2248 1063 2300 est
1079 2244 1333 2300 charitas
1354 2265 1372 2312 ;
1394 2252 1447 2298 et
1467 2243 1572 2300 cito
1595 2261 1654 2300 se
1683 2245 1887 2301 incom-

281 2333 711 2406 prehensibilem
744 2349 867 2389 esse
909 2333 1230 2389 monstravit
1276 2333 1630 2389 dilectoribus
1673 2333 1786 2389 suis
1814 2351 1884 2391 ne

283 2423 439 2479 illum
471 2422 752 2493 corporeis
781 2421 1260 2494 imaginationibus
1277 2423 1620 2493 prehendere
1642 2439 1700 2478 se
1719 2439 1885 2494 posse

282 2511 707 2566 arbitrarentur.
761 2511 862 2566 Illa
899 2517 1083 2566 autem
1126 2511 1397 2580 celeritas,
1443 2527 1551 2584 qua
1581 2528 1641 2568 se
1669 2511 1883 2568 incom-

283 2599 715 2672 prehensibilem
746 2615 871 2655 esse
918 2600 1262 2670 monstravit,
1296 2616 1460 2672 super
1488 2600 1716 2656 virtutes
1763 2601 1884 2656 ani-

282 2705 503 2744 marum
537 2697 640 2756 est,
676 2689 874 2760 quibus
907 2705 966 2746 se
995 2688 1144 2745 velut
1171 2689 1366 2760 pennis
1389 2705 1422 2744 a
1443 2689 1606 2746 terris
1637 2690 1694 2745 in
1725 2705 1889 2746 auras

279 2777 548 2834 libertatis
579 2779 859 2836 extollunt.

359 2893 531 2949 Vens.
567 2897 653 2950 12.
687 2923 757 2934 —
786 2894 857 2948 Et
871 2895 1061 2966 posuit
1085 2892 1344 2950 tenebras
1368 2893 1670 2950 latibulum
1689 2909 1880 2950 suum.

286 2984 492 3039 Posuit
537 2982 926 3039 obscuritatem
976 2990 1467 3051 sacramentorum,
1521 2990 1574 3037 et
1622 2983 1893 3038 occultam

1985 1857 2145 1907 meae,
2179 1849 2285 1897 etc.
2320 1841 2541 1896 Priores
2570 1842 2703 1896 mihi
2749 1850 3048 1897 nocuerunt
3073 1843 3128 1896 in
3160 1851 3427 1912 tempore,
3475 1857 3584 1914 quo

1983 1930 2211 1985 mortale
2233 1938 2286 1986 et
2307 1930 2640 1985 laboriosum
2669 1947 2873 2001 corpus
2891 1947 3028 2003 gero
3052 1950 3067 1998 ;
3090 1939 3144 1986 et
3162 1931 3418 2002 quoniam
3447 1946 3588 1985 ama-

1984 2018 2225 2074 ritudine
2253 2018 2596 2074 miseriarum
2625 2017 3023 2074 ﬁrmamentum
3065 2028 3296 2075 terrenae
3337 2019 3587 2090 volupta-

1986 2107 2055 2162 tis
2085 2108 2510 2163 contribulatum
2553 2116 2714 2179 atque
2762 2108 3080 2166 convulsum
3124 2116 3227 2176 est,
3277 2111 3469 2180 factus
3503 2113 3589 2165 est

1986 2197 2257 2253 Dominus
2282 2201 2568 2269 protector
2599 2214 2775 2252 meus.

2056 2287 2228 2340 Vens.
2246 2289 2335 2342 20.
2360 2315 2430 2326 —-
2445 2287 2516 2340 Et
2535 2286 2739 2341 eduxit
2751 2302 2840 2342 me
2859 2288 2922 2342 in
2946 2285 3334 2356 latitudinem,
3361 2287 3582 2344 salvum

1983 2391 2074 2430 me
2103 2374 2241 2445 fecit
2273 2376 2537 2446 quoniam
2559 2376 2736 2431 voluit
2755 2390 2868 2431 mea
2899 2373 3038 2444 Quia
3059 2375 3308 2430 carnales
3336 2374 3585 2446 patiebar

1985 2463 2289 2536 angustias,
2315 2463 2522 2519 eduxit
2534 2479 2622 2519 me
2645 2463 2699 2516 in
2717 2463 3017 2534 spiritalem
3042 2463 3408 2520 latitudinem
3431 2462 3578 2534 ﬁdei,
3645 2463 3648 2466 ’

1986 2553 2255 2625 quoniam
2283 2553 2463 2608 voluit
2487 2567 2599 2619 me,
2631 2560 2922 2624 antequam
2952 2568 3057 2624 ego
3085 2551 3239 2606 illum
3270 2551 3490 2608 vellem.

2056 2655 2225 2710 Vens.
2245 2657 2335 2710 21.
2355 2684 2423 2695 -
2439 2656 2508 2710 Et
2525 2656 2802 2710 retribuet
2816 2654 2958 2709 mihi
2968 2655 3242 2710 Dominus
3259 2654 3573 2711 secundum

1974 2745 2272 2816 justitiam
2290 2760 2494 2812 meam,
2522 2744 2927 2799 etc.Retribuet
2940 2743 3364 2800 mihiDominus
3385 2759 3580 2799 secun-

1985 2832 2120 2887 dum
2141 2833 2440 2904 justitiam
2471 2831 2628 2887 bonae
2658 2832 2970 2898 voluntatis,
3012 2830 3105 2904 qui
3152 2831 3301 2904 prior
3346 2831 3582 2904 prmbuit

1985 2920 2437 2986 misericordiam,
2468 2927 2754 2992 antequam
2787 2921 3045 2975 haberem
3077 2921 3277 2976 bonam
3324 2920 3578 2976 volunta-

1987 3018 2094 3065 tem
2120 3010 2535 3076 ;etsecundum
2550 3012 2864 3081 puritatem
2884 3012 3166 3082 factor-um
3188 3026 3460 3077 meorum,
3488 3009 3581 3082 qui

281 3087 440 3165 ἔρδω
481 3071 536 3126 in
568 3072 735 3165 ορτίῖιεῖ
764 3071 1245 3165 ατςάθηιίίιιωηυιέί
1284 3071 1480 3165 Ῑίξίῗδτθί
1509 3071 1626 3165 ίὲεέθ
1648 3088 1885 3165 nonne“
1905 3145 1948 3165 η
1988 3071 2173 3154 tribuit
2197 3098 2350 3165 mihi,
2381 3105 2440 3152 ut
2471 3071 2609 3154 bene
2641 3071 2903 3165 facerem,
2936 3098 3218 3154 educendo
3247 3114 3335 3154 me
3363 3098 3420 3153 in
3444 3071 3578 3155 lali-

280 3161 570 3216 deserens.
595 3162 653 3214 In
675 3161 759 3216 his
797 3159 961 3216 etiam
993 3161 1258 3230 tenebris,
1282 3160 1375 3216 ubi
1393 3176 1495 3232 per
1523 3159 1687 3216 ﬁdem
1709 3145 1950 3220 adhucC

280 3249 648 3316 ambulamus,
693 3265 802 3304 non
844 3265 945 3321 per
988 3249 1246 3321 speciem,
1301 3249 1538 3320 quandiu
1586 3250 1730 3322 quod
1777 3266 1887 3306 non

280 3339 552 3407 videmus,
586 3353 888 3408 speramus,
925 3346 976 3394 et
1005 3355 1105 3409 per
1131 3338 1447 3409 patientiam
1479 3347 1884 3409 exspectamus.

278 3427 551 3484 Conversi
583 3434 766 3481 tamen
797 3427 866 3482 ad
896 3427 1076 3498 ipsum
1107 3427 1349 3482 ambiunt
1381 3444 1526 3498 eum,
1549 3428 1640 3500 qui
1663 3429 1889 3484 credunt

279 3517 354 3586 ei,
390 3517 515 3589 quia
538 3516 791 3572 inmedio
821 3532 1009 3572 eorum
1041 3524 1144 3583 est,
1170 3532 1292 3573 cum
1323 3517 1576 3572 omnibus
1604 3517 1890 3590 mqualiter

286 3605 456 3674 favet,
509 3605 565 3659 in
615 3605 830 3677 quibus,
882 3613 1136 3677 tanquam
1178 3605 1240 3660 in
1281 3605 1636 3662 tabernaculo
1683 3606 1890 3662 habitat

285 3696 395 3752 hoc
429 3702 693 3766 tempore.
723 3696 840 3752 Nec
883 3703 1170 3768 propterea
1215 3694 1501 3768 quisquam
1531 3695 1586 3750 in
1616 3694 1713 3752 illa
1744 3696 1884 3766 luce,

277 3800 403 3856 quae
430 3784 606 3840 futura
635 3791 736 3850 est,
771 3800 896 3840 cum
925 3800 993 3840 ex
1024 3783 1132 3838 ﬁde
1163 3783 1232 3839 ad
1264 3783 1503 3854 speciem
1546 3784 1878 3852 venerimus,

270 3874 392 3944 jam
422 3888 481 3928 se
512 3888 634 3928 esse
663 3872 971 3939 arbitretur,
999 3872 1045 3927 si
1067 3872 1382 3944 Scripturas
1412 3881 1561 3929 recte
1589 3873 1878 3945 intelligit:

279 3962 408 4034 quia
436 3961 492 4016 in
523 3961 823 4033 pr0phetis,
858 3969 1020 4034 atque
1059 3961 1312 4017 omnibus
1352 3961 1520 4017 divini
1548 3962 1702 4018 verbi
1731 3978 1881 4034 prae-

277 4051 617 4107 dicatoribus
663 4051 896 4108 obscura
954 4050 1200 4107 doctrina
1256 4059 1339 4106 est
1367 4050 1422 4105 in
1471 4052 1885 4123 comparatione

275 4139 532 4212 fulgoris,
567 4139 657 4212 qui
686 4147 768 4195 est
798 4141 861 4196 in
897 4143 1202 4212 conspectu
1268 4139 1719 4198 manifestationis
1750 4142 1886 4212 ejus.

275 4229 434 4284 Unde
465 4237 520 4284 et
543 4227 789 4301 sequitur
813 4245 828 4283 :

348 4343 518 4398 Vens.
553 4347 641 4398 13.
675 4374 744 4384 —
774 4345 901 4399 Prw
928 4343 1147 4415 fulgore
1177 4345 1241 4399 in
1268 4348 1572 4417 conspectu
1612 4348 1734 4419 ejus
1764 4363 1879 4403 nu-

273 4434 389 4500 bes,
423 4440 529 4488 etc.
564 4432 746 4489 Nubes
775 4435 915 4505 ejus,
950 4431 1004 4486 id
1022 4439 1104 4487 est
1133 4431 1521 4504 praedicatores
1551 4435 1704 4490 verbi
1737 4437 1874 4505 ejus,

1981 3187 2223 3243 tudinem
2254 3184 2400 3242 ﬁdei.

2053 3303 2224 3358 Vens.
2257 3305 2347 3359 22.
2380 3331 2450 3342 —
2484 3302 2622 3370 Quia
2639 3300 2917 3357 custodivi
2935 3303 3055 3358 vias
3076 3304 3323 3372 Domini,
3344 3317 3448 3358 nec
3472 3302 3580 3358 im-

1978 3391 2070 3463 pie
2111 3391 2256 3463 gessi
2288 3408 2323 3446 a
2361 3391 2469 3446 Deo
2498 3407 2639 3447 meo.
2674 3390 2744 3446 Ut
2772 3391 3114 3447 latitudinem
3142 3393 3412 3448 bonorum
3441 3407 3578 3464 ope-

1982 3496 2123 3545 rum,
2159 3495 2280 3551 quae
2299 3495 2400 3550 per
2420 3477 2584 3535 ﬁdem
2605 3487 2748 3545 sunt,
2773 3479 3158 3552 longanimitas
3187 3479 3580 3553 perseverandi

1981 3575 2370 3639 consequatur.

2054 3682 2225 3738 Vens.
2247 3685 2338 3739 23.
2371 3712 2440 3724 -
2473 3683 2748 3752 Quoniam
2768 3685 2960 3742 omnia
2973 3683 3195 3756 judicia
3217 3687 3339 3757 ejus
3362 3687 3424 3742 in
3445 3701 3575 3741 con-

1981 3775 2333 3844 spectumeo,
2384 3779 2490 3828 etc.
2524 3773 2583 3828 Id
2632 3780 2733 3840 est,
2779 3773 3007 3844 praemia
3047 3774 3340 3844 justorum,
3375 3781 3428 3830 et
3450 3787 3573 3844 pte-

1975 3865 2084 3916 nas
2113 3861 2421 3933 impiorum,
2455 3870 2508 3917 et
2537 3861 2759 3934 ﬂagella
2809 3863 3289 3936 corrigendorum,
3326 3871 3380 3918 et
3411 3869 3576 3918 tenta-

1981 3950 2156 4007 tiones
2186 3951 2597 4022 probandorum
2615 3952 2990 4024 perseveranti
3021 3952 3309 4009 considero
3341 3959 3577 4008 contem-

1981 4039 2240 4111 platione.
2271 4042 2340 4095 Et
2358 4043 2623 4111 justitias
2673 4044 2794 4114 ejus
2844 4059 2960 4100 non
3007 4042 3195 4115 reputt
3224 4060 3258 4098 a
3287 4057 3396 4108 me,
3431 4041 3576 4114 quod

1983 4127 2186 4184 faciunt
2215 4127 2526 4185 deﬁcientes
2556 4131 2658 4186 sub
2693 4130 2912 4187 sarcina
2941 4147 3150 4199 earum,
3171 4139 3220 4188 et
3242 4138 3577 4187 revertentes

1982 4217 2054 4273 ad
2083 4217 2345 4275 vomitum
2376 4235 2552 4274 suum.

2053 4333 2225 4388 Vens.
2259 4333 2348 4400 24,
2382 4337 2472 4392 25.
2505 4365 2575 4376 -
2602 4337 2672 4392 Et
2703 4353 2795 4393 ero
2825 4336 3231 4400 immaculatus
3259 4351 3389 4393 cum
3420 4351 3502 4402 eo,
3523 4340 3580 4392 et

1985 4422 2275 4481 observabo
2294 4440 2383 4480 me
2396 4431 2464 4482 ab
2479 4425 2784 4498 iniquitate
2804 4442 2950 4482 mea.
2972 4428 3040 4482 Et
3055 4424 3491 4481 retribuetmihi
3507 4425 3584 4482 Do

272 4537 383 4577 non
409 4523 523 4591 jam
552 4521 607 4576 in
635 4522 838 4577 Judmae
870 4519 1070 4576 ﬁnibus
1097 4521 1459 4590 continentur,
1505 4523 1600 4579 sed
1635 4527 1877 4581 transie-
1904 4508 1957 4568 D
1986 4513 2181 4568 ’πίπτω
2214 4513 2526 4570 secundum
2545 4516 2840 4586 justitiam
2867 4531 3075 4580 meum,
3113 4522 3216 4569 θίο·
3249 4513 3372 4569 Non
3404 4512 3580 4569 50mm

271 4614 416 4666 runt
445 4611 515 4665 ad
544 4617 759 4683 gentes.
796 4609 1218 4684 Objurgationes
1260 4620 1462 4678 autem,
1507 4611 1703 4684 quibus
1732 4614 1882 4670 velut

277 4700 564 4771 grandine
595 4699 765 4756 corda
812 4698 950 4755 dura
999 4700 1314 4768 tunduntur,
1346 4701 1392 4756 si
1420 4701 1632 4757 animus
1660 4702 1805 4758 mitis
1834 4711 1888 4760 et

274 4789 408 4860 pius
443 4788 742 4859 exceperit,
761 4788 817 4843 in
845 4788 1152 4845 doctrinam
1182 4790 1465 4846 satiantem
1497 4790 1844 4848 resolvuntur
1868 4813 1881 4861 ;

281 4877 413 4948 igne
441 4892 577 4933 vero
606 4877 887 4935 charitatis
919 4894 1148 4935 accenso
1175 4879 1342 4936 cerda
1372 4879 1722 4938 reviviscunt.
1755 4883 1886 4940 Haec

277 4965 470 5021 omnia
499 4966 556 5021 in
583 4967 822 5022 nubibus
851 4967 1025 5039 ipsius
1043 4968 1113 5023 ad
1135 4976 1328 5042 gentes
1361 4971 1736 5027 transierunt.

342 5064 521 5120 Vens.
549 5067 635 5120 14.
657 5095 726 5106 —-
749 5068 818 5120 Et
839 5067 1098 5124 intonuit
1120 5067 1187 5124 de
1208 5069 1342 5125 (celo
1362 5071 1654 5138 Dominus,
1685 5079 1789 5127 etc.
1815 5060 1884 5129 U‘

302 5170 339 5209 n
367 5153 645 5226 profundo
675 5170 859 5211 rerum
887 5157 1247 5213 humanarum
1268 5158 1583 5216 audirentur
1613 5161 1877 5218 ccelestia.

341 5245 516 5300 Vens.
556 5248 645 5299 15.
677 5275 748 5286 —
777 5247 848 5301 Et
877 5246 1038 5302 misit
1057 5248 1298 5320 sagittas
1329 5265 1481 5316 suas,
1507 5253 1564 5305 et
1583 5249 1879 5324 dissipavit

267 5349 378 5400 eos,
405 5334 662 5406 fulgura,
683 5343 790 5390 etc.
814 5337 886 5391 Et
900 5337 1059 5392 misit
1090 5338 1456 5411 evangelistas
1487 5339 1683 5411 pennis
1713 5341 1880 5396 virtu-

268 5429 386 5478 tum
417 5429 575 5479 recta
604 5423 803 5479 itinera
832 5424 1253 5494 transvolantes,
1286 5443 1396 5483 non
1416 5428 1548 5497 suis,
1581 5428 1680 5484 sed
1710 5428 1826 5498 ejus
1847 5444 1880 5485 a

268 5528 375 5583 quo
406 5511 566 5568 missi
597 5521 743 5580 sunt,
775 5521 834 5569 ut
861 5513 984 5570 aliis
1033 5524 1217 5572 essent
1263 5517 1402 5574 odor
1450 5517 1574 5574 vitae
1603 5517 1659 5573 in
1687 5518 1873 5586 vitam,

265 5600 388 5656 aliis
417 5601 562 5658 odor
588 5603 784 5659 mortis
832 5603 888 5659 in
933 5613 1189 5662 mortem.
1217 5607 1612 5680 Multiplicavit
1657 5623 1877 5680 quoque

267 5689 557 5759 miracula,
583 5696 640 5748 et
663 5694 1022 5751 conturbavit
1053 5711 1161 5752 eos.

1989 4608 2214 4672 propter
2240 4601 2580 4658 latitudinem
2610 4601 2755 4668 ﬁdei,
2793 4620 2912 4675 quae
2939 4619 3039 4673 per
3069 4601 3417 4658 dilectionem
3446 4617 3576 4673 ope-

1987 4697 2157 4759 ratur,
2185 4691 2280 4746 sed
2298 4690 2457 4745 etiam
2477 4699 2696 4762 propter
2713 4689 3110 4763 longitudinem
3128 4690 3573 4762 perseverantia,

1984 4779 2253 4836 retribuit
2283 4780 2427 4835 mihi
2445 4782 2738 4846 Dominus,
2760 4794 2870 4834 non
2895 4779 3040 4851 quod
3071 4779 3319 4836 homines
3349 4779 3552 4846 vident,

1983 4869 2080 4925 sed
2107 4870 2170 4925 in
2197 4874 2498 4942 conspectu
2525 4870 2815 4927 oculorum
2847 4872 2986 4940 ejus,
3019 4869 3274 4941 quoniam
3321 4884 3441 4940 qua:
3488 4868 3573 4924 vi-

1983 4957 2200 5027 dentur,
2234 4959 2554 5031 temporalia
2600 4967 2762 5025 sunt;
2789 4975 2911 5031 quae
2939 4966 3118 5014 autem
3158 4973 3267 5013 non
3294 4957 3569 5025 videntur,

1981 5055 2183 5105 aeterna
2215 5055 2356 5118 sunt,
2391 5048 2533 5121 quod
2562 5047 2796 5120 pertinet
2826 5047 2891 5103 ad
2925 5046 3260 5103 altitudinem
3292 5046 3428 5120 spei.

2052 5164 2222 5220 Vens.
2255 5167 2344 5230 26,
2376 5167 2540 5222 27.—
2573 5165 2710 5222 Cum
2733 5169 2932 5223 sancto
2957 5167 3190 5221 sanctus
3216 5163 3350 5231 eris,
3370 5168 3427 5220 et
3445 5181 3576 5222 cum

1980 5255 2097 5312 viro
2117 5257 2422 5312 innocente
2446 5255 2722 5312 innocens
2756 5256 2867 5310 eris
2886 5274 2905 5324 ,-
2927 5258 2982 5311 et
3002 5270 3132 5311 cum
3169 5254 3345 5311 electo
3365 5255 3575 5311 electus

1979 5345 2112 5410 eris,
2140 5347 2196 5400 et
2211 5361 2342 5400 cum
2354 5360 2610 5417 perverso
2624 5345 2989 5413 perverteris.
3015 5343 3116 5399 Est
3146 5343 3311 5400 etiam
3355 5343 3574 5400 occulta

1977 5431 2337 5504 profunditas,
2389 5449 2493 5504 qua
2541 5432 2862 5504 intelligeris
2911 5449 3040 5490 cum
3084 5437 3280 5490 sancto
3319 5435 3574 5496 sanctus,

1977 5521 2106 5594 quia
2135 5529 2191 5576 tu
2223 5520 2548 5589 sanctiﬁcas,
2575 5526 2631 5578 et
2648 5538 2778 5579 cum
2814 5524 2932 5579 viro
2955 5523 3260 5580 innocente
3279 5522 3573 5585 innocens,

1976 5610 2102 5682 quia
2131 5609 2263 5665 nulli
2290 5626 2476 5676 noces,
2515 5610 2614 5667 sed
2647 5610 2931 5668 criniculis
2959 5618 3310 5682 peccatorum
3359 5621 3582 5661 suorum

1976 5699 2352 5771 unusquisque
2401 5700 2925 5774 constringiturtet
2955 5701 3026 5754 ab
3056 5714 3142 5764 eo,
3190 5711 3352 5768 quem
3399 5694 3580 5769 eligis,
