  <div class='ocr_page' id='page_1' title='image "/cluster/home/n/w/nwhite01/storage/ocr_20150623/114/hvd.32044052819893/399.png"; bbox 0 0 3998 6188; ppageno 0'>
   <div class='ocr_carea' id='block_1_1' title="bbox 419 251 521 309">
    <p class='ocr_par' dir='ltr' id='par_1_1' title="bbox 419 251 521 309">
     <span class='ocr_line' id='line_1_1' title="bbox 419 251 521 309; baseline 0 -1"><span class='ocrx_word' id='word_1_1' title='bbox 419 251 521 309; x_wconf 81' lang='lat'><strong><em>787</em></strong></span> 
     </span>
    </p>
   </div>
   <div class='ocr_carea' id='block_1_2' title="bbox 430 452 2039 537">
    <p class='ocr_par' dir='ltr' id='par_1_2' title="bbox 430 452 2039 537">
     <span class='ocr_line' id='line_1_2' title="bbox 430 452 2039 537; baseline -0.002 -13"><span class='ocrx_word' id='word_1_2' title='bbox 430 452 625 525; x_wconf 84' lang='lat' dir='ltr'><strong><em>dicunt</em></strong></span> <span class='ocrx_word' id='word_1_3' title='bbox 649 485 660 523; x_wconf 91' lang='lat'><strong>:</strong></span> <span class='ocrx_word' id='word_1_4' title='bbox 687 469 807 525; x_wconf 89' lang='lat' dir='ltr'><strong><em>Non</em></strong></span> <span class='ocrx_word' id='word_1_5' title='bbox 829 472 915 525; x_wconf 88' lang='lat' dir='ltr'><strong><em>est</em></strong></span> <span class='ocrx_word' id='word_1_6' title='bbox 934 471 1089 524; x_wconf 87' lang='lat' dir='ltr'><strong><em>recta</em></strong></span> <span class='ocrx_word' id='word_1_7' title='bbox 1112 467 1203 524; x_wconf 88' lang='lat' dir='ltr'><strong><em>via</em></strong></span> <span class='ocrx_word' id='word_1_8' title='bbox 1222 467 1466 535; x_wconf 81' lang='lat' dir='ltr'><strong><em>Domini,</em></strong></span> <span class='ocrx_word' id='word_1_9' title='bbox 1491 473 1543 522; x_wconf 89' lang='lat' dir='ltr'><strong><em>et</em></strong></span> <span class='ocrx_word' id='word_1_10' title='bbox 1561 465 1803 537; x_wconf 88' lang='lat' dir='ltr'><strong><em>ipsorum</em></strong></span> <span class='ocrx_word' id='word_1_11' title='bbox 1827 466 1912 522; x_wconf 85' lang='lat' dir='ltr'><strong><em>via</em></strong></span> <span class='ocrx_word' id='word_1_12' title='bbox 1927 482 2039 521; x_wconf 89' lang='lat' dir='ltr'><strong><em>non</em></strong></span> 
     </span>
    </p>
   </div>
   <div class='ocr_carea' id='block_1_3' title="bbox 448 564 727 613">
    <p class='ocr_par' dir='ltr' id='par_1_3' title="bbox 448 564 727 613">
     <span class='ocr_line' id='line_1_3' title="bbox 448 564 727 613; baseline 0 -1"><span class='ocrx_word' id='word_1_13' title='bbox 448 564 531 612; x_wconf 91' lang='lat' dir='ltr'><strong><em>est</em></strong></span> <span class='ocrx_word' id='word_1_14' title='bbox 558 564 727 613; x_wconf 86' lang='lat' dir='ltr'><strong><em>recta.</em></strong></span> 
     </span>
    </p>
   </div>
   <div class='ocr_carea' id='block_1_4' title="bbox 513 644 2038 717">
    <p class='ocr_par' dir='ltr' id='par_1_4' title="bbox 513 644 2038 717">
     <span class='ocr_line' id='line_1_4' title="bbox 513 644 2038 717; baseline -0.001 -16"><span class='ocrx_word' id='word_1_15' title='bbox 513 645 687 702; x_wconf 74' lang='lat' dir='ltr'><strong><em>Vnus.</em></strong></span> <span class='ocrx_word' id='word_1_16' title='bbox 721 650 810 704; x_wconf 88' lang='grc'><strong>28.</strong></span> <span class='ocrx_word' id='word_1_17' title='bbox 845 675 914 686; x_wconf 93' lang='grc'><strong>-</strong></span> <span class='ocrx_word' id='word_1_18' title='bbox 938 645 1214 713; x_wconf 80' lang='lat' dir='ltr'><strong><em>Quoniam</em></strong></span> <span class='ocrx_word' id='word_1_19' title='bbox 1232 648 1298 701; x_wconf 87' lang='lat' dir='ltr'><strong><em>tu</em></strong></span> <span class='ocrx_word' id='word_1_20' title='bbox 1314 644 1587 717; x_wconf 84' lang='lat' dir='ltr'><strong><em>populum</em></strong></span> <span class='ocrx_word' id='word_1_21' title='bbox 1603 644 1878 701; x_wconf 79' lang='lat' dir='ltr'><strong><em>humilem</em></strong></span> <span class='ocrx_word' id='word_1_22' title='bbox 1923 644 2038 700; x_wconf 80' lang='lat' dir='ltr'><strong><em>sal-</em></strong></span> 
     </span>
    </p>
   </div>
   <div class='ocr_carea' id='block_1_5' title="bbox 354 724 2043 809">
    <p class='ocr_par' dir='ltr' id='par_1_5' title="bbox 354 724 2043 809">
     <span class='ocr_line' id='line_1_5' title="bbox 354 724 2043 809; baseline -0.002 -18"><span class='ocrx_word' id='word_1_23' title='bbox 354 724 364 745; x_wconf 81' lang='grc'><em>’</em></span> <span class='ocrx_word' id='word_1_24' title='bbox 443 750 573 791; x_wconf 85' lang='lat' dir='ltr'><strong><em>vum</em></strong></span> <span class='ocrx_word' id='word_1_25' title='bbox 600 736 801 806; x_wconf 82' lang='lat' dir='ltr'><strong><em>facies,</em></strong></span> <span class='ocrx_word' id='word_1_26' title='bbox 839 742 942 789; x_wconf 92' lang='lat' dir='ltr'><strong><em>etc.</em></strong></span> <span class='ocrx_word' id='word_1_27' title='bbox 975 734 1091 789; x_wconf 88' lang='lat' dir='ltr'><strong><em>Hoc</em></strong></span> <span class='ocrx_word' id='word_1_28' title='bbox 1122 750 1447 805; x_wconf 91' lang='lat' dir='ltr'><strong><em>perversum</em></strong></span> <span class='ocrx_word' id='word_1_29' title='bbox 1492 734 1707 789; x_wconf 86' lang='lat' dir='ltr'><strong><em>videtur</em></strong></span> <span class='ocrx_word' id='word_1_30' title='bbox 1735 733 2043 809; x_wconf 63' lang='lat' dir='ltr'><strong><em>perversis,</em></strong></span> 
     </span>
    </p>
   </div>
   <div class='ocr_carea' id='block_1_6' title="bbox 358 821 2039 905">
    <p class='ocr_par' dir='ltr' id='par_1_6' title="bbox 358 821 2039 905">
     <span class='ocr_line' id='line_1_6' title="bbox 358 821 2039 905; baseline -0.001 -26"><span class='ocrx_word' id='word_1_31' title='bbox 358 893 369 905; x_wconf 40' lang='lat'><strong><em>.</em></strong></span> <span class='ocrx_word' id='word_1_32' title='bbox 445 824 589 896; x_wconf 90' lang='lat' dir='ltr'><strong><em>quod</em></strong></span> <span class='ocrx_word' id='word_1_33' title='bbox 608 821 931 879; x_wconf 86' lang='lat' dir='ltr'><strong><em>conﬁtentes</em></strong></span> <span class='ocrx_word' id='word_1_34' title='bbox 950 831 1180 893; x_wconf 90' lang='lat' dir='ltr'><strong><em>peccata</em></strong></span> <span class='ocrx_word' id='word_1_35' title='bbox 1208 838 1308 878; x_wconf 93' lang='lat' dir='ltr'><strong><em>sua</em></strong></span> <span class='ocrx_word' id='word_1_36' title='bbox 1331 822 1514 878; x_wconf 91' lang='lat' dir='ltr'><strong><em>salvos</em></strong></span> <span class='ocrx_word' id='word_1_37' title='bbox 1530 821 1686 888; x_wconf 90' lang='lat' dir='ltr'><strong><em>facis,</em></strong></span> <span class='ocrx_word' id='word_1_38' title='bbox 1716 822 2039 895; x_wconf 80' lang='lat' dir='ltr'><strong><em>ignorantes</em></strong></span> 
     </span>
    </p>
   </div>
   <div class='ocr_carea' id='block_1_7' title="bbox 443 911 2035 981">
    <p class='ocr_par' dir='ltr' id='par_1_7' title="bbox 443 911 2035 981">
     <span class='ocr_line' id='line_1_7' title="bbox 443 911 2035 981; baseline -0.001 -13"><span class='ocrx_word' id='word_1_39' title='bbox 443 919 620 968; x_wconf 86' lang='lat' dir='ltr'><strong><em>autem</em></strong></span> <span class='ocrx_word' id='word_1_40' title='bbox 650 912 750 967; x_wconf 87' lang='lat' dir='ltr'><strong><em>Dei</em></strong></span> <span class='ocrx_word' id='word_1_41' title='bbox 790 911 1076 981; x_wconf 81' lang='lat' dir='ltr'><strong><em>justitiam,</em></strong></span> <span class='ocrx_word' id='word_1_42' title='bbox 1108 920 1163 967; x_wconf 88' lang='lat' dir='ltr'><strong><em>et</em></strong></span> <span class='ocrx_word' id='word_1_43' title='bbox 1192 926 1347 967; x_wconf 90' lang='lat' dir='ltr'><strong><em>suam</em></strong></span> <span class='ocrx_word' id='word_1_44' title='bbox 1397 911 1643 968; x_wconf 86' lang='lat' dir='ltr'><strong><em>volentes</em></strong></span> <span class='ocrx_word' id='word_1_45' title='bbox 1684 911 2035 978; x_wconf 79' lang='lat' dir='ltr'><strong><em>constituere,</em></strong></span> 
     </span>
    </p>
   </div>
   <div class='ocr_carea' id='block_1_8' title="bbox 446 1002 741 1057">
    <p class='ocr_par' dir='ltr' id='par_1_8' title="bbox 446 1002 741 1057">
     <span class='ocr_line' id='line_1_8' title="bbox 446 1002 741 1057; baseline -0.007 0"><span class='ocrx_word' id='word_1_46' title='bbox 446 1002 741 1057; x_wconf 77' lang='lat' dir='ltr'><strong><em>humilius.</em></strong></span> 
     </span>
    </p>
   </div>
   <div class='ocr_carea' id='block_1_9' title="bbox 516 1089 2041 1157">
    <p class='ocr_par' dir='ltr' id='par_1_9' title="bbox 516 1089 2041 1157">
     <span class='ocr_line' id='line_1_9' title="bbox 516 1089 2041 1157; baseline 0 -12"><span class='ocrx_word' id='word_1_47' title='bbox 516 1090 689 1145; x_wconf 70' lang='lat' dir='ltr'><strong><em>Vsus.</em></strong></span> <span class='ocrx_word' id='word_1_48' title='bbox 723 1093 814 1147; x_wconf 87' lang='grc'><strong><em>29.</em></strong></span> <span class='ocrx_word' id='word_1_49' title='bbox 844 1120 913 1129; x_wconf 93' lang='grc'><strong>-</strong></span> <span class='ocrx_word' id='word_1_50' title='bbox 965 1089 1241 1157; x_wconf 80' lang='lat' dir='ltr'><strong><em>Quoniam</em></strong></span> <span class='ocrx_word' id='word_1_51' title='bbox 1287 1094 1351 1146; x_wconf 90' lang='lat' dir='ltr'><strong><em>tu</em></strong></span> <span class='ocrx_word' id='word_1_52' title='bbox 1394 1090 1697 1145; x_wconf 77' lang='lat' dir='ltr'><strong><em>illuminas</em></strong></span> <span class='ocrx_word' id='word_1_53' title='bbox 1746 1090 2041 1145; x_wconf 84' lang='lat' dir='ltr'><strong><em>lucernam</em></strong></span> 
     </span>
    </p>
   </div>
   <div class='ocr_carea' id='block_1_10' title="bbox 439 1178 2037 1246">
    <p class='ocr_par' dir='ltr' id='par_1_10' title="bbox 439 1178 2037 1246">
     <span class='ocr_line' id='line_1_10' title="bbox 439 1178 2037 1246; baseline -0.001 -11"><span class='ocrx_word' id='word_1_54' title='bbox 439 1194 648 1245; x_wconf 87' lang='lat' dir='ltr'><strong><em>meam,</em></strong></span> <span class='ocrx_word' id='word_1_55' title='bbox 684 1186 788 1235; x_wconf 89' lang='lat' dir='ltr'><strong><em>etc.</em></strong></span> <span class='ocrx_word' id='word_1_56' title='bbox 820 1179 945 1233; x_wconf 90' lang='lat' dir='ltr'><strong><em>Non</em></strong></span> <span class='ocrx_word' id='word_1_57' title='bbox 974 1186 1055 1233; x_wconf 91' lang='lat' dir='ltr'><strong><em>est</em></strong></span> <span class='ocrx_word' id='word_1_58' title='bbox 1094 1186 1336 1234; x_wconf 88' lang='lat' dir='ltr'><strong><em>nostrum</em></strong></span> <span class='ocrx_word' id='word_1_59' title='bbox 1386 1179 1570 1234; x_wconf 86' lang='lat' dir='ltr'><strong><em>lumen</em></strong></span> <span class='ocrx_word' id='word_1_60' title='bbox 1599 1195 1665 1233; x_wconf 91' lang='lat' dir='ltr'><strong><em>ex</em></strong></span> <span class='ocrx_word' id='word_1_61' title='bbox 1710 1178 1890 1246; x_wconf 90' lang='lat' dir='ltr'><strong><em>nobis,</em></strong></span> <span class='ocrx_word' id='word_1_62' title='bbox 1943 1178 2037 1233; x_wconf 92' lang='lat' dir='ltr'><strong><em>sed</em></strong></span> 
     </span>
    </p>
   </div>
   <div class='ocr_carea' id='block_1_11' title="bbox 445 1266 2040 1335">
    <p class='ocr_par' dir='ltr' id='par_1_11' title="bbox 445 1266 2040 1335">
     <span class='ocr_line' id='line_1_11' title="bbox 445 1266 2040 1335; baseline -0.001 -12"><span class='ocrx_word' id='word_1_63' title='bbox 445 1270 511 1323; x_wconf 87' lang='lat' dir='ltr'><strong><em>tu</em></strong></span> <span class='ocrx_word' id='word_1_64' title='bbox 524 1268 827 1325; x_wconf 79' lang='lat' dir='ltr'><strong><em>illuminas</em></strong></span> <span class='ocrx_word' id='word_1_65' title='bbox 881 1269 1176 1324; x_wconf 83' lang='lat' dir='ltr'><strong><em>lucernam</em></strong></span> <span class='ocrx_word' id='word_1_66' title='bbox 1212 1284 1419 1335; x_wconf 87' lang='lat' dir='ltr'><strong><em>meam,</em></strong></span> <span class='ocrx_word' id='word_1_67' title='bbox 1468 1269 1703 1324; x_wconf 87' lang='lat' dir='ltr'><strong><em>Domine</em></strong></span> <span class='ocrx_word' id='word_1_68' title='bbox 1724 1287 1742 1323; x_wconf 91' lang='lat'><strong><em>:</em></strong></span> <span class='ocrx_word' id='word_1_69' title='bbox 1764 1283 1865 1322; x_wconf 90' lang='lat' dir='ltr'><strong><em>nos</em></strong></span> <span class='ocrx_word' id='word_1_70' title='bbox 1895 1266 2040 1322; x_wconf 91' lang='lat' dir='ltr'><strong><em>enim</em></strong></span> 
     </span>
    </p>
   </div>
   <div class='ocr_carea' id='block_1_12' title="bbox 441 1355 2042 1428">
    <p class='ocr_par' dir='ltr' id='par_1_12' title="bbox 441 1355 2042 1428">
     <span class='ocr_line' id='line_1_12' title="bbox 441 1355 2042 1428; baseline -0.001 -16"><span class='ocrx_word' id='word_1_71' title='bbox 441 1356 685 1428; x_wconf 81' lang='lat' dir='ltr'><strong><em>peccatis</em></strong></span> <span class='ocrx_word' id='word_1_72' title='bbox 713 1355 916 1413; x_wconf 80' lang='lat' dir='ltr'><strong><em>nostris</em></strong></span> <span class='ocrx_word' id='word_1_73' title='bbox 938 1356 1180 1411; x_wconf 71' lang='lat' dir='ltr'><strong><em>tenebrae</em></strong></span> <span class='ocrx_word' id='word_1_74' title='bbox 1206 1372 1415 1425; x_wconf 89' lang='lat' dir='ltr'><strong><em>sumus,</em></strong></span> <span class='ocrx_word' id='word_1_75' title='bbox 1450 1356 1546 1413; x_wconf 85' lang='lat' dir='ltr'><strong><em>sed</em></strong></span> <span class='ocrx_word' id='word_1_76' title='bbox 1567 1357 1715 1412; x_wconf 88' lang='lat' dir='ltr'><strong><em>Deus</em></strong></span> <span class='ocrx_word' id='word_1_77' title='bbox 1735 1371 1891 1411; x_wconf 91' lang='lat' dir='ltr'><strong><em>meus</em></strong></span> <span class='ocrx_word' id='word_1_78' title='bbox 1919 1355 2042 1411; x_wconf 89' lang='lat' dir='ltr'><strong><em>illu-</em></strong></span> 
     </span>
    </p>
   </div>
   <div class='ocr_carea' id='block_1_13' title="bbox 443 1445 1162 1503">
    <p class='ocr_par' dir='ltr' id='par_1_13' title="bbox 443 1445 1162 1503">
     <span class='ocr_line' id='line_1_13' title="bbox 443 1445 1162 1503; baseline 0.001 -2"><span class='ocrx_word' id='word_1_79' title='bbox 443 1445 669 1502; x_wconf 88' lang='lat' dir='ltr'><strong><em>minabit</em></strong></span> <span class='ocrx_word' id='word_1_80' title='bbox 698 1446 957 1503; x_wconf 85' lang='lat' dir='ltr'><strong><em>tenebras</em></strong></span> <span class='ocrx_word' id='word_1_81' title='bbox 990 1460 1162 1502; x_wconf 91' lang='lat' dir='ltr'><strong><em>meas.</em></strong></span> 
     </span>
    </p>
   </div>
   <div class='ocr_carea' id='block_1_14' title="bbox 517 1563 2045 1636">
    <p class='ocr_par' dir='ltr' id='par_1_14' title="bbox 517 1563 2045 1636">
     <span class='ocr_line' id='line_1_14' title="bbox 517 1563 2045 1636; baseline -0.001 -17"><span class='ocrx_word' id='word_1_82' title='bbox 517 1563 689 1620; x_wconf 76' lang='lat' dir='ltr'><strong><em>Vnus.</em></strong></span> <span class='ocrx_word' id='word_1_83' title='bbox 719 1566 809 1619; x_wconf 88' lang='lat'><strong>30.</strong></span> <span class='ocrx_word' id='word_1_84' title='bbox 831 1593 901 1603; x_wconf 92' lang='lat'><strong><em>-—</em></strong></span> <span class='ocrx_word' id='word_1_85' title='bbox 916 1564 1191 1631; x_wconf 83' lang='lat' dir='ltr'><strong><em>Quoniam</em></strong></span> <span class='ocrx_word' id='word_1_86' title='bbox 1210 1564 1273 1618; x_wconf 87' lang='lat' dir='ltr'><strong><em>in</em></strong></span> <span class='ocrx_word' id='word_1_87' title='bbox 1292 1566 1346 1619; x_wconf 88' lang='lat' dir='ltr'><strong><em>te</em></strong></span> <span class='ocrx_word' id='word_1_88' title='bbox 1364 1563 1971 1636; x_wconf 88' lang='lat' dir='ltr'><strong><em>eripiaratentatione,</em></strong></span> <span class='ocrx_word' id='word_1_89' title='bbox 1987 1564 2045 1617; x_wconf 89' lang='lat' dir='ltr'><strong><em>et</em></strong></span> 
     </span>
    </p>
   </div>
   <div class='ocr_carea' id='block_1_15' title="bbox 449 1650 2041 1725">
    <p class='ocr_par' dir='ltr' id='par_1_15' title="bbox 449 1650 2041 1725">
     <span class='ocr_line' id='line_1_15' title="bbox 449 1650 2041 1725; baseline -0.003 -16"><span class='ocrx_word' id='word_1_90' title='bbox 449 1654 514 1709; x_wconf 90' lang='lat' dir='ltr'><strong><em>in</em></strong></span> <span class='ocrx_word' id='word_1_91' title='bbox 541 1654 650 1709; x_wconf 90' lang='lat' dir='ltr'><strong><em>Deo</em></strong></span> <span class='ocrx_word' id='word_1_92' title='bbox 668 1669 788 1709; x_wconf 90' lang='lat' dir='ltr'><strong><em>meo</em></strong></span> <span class='ocrx_word' id='word_1_93' title='bbox 807 1654 1196 1725; x_wconf 83' lang='lat' dir='ltr'><strong><em>transgrediar</em></strong></span> <span class='ocrx_word' id='word_1_94' title='bbox 1221 1668 1474 1708; x_wconf 87' lang='lat' dir='ltr'><strong><em>murum.</em></strong></span> <span class='ocrx_word' id='word_1_95' title='bbox 1496 1652 1620 1707; x_wconf 93' lang='lat' dir='ltr'><strong><em>Non</em></strong></span> <span class='ocrx_word' id='word_1_96' title='bbox 1639 1651 1695 1705; x_wconf 91' lang='lat' dir='ltr'><strong><em>in</em></strong></span> <span class='ocrx_word' id='word_1_97' title='bbox 1714 1668 1823 1717; x_wconf 90' lang='lat' dir='ltr'><strong><em>me,</em></strong></span> <span class='ocrx_word' id='word_1_98' title='bbox 1858 1650 1956 1705; x_wconf 91' lang='lat' dir='ltr'><strong><em>sed</em></strong></span> <span class='ocrx_word' id='word_1_99' title='bbox 1977 1652 2041 1705; x_wconf 87' lang='lat' dir='ltr'><strong><em>in</em></strong></span> 
     </span>
    </p>
   </div>
   <div class='ocr_carea' id='block_1_16' title="bbox 966 249 3139 313">
    <p class='ocr_par' dir='ltr' id='par_1_16' title="bbox 966 249 3139 313">
     <span class='ocr_line' id='line_1_16' title="bbox 966 249 3139 313; baseline 0.002 -4"><span class='ocrx_word' id='word_1_100' title='bbox 966 251 1370 309; x_wconf 82' lang='lat' dir='ltr'><strong><em>WALAFRIDI</em></strong></span> <span class='ocrx_word' id='word_1_101' title='bbox 1398 250 1640 309; x_wconf 78' lang='lat' dir='ltr'><strong><em>STRABI</em></strong></span> <span class='ocrx_word' id='word_1_102' title='bbox 1670 250 1870 308; x_wconf 84' lang='lat' dir='ltr'><strong><em>FULD.</em></strong></span> <span class='ocrx_word' id='word_1_103' title='bbox 1893 249 2067 308; x_wconf 82' lang='lat' dir='ltr'><strong>MON.</strong></span> <span class='ocrx_word' id='word_1_104' title='bbox 2097 249 2249 308; x_wconf 85' lang='lat' dir='ltr'><strong><em>OPP.</em></strong></span> <span class='ocrx_word' id='word_1_105' title='bbox 2307 251 2482 309; x_wconf 81' lang='lat' dir='ltr'><strong><em>PARS</em></strong></span> <span class='ocrx_word' id='word_1_106' title='bbox 2512 254 2643 308; x_wconf 91' lang='lat' dir='ltr'><strong><em>l.—</em></strong></span> <span class='ocrx_word' id='word_1_107' title='bbox 2668 253 3139 313; x_wconf 82' lang='lat' dir='ltr'><strong><em>THEOLOGICA.</em></strong></span> 
     </span>
    </p>
   </div>
   <div class='ocr_carea' id='block_1_17' title="bbox 334 376 3739 453">
    <p class='ocr_par' dir='ltr' id='par_1_17' title="bbox 334 376 3739 453">
     <span class='ocr_line' id='line_1_17' title="bbox 334 376 3739 453; baseline 0.003 -18"><span class='ocrx_word' id='word_1_108' title='bbox 334 440 343 447; x_wconf 52' lang='lat'><strong><em>,</em></strong></span> <span class='ocrx_word' id='word_1_109' title='bbox 439 378 680 453; x_wconf 82' lang='lat' dir='ltr'><strong><em>eligeris,</em></strong></span> <span class='ocrx_word' id='word_1_110' title='bbox 713 386 766 435; x_wconf 91' lang='lat' dir='ltr'><strong><em>et</em></strong></span> <span class='ocrx_word' id='word_1_111' title='bbox 786 394 917 435; x_wconf 91' lang='lat' dir='ltr'><strong><em>cum</em></strong></span> <span class='ocrx_word' id='word_1_112' title='bbox 932 394 1194 451; x_wconf 86' lang='lat' dir='ltr'><strong><em>perverso</em></strong></span> <span class='ocrx_word' id='word_1_113' title='bbox 1212 377 1415 432; x_wconf 89' lang='lat' dir='ltr'><strong><em>videris</em></strong></span> <span class='ocrx_word' id='word_1_114' title='bbox 1432 393 1750 450; x_wconf 77' lang='lat' dir='ltr'><strong><em>pervorsus,</em></strong></span> <span class='ocrx_word' id='word_1_115' title='bbox 1772 376 2032 448; x_wconf 90' lang='lat' dir='ltr'><strong><em>quoniam</em></strong></span> <span class='ocrx_word' id='word_1_116' title='bbox 2061 376 2118 439; x_wconf 86' lang='lat' dir='ltr'><strong>A</strong></span> <span class='ocrx_word' id='word_1_117' title='bbox 2135 392 2222 432; x_wconf 91' lang='lat' dir='ltr'><strong><em>me</em></strong></span> <span class='ocrx_word' id='word_1_118' title='bbox 2253 384 2397 444; x_wconf 88' lang='lat' dir='ltr'><strong><em>sunt,</em></strong></span> <span class='ocrx_word' id='word_1_119' title='bbox 2430 377 2750 435; x_wconf 85' lang='lat' dir='ltr'><strong><em>mortalibus</em></strong></span> <span class='ocrx_word' id='word_1_120' title='bbox 2778 379 2945 436; x_wconf 88' lang='lat' dir='ltr'><strong><em>rebus</em></strong></span> <span class='ocrx_word' id='word_1_121' title='bbox 2967 388 3019 437; x_wconf 91' lang='lat' dir='ltr'><strong><em>et</em></strong></span> <span class='ocrx_word' id='word_1_122' title='bbox 3040 381 3302 438; x_wconf 87' lang='lat' dir='ltr'><strong><em>membris</em></strong></span> <span class='ocrx_word' id='word_1_123' title='bbox 3325 401 3340 439; x_wconf 87' lang='lat'><strong>:</strong></span> <span class='ocrx_word' id='word_1_124' title='bbox 3364 389 3423 440; x_wconf 86' lang='lat' dir='ltr'><strong><em>et</em></strong></span> <span class='ocrx_word' id='word_1_125' title='bbox 3449 402 3567 443; x_wconf 90' lang='lat' dir='ltr'><strong><em>non</em></strong></span> <span class='ocrx_word' id='word_1_126' title='bbox 3595 394 3739 443; x_wconf 87' lang='lat' dir='ltr'><strong><em>sunt</em></strong></span> 
     </span>
    </p>
   </div>
   <div class='ocr_carea' id='block_1_18' title="bbox 3516 201 3550 231">
    <p class='ocr_par' dir='ltr' id='par_1_18' title="bbox 3516 201 3550 231">
     <span class='ocr_line' id='line_1_18' title="bbox 3516 201 3550 231; baseline 0 0"><span class='ocrx_word' id='word_1_127' title='bbox 3516 201 3550 231; x_wconf 58' lang='grc' dir='ltr'><strong>κ</strong></span> 
     </span>
    </p>
   </div>
   <div class='ocr_carea' id='block_1_19' title="bbox 3636 267 3739 323">
    <p class='ocr_par' dir='ltr' id='par_1_19' title="bbox 3636 267 3739 323">
     <span class='ocr_line' id='line_1_19' title="bbox 3636 267 3739 323; baseline 0.029 -3"><span class='ocrx_word' id='word_1_128' title='bbox 3636 267 3739 323; x_wconf 78' lang='lat'><strong><em>788</em></strong></span> 
     </span>
    </p>
   </div>
   <div class='ocr_carea' id='block_1_20' title="bbox 2138 466 3743 548">
    <p class='ocr_par' dir='ltr' id='par_1_20' title="bbox 2138 466 3743 548">
     <span class='ocr_line' id='line_1_20' title="bbox 2138 466 3743 548; baseline 0.007 -27"><span class='ocrx_word' id='word_1_129' title='bbox 2138 466 2436 536; x_wconf 84' lang='lat' dir='ltr'><strong><em>inﬁrmata</em></strong></span> <span class='ocrx_word' id='word_1_130' title='bbox 2466 466 2580 523; x_wconf 87' lang='lat' dir='ltr'><strong><em>sive</em></strong></span> <span class='ocrx_word' id='word_1_131' title='bbox 2600 467 2798 523; x_wconf 90' lang='lat' dir='ltr'><strong><em>itinera</em></strong></span> <span class='ocrx_word' id='word_1_132' title='bbox 2823 485 2963 539; x_wconf 89' lang='lat' dir='ltr'><strong><em>mea,</em></strong></span> <span class='ocrx_word' id='word_1_133' title='bbox 2994 470 3110 527; x_wconf 86' lang='lat' dir='ltr'><strong><em>sive</em></strong></span> <span class='ocrx_word' id='word_1_134' title='bbox 3132 470 3312 543; x_wconf 79' lang='lat' dir='ltr'><strong><em>signa,</em></strong></span> <span class='ocrx_word' id='word_1_135' title='bbox 3336 490 3458 546; x_wconf 66' lang='lat' dir='ltr'><strong><em>quae</em></strong></span> <span class='ocrx_word' id='word_1_136' title='bbox 3487 474 3743 548; x_wconf 85' lang='lat' dir='ltr'><strong><em>impressi</em></strong></span> 
     </span>
    </p>
   </div>
   <div class='ocr_carea' id='block_1_21' title="bbox 2140 554 2979 628">
    <p class='ocr_par' dir='ltr' id='par_1_21' title="bbox 2140 554 2979 628">
     <span class='ocr_line' id='line_1_21' title="bbox 2140 554 2979 628; baseline 0.005 -19"><span class='ocrx_word' id='word_1_137' title='bbox 2140 554 2209 609; x_wconf 89' lang='lat' dir='ltr'><strong><em>ad</em></strong></span> <span class='ocrx_word' id='word_1_138' title='bbox 2238 554 2556 610; x_wconf 90' lang='lat' dir='ltr'><strong><em>imitandum</em></strong></span> <span class='ocrx_word' id='word_1_139' title='bbox 2597 557 2979 628; x_wconf 88' lang='lat' dir='ltr'><strong><em>sequentibus.</em></strong></span> 
     </span>
    </p>
   </div>
   <div class='ocr_carea' id='block_1_22' title="bbox 2209 642 3739 725">
    <p class='ocr_par' dir='ltr' id='par_1_22' title="bbox 2209 642 3739 725">
     <span class='ocr_line' id='line_1_22' title="bbox 2209 642 3739 725; baseline 0.008 -28"><span class='ocrx_word' id='word_1_140' title='bbox 2209 642 2380 698; x_wconf 76' lang='lat' dir='ltr'><strong><em>Vnus.</em></strong></span> <span class='ocrx_word' id='word_1_141' title='bbox 2402 648 2490 699; x_wconf 89' lang='lat'><strong><em>38.</em></strong></span> <span class='ocrx_word' id='word_1_142' title='bbox 2515 675 2585 685; x_wconf 93' lang='lat'><em>—</em></span> <span class='ocrx_word' id='word_1_143' title='bbox 2600 647 2910 720; x_wconf 88' lang='lat' dir='ltr'><strong><em>Persequar</em></strong></span> <span class='ocrx_word' id='word_1_144' title='bbox 2929 647 3192 705; x_wconf 87' lang='lat' dir='ltr'><strong><em>inimicos</em></strong></span> <span class='ocrx_word' id='word_1_145' title='bbox 3214 664 3386 716; x_wconf 88' lang='lat' dir='ltr'><strong><em>meos,</em></strong></span> <span class='ocrx_word' id='word_1_146' title='bbox 3409 654 3469 706; x_wconf 88' lang='lat' dir='ltr'><strong><em>et</em></strong></span> <span class='ocrx_word' id='word_1_147' title='bbox 3484 667 3739 725; x_wconf 78' lang='lat' dir='ltr'><strong><em>compre-</em></strong></span> 
     </span>
    </p>
   </div>
   <div class='ocr_carea' id='block_1_23' title="bbox 2143 730 3742 807">
    <p class='ocr_par' dir='ltr' id='par_1_23' title="bbox 2143 730 3742 807">
     <span class='ocr_line' id='line_1_23' title="bbox 2143 730 3742 807; baseline 0.008 -22"><span class='ocrx_word' id='word_1_148' title='bbox 2143 730 2383 787; x_wconf 86' lang='lat' dir='ltr'><strong><em>hendam</em></strong></span> <span class='ocrx_word' id='word_1_149' title='bbox 2398 733 2611 799; x_wconf 89' lang='lat' dir='ltr'><strong><em>illos,et</em></strong></span> <span class='ocrx_word' id='word_1_150' title='bbox 2622 750 2737 791; x_wconf 91' lang='lat' dir='ltr'><strong><em>non</em></strong></span> <span class='ocrx_word' id='word_1_151' title='bbox 2749 739 3048 791; x_wconf 88' lang='lat' dir='ltr'><strong><em>convertar</em></strong></span> <span class='ocrx_word' id='word_1_152' title='bbox 3065 736 3240 793; x_wconf 89' lang='lat' dir='ltr'><strong><em>donec</em></strong></span> <span class='ocrx_word' id='word_1_153' title='bbox 3257 738 3742 807; x_wconf 85' lang='lat' dir='ltr'><strong><em>deﬁeiant.Perse-</em></strong></span> 
     </span>
    </p>
   </div>
   <div class='ocr_carea' id='block_1_24' title="bbox 2139 818 3739 898">
    <p class='ocr_par' dir='ltr' id='par_1_24' title="bbox 2139 818 3739 898">
     <span class='ocr_line' id='line_1_24' title="bbox 2139 818 3739 898; baseline 0.005 -22"><span class='ocrx_word' id='word_1_154' title='bbox 2139 837 2281 893; x_wconf 88' lang='lat' dir='ltr'><strong><em>quar</em></strong></span> <span class='ocrx_word' id='word_1_155' title='bbox 2295 818 2523 877; x_wconf 75' lang='lat' dir='ltr'><strong><em>affectus</em></strong></span> <span class='ocrx_word' id='word_1_156' title='bbox 2542 837 2696 880; x_wconf 89' lang='lat' dir='ltr'><strong><em>meos</em></strong></span> <span class='ocrx_word' id='word_1_157' title='bbox 2716 823 2986 891; x_wconf 85' lang='lat' dir='ltr'><strong><em>carnales,</em></strong></span> <span class='ocrx_word' id='word_1_158' title='bbox 3006 841 3075 880; x_wconf 92' lang='lat' dir='ltr'><strong><em>ne</em></strong></span> <span class='ocrx_word' id='word_1_159' title='bbox 3093 825 3163 880; x_wconf 89' lang='lat' dir='ltr'><strong><em>ab</em></strong></span> <span class='ocrx_word' id='word_1_160' title='bbox 3177 825 3259 881; x_wconf 90' lang='lat' dir='ltr'><strong><em>eis</em></strong></span> <span class='ocrx_word' id='word_1_161' title='bbox 3278 828 3739 898; x_wconf 88' lang='lat' dir='ltr'><strong><em>comprehendar,</em></strong></span> 
     </span>
    </p>
   </div>
   <div class='ocr_carea' id='block_1_25' title="bbox 2141 909 3743 982">
    <p class='ocr_par' dir='ltr' id='par_1_25' title="bbox 2141 909 3743 982">
     <span class='ocr_line' id='line_1_25' title="bbox 2141 909 3743 982; baseline 0.007 -19"><span class='ocrx_word' id='word_1_162' title='bbox 2141 909 2239 965; x_wconf 91' lang='lat' dir='ltr'><strong><em>sed</em></strong></span> <span class='ocrx_word' id='word_1_163' title='bbox 2268 911 2735 982; x_wconf 77' lang='lat' dir='ltr'><strong><em>comprehendam</em></strong></span> <span class='ocrx_word' id='word_1_164' title='bbox 2762 912 2907 980; x_wconf 92' lang='lat' dir='ltr'><strong><em>illos,</em></strong></span> <span class='ocrx_word' id='word_1_165' title='bbox 2957 920 3016 968; x_wconf 91' lang='lat' dir='ltr'><strong><em>ut</em></strong></span> <span class='ocrx_word' id='word_1_166' title='bbox 3044 914 3423 982; x_wconf 79' lang='lat' dir='ltr'><strong><em>absumuntur,</em></strong></span> <span class='ocrx_word' id='word_1_167' title='bbox 3454 924 3511 973; x_wconf 90' lang='lat' dir='ltr'><strong><em>et</em></strong></span> <span class='ocrx_word' id='word_1_168' title='bbox 3538 917 3608 971; x_wconf 89' lang='lat' dir='ltr'><strong><em>ab</em></strong></span> <span class='ocrx_word' id='word_1_169' title='bbox 3641 917 3743 974; x_wconf 87' lang='lat' dir='ltr'><strong><em>ista</em></strong></span> 
     </span>
    </p>
   </div>
   <div class='ocr_carea' id='block_1_26' title="bbox 2138 998 3743 1077">
    <p class='ocr_par' dir='ltr' id='par_1_26' title="bbox 2138 998 3743 1077">
     <span class='ocr_line' id='line_1_26' title="bbox 2138 998 3743 1077; baseline 0.007 -25"><span class='ocrx_word' id='word_1_170' title='bbox 2138 998 2437 1054; x_wconf 89' lang='lat' dir='ltr'><strong><em>intentione</em></strong></span> <span class='ocrx_word' id='word_1_171' title='bbox 2453 1017 2568 1057; x_wconf 90' lang='lat' dir='ltr'><strong><em>non</em></strong></span> <span class='ocrx_word' id='word_1_172' title='bbox 2589 1005 2888 1058; x_wconf 90' lang='lat' dir='ltr'><strong><em>convertar</em></strong></span> <span class='ocrx_word' id='word_1_173' title='bbox 2907 1001 2980 1058; x_wconf 89' lang='lat' dir='ltr'><strong><em>ad</em></strong></span> <span class='ocrx_word' id='word_1_174' title='bbox 3001 1002 3261 1076; x_wconf 86' lang='lat' dir='ltr'><strong><em>quietem,</em></strong></span> <span class='ocrx_word' id='word_1_175' title='bbox 3277 1005 3451 1062; x_wconf 88' lang='lat' dir='ltr'><strong><em>donec</em></strong></span> <span class='ocrx_word' id='word_1_176' title='bbox 3466 1006 3743 1077; x_wconf 83' lang='lat' dir='ltr'><strong><em>deﬁciant</em></strong></span> 
     </span>
    </p>
   </div>
   <div class='ocr_carea' id='block_1_27' title="bbox 2142 1088 2765 1160">
    <p class='ocr_par' dir='ltr' id='par_1_27' title="bbox 2142 1088 2765 1160">
     <span class='ocr_line' id='line_1_27' title="bbox 2142 1088 2765 1160; baseline 0.003 -18"><span class='ocrx_word' id='word_1_177' title='bbox 2142 1088 2233 1159; x_wconf 90' lang='lat' dir='ltr'><strong><em>qui</em></strong></span> <span class='ocrx_word' id='word_1_178' title='bbox 2261 1089 2582 1160; x_wconf 86' lang='lat' dir='ltr'><strong><em>obstrepunt</em></strong></span> <span class='ocrx_word' id='word_1_179' title='bbox 2611 1090 2765 1145; x_wconf 90' lang='lat' dir='ltr'><strong><em>mihi.</em></strong></span> 
     </span>
    </p>
   </div>
   <div class='ocr_carea' id='block_1_28' title="bbox 2213 1177 3740 1254">
    <p class='ocr_par' dir='ltr' id='par_1_28' title="bbox 2213 1177 3740 1254">
     <span class='ocr_line' id='line_1_28' title="bbox 2213 1177 3740 1254; baseline 0.005 -20"><span class='ocrx_word' id='word_1_180' title='bbox 2213 1177 2384 1234; x_wconf 77' lang='lat' dir='ltr'><strong><em>Vsus.</em></strong></span> <span class='ocrx_word' id='word_1_181' title='bbox 2406 1181 2494 1232; x_wconf 87' lang='lat'><strong><em>39.</em></strong></span> <span class='ocrx_word' id='word_1_182' title='bbox 2513 1208 2582 1218; x_wconf 89' lang='lat'><strong><em>—</em></strong></span> <span class='ocrx_word' id='word_1_183' title='bbox 2610 1179 2976 1251; x_wconf 87' lang='lat' dir='ltr'><strong><em>Confringam</em></strong></span> <span class='ocrx_word' id='word_1_184' title='bbox 2990 1181 3141 1250; x_wconf 88' lang='lat' dir='ltr'><strong><em>illos,</em></strong></span> <span class='ocrx_word' id='word_1_185' title='bbox 3156 1197 3261 1238; x_wconf 90' lang='lat' dir='ltr'><strong><em>nec</em></strong></span> <span class='ocrx_word' id='word_1_186' title='bbox 3271 1186 3548 1254; x_wconf 87' lang='lat' dir='ltr'><strong><em>poterunt</em></strong></span> <span class='ocrx_word' id='word_1_187' title='bbox 3564 1189 3740 1252; x_wconf 86' lang='lat' dir='ltr'><strong><em>stare,</em></strong></span> 
     </span>
    </p>
   </div>
   <div class='ocr_carea' id='block_1_29' title="bbox 2142 1265 3745 1343">
    <p class='ocr_par' dir='ltr' id='par_1_29' title="bbox 2142 1265 3745 1343">
     <span class='ocr_line' id='line_1_29' title="bbox 2142 1265 3745 1343; baseline 0.006 -23"><span class='ocrx_word' id='word_1_188' title='bbox 2142 1265 2351 1321; x_wconf 88' lang='lat' dir='ltr'><strong><em>cadent</em></strong></span> <span class='ocrx_word' id='word_1_189' title='bbox 2371 1266 2569 1323; x_wconf 82' lang='lat' dir='ltr'><strong><em>subtus</em></strong></span> <span class='ocrx_word' id='word_1_190' title='bbox 2580 1268 2750 1342; x_wconf 85' lang='lat' dir='ltr'><strong><em>pedes</em></strong></span> <span class='ocrx_word' id='word_1_191' title='bbox 2769 1284 2942 1325; x_wconf 88' lang='lat' dir='ltr'><strong><em>meos.</em></strong></span> <span class='ocrx_word' id='word_1_192' title='bbox 2968 1269 3336 1343; x_wconf 83' lang='lat' dir='ltr'><strong><em>Con/ringam</em></strong></span> <span class='ocrx_word' id='word_1_193' title='bbox 3353 1272 3506 1339; x_wconf 86' lang='lat' dir='ltr'><strong><em>illos,</em></strong></span> <span class='ocrx_word' id='word_1_194' title='bbox 3530 1289 3638 1329; x_wconf 87' lang='lat' dir='ltr'><strong><em>nec</em></strong></span> <span class='ocrx_word' id='word_1_195' title='bbox 3651 1273 3745 1329; x_wconf 86' lang='lat' dir='ltr'><strong><em>du-</em></strong></span> 
     </span>
    </p>
   </div>
   <div class='ocr_carea' id='block_1_30' title="bbox 2141 1354 3743 1431">
    <p class='ocr_par' dir='ltr' id='par_1_30' title="bbox 2141 1354 3743 1431">
     <span class='ocr_line' id='line_1_30' title="bbox 2141 1354 3743 1431; baseline 0.007 -23"><span class='ocrx_word' id='word_1_196' title='bbox 2141 1354 2338 1409; x_wconf 87' lang='lat' dir='ltr'><strong><em>rabunt</em></strong></span> <span class='ocrx_word' id='word_1_197' title='bbox 2352 1355 2640 1412; x_wconf 89' lang='lat' dir='ltr'><strong><em>adversum</em></strong></span> <span class='ocrx_word' id='word_1_198' title='bbox 2654 1372 2742 1413; x_wconf 92' lang='lat' dir='ltr'><strong><em>me</em></strong></span> <span class='ocrx_word' id='word_1_199' title='bbox 2762 1374 2776 1411; x_wconf 91' lang='lat'><strong>:</strong></span> <span class='ocrx_word' id='word_1_200' title='bbox 2795 1357 3032 1414; x_wconf 87' lang='lat' dir='ltr'><strong><em>directos</em></strong></span> <span class='ocrx_word' id='word_1_201' title='bbox 3047 1357 3157 1414; x_wconf 85' lang='lat' dir='ltr'><strong><em>illis</em></strong></span> <span class='ocrx_word' id='word_1_202' title='bbox 3168 1374 3477 1431; x_wconf 83' lang='lat' dir='ltr'><strong><em>proponam</em></strong></span> <span class='ocrx_word' id='word_1_203' title='bbox 3493 1361 3743 1429; x_wconf 81' lang='lat' dir='ltr'><strong><em>timores,</em></strong></span> 
     </span>
    </p>
   </div>
   <div class='ocr_carea' id='block_1_31' title="bbox 2144 1443 2988 1516">
    <p class='ocr_par' dir='ltr' id='par_1_31' title="bbox 2144 1443 2988 1516">
     <span class='ocr_line' id='line_1_31' title="bbox 2144 1443 2988 1516; baseline 0.006 -19"><span class='ocrx_word' id='word_1_204' title='bbox 2144 1443 2340 1516; x_wconf 89' lang='lat' dir='ltr'><strong><em>quibus</em></strong></span> <span class='ocrx_word' id='word_1_205' title='bbox 2369 1444 2589 1501; x_wconf 89' lang='lat' dir='ltr'><strong><em>ambulo</em></strong></span> <span class='ocrx_word' id='word_1_206' title='bbox 2616 1444 2673 1499; x_wconf 90' lang='lat' dir='ltr'><strong><em>in</em></strong></span> <span class='ocrx_word' id='word_1_207' title='bbox 2702 1452 2988 1502; x_wconf 73' lang='lat' dir='ltr'><strong><em>aeternum.</em></strong></span> 
     </span>
    </p>
   </div>
   <div class='ocr_carea' id='block_1_32' title="bbox 2215 1560 3743 1635">
    <p class='ocr_par' dir='ltr' id='par_1_32' title="bbox 2215 1560 3743 1635">
     <span class='ocr_line' id='line_1_32' title="bbox 2215 1560 3743 1635; baseline 0.005 -20"><span class='ocrx_word' id='word_1_208' title='bbox 2215 1560 2387 1616; x_wconf 76' lang='lat' dir='ltr'><strong><em>Vnus.</em></strong></span> <span class='ocrx_word' id='word_1_209' title='bbox 2410 1562 2499 1616; x_wconf 78' lang='grc'><strong>40.</strong></span> <span class='ocrx_word' id='word_1_210' title='bbox 2524 1591 2593 1602; x_wconf 90' lang='grc'><strong>-</strong></span> <span class='ocrx_word' id='word_1_211' title='bbox 2612 1562 2685 1617; x_wconf 87' lang='lat' dir='ltr'><strong><em>Et</em></strong></span> <span class='ocrx_word' id='word_1_212' title='bbox 2696 1563 3063 1635; x_wconf 65' lang='lat' dir='ltr'><strong><em>pracinxisti</em></strong></span> <span class='ocrx_word' id='word_1_213' title='bbox 3076 1579 3167 1622; x_wconf 88' lang='lat' dir='ltr'><strong><em>me</em></strong></span> <span class='ocrx_word' id='word_1_214' title='bbox 3186 1565 3399 1624; x_wconf 77' lang='lat' dir='ltr'><strong><em>virtute</em></strong></span> <span class='ocrx_word' id='word_1_215' title='bbox 3413 1566 3487 1622; x_wconf 85' lang='lat' dir='ltr'><strong><em>ad</em></strong></span> <span class='ocrx_word' id='word_1_216' title='bbox 3507 1567 3743 1635; x_wconf 86' lang='lat' dir='ltr'><strong><em>bellum,</em></strong></span> 
     </span>
    </p>
   </div>
   <div class='ocr_carea' id='block_1_33' title="bbox 2144 1650 3747 1722">
    <p class='ocr_par' dir='ltr' id='par_1_33' title="bbox 2144 1650 3747 1722">
     <span class='ocr_line' id='line_1_33' title="bbox 2144 1650 3747 1722; baseline 0.005 -19"><span class='ocrx_word' id='word_1_217' title='bbox 2144 1650 2533 1721; x_wconf 85' lang='lat' dir='ltr'><strong><em>supplantasti</em></strong></span> <span class='ocrx_word' id='word_1_218' title='bbox 2559 1651 2918 1722; x_wconf 80' lang='lat' dir='ltr'><strong><em>insurgentes</em></strong></span> <span class='ocrx_word' id='word_1_219' title='bbox 2960 1654 3026 1708; x_wconf 90' lang='lat' dir='ltr'><strong><em>in</em></strong></span> <span class='ocrx_word' id='word_1_220' title='bbox 3070 1668 3161 1709; x_wconf 87' lang='lat' dir='ltr'><strong><em>me</em></strong></span> <span class='ocrx_word' id='word_1_221' title='bbox 3201 1654 3401 1711; x_wconf 83' lang='lat' dir='ltr'><strong><em>subtus</em></strong></span> <span class='ocrx_word' id='word_1_222' title='bbox 3447 1671 3563 1712; x_wconf 87' lang='lat' dir='ltr'><strong><em>me.</em></strong></span> <span class='ocrx_word' id='word_1_223' title='bbox 3594 1656 3747 1713; x_wconf 89' lang='lat' dir='ltr'><strong><em>Con-</em></strong></span> 
     </span>
    </p>
   </div>
   <div class='ocr_carea' id='block_1_34' title="bbox 448 1737 3748 1814">
    <p class='ocr_par' dir='ltr' id='par_1_34' title="bbox 448 1737 3748 1814">
     <span class='ocr_line' id='line_1_34' title="bbox 448 1737 3748 1814; baseline 0.001 -16"><span class='ocrx_word' id='word_1_224' title='bbox 448 1744 502 1797; x_wconf 85' lang='lat' dir='ltr'><strong><em>te</em></strong></span> <span class='ocrx_word' id='word_1_225' title='bbox 531 1742 745 1814; x_wconf 89' lang='lat' dir='ltr'><strong><em>eripiar</em></strong></span> <span class='ocrx_word' id='word_1_226' title='bbox 772 1758 807 1797; x_wconf 91' lang='lat' dir='ltr'><strong><em>a</em></strong></span> <span class='ocrx_word' id='word_1_227' title='bbox 836 1744 1170 1808; x_wconf 89' lang='lat' dir='ltr'><strong><em>tentatione,</em></strong></span> <span class='ocrx_word' id='word_1_228' title='bbox 1191 1749 1367 1797; x_wconf 90' lang='lat' dir='ltr'><strong><em>etnon</em></strong></span> <span class='ocrx_word' id='word_1_229' title='bbox 1384 1741 1438 1795; x_wconf 91' lang='lat' dir='ltr'><strong><em>in</em></strong></span> <span class='ocrx_word' id='word_1_230' title='bbox 1459 1756 1566 1807; x_wconf 92' lang='lat' dir='ltr'><strong><em>me,</em></strong></span> <span class='ocrx_word' id='word_1_231' title='bbox 1600 1741 1697 1795; x_wconf 87' lang='lat' dir='ltr'><strong><em>sed</em></strong></span> <span class='ocrx_word' id='word_1_232' title='bbox 1713 1741 1778 1795; x_wconf 90' lang='lat' dir='ltr'><strong><em>in</em></strong></span> <span class='ocrx_word' id='word_1_233' title='bbox 1796 1742 1904 1795; x_wconf 91' lang='lat' dir='ltr'><strong><em>Deo</em></strong></span> <span class='ocrx_word' id='word_1_234' title='bbox 1919 1755 2040 1795; x_wconf 89' lang='lat' dir='ltr'><strong><em>meo</em></strong></span> <span class='ocrx_word' id='word_1_235' title='bbox 2070 1745 2124 1807; x_wconf 88' lang='grc' dir='ltr'>Β</span> <span class='ocrx_word' id='word_1_236' title='bbox 2147 1737 2409 1792; x_wconf 83' lang='lat' dir='ltr'><strong><em>strinxisti</em></strong></span> <span class='ocrx_word' id='word_1_237' title='bbox 2440 1737 2663 1794; x_wconf 86' lang='lat' dir='ltr'><strong><em>ﬂuentia</em></strong></span> <span class='ocrx_word' id='word_1_238' title='bbox 2711 1739 2981 1795; x_wconf 88' lang='lat' dir='ltr'><strong><em>desideria</em></strong></span> <span class='ocrx_word' id='word_1_239' title='bbox 3027 1740 3207 1798; x_wconf 86' lang='lat' dir='ltr'><strong><em>carnis</em></strong></span> <span class='ocrx_word' id='word_1_240' title='bbox 3234 1758 3373 1799; x_wconf 68' lang='lat' dir='ltr'><strong><em>mete</em></strong></span> <span class='ocrx_word' id='word_1_241' title='bbox 3419 1743 3644 1811; x_wconf 85' lang='lat' dir='ltr'><strong><em>virtute,</em></strong></span> <span class='ocrx_word' id='word_1_242' title='bbox 3677 1761 3748 1801; x_wconf 89' lang='lat' dir='ltr'><strong><em>ne</em></strong></span> 
     </span>
    </p>
   </div>
   <div class='ocr_carea' id='block_1_35' title="bbox 455 1829 2048 1901">
    <p class='ocr_par' dir='ltr' id='par_1_35' title="bbox 455 1829 2048 1901">
     <span class='ocr_line' id='line_1_35' title="bbox 455 1829 2048 1901; baseline -0.001 -16"><span class='ocrx_word' id='word_1_243' title='bbox 455 1831 844 1901; x_wconf 74' lang='lat' dir='ltr'><strong><em>transgredior</em></strong></span> <span class='ocrx_word' id='word_1_244' title='bbox 891 1847 1143 1896; x_wconf 88' lang='lat' dir='ltr'><strong><em>murum,</em></strong></span> <span class='ocrx_word' id='word_1_245' title='bbox 1191 1846 1354 1901; x_wconf 91' lang='lat' dir='ltr'><strong><em>quem</em></strong></span> <span class='ocrx_word' id='word_1_246' title='bbox 1399 1829 1542 1885; x_wconf 90' lang='lat' dir='ltr'><strong><em>inter</em></strong></span> <span class='ocrx_word' id='word_1_247' title='bbox 1570 1829 1820 1884; x_wconf 89' lang='lat' dir='ltr'><strong><em>homines</em></strong></span> <span class='ocrx_word' id='word_1_248' title='bbox 1849 1834 1901 1883; x_wconf 90' lang='lat' dir='ltr'><strong><em>et</em></strong></span> <span class='ocrx_word' id='word_1_249' title='bbox 1930 1842 2048 1884; x_wconf 63' lang='lat' dir='ltr'><strong><em>caa-</em></strong></span> 
     </span>
    </p>
   </div>
   <div class='ocr_carea' id='block_1_36' title="bbox 449 1916 1607 1988">
    <p class='ocr_par' dir='ltr' id='par_1_36' title="bbox 449 1916 1607 1988">
     <span class='ocr_line' id='line_1_36' title="bbox 449 1916 1607 1988; baseline 0.002 -16"><span class='ocrx_word' id='word_1_250' title='bbox 449 1916 647 1973; x_wconf 90' lang='lat' dir='ltr'><strong><em>lestem</em></strong></span> <span class='ocrx_word' id='word_1_251' title='bbox 675 1918 1013 1973; x_wconf 82' lang='lat' dir='ltr'><strong><em>Hierusalem</em></strong></span> <span class='ocrx_word' id='word_1_252' title='bbox 1042 1926 1271 1988; x_wconf 90' lang='lat' dir='ltr'><strong><em>peccata</em></strong></span> <span class='ocrx_word' id='word_1_253' title='bbox 1300 1925 1607 1974; x_wconf 85' lang='lat' dir='ltr'><strong><em>erexerunt.</em></strong></span> 
     </span>
    </p>
   </div>
   <div class='ocr_carea' id='block_1_37' title="bbox 522 2032 2050 2106">
    <p class='ocr_par' dir='ltr' id='par_1_37' title="bbox 522 2032 2050 2106">
     <span class='ocr_line' id='line_1_37' title="bbox 522 2032 2050 2106; baseline 0.001 -19"><span class='ocrx_word' id='word_1_254' title='bbox 522 2032 694 2088; x_wconf 74' lang='lat' dir='ltr'><strong><em>Vnus.</em></strong></span> <span class='ocrx_word' id='word_1_255' title='bbox 719 2036 807 2088; x_wconf 86' lang='grc'><strong><em>31.</em></strong></span> <span class='ocrx_word' id='word_1_256' title='bbox 826 2060 895 2073; x_wconf 87' lang='lat'><strong><em>-—</em></strong></span> <span class='ocrx_word' id='word_1_257' title='bbox 914 2035 1061 2089; x_wconf 84' lang='lat' dir='ltr'><strong><em>Deus</em></strong></span> <span class='ocrx_word' id='word_1_258' title='bbox 1070 2049 1229 2089; x_wconf 86' lang='lat' dir='ltr'><strong><em>meus</em></strong></span> <span class='ocrx_word' id='word_1_259' title='bbox 1241 2034 1545 2106; x_wconf 83' lang='lat' dir='ltr'><strong><em>impolluta</em></strong></span> <span class='ocrx_word' id='word_1_260' title='bbox 1558 2034 1650 2089; x_wconf 83' lang='lat' dir='ltr'><strong><em>via</em></strong></span> <span class='ocrx_word' id='word_1_261' title='bbox 1668 2034 1808 2105; x_wconf 88' lang='lat' dir='ltr'><strong><em>ejus,</em></strong></span> <span class='ocrx_word' id='word_1_262' title='bbox 1830 2032 2050 2105; x_wconf 86' lang='lat' dir='ltr'><strong><em>eloquia</em></strong></span> 
     </span>
    </p>
   </div>
   <div class='ocr_carea' id='block_1_38' title="bbox 451 2119 2049 2194">
    <p class='ocr_par' dir='ltr' id='par_1_38' title="bbox 451 2119 2049 2194">
     <span class='ocr_line' id='line_1_38' title="bbox 451 2119 2049 2194; baseline -0.003 -16"><span class='ocrx_word' id='word_1_263' title='bbox 451 2122 681 2179; x_wconf 88' lang='lat' dir='ltr'><strong><em>Domini</em></strong></span> <span class='ocrx_word' id='word_1_264' title='bbox 697 2124 826 2194; x_wconf 84' lang='lat' dir='ltr'><strong><em>igne</em></strong></span> <span class='ocrx_word' id='word_1_265' title='bbox 848 2123 1205 2189; x_wconf 75' lang='lat' dir='ltr'><strong><em>examinata,</em></strong></span> <span class='ocrx_word' id='word_1_266' title='bbox 1229 2130 1333 2177; x_wconf 89' lang='lat' dir='ltr'><strong><em>etc.</em></strong></span> <span class='ocrx_word' id='word_1_267' title='bbox 1356 2125 1501 2178; x_wconf 88' lang='lat' dir='ltr'><strong><em>Deus</em></strong></span> <span class='ocrx_word' id='word_1_268' title='bbox 1522 2138 1681 2179; x_wconf 89' lang='lat' dir='ltr'><strong><em>meus</em></strong></span> <span class='ocrx_word' id='word_1_269' title='bbox 1700 2137 1810 2176; x_wconf 90' lang='lat' dir='ltr'><strong><em>non</em></strong></span> <span class='ocrx_word' id='word_1_270' title='bbox 1825 2119 1973 2175; x_wconf 89' lang='lat' dir='ltr'><strong><em>venit</em></strong></span> <span class='ocrx_word' id='word_1_271' title='bbox 1991 2120 2049 2175; x_wconf 91' lang='lat' dir='ltr'><strong><em>in</em></strong></span> 
     </span>
    </p>
   </div>
   <div class='ocr_carea' id='block_1_39' title="bbox 457 2209 2048 2281">
    <p class='ocr_par' dir='ltr' id='par_1_39' title="bbox 457 2209 2048 2281">
     <span class='ocr_line' id='line_1_39' title="bbox 457 2209 2048 2281; baseline -0.001 -15"><span class='ocrx_word' id='word_1_272' title='bbox 457 2210 729 2276; x_wconf 89' lang='lat' dir='ltr'><strong><em>homines,</em></strong></span> <span class='ocrx_word' id='word_1_273' title='bbox 764 2210 868 2264; x_wconf 88' lang='lat' dir='ltr'><strong><em>nisi</em></strong></span> <span class='ocrx_word' id='word_1_274' title='bbox 904 2211 1355 2266; x_wconf 90' lang='lat' dir='ltr'><strong><em>manducaverint</em></strong></span> <span class='ocrx_word' id='word_1_275' title='bbox 1383 2210 1527 2266; x_wconf 89' lang='lat' dir='ltr'><strong><em>viam</em></strong></span> <span class='ocrx_word' id='word_1_276' title='bbox 1562 2209 1708 2275; x_wconf 89' lang='lat' dir='ltr'><strong><em>ﬁdei,</em></strong></span> <span class='ocrx_word' id='word_1_277' title='bbox 1730 2225 1837 2281; x_wconf 87' lang='lat' dir='ltr'><strong><em>qua</em></strong></span> <span class='ocrx_word' id='word_1_278' title='bbox 1866 2209 2048 2264; x_wconf 81' lang='lat' dir='ltr'><strong><em>veniat</em></strong></span> 
     </span>
    </p>
   </div>
   <div class='ocr_carea' id='block_1_40' title="bbox 454 2299 2046 2372">
    <p class='ocr_par' dir='ltr' id='par_1_40' title="bbox 454 2299 2046 2372">
     <span class='ocr_line' id='line_1_40' title="bbox 454 2299 2046 2372; baseline -0.001 -18"><span class='ocrx_word' id='word_1_279' title='bbox 454 2299 525 2354; x_wconf 91' lang='lat' dir='ltr'><strong><em>ad</em></strong></span> <span class='ocrx_word' id='word_1_280' title='bbox 555 2314 671 2365; x_wconf 89' lang='lat' dir='ltr'><strong><em>eos,</em></strong></span> <span class='ocrx_word' id='word_1_281' title='bbox 706 2299 830 2371; x_wconf 89' lang='lat' dir='ltr'><strong><em>quia</em></strong></span> <span class='ocrx_word' id='word_1_282' title='bbox 857 2299 1162 2372; x_wconf 87' lang='lat' dir='ltr'><strong><em>impolluta</em></strong></span> <span class='ocrx_word' id='word_1_283' title='bbox 1183 2303 1268 2355; x_wconf 88' lang='lat' dir='ltr'><strong><em>est</em></strong></span> <span class='ocrx_word' id='word_1_284' title='bbox 1287 2300 1377 2355; x_wconf 85' lang='lat' dir='ltr'><strong><em>via</em></strong></span> <span class='ocrx_word' id='word_1_285' title='bbox 1406 2302 1545 2371; x_wconf 90' lang='lat' dir='ltr'><strong><em>ejus.</em></strong></span> <span class='ocrx_word' id='word_1_286' title='bbox 1567 2299 1799 2371; x_wconf 87' lang='lat' dir='ltr'><strong><em>Eloquia</em></strong></span> <span class='ocrx_word' id='word_1_287' title='bbox 1827 2314 2046 2369; x_wconf 90' lang='lat' dir='ltr'><strong><em>quoque</em></strong></span> 
     </span>
    </p>
   </div>
   <div class='ocr_carea' id='block_1_41' title="bbox 451 2386 2046 2460">
    <p class='ocr_par' dir='ltr' id='par_1_41' title="bbox 451 2386 2046 2460">
     <span class='ocr_line' id='line_1_41' title="bbox 451 2386 2046 2460; baseline -0.003 -13"><span class='ocrx_word' id='word_1_288' title='bbox 451 2388 677 2447; x_wconf 88' lang='lat' dir='ltr'><strong><em>Domini</em></strong></span> <span class='ocrx_word' id='word_1_289' title='bbox 707 2391 838 2460; x_wconf 86' lang='lat' dir='ltr'><strong><em>igne</em></strong></span> <span class='ocrx_word' id='word_1_290' title='bbox 858 2387 1272 2443; x_wconf 87' lang='lat' dir='ltr'><strong><em>examinationis</em></strong></span> <span class='ocrx_word' id='word_1_291' title='bbox 1299 2389 1620 2459; x_wconf 88' lang='lat' dir='ltr'><strong><em>probantur,</em></strong></span> <span class='ocrx_word' id='word_1_292' title='bbox 1646 2396 1698 2443; x_wconf 92' lang='lat' dir='ltr'><strong><em>et</em></strong></span> <span class='ocrx_word' id='word_1_293' title='bbox 1719 2403 1927 2455; x_wconf 89' lang='lat' dir='ltr'><strong><em>omnes,</em></strong></span> <span class='ocrx_word' id='word_1_294' title='bbox 1953 2386 2046 2458; x_wconf 89' lang='lat' dir='ltr'><strong><em>qui</em></strong></span> 
     </span>
    </p>
   </div>
   <div class='ocr_carea' id='block_1_42' title="bbox 444 2475 2044 2549">
    <p class='ocr_par' dir='ltr' id='par_1_42' title="bbox 444 2475 2044 2549">
     <span class='ocr_line' id='line_1_42' title="bbox 444 2475 2044 2549; baseline -0.001 -16"><span class='ocrx_word' id='word_1_295' title='bbox 444 2477 632 2533; x_wconf 88' lang='lat' dir='ltr'><strong><em>nonin</em></strong></span> <span class='ocrx_word' id='word_1_296' title='bbox 654 2492 713 2531; x_wconf 82' lang='lat' dir='ltr'><strong><em>se</em></strong></span> <span class='ocrx_word' id='word_1_297' title='bbox 734 2476 887 2548; x_wconf 90' lang='lat' dir='ltr'><strong><em>ipsis,</em></strong></span> <span class='ocrx_word' id='word_1_298' title='bbox 913 2476 1013 2532; x_wconf 91' lang='lat' dir='ltr'><strong><em>sed</em></strong></span> <span class='ocrx_word' id='word_1_299' title='bbox 1033 2476 1088 2531; x_wconf 91' lang='lat' dir='ltr'><strong><em>in</em></strong></span> <span class='ocrx_word' id='word_1_300' title='bbox 1108 2477 1203 2532; x_wconf 90' lang='lat' dir='ltr'><strong><em>illo</em></strong></span> <span class='ocrx_word' id='word_1_301' title='bbox 1225 2485 1462 2549; x_wconf 84' lang='lat' dir='ltr'><strong><em>sperant,</em></strong></span> <span class='ocrx_word' id='word_1_302' title='bbox 1485 2477 1676 2533; x_wconf 89' lang='lat' dir='ltr'><strong><em>eadem</em></strong></span> <span class='ocrx_word' id='word_1_303' title='bbox 1696 2475 2044 2532; x_wconf 84' lang='lat' dir='ltr'><strong><em>tribulatione</em></strong></span> 
     </span>
    </p>
   </div>
   <div class='ocr_carea' id='block_1_43' title="bbox 446 2565 1826 2639">
    <p class='ocr_par' dir='ltr' id='par_1_43' title="bbox 446 2565 1826 2639">
     <span class='ocr_line' id='line_1_43' title="bbox 446 2565 1826 2639; baseline -0.003 -16"><span class='ocrx_word' id='word_1_304' title='bbox 446 2582 559 2623; x_wconf 88' lang='lat' dir='ltr'><strong><em>non</em></strong></span> <span class='ocrx_word' id='word_1_305' title='bbox 587 2573 1014 2633; x_wconf 90' lang='lat' dir='ltr'><strong><em>consumuntur;</em></strong></span> <span class='ocrx_word' id='word_1_306' title='bbox 1040 2583 1166 2638; x_wconf 90' lang='lat' dir='ltr'><strong><em>spes</em></strong></span> <span class='ocrx_word' id='word_1_307' title='bbox 1196 2567 1339 2622; x_wconf 92' lang='lat' dir='ltr'><strong><em>enim</em></strong></span> <span class='ocrx_word' id='word_1_308' title='bbox 1372 2566 1616 2639; x_wconf 88' lang='lat' dir='ltr'><strong><em>sequitur</em></strong></span> <span class='ocrx_word' id='word_1_309' title='bbox 1643 2565 1826 2621; x_wconf 89' lang='lat' dir='ltr'><strong><em>ﬁdem.</em></strong></span> 
     </span>
    </p>
   </div>
   <div class='ocr_carea' id='block_1_44' title="bbox 449 2670 2043 2755">
    <p class='ocr_par' dir='ltr' id='par_1_44' title="bbox 449 2670 2043 2755">
     <span class='ocr_line' id='line_1_44' title="bbox 449 2670 2043 2755; baseline -0.001 -18"><span class='ocrx_word' id='word_1_310' title='bbox 449 2670 453 2675; x_wconf 62' lang='grc'><em>’</em></span> <span class='ocrx_word' id='word_1_311' title='bbox 514 2681 688 2737; x_wconf 78' lang='lat' dir='ltr'><strong><em>Vnus.</em></strong></span> <span class='ocrx_word' id='word_1_312' title='bbox 714 2684 801 2739; x_wconf 88' lang='grc'><strong><em>32.</em></strong></span> <span class='ocrx_word' id='word_1_313' title='bbox 820 2710 890 2722; x_wconf 90' lang='grc'><strong><em>-</em></strong></span> <span class='ocrx_word' id='word_1_314' title='bbox 904 2681 1179 2749; x_wconf 86' lang='lat' dir='ltr'><strong><em>Quoniam</em></strong></span> <span class='ocrx_word' id='word_1_315' title='bbox 1196 2684 1320 2755; x_wconf 85' lang='lat' dir='ltr'><strong><em>quis</em></strong></span> <span class='ocrx_word' id='word_1_316' title='bbox 1339 2684 1488 2739; x_wconf 85' lang='lat' dir='ltr'><strong><em>Deus</em></strong></span> <span class='ocrx_word' id='word_1_317' title='bbox 1509 2685 1720 2754; x_wconf 60' lang='lat' dir='ltr'><strong><em>praeter</em></strong></span> <span class='ocrx_word' id='word_1_318' title='bbox 1740 2681 2043 2737; x_wconf 89' lang='lat' dir='ltr'><strong><em>Dominum</em></strong></span> 
     </span>
    </p>
   </div>
   <div class='ocr_carea' id='block_1_45' title="bbox 444 2770 2043 2846">
    <p class='ocr_par' dir='ltr' id='par_1_45' title="bbox 444 2770 2043 2846">
     <span class='ocr_line' id='line_1_45' title="bbox 444 2770 2043 2846; baseline -0.003 -18"><span class='ocrx_word' id='word_1_319' title='bbox 444 2775 548 2828; x_wconf 92' lang='lat' dir='ltr'><strong><em>aut</em></strong></span> <span class='ocrx_word' id='word_1_320' title='bbox 575 2771 699 2846; x_wconf 87' lang='lat' dir='ltr'><strong><em>quis</em></strong></span> <span class='ocrx_word' id='word_1_321' title='bbox 727 2772 872 2828; x_wconf 87' lang='lat' dir='ltr'><strong><em>Deus</em></strong></span> <span class='ocrx_word' id='word_1_322' title='bbox 897 2775 1106 2844; x_wconf 62' lang='lat' dir='ltr'><strong><em>praeter</em></strong></span> <span class='ocrx_word' id='word_1_323' title='bbox 1156 2773 1332 2827; x_wconf 90' lang='lat' dir='ltr'><strong><em>Deum</em></strong></span> <span class='ocrx_word' id='word_1_324' title='bbox 1383 2774 1645 2827; x_wconf 88' lang='lat' dir='ltr'><strong><em>nostrum</em></strong></span> <span class='ocrx_word' id='word_1_325' title='bbox 1680 2774 1702 2826; x_wconf 83' lang='lat'><strong><em>?</em></strong></span> <span class='ocrx_word' id='word_1_326' title='bbox 1734 2770 1866 2837; x_wconf 87' lang='lat' dir='ltr'><strong><em>Quis</em></strong></span> <span class='ocrx_word' id='word_1_327' title='bbox 1896 2770 2043 2824; x_wconf 91' lang='lat' dir='ltr'><strong><em>Deus</em></strong></span> 
     </span>
    </p>
   </div>
   <div class='ocr_carea' id='block_1_46' title="bbox 445 2859 2043 2936">
    <p class='ocr_par' dir='ltr' id='par_1_46' title="bbox 445 2859 2043 2936">
     <span class='ocr_line' id='line_1_46' title="bbox 445 2859 2043 2936; baseline -0.002 -20"><span class='ocrx_word' id='word_1_328' title='bbox 445 2862 658 2936; x_wconf 66' lang='lat' dir='ltr'><strong><em>praeter</em></strong></span> <span class='ocrx_word' id='word_1_329' title='bbox 675 2861 999 2926; x_wconf 89' lang='lat' dir='ltr'><strong><em>Dominum,</em></strong></span> <span class='ocrx_word' id='word_1_330' title='bbox 1020 2859 1107 2916; x_wconf 91' lang='lat' dir='ltr'><strong><em>cui</em></strong></span> <span class='ocrx_word' id='word_1_331' title='bbox 1129 2860 1395 2915; x_wconf 90' lang='lat' dir='ltr'><strong><em>servimus</em></strong></span> <span class='ocrx_word' id='word_1_332' title='bbox 1407 2860 1436 2914; x_wconf 83' lang='lat'><strong>?</strong></span> <span class='ocrx_word' id='word_1_333' title='bbox 1456 2863 1512 2915; x_wconf 90' lang='lat' dir='ltr'><strong><em>et</em></strong></span> <span class='ocrx_word' id='word_1_334' title='bbox 1531 2859 1654 2933; x_wconf 85' lang='lat' dir='ltr'><strong><em>quis</em></strong></span> <span class='ocrx_word' id='word_1_335' title='bbox 1672 2860 1818 2915; x_wconf 88' lang='lat' dir='ltr'><strong><em>Deus</em></strong></span> <span class='ocrx_word' id='word_1_336' title='bbox 1834 2860 2043 2930; x_wconf 67' lang='lat' dir='ltr'><strong><em>prater</em></strong></span> 
     </span>
    </p>
   </div>
   <div class='ocr_carea' id='block_1_47' title="bbox 446 2947 2039 3020">
    <p class='ocr_par' dir='ltr' id='par_1_47' title="bbox 446 2947 2039 3020">
     <span class='ocr_line' id='line_1_47' title="bbox 446 2947 2039 3020; baseline -0.004 -14"><span class='ocrx_word' id='word_1_337' title='bbox 446 2951 629 3006; x_wconf 88' lang='lat' dir='ltr'><strong><em>Deum</em></strong></span> <span class='ocrx_word' id='word_1_338' title='bbox 658 2952 940 3015; x_wconf 86' lang='lat' dir='ltr'><strong><em>nostrum,</em></strong></span> <span class='ocrx_word' id='word_1_339' title='bbox 974 2964 1137 3020; x_wconf 89' lang='lat' dir='ltr'><strong><em>quem</em></strong></span> <span class='ocrx_word' id='word_1_340' title='bbox 1169 2955 1293 3019; x_wconf 91' lang='lat' dir='ltr'><strong><em>post</em></strong></span> <span class='ocrx_word' id='word_1_341' title='bbox 1320 2948 1523 3003; x_wconf 91' lang='lat' dir='ltr'><strong><em>bonam</em></strong></span> <span class='ocrx_word' id='word_1_342' title='bbox 1552 2947 1867 3003; x_wconf 83' lang='lat' dir='ltr'><strong><em>servitutem</em></strong></span> <span class='ocrx_word' id='word_1_343' title='bbox 1913 2953 2039 2999; x_wconf 90' lang='lat' dir='ltr'><strong><em>tan-</em></strong></span> 
     </span>
    </p>
   </div>
   <div class='ocr_carea' id='block_1_48' title="bbox 447 3034 2041 3112">
    <p class='ocr_par' dir='ltr' id='par_1_48' title="bbox 447 3034 2041 3112">
     <span class='ocr_line' id='line_1_48' title="bbox 447 3034 2041 3112; baseline -0.002 -19"><span class='ocrx_word' id='word_1_344' title='bbox 447 3053 612 3112; x_wconf 85' lang='lat' dir='ltr'><strong><em>quam</em></strong></span> <span class='ocrx_word' id='word_1_345' title='bbox 657 3037 1031 3093; x_wconf 70' lang='lat' dir='ltr'><strong><em>htereditatem</em></strong></span> <span class='ocrx_word' id='word_1_346' title='bbox 1093 3044 1374 3109; x_wconf 88' lang='lat' dir='ltr'><strong><em>sperantes</em></strong></span> <span class='ocrx_word' id='word_1_347' title='bbox 1440 3035 1535 3090; x_wconf 90' lang='lat' dir='ltr'><strong><em>ﬁlii</em></strong></span> <span class='ocrx_word' id='word_1_348' title='bbox 1594 3034 2041 3108; x_wconf 78' lang='lat' dir='ltr'><strong><em>possidebimus?</em></strong></span> 
     </span>
    </p>
   </div>
   <div class='ocr_carea' id='block_1_49' title="bbox 2149 1824 3747 1906">
    <p class='ocr_par' dir='ltr' id='par_1_49' title="bbox 2149 1824 3747 1906">
     <span class='ocr_line' id='line_1_49' title="bbox 2149 1824 3747 1906; baseline 0.006 -27"><span class='ocrx_word' id='word_1_349' title='bbox 2149 1824 2207 1880; x_wconf 89' lang='lat' dir='ltr'><strong><em>in</em></strong></span> <span class='ocrx_word' id='word_1_350' title='bbox 2233 1825 2329 1880; x_wconf 87' lang='lat' dir='ltr'><strong><em>tali</em></strong></span> <span class='ocrx_word' id='word_1_351' title='bbox 2357 1842 2545 1898; x_wconf 82' lang='lat' dir='ltr'><strong><em>pugna</em></strong></span> <span class='ocrx_word' id='word_1_352' title='bbox 2586 1828 2945 1899; x_wconf 67' lang='lat' dir='ltr'><strong><em>praepedirer,</em></strong></span> <span class='ocrx_word' id='word_1_353' title='bbox 2978 1836 3033 1884; x_wconf 89' lang='lat' dir='ltr'><strong><em>et</em></strong></span> <span class='ocrx_word' id='word_1_354' title='bbox 3059 1829 3239 1900; x_wconf 88' lang='lat' dir='ltr'><strong><em>decipi</em></strong></span> <span class='ocrx_word' id='word_1_355' title='bbox 3282 1830 3461 1888; x_wconf 86' lang='lat' dir='ltr'><strong><em>fecisti</em></strong></span> <span class='ocrx_word' id='word_1_356' title='bbox 3508 1848 3608 1888; x_wconf 89' lang='lat' dir='ltr'><strong><em>eos</em></strong></span> <span class='ocrx_word' id='word_1_357' title='bbox 3654 1834 3747 1906; x_wconf 89' lang='lat' dir='ltr'><strong><em>qui</em></strong></span> 
     </span>
    </p>
   </div>
   <div class='ocr_carea' id='block_1_50' title="bbox 2149 1914 3748 1994">
    <p class='ocr_par' dir='ltr' id='par_1_50' title="bbox 2149 1914 3748 1994">
     <span class='ocr_line' id='line_1_50' title="bbox 2149 1914 3748 1994; baseline 0.006 -26"><span class='ocrx_word' id='word_1_358' title='bbox 2149 1930 2238 1969; x_wconf 89' lang='lat' dir='ltr'><strong><em>me</em></strong></span> <span class='ocrx_word' id='word_1_359' title='bbox 2266 1914 2713 1986; x_wconf 87' lang='lat' dir='ltr'><strong><em>insequebantur,</em></strong></span> <span class='ocrx_word' id='word_1_360' title='bbox 2744 1923 2803 1972; x_wconf 92' lang='lat' dir='ltr'><strong><em>ut</em></strong></span> <span class='ocrx_word' id='word_1_361' title='bbox 2830 1916 3021 1973; x_wconf 90' lang='lat' dir='ltr'><strong><em>subter</em></strong></span> <span class='ocrx_word' id='word_1_362' title='bbox 3067 1934 3157 1973; x_wconf 89' lang='lat' dir='ltr'><strong><em>me</em></strong></span> <span class='ocrx_word' id='word_1_363' title='bbox 3186 1916 3401 1989; x_wconf 86' lang='lat' dir='ltr'><strong><em>ﬁerent,</em></strong></span> <span class='ocrx_word' id='word_1_364' title='bbox 3453 1921 3552 1993; x_wconf 89' lang='lat' dir='ltr'><strong><em>qui</em></strong></span> <span class='ocrx_word' id='word_1_365' title='bbox 3577 1938 3748 1994; x_wconf 84' lang='lat' dir='ltr'><strong><em>super</em></strong></span> 
     </span>
    </p>
   </div>
   <div class='ocr_carea' id='block_1_51' title="bbox 2148 2003 2738 2075">
    <p class='ocr_par' dir='ltr' id='par_1_51' title="bbox 2148 2003 2738 2075">
     <span class='ocr_line' id='line_1_51' title="bbox 2148 2003 2738 2075; baseline 0 -17"><span class='ocrx_word' id='word_1_366' title='bbox 2148 2017 2237 2058; x_wconf 91' lang='lat' dir='ltr'><strong><em>me</em></strong></span> <span class='ocrx_word' id='word_1_367' title='bbox 2266 2018 2390 2058; x_wconf 91' lang='lat' dir='ltr'><strong><em>esse</em></strong></span> <span class='ocrx_word' id='word_1_368' title='bbox 2427 2003 2738 2075; x_wconf 91' lang='lat' dir='ltr'><strong><em>cupiebant.</em></strong></span> 
     </span>
    </p>
   </div>
   <div class='ocr_carea' id='block_1_52' title="bbox 2218 2118 3745 2192">
    <p class='ocr_par' dir='ltr' id='par_1_52' title="bbox 2218 2118 3745 2192">
     <span class='ocr_line' id='line_1_52' title="bbox 2218 2118 3745 2192; baseline 0.005 -17"><span class='ocrx_word' id='word_1_369' title='bbox 2218 2118 2389 2175; x_wconf 72' lang='lat' dir='ltr'><strong><em>Vens.</em></strong></span> <span class='ocrx_word' id='word_1_370' title='bbox 2405 2120 2493 2175; x_wconf 77' lang='grc'><strong>41.</strong></span> <span class='ocrx_word' id='word_1_371' title='bbox 2508 2121 2659 2175; x_wconf 88' lang='lat' dir='ltr'><strong><em>—Et</em></strong></span> <span class='ocrx_word' id='word_1_372' title='bbox 2671 2120 2932 2177; x_wconf 88' lang='lat' dir='ltr'><strong><em>inimicos</em></strong></span> <span class='ocrx_word' id='word_1_373' title='bbox 2942 2137 3093 2178; x_wconf 88' lang='lat' dir='ltr'><strong><em>meos</em></strong></span> <span class='ocrx_word' id='word_1_374' title='bbox 3111 2122 3317 2179; x_wconf 85' lang='lat' dir='ltr'><strong><em>dedisti</em></strong></span> <span class='ocrx_word' id='word_1_375' title='bbox 3326 2125 3471 2181; x_wconf 84' lang='lat' dir='ltr'><strong><em>mihi</em></strong></span> <span class='ocrx_word' id='word_1_376' title='bbox 3485 2125 3745 2192; x_wconf 84' lang='lat' dir='ltr'><strong><em>dorsum,</em></strong></span> 
     </span>
    </p>
   </div>
   <div class='ocr_carea' id='block_1_53' title="bbox 2147 2206 3747 2277">
    <p class='ocr_par' dir='ltr' id='par_1_53' title="bbox 2147 2206 3747 2277">
     <span class='ocr_line' id='line_1_53' title="bbox 2147 2206 3747 2277; baseline 0.006 -15"><span class='ocrx_word' id='word_1_377' title='bbox 2147 2212 2251 2264; x_wconf 88' lang='lat' dir='ltr'><strong><em>etc.</em></strong></span> <span class='ocrx_word' id='word_1_378' title='bbox 2285 2206 2540 2263; x_wconf 88' lang='lat' dir='ltr'><strong><em>Inimicos</em></strong></span> <span class='ocrx_word' id='word_1_379' title='bbox 2567 2223 2719 2263; x_wconf 91' lang='lat' dir='ltr'><strong><em>meos</em></strong></span> <span class='ocrx_word' id='word_1_380' title='bbox 2751 2210 3086 2277; x_wconf 91' lang='lat' dir='ltr'><strong><em>convertisti,</em></strong></span> <span class='ocrx_word' id='word_1_381' title='bbox 3120 2218 3173 2267; x_wconf 90' lang='lat' dir='ltr'><strong><em>et</em></strong></span> <span class='ocrx_word' id='word_1_382' title='bbox 3201 2212 3430 2268; x_wconf 87' lang='lat' dir='ltr'><strong><em>dorsum</em></strong></span> <span class='ocrx_word' id='word_1_383' title='bbox 3478 2214 3616 2269; x_wconf 90' lang='lat' dir='ltr'><strong><em>mihi</em></strong></span> <span class='ocrx_word' id='word_1_384' title='bbox 3647 2230 3747 2270; x_wconf 88' lang='lat' dir='ltr'><strong><em>eos</em></strong></span> 
     </span>
    </p>
   </div>
   <div class='ocr_carea' id='block_1_54' title="bbox 2145 2293 3746 2370">
    <p class='ocr_par' dir='ltr' id='par_1_54' title="bbox 2145 2293 3746 2370">
     <span class='ocr_line' id='line_1_54' title="bbox 2145 2293 3746 2370; baseline 0.006 -20"><span class='ocrx_word' id='word_1_385' title='bbox 2145 2293 2320 2351; x_wconf 79' lang='lat' dir='ltr'><strong><em>fecisti</em></strong></span> <span class='ocrx_word' id='word_1_386' title='bbox 2351 2312 2494 2363; x_wconf 90' lang='lat' dir='ltr'><strong><em>esse,</em></strong></span> <span class='ocrx_word' id='word_1_387' title='bbox 2528 2296 2585 2351; x_wconf 93' lang='lat' dir='ltr'><strong><em>id</em></strong></span> <span class='ocrx_word' id='word_1_388' title='bbox 2612 2304 2695 2352; x_wconf 92' lang='lat' dir='ltr'><strong><em>est</em></strong></span> <span class='ocrx_word' id='word_1_389' title='bbox 2723 2305 2780 2353; x_wconf 92' lang='lat' dir='ltr'><strong><em>ut</em></strong></span> <span class='ocrx_word' id='word_1_390' title='bbox 2809 2306 3163 2370; x_wconf 88' lang='lat' dir='ltr'><strong><em>sequerentur</em></strong></span> <span class='ocrx_word' id='word_1_391' title='bbox 3208 2317 3316 2369; x_wconf 92' lang='lat' dir='ltr'><strong><em>me,</em></strong></span> <span class='ocrx_word' id='word_1_392' title='bbox 3369 2302 3507 2356; x_wconf 88' lang='lat' dir='ltr'><strong><em>alios</em></strong></span> <span class='ocrx_word' id='word_1_393' title='bbox 3557 2311 3746 2360; x_wconf 87' lang='lat' dir='ltr'><strong><em>autem</em></strong></span> 
     </span>
    </p>
   </div>
   <div class='ocr_carea' id='block_1_55' title="bbox 2146 2385 3557 2461">
    <p class='ocr_par' dir='ltr' id='par_1_55' title="bbox 2146 2385 3557 2461">
     <span class='ocr_line' id='line_1_55' title="bbox 2146 2385 3557 2461; baseline 0.004 -22"><span class='ocrx_word' id='word_1_394' title='bbox 2146 2399 2357 2452; x_wconf 91' lang='lat' dir='ltr'><strong><em>eorum,</em></strong></span> <span class='ocrx_word' id='word_1_395' title='bbox 2386 2385 2478 2457; x_wconf 91' lang='lat' dir='ltr'><strong><em>qui</em></strong></span> <span class='ocrx_word' id='word_1_396' title='bbox 2506 2385 2563 2439; x_wconf 90' lang='lat' dir='ltr'><strong><em>in</em></strong></span> <span class='ocrx_word' id='word_1_397' title='bbox 2592 2385 2720 2442; x_wconf 89' lang='lat' dir='ltr'><strong><em>odio</em></strong></span> <span class='ocrx_word' id='word_1_398' title='bbox 2750 2388 3133 2457; x_wconf 89' lang='lat' dir='ltr'><strong><em>perdurarunt,</em></strong></span> <span class='ocrx_word' id='word_1_399' title='bbox 3165 2389 3557 2461; x_wconf 84' lang='lat' dir='ltr'><strong><em>disperdidisti.</em></strong></span> 
     </span>
    </p>
   </div>
   <div class='ocr_carea' id='block_1_56' title="bbox 2214 2501 3747 2579">
    <p class='ocr_par' dir='ltr' id='par_1_56' title="bbox 2214 2501 3747 2579">
     <span class='ocr_line' id='line_1_56' title="bbox 2214 2501 3747 2579; baseline 0.005 -23"><span class='ocrx_word' id='word_1_400' title='bbox 2214 2501 2386 2556; x_wconf 76' lang='lat' dir='ltr'><strong><em>Vnus.</em></strong></span> <span class='ocrx_word' id='word_1_401' title='bbox 2406 2502 2495 2559; x_wconf 76' lang='grc'><strong>42.</strong></span> <span class='ocrx_word' id='word_1_402' title='bbox 2514 2530 2584 2542; x_wconf 91' lang='grc'><strong>-</strong></span> <span class='ocrx_word' id='word_1_403' title='bbox 2609 2502 3029 2571; x_wconf 84' lang='lat' dir='ltr'><strong><em>Clamaverunt,</em></strong></span> <span class='ocrx_word' id='word_1_404' title='bbox 3048 2520 3153 2561; x_wconf 88' lang='lat' dir='ltr'><strong><em>nec</em></strong></span> <span class='ocrx_word' id='word_1_405' title='bbox 3183 2510 3307 2561; x_wconf 90' lang='lat' dir='ltr'><strong><em>erat</em></strong></span> <span class='ocrx_word' id='word_1_406' title='bbox 3326 2506 3423 2579; x_wconf 86' lang='lat' dir='ltr'><strong><em>qui</em></strong></span> <span class='ocrx_word' id='word_1_407' title='bbox 3435 2507 3623 2564; x_wconf 79' lang='lat' dir='ltr'><strong><em>salvos</em></strong></span> <span class='ocrx_word' id='word_1_408' title='bbox 3644 2509 3747 2578; x_wconf 82' lang='lat' dir='ltr'><strong><em>fa-</em></strong></span> 
     </span>
    </p>
   </div>
   <div class='ocr_carea' id='block_1_57' title="bbox 2143 2588 3750 2662">
    <p class='ocr_par' dir='ltr' id='par_1_57' title="bbox 2143 2588 3750 2662">
     <span class='ocr_line' id='line_1_57' title="bbox 2143 2588 3750 2662; baseline 0.003 -16"><span class='ocrx_word' id='word_1_409' title='bbox 2143 2592 2296 2646; x_wconf 87' lang='lat' dir='ltr'><strong><em>ceret</em></strong></span> <span class='ocrx_word' id='word_1_410' title='bbox 2316 2588 2390 2645; x_wconf 88' lang='lat' dir='ltr'><strong><em>ad</em></strong></span> <span class='ocrx_word' id='word_1_411' title='bbox 2410 2591 2733 2657; x_wconf 87' lang='lat' dir='ltr'><strong><em>Dominum,</em></strong></span> <span class='ocrx_word' id='word_1_412' title='bbox 2748 2608 2853 2647; x_wconf 90' lang='lat' dir='ltr'><strong><em>nec</em></strong></span> <span class='ocrx_word' id='word_1_413' title='bbox 2869 2592 3167 2649; x_wconf 70' lang='lat' dir='ltr'><strong><em>exaudivit</em></strong></span> <span class='ocrx_word' id='word_1_414' title='bbox 3182 2609 3290 2651; x_wconf 88' lang='lat' dir='ltr'><strong><em>eos.</em></strong></span> <span class='ocrx_word' id='word_1_415' title='bbox 3315 2592 3448 2662; x_wconf 86' lang='lat' dir='ltr'><strong><em>Quis</em></strong></span> <span class='ocrx_word' id='word_1_416' title='bbox 3465 2595 3613 2650; x_wconf 90' lang='lat' dir='ltr'><strong><em>enim</em></strong></span> <span class='ocrx_word' id='word_1_417' title='bbox 3636 2595 3750 2651; x_wconf 85' lang='lat' dir='ltr'><strong><em>sal-</em></strong></span> 
     </span>
    </p>
   </div>
   <div class='ocr_carea' id='block_1_58' title="bbox 2143 2677 3751 2754">
    <p class='ocr_par' dir='ltr' id='par_1_58' title="bbox 2143 2677 3751 2754">
     <span class='ocr_line' id='line_1_58' title="bbox 2143 2677 3751 2754; baseline 0.005 -22"><span class='ocrx_word' id='word_1_418' title='bbox 2143 2692 2243 2733; x_wconf 89' lang='lat' dir='ltr'><strong><em>vos</em></strong></span> <span class='ocrx_word' id='word_1_419' title='bbox 2272 2677 2496 2746; x_wconf 86' lang='lat' dir='ltr'><strong><em>faceret,</em></strong></span> <span class='ocrx_word' id='word_1_420' title='bbox 2529 2694 2668 2751; x_wconf 89' lang='lat' dir='ltr'><strong><em>quos</em></strong></span> <span class='ocrx_word' id='word_1_421' title='bbox 2685 2687 2742 2735; x_wconf 92' lang='lat' dir='ltr'><strong><em>tu</em></strong></span> <span class='ocrx_word' id='word_1_422' title='bbox 2761 2696 2874 2735; x_wconf 91' lang='lat' dir='ltr'><strong><em>non</em></strong></span> <span class='ocrx_word' id='word_1_423' title='bbox 2902 2679 3117 2737; x_wconf 90' lang='lat' dir='ltr'><strong><em>faceres</em></strong></span> <span class='ocrx_word' id='word_1_424' title='bbox 3136 2681 3164 2736; x_wconf 84' lang='lat'><strong>?</strong></span> <span class='ocrx_word' id='word_1_425' title='bbox 3181 2683 3299 2739; x_wconf 92' lang='lat' dir='ltr'><strong><em>Nec</em></strong></span> <span class='ocrx_word' id='word_1_426' title='bbox 3323 2684 3394 2738; x_wconf 89' lang='lat' dir='ltr'><strong><em>ad</em></strong></span> <span class='ocrx_word' id='word_1_427' title='bbox 3411 2684 3719 2754; x_wconf 84' lang='lat' dir='ltr'><strong><em>quemlibet</em></strong></span> <span class='ocrx_word' id='word_1_428' title='bbox 3737 2728 3751 2752; x_wconf 89' lang='lat'><strong><em>,</em></strong></span> 
     </span>
    </p>
   </div>
   <div class='ocr_carea' id='block_1_59' title="bbox 2138 2767 3750 2836">
    <p class='ocr_par' dir='ltr' id='par_1_59' title="bbox 2138 2767 3750 2836">
     <span class='ocr_line' id='line_1_59' title="bbox 2138 2767 3750 2836; baseline 0.005 -15"><span class='ocrx_word' id='word_1_429' title='bbox 2138 2767 2238 2822; x_wconf 88' lang='lat' dir='ltr'><strong><em>sed</em></strong></span> <span class='ocrx_word' id='word_1_430' title='bbox 2269 2768 2340 2821; x_wconf 92' lang='lat' dir='ltr'><strong><em>ad</em></strong></span> <span class='ocrx_word' id='word_1_431' title='bbox 2369 2767 2657 2823; x_wconf 91' lang='lat' dir='ltr'><strong><em>Dominum</em></strong></span> <span class='ocrx_word' id='word_1_432' title='bbox 2700 2768 3092 2836; x_wconf 88' lang='lat' dir='ltr'><strong><em>clamaverunt,</em></strong></span> <span class='ocrx_word' id='word_1_433' title='bbox 3143 2786 3247 2828; x_wconf 90' lang='lat' dir='ltr'><strong><em>nec</em></strong></span> <span class='ocrx_word' id='word_1_434' title='bbox 3283 2773 3631 2829; x_wconf 85' lang='lat' dir='ltr'><strong><em>exauditione</em></strong></span> <span class='ocrx_word' id='word_1_435' title='bbox 3662 2773 3750 2828; x_wconf 89' lang='lat' dir='ltr'><strong><em>di-</em></strong></span> 
     </span>
    </p>
   </div>
   <div class='ocr_carea' id='block_1_60' title="bbox 2138 2854 3747 2934">
    <p class='ocr_par' dir='ltr' id='par_1_60' title="bbox 2138 2854 3747 2934">
     <span class='ocr_line' id='line_1_60' title="bbox 2138 2854 3747 2934; baseline 0.005 -24"><span class='ocrx_word' id='word_1_436' title='bbox 2138 2870 2278 2927; x_wconf 82' lang='lat' dir='ltr'><strong><em>gnos</em></strong></span> <span class='ocrx_word' id='word_1_437' title='bbox 2293 2854 2559 2924; x_wconf 88' lang='lat' dir='ltr'><strong><em>judicavit</em></strong></span> <span class='ocrx_word' id='word_1_438' title='bbox 2577 2873 2687 2912; x_wconf 90' lang='lat' dir='ltr'><strong><em>non</em></strong></span> <span class='ocrx_word' id='word_1_439' title='bbox 2709 2858 3031 2915; x_wconf 87' lang='lat' dir='ltr'><strong><em>recedentes</em></strong></span> <span class='ocrx_word' id='word_1_440' title='bbox 3053 2874 3087 2914; x_wconf 91' lang='lat' dir='ltr'><strong><em>a</em></strong></span> <span class='ocrx_word' id='word_1_441' title='bbox 3105 2859 3309 2917; x_wconf 89' lang='lat' dir='ltr'><strong><em>malitia</em></strong></span> <span class='ocrx_word' id='word_1_442' title='bbox 3338 2877 3455 2928; x_wconf 87' lang='lat' dir='ltr'><strong><em>sua,</em></strong></span> <span class='ocrx_word' id='word_1_443' title='bbox 3490 2862 3640 2934; x_wconf 87' lang='lat' dir='ltr'><strong><em>quod</em></strong></span> <span class='ocrx_word' id='word_1_444' title='bbox 3671 2863 3747 2919; x_wconf 90' lang='lat' dir='ltr'><strong><em>de</em></strong></span> 
     </span>
    </p>
   </div>
   <div class='ocr_carea' id='block_1_61' title="bbox 2137 2943 3744 3023">
    <p class='ocr_par' dir='ltr' id='par_1_61' title="bbox 2137 2943 3744 3023">
     <span class='ocr_line' id='line_1_61' title="bbox 2137 2943 3744 3023; baseline 0.005 -25"><span class='ocrx_word' id='word_1_445' title='bbox 2137 2943 2341 3001; x_wconf 65' lang='lat' dir='ltr'><strong><em>Iudaeis</em></strong></span> <span class='ocrx_word' id='word_1_446' title='bbox 2388 2945 2697 3015; x_wconf 87' lang='lat' dir='ltr'><strong><em>specialiter</em></strong></span> <span class='ocrx_word' id='word_1_447' title='bbox 2743 2946 3158 3021; x_wconf 81' lang='lat' dir='ltr'><strong><em>intelligendum</em></strong></span> <span class='ocrx_word' id='word_1_448' title='bbox 3203 2956 3304 3018; x_wconf 88' lang='lat' dir='ltr'><strong><em>est,</em></strong></span> <span class='ocrx_word' id='word_1_449' title='bbox 3357 2949 3451 3023; x_wconf 91' lang='lat' dir='ltr'><strong><em>qui</em></strong></span> <span class='ocrx_word' id='word_1_450' title='bbox 3489 2950 3549 3004; x_wconf 89' lang='lat' dir='ltr'><strong><em>in</em></strong></span> <span class='ocrx_word' id='word_1_451' title='bbox 3599 2966 3744 3023; x_wconf 82' lang='lat' dir='ltr'><strong><em>syn-</em></strong></span> 
     </span>
    </p>
   </div>
   <div class='ocr_carea' id='block_1_62' title="bbox 2137 3032 3751 3109">
    <p class='ocr_par' dir='ltr' id='par_1_62' title="bbox 2137 3032 3751 3109">
     <span class='ocr_line' id='line_1_62' title="bbox 2137 3032 3751 3109; baseline 0.006 -21"><span class='ocrx_word' id='word_1_452' title='bbox 2137 3032 2334 3105; x_wconf 80' lang='lat' dir='ltr'><strong><em>agogis</em></strong></span> <span class='ocrx_word' id='word_1_453' title='bbox 2355 3032 2609 3102; x_wconf 91' lang='lat' dir='ltr'><strong><em>clamant,</em></strong></span> <span class='ocrx_word' id='word_1_454' title='bbox 2634 3050 2738 3092; x_wconf 92' lang='lat' dir='ltr'><strong><em>nec</em></strong></span> <span class='ocrx_word' id='word_1_455' title='bbox 2756 3036 3139 3104; x_wconf 86' lang='lat' dir='ltr'><strong><em>exaudiuntur,</em></strong></span> <span class='ocrx_word' id='word_1_456' title='bbox 3164 3037 3293 3109; x_wconf 90' lang='lat' dir='ltr'><strong><em>quia</em></strong></span> <span class='ocrx_word' id='word_1_457' title='bbox 3306 3045 3589 3095; x_wconf 89' lang='lat' dir='ltr'><strong><em>terrenam</em></strong></span> <span class='ocrx_word' id='word_1_458' title='bbox 3619 3038 3751 3097; x_wconf 82' lang='lat' dir='ltr'><strong><em>Hie-</em></strong></span> 
     </span>
    </p>
   </div>
   <div class='ocr_carea' id='block_1_63' title="bbox 517 3109 3223 3198">
    <p class='ocr_par' dir='ltr' id='par_1_63' title="bbox 517 3109 3223 3198">
     <span class='ocr_line' id='line_1_63' title="bbox 517 3109 3223 3198; baseline 0 -16"><span class='ocrx_word' id='word_1_459' title='bbox 517 3127 691 3183; x_wconf 75' lang='lat' dir='ltr'><strong><em>Vnns.</em></strong></span> <span class='ocrx_word' id='word_1_460' title='bbox 725 3129 817 3181; x_wconf 88' lang='lat'><strong><em>33.</em></strong></span> <span class='ocrx_word' id='word_1_461' title='bbox 851 3155 922 3168; x_wconf 91' lang='lat'><strong><em>—</em></strong></span> <span class='ocrx_word' id='word_1_462' title='bbox 952 3128 1121 3193; x_wconf 87' lang='lat' dir='ltr'><strong><em>Deus,</em></strong></span> <span class='ocrx_word' id='word_1_463' title='bbox 1153 3127 1250 3198; x_wconf 88' lang='lat' dir='ltr'><strong><em>qui</em></strong></span> <span class='ocrx_word' id='word_1_464' title='bbox 1266 3126 1581 3198; x_wconf 63' lang='lat' dir='ltr'><strong><em>praecinxit</em></strong></span> <span class='ocrx_word' id='word_1_465' title='bbox 1614 3140 1702 3180; x_wconf 93' lang='lat' dir='ltr'><strong><em>me</em></strong></span> <span class='ocrx_word' id='word_1_466' title='bbox 1731 3124 1959 3191; x_wconf 86' lang='lat' dir='ltr'><strong><em>virtute,</em></strong></span> <span class='ocrx_word' id='word_1_467' title='bbox 1993 3126 2052 3180; x_wconf 89' lang='lat' dir='ltr'><strong><em>et</em></strong></span> <span class='ocrx_word' id='word_1_468' title='bbox 2084 3109 2382 3178; x_wconf 82' lang='lat' dir='ltr'><strong><em>Crusalem</em></strong></span> <span class='ocrx_word' id='word_1_469' title='bbox 2412 3122 2747 3194; x_wconf 89' lang='lat' dir='ltr'><strong><em>desiderant,</em></strong></span> <span class='ocrx_word' id='word_1_470' title='bbox 2781 3140 2893 3180; x_wconf 92' lang='lat' dir='ltr'><strong><em>non</em></strong></span> <span class='ocrx_word' id='word_1_471' title='bbox 2922 3125 3223 3182; x_wconf 80' lang='lat' dir='ltr'><strong><em>caelestem.</em></strong></span> 
     </span>
    </p>
   </div>
   <div class='ocr_carea' id='block_1_64' title="bbox 448 3214 2043 3289">
    <p class='ocr_par' dir='ltr' id='par_1_64' title="bbox 448 3214 2043 3289">
     <span class='ocr_line' id='line_1_64' title="bbox 448 3214 2043 3289; baseline -0.004 -16"><span class='ocrx_word' id='word_1_472' title='bbox 448 3216 641 3289; x_wconf 85' lang='lat' dir='ltr'><strong><em>posuit</em></strong></span> <span class='ocrx_word' id='word_1_473' title='bbox 654 3215 1091 3271; x_wconf 78' lang='lat' dir='ltr'><strong><em>immaculatum</em></strong></span> <span class='ocrx_word' id='word_1_474' title='bbox 1111 3215 1263 3269; x_wconf 85' lang='lat' dir='ltr'><strong><em>viam</em></strong></span> <span class='ocrx_word' id='word_1_475' title='bbox 1278 3230 1481 3270; x_wconf 90' lang='lat' dir='ltr'><strong><em>meam.</em></strong></span> <span class='ocrx_word' id='word_1_476' title='bbox 1507 3214 1826 3270; x_wconf 71' lang='lat' dir='ltr'><strong><em>Prwcinxit</em></strong></span> <span class='ocrx_word' id='word_1_477' title='bbox 1851 3229 1961 3279; x_wconf 89' lang='lat' dir='ltr'><strong><em>me,</em></strong></span> <span class='ocrx_word' id='word_1_478' title='bbox 1984 3220 2043 3267; x_wconf 91' lang='lat' dir='ltr'><strong><em>ut</em></strong></span> 
     </span>
    </p>
   </div>
   <div class='ocr_carea' id='block_1_65' title="bbox 444 3300 2043 3373">
    <p class='ocr_par' dir='ltr' id='par_1_65' title="bbox 444 3300 2043 3373">
     <span class='ocr_line' id='line_1_65' title="bbox 444 3300 2043 3373; baseline -0.003 -13"><span class='ocrx_word' id='word_1_479' title='bbox 444 3302 606 3360; x_wconf 83' lang='lat' dir='ltr'><strong><em>fortis</em></strong></span> <span class='ocrx_word' id='word_1_480' title='bbox 636 3303 759 3369; x_wconf 88' lang='lat' dir='ltr'><strong><em>sim,</em></strong></span> <span class='ocrx_word' id='word_1_481' title='bbox 790 3318 859 3358; x_wconf 91' lang='lat' dir='ltr'><strong><em>ne</em></strong></span> <span class='ocrx_word' id='word_1_482' title='bbox 888 3301 1189 3358; x_wconf 85' lang='lat' dir='ltr'><strong><em>deﬂuentes</em></strong></span> <span class='ocrx_word' id='word_1_483' title='bbox 1228 3301 1379 3357; x_wconf 90' lang='lat' dir='ltr'><strong><em>sinus</em></strong></span> <span class='ocrx_word' id='word_1_484' title='bbox 1395 3301 1701 3373; x_wconf 88' lang='lat' dir='ltr'><strong><em>cupiditatis</em></strong></span> <span class='ocrx_word' id='word_1_485' title='bbox 1747 3300 2043 3373; x_wconf 88' lang='lat' dir='ltr'><strong><em>impediant</em></strong></span> 
     </span>
    </p>
   </div>
   <div class='ocr_carea' id='block_1_66' title="bbox 449 3391 2042 3465">
    <p class='ocr_par' dir='ltr' id='par_1_66' title="bbox 449 3391 2042 3465">
     <span class='ocr_line' id='line_1_66' title="bbox 449 3391 2042 3465; baseline -0.001 -16"><span class='ocrx_word' id='word_1_486' title='bbox 449 3407 617 3464; x_wconf 89' lang='lat' dir='ltr'><strong><em>opera</em></strong></span> <span class='ocrx_word' id='word_1_487' title='bbox 638 3399 691 3447; x_wconf 90' lang='lat' dir='ltr'><strong><em>et</em></strong></span> <span class='ocrx_word' id='word_1_488' title='bbox 707 3408 933 3465; x_wconf 78' lang='lat' dir='ltr'><strong><em>gressus</em></strong></span> <span class='ocrx_word' id='word_1_489' title='bbox 953 3407 1123 3447; x_wconf 91' lang='lat' dir='ltr'><strong><em>meos.</em></strong></span> <span class='ocrx_word' id='word_1_490' title='bbox 1152 3393 1223 3448; x_wconf 87' lang='lat' dir='ltr'><strong><em>Et</em></strong></span> <span class='ocrx_word' id='word_1_491' title='bbox 1235 3393 1423 3465; x_wconf 86' lang='lat' dir='ltr'><strong><em>posuit</em></strong></span> <span class='ocrx_word' id='word_1_492' title='bbox 1439 3391 1873 3448; x_wconf 75' lang='lat' dir='ltr'><strong><em>immaculatum</em></strong></span> <span class='ocrx_word' id='word_1_493' title='bbox 1891 3393 2042 3448; x_wconf 84' lang='lat' dir='ltr'><strong><em>viam</em></strong></span> 
     </span>
    </p>
   </div>
   <div class='ocr_carea' id='block_1_67' title="bbox 449 3466 2043 3553">
    <p class='ocr_par' dir='ltr' id='par_1_67' title="bbox 449 3466 2043 3553">
     <span class='ocr_line' id='line_1_67' title="bbox 449 3466 2043 3553; baseline -0.003 -15"><span class='ocrx_word' id='word_1_494' title='bbox 449 3480 748 3548; x_wconf 85' lang='lat' dir='ltr'><strong><em>charitatis,</em></strong></span> <span class='ocrx_word' id='word_1_495' title='bbox 783 3466 891 3553; x_wconf 55' lang='lat' dir='ltr'><strong><em>qu’a</em></strong></span> <span class='ocrx_word' id='word_1_496' title='bbox 920 3481 991 3536; x_wconf 89' lang='lat' dir='ltr'><strong><em>ad</em></strong></span> <span class='ocrx_word' id='word_1_497' title='bbox 1020 3480 1168 3537; x_wconf 90' lang='lat' dir='ltr'><strong><em>illum</em></strong></span> <span class='ocrx_word' id='word_1_498' title='bbox 1199 3480 1437 3549; x_wconf 90' lang='lat' dir='ltr'><strong><em>veniam,</em></strong></span> <span class='ocrx_word' id='word_1_499' title='bbox 1477 3480 1618 3537; x_wconf 88' lang='lat' dir='ltr'><strong><em>sicut</em></strong></span> <span class='ocrx_word' id='word_1_500' title='bbox 1645 3478 1931 3552; x_wconf 86' lang='lat' dir='ltr'><strong><em>impolluta</em></strong></span> <span class='ocrx_word' id='word_1_501' title='bbox 1956 3486 2043 3535; x_wconf 89' lang='lat' dir='ltr'><strong><em>est</em></strong></span> 
     </span>
    </p>
   </div>
   <div class='ocr_carea' id='block_1_68' title="bbox 452 3568 1156 3643">
    <p class='ocr_par' dir='ltr' id='par_1_68' title="bbox 452 3568 1156 3643">
     <span class='ocr_line' id='line_1_68' title="bbox 452 3568 1156 3643; baseline -0.001 -16"><span class='ocrx_word' id='word_1_502' title='bbox 452 3568 612 3639; x_wconf 81' lang='lat' dir='ltr'><strong><em>ﬁdes,</em></strong></span> <span class='ocrx_word' id='word_1_503' title='bbox 640 3583 749 3643; x_wconf 91' lang='lat' dir='ltr'><strong><em>qua</em></strong></span> <span class='ocrx_word' id='word_1_504' title='bbox 776 3568 925 3627; x_wconf 88' lang='lat' dir='ltr'><strong><em>venit</em></strong></span> <span class='ocrx_word' id='word_1_505' title='bbox 952 3570 1021 3625; x_wconf 88' lang='lat' dir='ltr'><strong><em>ad</em></strong></span> <span class='ocrx_word' id='word_1_506' title='bbox 1049 3585 1156 3626; x_wconf 92' lang='lat' dir='ltr'><strong><em>me.</em></strong></span> 
     </span>
    </p>
   </div>
   <div class='ocr_carea' id='block_1_69' title="bbox 520 3686 2047 3760">
    <p class='ocr_par' dir='ltr' id='par_1_69' title="bbox 520 3686 2047 3760">
     <span class='ocr_line' id='line_1_69' title="bbox 520 3686 2047 3760; baseline 0 -17"><span class='ocrx_word' id='word_1_507' title='bbox 520 3687 694 3743; x_wconf 74' lang='lat' dir='ltr'><strong><em>Vsus.</em></strong></span> <span class='ocrx_word' id='word_1_508' title='bbox 709 3688 799 3743; x_wconf 74' lang='grc'><strong><em>34.</em></strong></span> <span class='ocrx_word' id='word_1_509' title='bbox 820 3716 890 3728; x_wconf 90' lang='grc'><strong>-</strong></span> <span class='ocrx_word' id='word_1_510' title='bbox 912 3686 1018 3755; x_wconf 88' lang='lat' dir='ltr'><strong><em>Qui</em></strong></span> <span class='ocrx_word' id='word_1_511' title='bbox 1041 3687 1282 3760; x_wconf 85' lang='lat' dir='ltr'><strong><em>perfecit</em></strong></span> <span class='ocrx_word' id='word_1_512' title='bbox 1295 3686 1460 3760; x_wconf 88' lang='lat' dir='ltr'><strong><em>pedes</em></strong></span> <span class='ocrx_word' id='word_1_513' title='bbox 1474 3702 1627 3744; x_wconf 89' lang='lat' dir='ltr'><strong><em>meos</em></strong></span> <span class='ocrx_word' id='word_1_514' title='bbox 1644 3689 1917 3760; x_wconf 88' lang='lat' dir='ltr'><strong><em>tanquam</em></strong></span> <span class='ocrx_word' id='word_1_515' title='bbox 1932 3701 2047 3743; x_wconf 88' lang='lat' dir='ltr'><strong><em>cer-</em></strong></span> 
     </span>
    </p>
   </div>
   <div class='ocr_carea' id='block_1_70' title="bbox 453 3776 2045 3849">
    <p class='ocr_par' dir='ltr' id='par_1_70' title="bbox 453 3776 2045 3849">
     <span class='ocr_line' id='line_1_70' title="bbox 453 3776 2045 3849; baseline -0.002 -15"><span class='ocrx_word' id='word_1_516' title='bbox 453 3792 671 3845; x_wconf 82' lang='lat' dir='ltr'><strong><em>vorum,</em></strong></span> <span class='ocrx_word' id='word_1_517' title='bbox 705 3780 763 3833; x_wconf 90' lang='lat' dir='ltr'><strong><em>et</em></strong></span> <span class='ocrx_word' id='word_1_518' title='bbox 789 3793 961 3849; x_wconf 86' lang='lat' dir='ltr'><strong><em>super</em></strong></span> <span class='ocrx_word' id='word_1_519' title='bbox 986 3777 1215 3833; x_wconf 74' lang='lat' dir='ltr'><strong><em>excelsa</em></strong></span> <span class='ocrx_word' id='word_1_520' title='bbox 1244 3778 1505 3832; x_wconf 85' lang='lat' dir='ltr'><strong><em>statuens</em></strong></span> <span class='ocrx_word' id='word_1_521' title='bbox 1532 3792 1643 3832; x_wconf 90' lang='lat' dir='ltr'><strong><em>me.</em></strong></span> <span class='ocrx_word' id='word_1_522' title='bbox 1671 3776 1775 3843; x_wconf 88' lang='lat' dir='ltr'><strong><em>Qui</em></strong></span> <span class='ocrx_word' id='word_1_523' title='bbox 1798 3776 2045 3848; x_wconf 84' lang='lat' dir='ltr'><strong><em>perfecit</em></strong></span> 
     </span>
    </p>
   </div>
   <div class='ocr_carea' id='block_1_71' title="bbox 452 3864 2047 3935">
    <p class='ocr_par' dir='ltr' id='par_1_71' title="bbox 452 3864 2047 3935">
     <span class='ocr_line' id='line_1_71' title="bbox 452 3864 2047 3935; baseline -0.002 -13"><span class='ocrx_word' id='word_1_524' title='bbox 452 3881 700 3922; x_wconf 90' lang='lat' dir='ltr'><strong><em>amorem</em></strong></span> <span class='ocrx_word' id='word_1_525' title='bbox 729 3881 910 3921; x_wconf 90' lang='lat' dir='ltr'><strong><em>meum</em></strong></span> <span class='ocrx_word' id='word_1_526' title='bbox 927 3865 998 3921; x_wconf 90' lang='lat' dir='ltr'><strong><em>ad</em></strong></span> <span class='ocrx_word' id='word_1_527' title='bbox 1018 3865 1452 3921; x_wconf 88' lang='lat' dir='ltr'><strong><em>transcendenda</em></strong></span> <span class='ocrx_word' id='word_1_528' title='bbox 1472 3864 1695 3935; x_wconf 87' lang='lat' dir='ltr'><strong><em>spinosa</em></strong></span> <span class='ocrx_word' id='word_1_529' title='bbox 1714 3871 1768 3920; x_wconf 90' lang='lat' dir='ltr'><strong><em>et</em></strong></span> <span class='ocrx_word' id='word_1_530' title='bbox 1787 3864 2047 3919; x_wconf 90' lang='lat' dir='ltr'><strong><em>umbrosa</em></strong></span> 
     </span>
    </p>
   </div>
   <div class='ocr_carea' id='block_1_72' title="bbox 454 3951 2049 4026">
    <p class='ocr_par' dir='ltr' id='par_1_72' title="bbox 454 3951 2049 4026">
     <span class='ocr_line' id='line_1_72' title="bbox 454 3951 2049 4026; baseline -0.003 -14"><span class='ocrx_word' id='word_1_531' title='bbox 454 3952 864 4026; x_wconf 83' lang='lat' dir='ltr'><strong><em>irnplicamenta</em></strong></span> <span class='ocrx_word' id='word_1_532' title='bbox 892 3955 1054 4025; x_wconf 88' lang='lat' dir='ltr'><strong><em>hujus</em></strong></span> <span class='ocrx_word' id='word_1_533' title='bbox 1084 3953 1290 4021; x_wconf 63' lang='lat' dir='ltr'><strong><em>saeculi,</em></strong></span> <span class='ocrx_word' id='word_1_534' title='bbox 1314 3961 1367 4010; x_wconf 93' lang='lat' dir='ltr'><strong><em>et</em></strong></span> <span class='ocrx_word' id='word_1_535' title='bbox 1393 3969 1561 4025; x_wconf 89' lang='lat' dir='ltr'><strong><em>super</em></strong></span> <span class='ocrx_word' id='word_1_536' title='bbox 1589 3952 1867 4009; x_wconf 82' lang='lat' dir='ltr'><strong><em>caelestem</em></strong></span> <span class='ocrx_word' id='word_1_537' title='bbox 1896 3951 2049 4007; x_wconf 91' lang='lat' dir='ltr'><strong><em>habi-</em></strong></span> 
     </span>
    </p>
   </div>
   <div class='ocr_carea' id='block_1_73' title="bbox 454 4040 2047 4116">
    <p class='ocr_par' dir='ltr' id='par_1_73' title="bbox 454 4040 2047 4116">
     <span class='ocr_line' id='line_1_73' title="bbox 454 4040 2047 4116; baseline -0.002 -17"><span class='ocrx_word' id='word_1_538' title='bbox 454 4044 716 4100; x_wconf 88' lang='lat' dir='ltr'><strong><em>tationem</em></strong></span> <span class='ocrx_word' id='word_1_539' title='bbox 743 4042 861 4116; x_wconf 77' lang='lat' dir='ltr'><strong><em>ﬁgit</em></strong></span> <span class='ocrx_word' id='word_1_540' title='bbox 888 4042 1241 4099; x_wconf 89' lang='lat' dir='ltr'><strong><em>intentionem</em></strong></span> <span class='ocrx_word' id='word_1_541' title='bbox 1268 4058 1469 4109; x_wconf 91' lang='lat' dir='ltr'><strong><em>meam,</em></strong></span> <span class='ocrx_word' id='word_1_542' title='bbox 1504 4048 1563 4096; x_wconf 90' lang='lat' dir='ltr'><strong><em>ut</em></strong></span> <span class='ocrx_word' id='word_1_543' title='bbox 1590 4040 1820 4113; x_wconf 90' lang='lat' dir='ltr'><strong><em>implear</em></strong></span> <span class='ocrx_word' id='word_1_544' title='bbox 1846 4040 1903 4096; x_wconf 91' lang='lat' dir='ltr'><strong><em>in</em></strong></span> <span class='ocrx_word' id='word_1_545' title='bbox 1929 4056 2047 4096; x_wconf 92' lang='lat' dir='ltr'><strong><em>om-</em></strong></span> 
     </span>
    </p>
   </div>
   <div class='ocr_carea' id='block_1_74' title="bbox 458 4131 1157 4203">
    <p class='ocr_par' dir='ltr' id='par_1_74' title="bbox 458 4131 1157 4203">
     <span class='ocr_line' id='line_1_74' title="bbox 458 4131 1157 4203; baseline 0 -16"><span class='ocrx_word' id='word_1_546' title='bbox 458 4147 587 4189; x_wconf 88' lang='lat' dir='ltr'><strong><em>nem</em></strong></span> <span class='ocrx_word' id='word_1_547' title='bbox 615 4131 1005 4203; x_wconf 88' lang='lat' dir='ltr'><strong><em>plenitudinem</em></strong></span> <span class='ocrx_word' id='word_1_548' title='bbox 1034 4131 1157 4188; x_wconf 92' lang='lat' dir='ltr'><strong><em>Dei.</em></strong></span> 
     </span>
    </p>
   </div>
   <div class='ocr_carea' id='block_1_75' title="bbox 526 4232 2046 4307">
    <p class='ocr_par' dir='ltr' id='par_1_75' title="bbox 526 4232 2046 4307">
     <span class='ocr_line' id='line_1_75' title="bbox 526 4232 2046 4307; baseline -0.001 -17"><span class='ocrx_word' id='word_1_549' title='bbox 526 4235 699 4292; x_wconf 75' lang='lat' dir='ltr'><strong><em>Vnas.</em></strong></span> <span class='ocrx_word' id='word_1_550' title='bbox 730 4238 819 4290; x_wconf 80' lang='lat'><strong>35.</strong></span> <span class='ocrx_word' id='word_1_551' title='bbox 849 4264 918 4275; x_wconf 89' lang='lat'><strong>-</strong></span> <span class='ocrx_word' id='word_1_552' title='bbox 948 4235 1056 4302; x_wconf 89' lang='lat' dir='ltr'><strong><em>Qui</em></strong></span> <span class='ocrx_word' id='word_1_553' title='bbox 1112 4234 1272 4291; x_wconf 90' lang='lat' dir='ltr'><strong><em>docet</em></strong></span> <span class='ocrx_word' id='word_1_554' title='bbox 1324 4249 1533 4290; x_wconf 87' lang='lat' dir='ltr'><strong><em>manus</em></strong></span> <span class='ocrx_word' id='word_1_555' title='bbox 1586 4248 1744 4289; x_wconf 87' lang='lat' dir='ltr'><strong><em>meas</em></strong></span> <span class='ocrx_word' id='word_1_556' title='bbox 1769 4232 1842 4289; x_wconf 88' lang='lat' dir='ltr'><strong><em>ad</em></strong></span> <span class='ocrx_word' id='word_1_557' title='bbox 1892 4250 2046 4307; x_wconf 73' lang='lat' dir='ltr'><strong><em>prce-</em></strong></span> 
     </span>
    </p>
   </div>
   <div class='ocr_carea' id='block_1_76' title="bbox 456 4320 2051 4393">
    <p class='ocr_par' dir='ltr' id='par_1_76' title="bbox 456 4320 2051 4393">
     <span class='ocr_line' id='line_1_76' title="bbox 456 4320 2051 4393; baseline -0.003 -12"><span class='ocrx_word' id='word_1_558' title='bbox 456 4325 617 4391; x_wconf 88' lang='lat' dir='ltr'><strong><em>lium,</em></strong></span> <span class='ocrx_word' id='word_1_559' title='bbox 653 4331 756 4381; x_wconf 89' lang='lat' dir='ltr'><strong><em>etc.</em></strong></span> <span class='ocrx_word' id='word_1_560' title='bbox 794 4323 897 4393; x_wconf 88' lang='lat' dir='ltr'><strong><em>Qui</em></strong></span> <span class='ocrx_word' id='word_1_561' title='bbox 927 4324 1086 4380; x_wconf 86' lang='lat' dir='ltr'><strong><em>docet</em></strong></span> <span class='ocrx_word' id='word_1_562' title='bbox 1114 4338 1203 4377; x_wconf 90' lang='lat' dir='ltr'><strong><em>me</em></strong></span> <span class='ocrx_word' id='word_1_563' title='bbox 1232 4321 1450 4393; x_wconf 89' lang='lat' dir='ltr'><strong><em>operari</em></strong></span> <span class='ocrx_word' id='word_1_564' title='bbox 1480 4322 1552 4377; x_wconf 92' lang='lat' dir='ltr'><strong><em>ad</em></strong></span> <span class='ocrx_word' id='word_1_565' title='bbox 1582 4320 1924 4393; x_wconf 86' lang='lat' dir='ltr'><strong><em>superandos</em></strong></span> <span class='ocrx_word' id='word_1_566' title='bbox 1952 4320 2051 4378; x_wconf 87' lang='lat' dir='ltr'><strong><em>ini-</em></strong></span> 
     </span>
    </p>
   </div>
   <div class='ocr_carea' id='block_1_77' title="bbox 452 4410 2050 4485">
    <p class='ocr_par' dir='ltr' id='par_1_77' title="bbox 452 4410 2050 4485">
     <span class='ocr_line' id='line_1_77' title="bbox 452 4410 2050 4485; baseline -0.001 -16"><span class='ocrx_word' id='word_1_567' title='bbox 452 4414 647 4480; x_wconf 85' lang='lat' dir='ltr'><strong><em>micos,</em></strong></span> <span class='ocrx_word' id='word_1_568' title='bbox 680 4412 770 4485; x_wconf 91' lang='lat' dir='ltr'><strong><em>qui</em></strong></span> <span class='ocrx_word' id='word_1_569' title='bbox 798 4411 958 4468; x_wconf 91' lang='lat' dir='ltr'><strong><em>nobis</em></strong></span> <span class='ocrx_word' id='word_1_570' title='bbox 988 4411 1351 4468; x_wconf 85' lang='lat' dir='ltr'><strong><em>intercludere</em></strong></span> <span class='ocrx_word' id='word_1_571' title='bbox 1381 4410 1620 4467; x_wconf 68' lang='lat' dir='ltr'><strong><em>caelestia</em></strong></span> <span class='ocrx_word' id='word_1_572' title='bbox 1632 4426 1824 4483; x_wconf 69' lang='lat' dir='ltr'><strong><em>aregna</em></strong></span> <span class='ocrx_word' id='word_1_573' title='bbox 1853 4425 2050 4467; x_wconf 88' lang='lat' dir='ltr'><strong><em>conan-</em></strong></span> 
     </span>
    </p>
   </div>
   <div class='ocr_carea' id='block_1_78' title="bbox 452 4498 2048 4575">
    <p class='ocr_par' dir='ltr' id='par_1_78' title="bbox 452 4498 2048 4575">
     <span class='ocr_line' id='line_1_78' title="bbox 452 4498 2048 4575; baseline -0.001 -16"><span class='ocrx_word' id='word_1_574' title='bbox 452 4509 559 4558; x_wconf 87' lang='lat' dir='ltr'><strong><em>tur.</em></strong></span> <span class='ocrx_word' id='word_1_575' title='bbox 590 4504 663 4559; x_wconf 88' lang='lat' dir='ltr'><strong><em>Et</em></strong></span> <span class='ocrx_word' id='word_1_576' title='bbox 683 4503 928 4575; x_wconf 87' lang='lat' dir='ltr'><strong><em>posuisti</em></strong></span> <span class='ocrx_word' id='word_1_577' title='bbox 957 4498 1354 4573; x_wconf 82' lang='lat' dir='ltr'><strong><em>infatigabilem</em></strong></span> <span class='ocrx_word' id='word_1_578' title='bbox 1395 4498 1749 4556; x_wconf 89' lang='lat' dir='ltr'><strong><em>intentionem</em></strong></span> <span class='ocrx_word' id='word_1_579' title='bbox 1778 4499 2048 4557; x_wconf 88' lang='lat' dir='ltr'><strong><em>bonorum</em></strong></span> 
     </span>
    </p>
   </div>
   <div class='ocr_carea' id='block_1_79' title="bbox 453 4601 980 4658">
    <p class='ocr_par' dir='ltr' id='par_1_79' title="bbox 453 4601 980 4658">
     <span class='ocr_line' id='line_1_79' title="bbox 453 4601 980 4658; baseline -0.004 -15"><span class='ocrx_word' id='word_1_580' title='bbox 453 4601 683 4658; x_wconf 88' lang='lat' dir='ltr'><strong><em>operum</em></strong></span> <span class='ocrx_word' id='word_1_581' title='bbox 712 4601 980 4642; x_wconf 92' lang='lat' dir='ltr'><strong><em>meorum.</em></strong></span> 
     </span>
    </p>
   </div>
   <div class='ocr_carea' id='block_1_80' title="bbox 525 4671 2046 4747">
    <p class='ocr_par' dir='ltr' id='par_1_80' title="bbox 525 4671 2046 4747">
     <span class='ocr_line' id='line_1_80' title="bbox 525 4671 2046 4747; baseline 0.001 -17"><span class='ocrx_word' id='word_1_582' title='bbox 525 4675 697 4730; x_wconf 77' lang='lat' dir='ltr'><strong><em>Vnus.</em></strong></span> <span class='ocrx_word' id='word_1_583' title='bbox 722 4677 809 4731; x_wconf 86' lang='lat'><strong>36.</strong></span> <span class='ocrx_word' id='word_1_584' title='bbox 842 4705 912 4716; x_wconf 92' lang='lat'><strong><em>—</em></strong></span> <span class='ocrx_word' id='word_1_585' title='bbox 942 4675 1013 4731; x_wconf 88' lang='lat' dir='ltr'><strong><em>Et</em></strong></span> <span class='ocrx_word' id='word_1_586' title='bbox 1033 4672 1239 4730; x_wconf 85' lang='lat' dir='ltr'><strong><em>dedisti</em></strong></span> <span class='ocrx_word' id='word_1_587' title='bbox 1252 4671 1399 4730; x_wconf 82' lang='lat' dir='ltr'><strong><em>mihi</em></strong></span> <span class='ocrx_word' id='word_1_588' title='bbox 1408 4672 1821 4747; x_wconf 86' lang='lat' dir='ltr'><strong><em>protectionem</em></strong></span> <span class='ocrx_word' id='word_1_589' title='bbox 1840 4672 2046 4731; x_wconf 87' lang='lat' dir='ltr'><strong><em>salutis</em></strong></span> 
     </span>
    </p>
   </div>
   <div class='ocr_carea' id='block_1_81' title="bbox 458 4760 2046 4836">
    <p class='ocr_par' dir='ltr' id='par_1_81' title="bbox 458 4760 2046 4836">
     <span class='ocr_line' id='line_1_81' title="bbox 458 4760 2046 4836; baseline -0.001 -16"><span class='ocrx_word' id='word_1_590' title='bbox 458 4768 588 4831; x_wconf 67' lang='lat' dir='ltr'><strong><em>tum,</em></strong></span> <span class='ocrx_word' id='word_1_591' title='bbox 613 4767 671 4820; x_wconf 90' lang='lat' dir='ltr'><strong><em>et</em></strong></span> <span class='ocrx_word' id='word_1_592' title='bbox 691 4764 930 4820; x_wconf 75' lang='lat' dir='ltr'><strong><em>dextera</em></strong></span> <span class='ocrx_word' id='word_1_593' title='bbox 963 4767 1061 4819; x_wconf 88' lang='lat' dir='ltr'><strong><em>tua</em></strong></span> <span class='ocrx_word' id='word_1_594' title='bbox 1076 4764 1322 4835; x_wconf 88' lang='lat' dir='ltr'><strong><em>suscepit</em></strong></span> <span class='ocrx_word' id='word_1_595' title='bbox 1336 4777 1447 4819; x_wconf 90' lang='lat' dir='ltr'><strong><em>me.</em></strong></span> <span class='ocrx_word' id='word_1_596' title='bbox 1466 4761 1682 4819; x_wconf 86' lang='lat' dir='ltr'><strong><em>Dedisti</em></strong></span> <span class='ocrx_word' id='word_1_597' title='bbox 1696 4760 1841 4819; x_wconf 87' lang='lat' dir='ltr'><strong><em>mihi</em></strong></span> <span class='ocrx_word' id='word_1_598' title='bbox 1849 4766 2046 4836; x_wconf 87' lang='lat' dir='ltr'><strong><em>prote-</em></strong></span> 
     </span>
    </p>
   </div>
   <div class='ocr_carea' id='block_1_82' title="bbox 453 4849 2043 4924">
    <p class='ocr_par' dir='ltr' id='par_1_82' title="bbox 453 4849 2043 4924">
     <span class='ocr_line' id='line_1_82' title="bbox 453 4849 2043 4924; baseline -0.001 -14"><span class='ocrx_word' id='word_1_599' title='bbox 453 4855 701 4910; x_wconf 88' lang='lat' dir='ltr'><strong><em>ctionem</em></strong></span> <span class='ocrx_word' id='word_1_600' title='bbox 717 4852 922 4910; x_wconf 83' lang='lat' dir='ltr'><strong><em>salutis</em></strong></span> <span class='ocrx_word' id='word_1_601' title='bbox 947 4855 1079 4919; x_wconf 68' lang='lat' dir='ltr'><strong><em>tum,</em></strong></span> <span class='ocrx_word' id='word_1_602' title='bbox 1103 4859 1155 4907; x_wconf 90' lang='lat' dir='ltr'><strong><em>et</em></strong></span> <span class='ocrx_word' id='word_1_603' title='bbox 1177 4850 1333 4908; x_wconf 84' lang='lat' dir='ltr'><strong><em>favor</em></strong></span> <span class='ocrx_word' id='word_1_604' title='bbox 1352 4849 1545 4924; x_wconf 63' lang='lat' dir='ltr'><strong><em>gratia:</em></strong></span> <span class='ocrx_word' id='word_1_605' title='bbox 1567 4858 1672 4906; x_wconf 65' lang='lat' dir='ltr'><strong><em>tum</em></strong></span> <span class='ocrx_word' id='word_1_606' title='bbox 1684 4851 1921 4923; x_wconf 87' lang='lat' dir='ltr'><strong><em>suscepit</em></strong></span> <span class='ocrx_word' id='word_1_607' title='bbox 1935 4867 2043 4908; x_wconf 89' lang='lat' dir='ltr'><strong><em>me.</em></strong></span> 
     </span>
    </p>
   </div>
   <div class='ocr_carea' id='block_1_83' title="bbox 514 4936 2049 5011">
    <p class='ocr_par' dir='ltr' id='par_1_83' title="bbox 514 4936 2049 5011">
     <span class='ocr_line' id='line_1_83' title="bbox 514 4936 2049 5011; baseline -0.002 -15"><span class='ocrx_word' id='word_1_608' title='bbox 514 4940 589 4996; x_wconf 85' lang='lat' dir='ltr'><strong><em>Et</em></strong></span> <span class='ocrx_word' id='word_1_609' title='bbox 596 4938 902 5011; x_wconf 86' lang='lat' dir='ltr'><strong><em>disciplina</em></strong></span> <span class='ocrx_word' id='word_1_610' title='bbox 915 4940 1013 4994; x_wconf 87' lang='lat' dir='ltr'><strong><em>tua</em></strong></span> <span class='ocrx_word' id='word_1_611' title='bbox 1023 4937 1278 4996; x_wconf 72' lang='lat' dir='ltr'><strong><em>correxit</em></strong></span> <span class='ocrx_word' id='word_1_612' title='bbox 1289 4952 1378 4993; x_wconf 86' lang='lat' dir='ltr'><strong><em>me</em></strong></span> <span class='ocrx_word' id='word_1_613' title='bbox 1389 4936 1453 4992; x_wconf 91' lang='lat' dir='ltr'><strong><em>in</em></strong></span> <span class='ocrx_word' id='word_1_614' title='bbox 1464 4936 1657 5006; x_wconf 88' lang='lat' dir='ltr'><strong><em>ﬁnem,</em></strong></span> <span class='ocrx_word' id='word_1_615' title='bbox 1673 4939 1730 4992; x_wconf 92' lang='lat' dir='ltr'><strong><em>et</em></strong></span> <span class='ocrx_word' id='word_1_616' title='bbox 1741 4936 2049 5009; x_wconf 87' lang='lat' dir='ltr'><strong><em>disciplina</em></strong></span> 
     </span>
    </p>
   </div>
   <div class='ocr_carea' id='block_1_84' title="bbox 456 5023 2049 5105">
    <p class='ocr_par' dir='ltr' id='par_1_84' title="bbox 456 5023 2049 5105">
     <span class='ocr_line' id='line_1_84' title="bbox 456 5023 2049 5105; baseline -0.001 -22"><span class='ocrx_word' id='word_1_617' title='bbox 456 5031 559 5083; x_wconf 86' lang='lat' dir='ltr'><strong><em>tua</em></strong></span> <span class='ocrx_word' id='word_1_618' title='bbox 585 5027 710 5100; x_wconf 87' lang='lat' dir='ltr'><strong><em>ipsa</em></strong></span> <span class='ocrx_word' id='word_1_619' title='bbox 737 5026 1086 5084; x_wconf 85' lang='lat' dir='ltr'><strong><em>me&#39;doeebit.</em></strong></span> <span class='ocrx_word' id='word_1_620' title='bbox 1120 5024 1422 5105; x_wconf 87' lang='lat' dir='ltr'><strong><em>Disciplina</em></strong></span> <span class='ocrx_word' id='word_1_621' title='bbox 1450 5032 1544 5081; x_wconf 88' lang='lat' dir='ltr'><strong><em>tua</em></strong></span> <span class='ocrx_word' id='word_1_622' title='bbox 1572 5040 1660 5081; x_wconf 91' lang='lat' dir='ltr'><strong><em>me</em></strong></span> <span class='ocrx_word' id='word_1_623' title='bbox 1686 5023 1910 5082; x_wconf 88' lang='lat' dir='ltr'><strong><em>deviare</em></strong></span> <span class='ocrx_word' id='word_1_624' title='bbox 1938 5039 2049 5082; x_wconf 89' lang='lat' dir='ltr'><strong><em>non</em></strong></span> 
     </span>
    </p>
   </div>
   <div class='ocr_carea' id='block_1_85' title="bbox 452 5112 2046 5187">
    <p class='ocr_par' dir='ltr' id='par_1_85' title="bbox 452 5112 2046 5187">
     <span class='ocr_line' id='line_1_85' title="bbox 452 5112 2046 5187; baseline 0.001 -17"><span class='ocrx_word' id='word_1_625' title='bbox 452 5114 639 5170; x_wconf 86' lang='lat' dir='ltr'><strong><em>sinens</em></strong></span> <span class='ocrx_word' id='word_1_626' title='bbox 677 5115 934 5184; x_wconf 84' lang='lat' dir='ltr'><strong><em>correxit,</em></strong></span> <span class='ocrx_word' id='word_1_627' title='bbox 969 5122 1028 5171; x_wconf 94' lang='lat' dir='ltr'><strong><em>ut</em></strong></span> <span class='ocrx_word' id='word_1_628' title='bbox 1056 5113 1322 5187; x_wconf 88' lang='lat' dir='ltr'><strong><em>quidquid</em></strong></span> <span class='ocrx_word' id='word_1_629' title='bbox 1354 5128 1483 5187; x_wconf 79' lang='lat' dir='ltr'><strong><em>ago,</em></strong></span> <span class='ocrx_word' id='word_1_630' title='bbox 1514 5112 1571 5169; x_wconf 88' lang='lat' dir='ltr'><strong><em>in</em></strong></span> <span class='ocrx_word' id='word_1_631' title='bbox 1600 5128 1725 5170; x_wconf 90' lang='lat' dir='ltr'><strong><em>eum</em></strong></span> <span class='ocrx_word' id='word_1_632' title='bbox 1756 5112 1921 5170; x_wconf 89' lang='lat' dir='ltr'><strong><em>ﬁnem</em></strong></span> <span class='ocrx_word' id='word_1_633' title='bbox 1950 5130 2046 5171; x_wconf 90' lang='lat' dir='ltr'><strong><em>re-</em></strong></span> 
     </span>
    </p>
   </div>
   <div class='ocr_carea' id='block_1_86' title="bbox 451 5201 2047 5275">
    <p class='ocr_par' dir='ltr' id='par_1_86' title="bbox 451 5201 2047 5275">
     <span class='ocr_line' id='line_1_86' title="bbox 451 5201 2047 5275; baseline 0 -15"><span class='ocrx_word' id='word_1_634' title='bbox 451 5202 646 5272; x_wconf 85' lang='lat' dir='ltr'><strong><em>feram,</em></strong></span> <span class='ocrx_word' id='word_1_635' title='bbox 678 5218 785 5275; x_wconf 89' lang='lat' dir='ltr'><strong><em>quo</em></strong></span> <span class='ocrx_word' id='word_1_636' title='bbox 813 5203 1049 5259; x_wconf 72' lang='lat' dir='ltr'><strong><em>haeretur</em></strong></span> <span class='ocrx_word' id='word_1_637' title='bbox 1075 5201 1194 5270; x_wconf 90' lang='lat' dir='ltr'><strong><em>tibi,</em></strong></span> <span class='ocrx_word' id='word_1_638' title='bbox 1227 5208 1283 5259; x_wconf 90' lang='lat' dir='ltr'><strong><em>et</em></strong></span> <span class='ocrx_word' id='word_1_639' title='bbox 1309 5202 1504 5260; x_wconf 91' lang='lat' dir='ltr'><strong><em>eadem</em></strong></span> <span class='ocrx_word' id='word_1_640' title='bbox 1532 5201 1825 5274; x_wconf 88' lang='lat' dir='ltr'><strong><em>disciplina</em></strong></span> <span class='ocrx_word' id='word_1_641' title='bbox 1853 5210 1943 5260; x_wconf 88' lang='lat' dir='ltr'><strong><em>tua</em></strong></span> <span class='ocrx_word' id='word_1_642' title='bbox 1958 5217 2047 5261; x_wconf 91' lang='lat' dir='ltr'><strong><em>me</em></strong></span> 
     </span>
    </p>
   </div>
   <div class='ocr_carea' id='block_1_87' title="bbox 451 5290 1390 5363">
    <p class='ocr_par' dir='ltr' id='par_1_87' title="bbox 451 5290 1390 5363">
     <span class='ocr_line' id='line_1_87' title="bbox 451 5290 1390 5363; baseline 0 -16"><span class='ocrx_word' id='word_1_643' title='bbox 451 5290 670 5350; x_wconf 85' lang='lat' dir='ltr'><strong><em>docebit</em></strong></span> <span class='ocrx_word' id='word_1_644' title='bbox 696 5290 1002 5363; x_wconf 87' lang='lat' dir='ltr'><strong><em>pervenire,</em></strong></span> <span class='ocrx_word' id='word_1_645' title='bbox 1036 5306 1144 5363; x_wconf 91' lang='lat' dir='ltr'><strong><em>quo</em></strong></span> <span class='ocrx_word' id='word_1_646' title='bbox 1173 5290 1390 5348; x_wconf 81' lang='lat' dir='ltr'><strong><em>direxit.</em></strong></span> 
     </span>
    </p>
   </div>
   <div class='ocr_carea' id='block_1_88' title="bbox 523 5387 2048 5461">
    <p class='ocr_par' dir='ltr' id='par_1_88' title="bbox 523 5387 2048 5461">
     <span class='ocr_line' id='line_1_88' title="bbox 523 5387 2048 5461; baseline 0.001 -16"><span class='ocrx_word' id='word_1_647' title='bbox 523 5388 695 5445; x_wconf 73' lang='lat' dir='ltr'><strong><em>Vsus.</em></strong></span> <span class='ocrx_word' id='word_1_648' title='bbox 728 5388 816 5444; x_wconf 88' lang='lat'><strong>3&#39;7.</strong></span> <span class='ocrx_word' id='word_1_649' title='bbox 849 5417 919 5430; x_wconf 94' lang='lat'>—</span> <span class='ocrx_word' id='word_1_650' title='bbox 948 5388 1221 5445; x_wconf 83' lang='lat' dir='ltr'><strong><em>Dilatasti</em></strong></span> <span class='ocrx_word' id='word_1_651' title='bbox 1238 5404 1465 5461; x_wconf 86' lang='lat' dir='ltr'><strong><em>gressus</em></strong></span> <span class='ocrx_word' id='word_1_652' title='bbox 1483 5403 1636 5447; x_wconf 88' lang='lat' dir='ltr'><strong><em>meos</em></strong></span> <span class='ocrx_word' id='word_1_653' title='bbox 1665 5387 1864 5447; x_wconf 82' lang='lat' dir='ltr'><strong><em>subtus</em></strong></span> <span class='ocrx_word' id='word_1_654' title='bbox 1884 5406 1974 5446; x_wconf 87' lang='lat' dir='ltr'><strong><em>me</em></strong></span> <span class='ocrx_word' id='word_1_655' title='bbox 1991 5394 2048 5447; x_wconf 89' lang='lat' dir='ltr'><strong><em>et</em></strong></span> 
     </span>
    </p>
   </div>
   <div class='ocr_carea' id='block_1_89' title="bbox 451 5477 2049 5551">
    <p class='ocr_par' dir='ltr' id='par_1_89' title="bbox 451 5477 2049 5551">
     <span class='ocr_line' id='line_1_89' title="bbox 451 5477 2049 5551; baseline -0.002 -12"><span class='ocrx_word' id='word_1_656' title='bbox 451 5494 568 5539; x_wconf 84' lang='lat' dir='ltr'><strong><em>non</em></strong></span> <span class='ocrx_word' id='word_1_657' title='bbox 582 5481 722 5537; x_wconf 85' lang='lat' dir='ltr'><strong><em>sunt</em></strong></span> <span class='ocrx_word' id='word_1_658' title='bbox 739 5477 1035 5549; x_wconf 87' lang='lat' dir='ltr'><strong><em>inﬁrmata</em></strong></span> <span class='ocrx_word' id='word_1_659' title='bbox 1055 5478 1290 5550; x_wconf 85' lang='lat' dir='ltr'><strong><em>vestigia</em></strong></span> <span class='ocrx_word' id='word_1_660' title='bbox 1311 5495 1458 5535; x_wconf 89' lang='lat' dir='ltr'><strong><em>mea.</em></strong></span> <span class='ocrx_word' id='word_1_661' title='bbox 1482 5478 1601 5536; x_wconf 91' lang='lat' dir='ltr'><strong><em>Nec</em></strong></span> <span class='ocrx_word' id='word_1_662' title='bbox 1619 5477 1920 5551; x_wconf 89' lang='lat' dir='ltr'><strong><em>impediunt</em></strong></span> <span class='ocrx_word' id='word_1_663' title='bbox 1936 5493 2049 5536; x_wconf 88' lang='lat' dir='ltr'><strong><em>car-</em></strong></span> 
     </span>
    </p>
   </div>
   <div class='ocr_carea' id='block_1_90' title="bbox 448 5566 2046 5642">
    <p class='ocr_par' dir='ltr' id='par_1_90' title="bbox 448 5566 2046 5642">
     <span class='ocr_line' id='line_1_90' title="bbox 448 5566 2046 5642; baseline 0 -17"><span class='ocrx_word' id='word_1_664' title='bbox 448 5568 605 5627; x_wconf 87' lang='lat' dir='ltr'><strong><em>nales</em></strong></span> <span class='ocrx_word' id='word_1_665' title='bbox 650 5566 941 5642; x_wconf 79' lang='lat' dir='ltr'><strong><em>angustiae,</em></strong></span> <span class='ocrx_word' id='word_1_666' title='bbox 994 5566 1249 5640; x_wconf 90' lang='lat' dir='ltr'><strong><em>quoniam</em></strong></span> <span class='ocrx_word' id='word_1_667' title='bbox 1296 5567 1458 5623; x_wconf 88' lang='lat' dir='ltr'><strong><em>latam</em></strong></span> <span class='ocrx_word' id='word_1_668' title='bbox 1506 5566 1681 5625; x_wconf 84' lang='lat' dir='ltr'><strong><em>fecisti</em></strong></span> <span class='ocrx_word' id='word_1_669' title='bbox 1730 5568 2046 5625; x_wconf 87' lang='lat' dir='ltr'><strong><em>charitatem</em></strong></span> 
     </span>
    </p>
   </div>
   <div class='ocr_carea' id='block_1_91' title="bbox 450 5654 2048 5731">
    <p class='ocr_par' dir='ltr' id='par_1_91' title="bbox 450 5654 2048 5731">
     <span class='ocr_line' id='line_1_91' title="bbox 450 5654 2048 5731; baseline 0 -17"><span class='ocrx_word' id='word_1_670' title='bbox 450 5672 632 5716; x_wconf 86' lang='lat' dir='ltr'><strong><em>meam</em></strong></span> <span class='ocrx_word' id='word_1_671' title='bbox 661 5664 978 5730; x_wconf 88' lang='lat' dir='ltr'><strong><em>operantem</em></strong></span> <span class='ocrx_word' id='word_1_672' title='bbox 997 5656 1262 5723; x_wconf 86' lang='lat' dir='ltr'><strong><em>hilariter,</em></strong></span> <span class='ocrx_word' id='word_1_673' title='bbox 1284 5654 1448 5714; x_wconf 84' lang='lat' dir='ltr'><strong><em>etiam</em></strong></span> <span class='ocrx_word' id='word_1_674' title='bbox 1469 5656 1539 5714; x_wconf 90' lang='lat' dir='ltr'><strong><em>de</em></strong></span> <span class='ocrx_word' id='word_1_675' title='bbox 1561 5656 1695 5729; x_wconf 89' lang='lat' dir='ltr'><strong><em>ipsis</em></strong></span> <span class='ocrx_word' id='word_1_676' title='bbox 1717 5672 1839 5731; x_wconf 65' lang='lat' dir='ltr'><strong><em>quin</em></strong></span> <span class='ocrx_word' id='word_1_677' title='bbox 1858 5659 2048 5716; x_wconf 88' lang='lat' dir='ltr'><strong><em>subter</em></strong></span> 
     </span>
    </p>
   </div>
   <div class='ocr_carea' id='block_1_92' title="bbox 2217 3210 3751 3288">
    <p class='ocr_par' dir='ltr' id='par_1_92' title="bbox 2217 3210 3751 3288">
     <span class='ocr_line' id='line_1_92' title="bbox 2217 3210 3751 3288; baseline 0.007 -23"><span class='ocrx_word' id='word_1_678' title='bbox 2217 3210 2388 3266; x_wconf 76' lang='lat' dir='ltr'><strong><em>Vsus.</em></strong></span> <span class='ocrx_word' id='word_1_679' title='bbox 2411 3211 2647 3268; x_wconf 72' lang='lat' dir='ltr'><strong><em>i3.—Et</em></strong></span> <span class='ocrx_word' id='word_1_680' title='bbox 2658 3213 3045 3271; x_wconf 87' lang='lat' dir='ltr'><strong><em>comminuam</em></strong></span> <span class='ocrx_word' id='word_1_681' title='bbox 3072 3230 3164 3272; x_wconf 89' lang='lat' dir='ltr'><strong><em>eos</em></strong></span> <span class='ocrx_word' id='word_1_682' title='bbox 3184 3218 3253 3272; x_wconf 89' lang='lat' dir='ltr'><strong><em>ut</em></strong></span> <span class='ocrx_word' id='word_1_683' title='bbox 3275 3214 3573 3288; x_wconf 87' lang='lat' dir='ltr'><strong><em>pulverem</em></strong></span> <span class='ocrx_word' id='word_1_684' title='bbox 3605 3221 3751 3275; x_wconf 81' lang='lat' dir='ltr'><strong><em>ante</em></strong></span> 
     </span>
    </p>
   </div>
   <div class='ocr_carea' id='block_1_93' title="bbox 2141 3300 3741 3375">
    <p class='ocr_par' dir='ltr' id='par_1_93' title="bbox 2141 3300 3741 3375">
     <span class='ocr_line' id='line_1_93' title="bbox 2141 3300 3741 3375; baseline 0.004 -21"><span class='ocrx_word' id='word_1_685' title='bbox 2141 3300 2351 3369; x_wconf 83' lang='lat' dir='ltr'><strong><em>faciem</em></strong></span> <span class='ocrx_word' id='word_1_686' title='bbox 2377 3301 2550 3365; x_wconf 84' lang='lat' dir='ltr'><strong><em>venti,</em></strong></span> <span class='ocrx_word' id='word_1_687' title='bbox 2585 3307 2689 3355; x_wconf 90' lang='lat' dir='ltr'><strong><em>etc.</em></strong></span> <span class='ocrx_word' id='word_1_688' title='bbox 2708 3302 2775 3357; x_wconf 91' lang='lat' dir='ltr'><strong><em>Et</em></strong></span> <span class='ocrx_word' id='word_1_689' title='bbox 2804 3301 2945 3357; x_wconf 88' lang='lat' dir='ltr'><strong><em>aridi</em></strong></span> <span class='ocrx_word' id='word_1_690' title='bbox 2974 3310 3100 3357; x_wconf 90' lang='lat' dir='ltr'><strong><em>sunt</em></strong></span> <span class='ocrx_word' id='word_1_691' title='bbox 3130 3319 3241 3359; x_wconf 92' lang='lat' dir='ltr'><strong><em>non</em></strong></span> <span class='ocrx_word' id='word_1_692' title='bbox 3271 3303 3605 3375; x_wconf 86' lang='lat' dir='ltr'><strong><em>recipientes</em></strong></span> <span class='ocrx_word' id='word_1_693' title='bbox 3632 3305 3741 3361; x_wconf 85' lang='lat' dir='ltr'><strong><em>im-</em></strong></span> 
     </span>
    </p>
   </div>
   <div class='ocr_carea' id='block_1_94' title="bbox 2144 3385 3746 3467">
    <p class='ocr_par' dir='ltr' id='par_1_94' title="bbox 2144 3385 3746 3467">
     <span class='ocr_line' id='line_1_94' title="bbox 2144 3385 3746 3467; baseline 0.006 -26"><span class='ocrx_word' id='word_1_694' title='bbox 2144 3385 2301 3442; x_wconf 87' lang='lat' dir='ltr'><strong><em>brem</em></strong></span> <span class='ocrx_word' id='word_1_695' title='bbox 2330 3387 2723 3445; x_wconf 72' lang='lat' dir='ltr'><strong><em>misericordiae</em></strong></span> <span class='ocrx_word' id='word_1_696' title='bbox 2768 3389 2890 3457; x_wconf 91' lang='lat' dir='ltr'><strong><em>Dei,</em></strong></span> <span class='ocrx_word' id='word_1_697' title='bbox 2940 3399 3000 3445; x_wconf 90' lang='lat' dir='ltr'><strong><em>ut</em></strong></span> <span class='ocrx_word' id='word_1_698' title='bbox 3047 3390 3177 3447; x_wconf 87' lang='lat' dir='ltr'><strong><em>elati</em></strong></span> <span class='ocrx_word' id='word_1_699' title='bbox 3222 3392 3478 3463; x_wconf 84' lang='lat' dir='ltr'><strong><em>superbia</em></strong></span> <span class='ocrx_word' id='word_1_700' title='bbox 3519 3394 3594 3449; x_wconf 89' lang='lat' dir='ltr'><strong><em>ab</em></strong></span> <span class='ocrx_word' id='word_1_701' title='bbox 3641 3411 3746 3467; x_wconf 87' lang='lat' dir='ltr'><strong><em>spe</em></strong></span> 
     </span>
    </p>
   </div>
   <div class='ocr_carea' id='block_1_95' title="bbox 2141 3473 3750 3552">
    <p class='ocr_par' dir='ltr' id='par_1_95' title="bbox 2141 3473 3750 3552">
     <span class='ocr_line' id='line_1_95' title="bbox 2141 3473 3750 3552; baseline 0.006 -21"><span class='ocrx_word' id='word_1_702' title='bbox 2141 3473 2294 3531; x_wconf 87' lang='lat' dir='ltr'><strong><em>ﬁrma</em></strong></span> <span class='ocrx_word' id='word_1_703' title='bbox 2339 3484 2393 3532; x_wconf 89' lang='lat' dir='ltr'><strong><em>et</em></strong></span> <span class='ocrx_word' id='word_1_704' title='bbox 2440 3476 2769 3535; x_wconf 85' lang='lat' dir='ltr'><strong><em>inconcussa</em></strong></span> <span class='ocrx_word' id='word_1_705' title='bbox 2816 3485 3076 3552; x_wconf 84' lang='lat' dir='ltr'><strong><em>tanquam</em></strong></span> <span class='ocrx_word' id='word_1_706' title='bbox 3104 3496 3136 3536; x_wconf 90' lang='lat' dir='ltr'><strong><em>a</em></strong></span> <span class='ocrx_word' id='word_1_707' title='bbox 3163 3487 3324 3537; x_wconf 66' lang='lat' dir='ltr'><strong><em>terra:</em></strong></span> <span class='ocrx_word' id='word_1_708' title='bbox 3371 3481 3652 3538; x_wconf 85' lang='lat' dir='ltr'><strong><em>soliditate</em></strong></span> <span class='ocrx_word' id='word_1_709' title='bbox 3679 3498 3750 3541; x_wconf 87' lang='lat' dir='ltr'><strong><em>ac</em></strong></span> 
     </span>
    </p>
   </div>
   <div class='ocr_carea' id='block_1_96' title="bbox 2142 3563 3747 3644">
    <p class='ocr_par' dir='ltr' id='par_1_96' title="bbox 2142 3563 3747 3644">
     <span class='ocr_line' id='line_1_96' title="bbox 2142 3563 3747 3644; baseline 0.004 -25"><span class='ocrx_word' id='word_1_710' title='bbox 2142 3563 2433 3620; x_wconf 86' lang='lat' dir='ltr'><strong><em>stabilitate</em></strong></span> <span class='ocrx_word' id='word_1_711' title='bbox 2461 3565 2770 3638; x_wconf 88' lang='lat' dir='ltr'><strong><em>rapiantur;</em></strong></span> <span class='ocrx_word' id='word_1_712' title='bbox 2794 3569 2862 3625; x_wconf 88' lang='lat' dir='ltr'><strong><em>ut</em></strong></span> <span class='ocrx_word' id='word_1_713' title='bbox 2892 3567 3081 3625; x_wconf 90' lang='lat' dir='ltr'><strong><em>lutum</em></strong></span> <span class='ocrx_word' id='word_1_714' title='bbox 3106 3569 3450 3641; x_wconf 89' lang='lat' dir='ltr'><strong><em>platearum,</em></strong></span> <span class='ocrx_word' id='word_1_715' title='bbox 3484 3571 3615 3643; x_wconf 87' lang='lat' dir='ltr'><strong><em>quia</em></strong></span> <span class='ocrx_word' id='word_1_716' title='bbox 3643 3587 3747 3644; x_wconf 88' lang='lat' dir='ltr'><strong><em>per</em></strong></span> 
     </span>
    </p>
   </div>
   <div class='ocr_carea' id='block_1_97' title="bbox 2143 3652 3745 3731">
    <p class='ocr_par' dir='ltr' id='par_1_97' title="bbox 2143 3652 3745 3731">
     <span class='ocr_line' id='line_1_97' title="bbox 2143 3652 3745 3731; baseline 0.004 -22"><span class='ocrx_word' id='word_1_717' title='bbox 2143 3652 2302 3721; x_wconf 89' lang='lat' dir='ltr'><strong><em>latas,</em></strong></span> <span class='ocrx_word' id='word_1_718' title='bbox 2336 3668 2473 3726; x_wconf 92' lang='lat' dir='ltr'><strong><em>quas</em></strong></span> <span class='ocrx_word' id='word_1_719' title='bbox 2500 3655 2658 3711; x_wconf 89' lang='lat' dir='ltr'><strong><em>multi</em></strong></span> <span class='ocrx_word' id='word_1_720' title='bbox 2703 3655 2999 3725; x_wconf 87' lang='lat' dir='ltr'><strong><em>ambulant,</em></strong></span> <span class='ocrx_word' id='word_1_721' title='bbox 3042 3657 3367 3731; x_wconf 90' lang='lat' dir='ltr'><strong><em>perditionis</em></strong></span> <span class='ocrx_word' id='word_1_722' title='bbox 3411 3658 3537 3715; x_wconf 83' lang='lat' dir='ltr'><strong><em>vias</em></strong></span> <span class='ocrx_word' id='word_1_723' title='bbox 3578 3660 3745 3716; x_wconf 79' lang='lat' dir='ltr'><strong><em>luxu-</em></strong></span> 
     </span>
    </p>
   </div>
   <div class='ocr_carea' id='block_1_98' title="bbox 2144 3741 2828 3801">
    <p class='ocr_par' dir='ltr' id='par_1_98' title="bbox 2144 3741 2828 3801">
     <span class='ocr_line' id='line_1_98' title="bbox 2144 3741 2828 3801; baseline 0.004 -3"><span class='ocrx_word' id='word_1_724' title='bbox 2144 3742 2355 3799; x_wconf 87' lang='lat' dir='ltr'><strong><em>riantur</em></strong></span> <span class='ocrx_word' id='word_1_725' title='bbox 2382 3750 2436 3799; x_wconf 92' lang='lat' dir='ltr'><strong><em>et</em></strong></span> <span class='ocrx_word' id='word_1_726' title='bbox 2456 3741 2655 3801; x_wconf 86' lang='lat' dir='ltr'><strong><em>lubrici</em></strong></span> <span class='ocrx_word' id='word_1_727' title='bbox 2683 3752 2828 3801; x_wconf 91' lang='lat' dir='ltr'><strong><em>sunt.</em></strong></span> 
     </span>
    </p>
   </div>
   <div class='ocr_carea' id='block_1_99' title="bbox 2216 3832 3743 3912">
    <p class='ocr_par' dir='ltr' id='par_1_99' title="bbox 2216 3832 3743 3912">
     <span class='ocr_line' id='line_1_99' title="bbox 2216 3832 3743 3912; baseline 0.007 -25"><span class='ocrx_word' id='word_1_728' title='bbox 2216 3832 2389 3887; x_wconf 72' lang='lat' dir='ltr'><strong><em>Vnus.</em></strong></span> <span class='ocrx_word' id='word_1_729' title='bbox 2422 3834 2512 3889; x_wconf 72' lang='grc' dir='ltr'><strong><em>ιι.</em></strong></span> <span class='ocrx_word' id='word_1_730' title='bbox 2531 3862 2601 3874; x_wconf 92' lang='grc'><strong><em>-</em></strong></span> <span class='ocrx_word' id='word_1_731' title='bbox 2641 3834 2862 3907; x_wconf 84' lang='lat' dir='ltr'><strong><em>Eripies</em></strong></span> <span class='ocrx_word' id='word_1_732' title='bbox 2881 3850 2972 3892; x_wconf 93' lang='lat' dir='ltr'><strong><em>me</em></strong></span> <span class='ocrx_word' id='word_1_733' title='bbox 2996 3835 3064 3891; x_wconf 86' lang='lat' dir='ltr'><strong><em>de</em></strong></span> <span class='ocrx_word' id='word_1_734' title='bbox 3083 3836 3639 3895; x_wconf 81' lang='lat' dir='ltr'><strong><em>contradictionibus</em></strong></span> <span class='ocrx_word' id='word_1_735' title='bbox 3654 3855 3743 3912; x_wconf 88' lang='lat' dir='ltr'><strong><em>po-</em></strong></span> 
     </span>
    </p>
   </div>
   <div class='ocr_carea' id='block_1_100' title="bbox 2142 3920 3743 3999">
    <p class='ocr_par' dir='ltr' id='par_1_100' title="bbox 2142 3920 3743 3999">
     <span class='ocr_line' id='line_1_100' title="bbox 2142 3920 3743 3999; baseline 0.004 -23"><span class='ocrx_word' id='word_1_736' title='bbox 2142 3920 2285 3993; x_wconf 88' lang='lat' dir='ltr'><strong><em>puli,</em></strong></span> <span class='ocrx_word' id='word_1_737' title='bbox 2310 3927 2415 3978; x_wconf 92' lang='lat' dir='ltr'><strong><em>etc.</em></strong></span> <span class='ocrx_word' id='word_1_738' title='bbox 2437 3921 2658 3994; x_wconf 89' lang='lat' dir='ltr'><strong><em>Eripies</em></strong></span> <span class='ocrx_word' id='word_1_739' title='bbox 2678 3938 2768 3979; x_wconf 91' lang='lat' dir='ltr'><strong><em>me</em></strong></span> <span class='ocrx_word' id='word_1_740' title='bbox 2783 3922 2851 3979; x_wconf 90' lang='lat' dir='ltr'><strong><em>de</em></strong></span> <span class='ocrx_word' id='word_1_741' title='bbox 2866 3923 3410 3983; x_wconf 85' lang='lat' dir='ltr'><strong><em>contradictionibus</em></strong></span> <span class='ocrx_word' id='word_1_742' title='bbox 3436 3941 3636 3982; x_wconf 88' lang='lat' dir='ltr'><strong><em>eorum</em></strong></span> <span class='ocrx_word' id='word_1_743' title='bbox 3654 3926 3743 3999; x_wconf 87' lang='lat' dir='ltr'><strong><em>qui</em></strong></span> 
     </span>
    </p>
   </div>
   <div class='ocr_carea' id='block_1_101' title="bbox 2145 4008 3741 4156">
    <p class='ocr_par' dir='ltr' id='par_1_101' title="bbox 2145 4008 3741 4156">
     <span class='ocr_line' id='line_1_101' title="bbox 2145 4008 3741 4156; baseline 0.007 -93"><span class='ocrx_word' id='word_1_744' title='bbox 2145 4008 2433 4156; x_wconf 49' lang='lat' dir='ltr'><strong><em>gliireruntb:</em></strong></span> <span class='ocrx_word' id='word_1_745' title='bbox 2456 4010 2517 4068; x_wconf 88' lang='lat' dir='ltr'><strong><em>Si</em></strong></span> <span class='ocrx_word' id='word_1_746' title='bbox 2532 4010 2917 4070; x_wconf 87' lang='lat' dir='ltr'><strong><em>dimiserimus</em></strong></span> <span class='ocrx_word' id='word_1_747' title='bbox 2937 4029 3069 4071; x_wconf 89' lang='lat' dir='ltr'><strong><em>eum</em></strong></span> <span class='ocrx_word' id='word_1_748' title='bbox 3084 4015 3291 4082; x_wconf 82' lang='lat' dir='ltr'><strong><em>vivum,</em></strong></span> <span class='ocrx_word' id='word_1_749' title='bbox 3314 4014 3600 4074; x_wconf 70' lang='lat' dir='ltr'><strong><em>saeculum</em></strong></span> <span class='ocrx_word' id='word_1_750' title='bbox 3614 4021 3741 4092; x_wconf 85' lang='lat' dir='ltr'><strong><em>post</em></strong></span> 
     </span>
     <span class='ocr_line' id='line_1_102' title="bbox 2219 4101 2483 4156; baseline -0.004 -1"><span class='ocrx_word' id='word_1_751' title='bbox 2219 4115 2317 4155; x_wconf 91' lang='lat' dir='ltr'><strong><em>um</em></strong></span> <span class='ocrx_word' id='word_1_752' title='bbox 2347 4115 2381 4155; x_wconf 93' lang='lat' dir='ltr'><strong><em>a</em></strong></span> <span class='ocrx_word' id='word_1_753' title='bbox 2416 4101 2483 4156; x_wconf 89' lang='lat' dir='ltr'><strong><em>it.</em></strong></span> 
     </span>
    </p>
   </div>
   <div class='ocr_carea' id='block_1_102' title="bbox 2219 4101 2483 4156">
    <p class='ocr_par' dir='ltr' id='par_1_102' title="bbox 2219 4101 2483 4156">
     <span class='ocr_line' id='line_1_103' title="bbox 2219 4101 2483 4156; baseline -0.004 -1"><span class='ocrx_word' id='word_1_754' title='bbox 2219 4115 2317 4155; x_wconf 91' lang='lat' dir='ltr'><strong><em>um</em></strong></span> <span class='ocrx_word' id='word_1_755' title='bbox 2347 4101 2483 4156; x_wconf 89' lang='lat' dir='ltr'><strong><em>abit.</em></strong></span> 
     </span>
    </p>
   </div>
   <div class='ocr_carea' id='block_1_103' title="bbox 2217 4214 3744 4295">
    <p class='ocr_par' dir='ltr' id='par_1_103' title="bbox 2217 4214 3744 4295">
     <span class='ocr_line' id='line_1_104' title="bbox 2217 4214 3744 4295; baseline 0.007 -25"><span class='ocrx_word' id='word_1_756' title='bbox 2217 4214 2391 4272; x_wconf 75' lang='lat' dir='ltr'><strong><em>Vnus.</em></strong></span> <span class='ocrx_word' id='word_1_757' title='bbox 2421 4218 2512 4272; x_wconf 73' lang='grc'><strong><em>45.</em></strong></span> <span class='ocrx_word' id='word_1_758' title='bbox 2542 4245 2614 4259; x_wconf 90' lang='grc'><strong>-</strong></span> <span class='ocrx_word' id='word_1_759' title='bbox 2640 4219 2886 4292; x_wconf 84' lang='lat' dir='ltr'><strong><em>Populus</em></strong></span> <span class='ocrx_word' id='word_1_760' title='bbox 2905 4235 3070 4295; x_wconf 89' lang='lat' dir='ltr'><strong><em>quem</em></strong></span> <span class='ocrx_word' id='word_1_761' title='bbox 3089 4236 3207 4279; x_wconf 91' lang='lat' dir='ltr'><strong><em>non</em></strong></span> <span class='ocrx_word' id='word_1_762' title='bbox 3225 4224 3474 4294; x_wconf 79' lang='lat' dir='ltr'><strong><em>cognovi,</em></strong></span> <span class='ocrx_word' id='word_1_763' title='bbox 3498 4230 3610 4281; x_wconf 89' lang='lat' dir='ltr'><strong><em>etc.</em></strong></span> <span class='ocrx_word' id='word_1_764' title='bbox 3645 4226 3744 4280; x_wconf 57' lang='lat' dir='ltr'><strong><em>Po.</em></strong></span> 
     </span>
    </p>
   </div>
   <div class='ocr_carea' id='block_1_104' title="bbox 2143 4303 3742 4381">
    <p class='ocr_par' dir='ltr' id='par_1_104' title="bbox 2143 4303 3742 4381">
     <span class='ocr_line' id='line_1_105' title="bbox 2143 4303 3742 4381; baseline 0.004 -20"><span class='ocrx_word' id='word_1_765' title='bbox 2143 4303 2318 4377; x_wconf 75' lang='lat' dir='ltr'><strong><em>putus</em></strong></span> <span class='ocrx_word' id='word_1_766' title='bbox 2333 4304 2599 4378; x_wconf 79' lang='lat' dir='ltr'><strong><em>gentium,</em></strong></span> <span class='ocrx_word' id='word_1_767' title='bbox 2613 4323 2775 4379; x_wconf 92' lang='lat' dir='ltr'><strong><em>quem</em></strong></span> <span class='ocrx_word' id='word_1_768' title='bbox 2791 4308 3064 4380; x_wconf 90' lang='lat' dir='ltr'><strong><em>corporali</em></strong></span> <span class='ocrx_word' id='word_1_769' title='bbox 3074 4310 3361 4381; x_wconf 75' lang='lat' dir='ltr'><strong><em>praesentia</em></strong></span> <span class='ocrx_word' id='word_1_770' title='bbox 3372 4327 3485 4367; x_wconf 92' lang='lat' dir='ltr'><strong><em>non</em></strong></span> <span class='ocrx_word' id='word_1_771' title='bbox 3501 4311 3742 4377; x_wconf 83' lang='lat' dir='ltr'><strong><em>visitavi,</em></strong></span> 
     </span>
    </p>
   </div>
   <div class='ocr_carea' id='block_1_105' title="bbox 2149 4393 3746 4473">
    <p class='ocr_par' dir='ltr' id='par_1_105' title="bbox 2149 4393 3746 4473">
     <span class='ocr_line' id='line_1_106' title="bbox 2149 4393 3746 4473; baseline 0.005 -25"><span class='ocrx_word' id='word_1_772' title='bbox 2149 4393 2371 4450; x_wconf 86' lang='lat' dir='ltr'><strong><em>servivit</em></strong></span> <span class='ocrx_word' id='word_1_773' title='bbox 2400 4394 2566 4450; x_wconf 89' lang='lat' dir='ltr'><strong><em>mihi:</em></strong></span> <span class='ocrx_word' id='word_1_774' title='bbox 2589 4411 2766 4469; x_wconf 90' lang='lat' dir='ltr'><strong><em>neque</em></strong></span> <span class='ocrx_word' id='word_1_775' title='bbox 2793 4397 2969 4454; x_wconf 90' lang='lat' dir='ltr'><strong><em>oculis</em></strong></span> <span class='ocrx_word' id='word_1_776' title='bbox 2995 4413 3085 4455; x_wconf 90' lang='lat' dir='ltr'><strong><em>me</em></strong></span> <span class='ocrx_word' id='word_1_777' title='bbox 3126 4398 3280 4467; x_wconf 88' lang='lat' dir='ltr'><strong><em>vidit,</em></strong></span> <span class='ocrx_word' id='word_1_778' title='bbox 3324 4398 3426 4455; x_wconf 89' lang='lat' dir='ltr'><strong><em>sed</em></strong></span> <span class='ocrx_word' id='word_1_779' title='bbox 3466 4400 3746 4473; x_wconf 84' lang='lat' dir='ltr'><strong><em>recipiens</em></strong></span> 
     </span>
    </p>
   </div>
   <div class='ocr_carea' id='block_1_106' title="bbox 2073 4472 3676 4554">
    <p class='ocr_par' dir='ltr' id='par_1_106' title="bbox 2073 4472 3676 4554">
     <span class='ocr_line' id='line_1_107' title="bbox 2073 4472 3676 4554; baseline 0.007 -20"><span class='ocrx_word' id='word_1_780' title='bbox 2073 4472 2128 4534; x_wconf 93' lang='lat' dir='ltr'><strong><em>D</em></strong></span> <span class='ocrx_word' id='word_1_781' title='bbox 2147 4481 2534 4554; x_wconf 62' lang='lat' dir='ltr'><strong><em>pradicatores</em></strong></span> <span class='ocrx_word' id='word_1_782' title='bbox 2560 4500 2715 4542; x_wconf 91' lang='lat' dir='ltr'><strong><em>meos</em></strong></span> <span class='ocrx_word' id='word_1_783' title='bbox 2742 4485 2807 4541; x_wconf 89' lang='lat' dir='ltr'><strong><em>in</em></strong></span> <span class='ocrx_word' id='word_1_784' title='bbox 2836 4486 3041 4544; x_wconf 89' lang='lat' dir='ltr'><strong><em>auditu</em></strong></span> <span class='ocrx_word' id='word_1_785' title='bbox 3067 4489 3227 4544; x_wconf 89' lang='lat' dir='ltr'><strong><em>auris</em></strong></span> <span class='ocrx_word' id='word_1_786' title='bbox 3238 4487 3475 4545; x_wconf 84' lang='lat' dir='ltr'><strong><em>obedivit</em></strong></span> <span class='ocrx_word' id='word_1_787' title='bbox 3502 4472 3676 4546; x_wconf 78' lang='lat' dir='ltr'><strong><em>mihi.</em></strong></span> 
     </span>
    </p>
   </div>
   <div class='ocr_carea' id='block_1_107' title="bbox 2217 4597 3743 4674">
    <p class='ocr_par' dir='ltr' id='par_1_107' title="bbox 2217 4597 3743 4674">
     <span class='ocr_line' id='line_1_108' title="bbox 2217 4597 3743 4674; baseline 0.007 -21"><span class='ocrx_word' id='word_1_788' title='bbox 2217 4597 2390 4655; x_wconf 76' lang='lat' dir='ltr'><strong><em>Vnus.</em></strong></span> <span class='ocrx_word' id='word_1_789' title='bbox 2422 4600 2510 4655; x_wconf 69' lang='lat'><strong><em>46.</em></strong></span> <span class='ocrx_word' id='word_1_790' title='bbox 2542 4629 2613 4641; x_wconf 93' lang='lat'>—</span> <span class='ocrx_word' id='word_1_791' title='bbox 2640 4600 2777 4657; x_wconf 86' lang='lat' dir='ltr'><strong><em>Filii</em></strong></span> <span class='ocrx_word' id='word_1_792' title='bbox 2802 4601 2987 4660; x_wconf 89' lang='lat' dir='ltr'><strong><em>alieni</em></strong></span> <span class='ocrx_word' id='word_1_793' title='bbox 3012 4603 3248 4660; x_wconf 83' lang='lat' dir='ltr'><strong><em>mentiti</em></strong></span> <span class='ocrx_word' id='word_1_794' title='bbox 3274 4608 3414 4661; x_wconf 90' lang='lat' dir='ltr'><strong><em>sunt</em></strong></span> <span class='ocrx_word' id='word_1_795' title='bbox 3441 4605 3613 4674; x_wconf 74' lang='lat' dir='ltr'><strong><em>mihi,</em></strong></span> <span class='ocrx_word' id='word_1_796' title='bbox 3636 4614 3743 4664; x_wconf 84' lang='lat' dir='ltr'><strong><em>etc.</em></strong></span> 
     </span>
    </p>
   </div>
   <div class='ocr_carea' id='block_1_108' title="bbox 2148 4686 3746 4766">
    <p class='ocr_par' dir='ltr' id='par_1_108' title="bbox 2148 4686 3746 4766">
     <span class='ocr_line' id='line_1_109' title="bbox 2148 4686 3746 4766; baseline 0.006 -24"><span class='ocrx_word' id='word_1_797' title='bbox 2148 4686 2282 4743; x_wconf 80' lang='lat' dir='ltr'><strong><em>Filii</em></strong></span> <span class='ocrx_word' id='word_1_798' title='bbox 2301 4702 2412 4743; x_wconf 89' lang='lat' dir='ltr'><strong><em>non</em></strong></span> <span class='ocrx_word' id='word_1_799' title='bbox 2425 4688 2534 4744; x_wconf 91' lang='lat' dir='ltr'><strong><em>mei</em></strong></span> <span class='ocrx_word' id='word_1_800' title='bbox 2554 4688 2791 4757; x_wconf 89' lang='lat' dir='ltr'><strong><em>dicendi,</em></strong></span> <span class='ocrx_word' id='word_1_801' title='bbox 2822 4691 2922 4747; x_wconf 87' lang='lat' dir='ltr'><strong><em>sed</em></strong></span> <span class='ocrx_word' id='word_1_802' title='bbox 2954 4691 3135 4763; x_wconf 89' lang='lat' dir='ltr'><strong><em>potius</em></strong></span> <span class='ocrx_word' id='word_1_803' title='bbox 3155 4692 3355 4760; x_wconf 85' lang='lat' dir='ltr'><strong><em>alieni,</em></strong></span> <span class='ocrx_word' id='word_1_804' title='bbox 3373 4692 3575 4766; x_wconf 87' lang='lat' dir='ltr'><strong><em>quibus</em></strong></span> <span class='ocrx_word' id='word_1_805' title='bbox 3595 4702 3746 4752; x_wconf 86' lang='lat' dir='ltr'><strong><em>recte</em></strong></span> 
     </span>
    </p>
   </div>
   <div class='ocr_carea' id='block_1_109' title="bbox 2146 4774 3747 4852">
    <p class='ocr_par' dir='ltr' id='par_1_109' title="bbox 2146 4774 3747 4852">
     <span class='ocr_line' id='line_1_110' title="bbox 2146 4774 3747 4852; baseline 0.006 -21"><span class='ocrx_word' id='word_1_806' title='bbox 2146 4774 2465 4834; x_wconf 86' lang='lat' dir='ltr'><strong><em>dicebatur:</em></strong></span> <span class='ocrx_word' id='word_1_807' title='bbox 2491 4778 2586 4834; x_wconf 89' lang='lat' dir='ltr'><strong><em>Vos</em></strong></span> <span class='ocrx_word' id='word_1_808' title='bbox 2616 4794 2692 4835; x_wconf 79' lang='lat' dir='ltr'><strong><em>ea:</em></strong></span> <span class='ocrx_word' id='word_1_809' title='bbox 2709 4782 2872 4852; x_wconf 87' lang='lat' dir='ltr'><strong><em>patre</em></strong></span> <span class='ocrx_word' id='word_1_810' title='bbox 2913 4780 3128 4839; x_wconf 89' lang='lat' dir='ltr'><strong><em>diabolo</em></strong></span> <span class='ocrx_word' id='word_1_811' title='bbox 3158 4781 3297 4839; x_wconf 87' lang='lat' dir='ltr'><strong><em>estis</em></strong></span> <span class='ocrx_word' id='word_1_812' title='bbox 3325 4784 3565 4839; x_wconf 84' lang='lat' dir='ltr'><strong><em>mentiti</em></strong></span> <span class='ocrx_word' id='word_1_813' title='bbox 3605 4789 3747 4841; x_wconf 89' lang='lat' dir='ltr'><strong><em>sunt</em></strong></span> 
     </span>
    </p>
   </div>
   <div class='ocr_carea' id='block_1_110' title="bbox 2147 4864 3746 4940">
    <p class='ocr_par' dir='ltr' id='par_1_110' title="bbox 2147 4864 3746 4940">
     <span class='ocr_line' id='line_1_111' title="bbox 2147 4864 3746 4940; baseline 0.005 -20"><span class='ocrx_word' id='word_1_814' title='bbox 2147 4864 2332 4921; x_wconf 84' lang='lat' dir='ltr'><strong><em>mihi:</em></strong></span> <span class='ocrx_word' id='word_1_815' title='bbox 2350 4865 2463 4935; x_wconf 87' lang='lat' dir='ltr'><strong><em>ﬁlii</em></strong></span> <span class='ocrx_word' id='word_1_816' title='bbox 2502 4866 2700 4934; x_wconf 88' lang='lat' dir='ltr'><strong><em>alieni,</em></strong></span> <span class='ocrx_word' id='word_1_817' title='bbox 2748 4866 2943 4940; x_wconf 88' lang='lat' dir='ltr'><strong><em>quibus</em></strong></span> <span class='ocrx_word' id='word_1_818' title='bbox 2990 4877 3048 4924; x_wconf 94' lang='lat' dir='ltr'><strong><em>ut</em></strong></span> <span class='ocrx_word' id='word_1_819' title='bbox 3080 4878 3495 4938; x_wconf 90' lang='lat' dir='ltr'><strong><em>renovarentur,</em></strong></span> <span class='ocrx_word' id='word_1_820' title='bbox 3525 4872 3746 4929; x_wconf 82' lang='lat' dir='ltr'><strong><em>Novum</em></strong></span> 
     </span>
    </p>
   </div>
   <div class='ocr_carea' id='block_1_111' title="bbox 2147 4952 3746 5031">
    <p class='ocr_par' dir='ltr' id='par_1_111' title="bbox 2147 4952 3746 5031">
     <span class='ocr_line' id='line_1_112' title="bbox 2147 4952 3746 5031; baseline 0.006 -22"><span class='ocrx_word' id='word_1_821' title='bbox 2147 4952 2554 5011; x_wconf 88' lang='lat' dir='ltr'><strong><em>Testamentum</em></strong></span> <span class='ocrx_word' id='word_1_822' title='bbox 2579 4955 2754 5023; x_wconf 86' lang='lat' dir='ltr'><strong><em>attuli,</em></strong></span> <span class='ocrx_word' id='word_1_823' title='bbox 2785 4956 2841 5012; x_wconf 91' lang='lat' dir='ltr'><strong><em>in</em></strong></span> <span class='ocrx_word' id='word_1_824' title='bbox 2870 4964 3055 5014; x_wconf 86' lang='lat' dir='ltr'><strong><em>vetere</em></strong></span> <span class='ocrx_word' id='word_1_825' title='bbox 3084 4958 3304 5015; x_wconf 91' lang='lat' dir='ltr'><strong><em>homine</em></strong></span> <span class='ocrx_word' id='word_1_826' title='bbox 3332 4970 3746 5031; x_wconf 87' lang='lat' dir='ltr'><strong><em>remanserunt,</em></strong></span> 
     </span>
    </p>
   </div>
   <div class='ocr_carea' id='block_1_112' title="bbox 2147 5045 3748 5120">
    <p class='ocr_par' dir='ltr' id='par_1_112' title="bbox 2147 5045 3748 5120">
     <span class='ocr_line' id='line_1_113' title="bbox 2147 5045 3748 5120; baseline 0.006 -22"><span class='ocrx_word' id='word_1_827' title='bbox 2147 5049 2203 5099; x_wconf 89' lang='lat' dir='ltr'><strong><em>et</em></strong></span> <span class='ocrx_word' id='word_1_828' title='bbox 2230 5049 2491 5115; x_wconf 89' lang='lat' dir='ltr'><strong><em>tanquam</em></strong></span> <span class='ocrx_word' id='word_1_829' title='bbox 2518 5059 2628 5101; x_wconf 88' lang='lat' dir='ltr'><strong><em>uno</em></strong></span> <span class='ocrx_word' id='word_1_830' title='bbox 2659 5046 2802 5117; x_wconf 88' lang='lat' dir='ltr'><strong><em>pede</em></strong></span> <span class='ocrx_word' id='word_1_831' title='bbox 2846 5045 3235 5120; x_wconf 88' lang='lat' dir='ltr'><strong><em>debiles(quia</em></strong></span> <span class='ocrx_word' id='word_1_832' title='bbox 3278 5049 3445 5105; x_wconf 80' lang='lat' dir='ltr'><strong><em>Vetus</em></strong></span> <span class='ocrx_word' id='word_1_833' title='bbox 3488 5057 3748 5107; x_wconf 86' lang='lat' dir='ltr'><strong><em>tenentes</em></strong></span> 
     </span>
    </p>
   </div>
   <div class='ocr_carea' id='block_1_113' title="bbox 2145 5126 3751 5207">
    <p class='ocr_par' dir='ltr' id='par_1_113' title="bbox 2145 5126 3751 5207">
     <span class='ocr_line' id='line_1_114' title="bbox 2145 5126 3751 5207; baseline 0.005 -25"><span class='ocrx_word' id='word_1_834' title='bbox 2145 5126 2363 5183; x_wconf 88' lang='lat' dir='ltr'><strong><em>Novum</em></strong></span> <span class='ocrx_word' id='word_1_835' title='bbox 2393 5131 2754 5201; x_wconf 82' lang='lat' dir='ltr'><strong><em>respuerant)</em></strong></span> <span class='ocrx_word' id='word_1_836' title='bbox 2774 5128 2955 5187; x_wconf 88' lang='lat' dir='ltr'><strong><em>claudi</em></strong></span> <span class='ocrx_word' id='word_1_837' title='bbox 2982 5129 3164 5207; x_wconf 72' lang='lat' dir='ltr'><strong><em>eﬁecti</em></strong></span> <span class='ocrx_word' id='word_1_838' title='bbox 3183 5139 3329 5199; x_wconf 86' lang='lat' dir='ltr'><strong><em>sunt,</em></strong></span> <span class='ocrx_word' id='word_1_839' title='bbox 3358 5132 3524 5189; x_wconf 86' lang='lat' dir='ltr'><strong><em>etiam</em></strong></span> <span class='ocrx_word' id='word_1_840' title='bbox 3545 5134 3603 5189; x_wconf 92' lang='lat' dir='ltr'><strong><em>in</em></strong></span> <span class='ocrx_word' id='word_1_841' title='bbox 3626 5135 3751 5207; x_wconf 84' lang='lat' dir='ltr'><strong><em>ipsa</em></strong></span> 
     </span>
    </p>
   </div>
   <div class='ocr_carea' id='block_1_114' title="bbox 2147 5202 3749 5360">
    <p class='ocr_par' dir='ltr' id='par_1_114' title="bbox 2147 5202 3749 5360">
     <span class='ocr_line' id='line_1_115' title="bbox 2147 5202 3749 5360; baseline 0.006 -89"><span class='ocrx_word' id='word_1_842' title='bbox 2147 5215 2321 5360; x_wconf 55' lang='lat' dir='ltr'><strong><em>Beteri</em></strong></span> <span class='ocrx_word' id='word_1_843' title='bbox 2350 5213 2477 5292; x_wconf 78' lang='lat' dir='ltr'><strong><em>lege</em></strong></span> <span class='ocrx_word' id='word_1_844' title='bbox 2504 5215 2686 5290; x_wconf 88' lang='lat' dir='ltr'><strong><em>potius</em></strong></span> <span class='ocrx_word' id='word_1_845' title='bbox 2713 5233 2843 5276; x_wconf 85' lang='lat' dir='ltr'><strong><em>suas</em></strong></span> <span class='ocrx_word' id='word_1_846' title='bbox 2889 5202 3209 5277; x_wconf 79' lang='lat' dir='ltr'><strong><em>traditiones</em></strong></span> <span class='ocrx_word' id='word_1_847' title='bbox 3254 5230 3549 5294; x_wconf 80' lang='lat' dir='ltr'><strong><em>sequentes</em></strong></span> <span class='ocrx_word' id='word_1_848' title='bbox 3580 5202 3749 5297; x_wconf 71' lang='lat' dir='ltr'><strong><em>quam</em></strong></span> 
     </span>
     <span class='ocr_line' id='line_1_116' title="bbox 2198 5319 2267 5360; baseline 0 0"><span class='ocrx_word' id='word_1_849' title='bbox 2198 5319 2267 5360; x_wconf 80' lang='lat' dir='ltr'><strong><em>ei.</em></strong></span> 
     </span>
    </p>
   </div>
   <div class='ocr_carea' id='block_1_115' title="bbox 2198 5319 2267 5361">
    <p class='ocr_par' dir='ltr' id='par_1_115' title="bbox 2198 5319 2267 5361">
     <span class='ocr_line' id='line_1_117' title="bbox 2198 5319 2267 5361; baseline -0.029 0"><span class='ocrx_word' id='word_1_850' title='bbox 2198 5319 2267 5361; x_wconf 78' lang='grc' dir='ltr'><strong><em>θι.</em></strong></span> 
     </span>
    </p>
   </div>
   <div class='ocr_carea' id='block_1_116' title="bbox 2219 5392 3751 5475">
    <p class='ocr_par' dir='ltr' id='par_1_116' title="bbox 2219 5392 3751 5475">
     <span class='ocr_line' id='line_1_118' title="bbox 2219 5392 3751 5475; baseline 0.006 -26"><span class='ocrx_word' id='word_1_851' title='bbox 2219 5392 2700 5451; x_wconf 84' lang='lat' dir='ltr'><strong><em>Calumniabantur</em></strong></span> <span class='ocrx_word' id='word_1_852' title='bbox 2727 5396 2878 5452; x_wconf 89' lang='lat' dir='ltr'><strong><em>enim</em></strong></span> <span class='ocrx_word' id='word_1_853' title='bbox 2907 5396 2977 5454; x_wconf 87' lang='lat' dir='ltr'><strong><em>de</em></strong></span> <span class='ocrx_word' id='word_1_854' title='bbox 3003 5396 3257 5454; x_wconf 80' lang='lat' dir='ltr'><strong><em>manibus</em></strong></span> <span class='ocrx_word' id='word_1_855' title='bbox 3296 5412 3407 5457; x_wconf 88' lang='lat' dir='ltr'><strong><em>non</em></strong></span> <span class='ocrx_word' id='word_1_856' title='bbox 3434 5398 3587 5469; x_wconf 84' lang='lat' dir='ltr'><strong><em>lotis,</em></strong></span> <span class='ocrx_word' id='word_1_857' title='bbox 3618 5401 3751 5475; x_wconf 79' lang='lat' dir='ltr'><strong><em>quia</em></strong></span> 
     </span>
    </p>
   </div>
   <div class='ocr_carea' id='block_1_117' title="bbox 2146 5480 3745 5559">
    <p class='ocr_par' dir='ltr' id='par_1_117' title="bbox 2146 5480 3745 5559">
     <span class='ocr_line' id='line_1_119' title="bbox 2146 5480 3745 5559; baseline 0.006 -21"><span class='ocrx_word' id='word_1_858' title='bbox 2146 5480 2286 5539; x_wconf 85' lang='lat' dir='ltr'><strong><em>tales</em></strong></span> <span class='ocrx_word' id='word_1_859' title='bbox 2316 5490 2474 5539; x_wconf 88' lang='lat' dir='ltr'><strong><em>erant</em></strong></span> <span class='ocrx_word' id='word_1_860' title='bbox 2500 5484 2718 5542; x_wconf 67' lang='lat' dir='ltr'><strong><em>semita</em></strong></span> <span class='ocrx_word' id='word_1_861' title='bbox 2747 5501 2883 5557; x_wconf 85' lang='lat' dir='ltr'><strong><em>quas</em></strong></span> <span class='ocrx_word' id='word_1_862' title='bbox 2909 5485 3015 5559; x_wconf 86' lang='lat' dir='ltr'><strong><em>ipsi</em></strong></span> <span class='ocrx_word' id='word_1_863' title='bbox 3044 5485 3309 5557; x_wconf 83' lang='lat' dir='ltr'><strong><em>fecerant,</em></strong></span> <span class='ocrx_word' id='word_1_864' title='bbox 3341 5495 3398 5546; x_wconf 86' lang='lat' dir='ltr'><strong><em>et</em></strong></span> <span class='ocrx_word' id='word_1_865' title='bbox 3436 5499 3745 5548; x_wconf 85' lang='lat' dir='ltr'><strong><em>consuetu-</em></strong></span> 
     </span>
    </p>
   </div>
   <div class='ocr_carea' id='block_1_118' title="bbox 2144 5571 3746 5716">
    <p class='ocr_par' dir='ltr' id='par_1_118' title="bbox 2144 5571 3746 5716">
     <span class='ocr_line' id='line_1_120' title="bbox 2144 5571 3746 5716; baseline 0.007 -89"><span class='ocrx_word' id='word_1_866' title='bbox 2144 5571 2273 5716; x_wconf 57' lang='lat' dir='ltr'><strong><em>gine</em></strong></span> <span class='ocrx_word' id='word_1_867' title='bbox 2320 5572 2595 5641; x_wconf 87' lang='lat' dir='ltr'><strong><em>triverant,</em></strong></span> <span class='ocrx_word' id='word_1_868' title='bbox 2634 5573 2966 5643; x_wconf 81' lang='lat' dir='ltr'><strong><em>aberrando,</em></strong></span> <span class='ocrx_word' id='word_1_869' title='bbox 2997 5575 3069 5633; x_wconf 88' lang='lat' dir='ltr'><strong><em>ab</em></strong></span> <span class='ocrx_word' id='word_1_870' title='bbox 3115 5576 3310 5635; x_wconf 82' lang='lat' dir='ltr'><strong><em>itinera</em></strong></span> <span class='ocrx_word' id='word_1_871' title='bbox 3337 5587 3746 5651; x_wconf 65' lang='lat' dir='ltr'><strong><em>praeceptorum</em></strong></span> 
     </span>
     <span class='ocr_line' id='line_1_121' title="bbox 2196 5676 2267 5716; baseline 0 0"><span class='ocrx_word' id='word_1_872' title='bbox 2196 5676 2267 5716; x_wconf 77' lang='lat' dir='ltr'><strong><em>ei.</em></strong></span> 
     </span>
    </p>
   </div>
   <div class='ocr_carea' id='block_1_119' title="bbox 2196 5676 2267 5719">
    <p class='ocr_par' dir='ltr' id='par_1_119' title="bbox 2196 5676 2267 5719">
     <span class='ocr_line' id='line_1_122' title="bbox 2196 5676 2267 5719; baseline -0.056 0"><span class='ocrx_word' id='word_1_873' title='bbox 2196 5676 2267 5719; x_wconf 74' lang='grc' dir='ltr'><strong><em>ει.</em></strong></span> 
     </span>
    </p>
   </div>
  </div>
