4002 6184
317 304 422 359 789

1352 309 1637 367 ‘EXPOS.
1675 311 1750 366 IN
1786 310 1893 367 XX
1934 308 2193 367 PRIMOS
2239 312 2574 370 PSALMOS.

3541 321 3648 376 790

399 427 572 484 Vsus.
609 429 696 483 47.
729 459 800 471 —-
828 431 970 486 Vivit
997 431 1293 499 Dominus,
1327 437 1383 490 et
1426 435 1750 493 benedictus
1792 439 1938 492 Deus
1968 436 2098 496 Aut
2133 434 2488 507 fortissimus,
2561 449 2615 495 et
2656 447 2889 496 caeteros
2950 441 3198 497 homines
3240 441 3649 514 incomparabili

336 531 518 582 meus,
547 525 655 573 etc.
689 519 811 573 Non
844 527 1064 574 terrena
1096 522 1491 577 consuetudine
1511 525 1580 579 de
1609 525 1726 580 Deo
1756 525 1942 580 salutis

336 620 473 660 mem
503 606 716 673 sentio;
742 623 843 663 nec
874 616 1149 664 terrenam
1179 609 1360 681 ipsam
1393 611 1623 668 salutem
1657 614 1754 669 sed
1784 614 1840 669 in
1866 630 1955 670 ex-

344 693 497 749 celso
526 693 596 750 de
624 695 718 750 illo
748 712 986 767 sperem.
1335 715 1342 724 '

409 799 586 856 Vnas.
628 802 716 856 48.
746 833 817 843 —
846 806 1013 873 Deus,
1048 805 1144 877 qui
1173 805 1273 861 das
1301 806 1582 862 vindictas
1624 808 1788 876 mihi,
1841 817 1945 866 etc.

336 889 508 955 Deus,
543 889 637 962 qui
666 891 915 949 vindicas
944 909 1034 948 me
1064 893 1348 950 subdendo
1379 895 1482 949 sub
1501 911 1590 951 me
1609 896 1860 967 populos,
1885 898 1950 954 li:

331 977 556 1034 berator
571 995 729 1036 meus
753 981 820 1037 de
839 984 1092 1039 ini-micis
1112 982 1272 1038 meis.
1295 983 1516 1051 Iudaeis,
1540 984 1936 1043 clamantibus.

334 1064 635 1140 Crucifige,
667 1067 927 1143 cruciﬁge
963 1069 974 1125 l

411 1181 583 1238 Vnns.
618 1185 704 1239 t9.
737 1214 808 1226 -—
837 1187 1003 1241 Et'ab
1018 1187 1446 1258 insurgentibus
1474 1189 1538 1244 in
1554 1205 1644 1245 me
1660 1190 1940 1247 exaltabis

332 1288 447 1340 me,
482 1281 589 1330 etc.
621 1273 706 1328 Ab
737 1274 947 1329 eisdem
976 1273 1387 1347 insurgentibus
1414 1276 1470 1330 in
1489 1293 1576 1333 me
1621 1278 1938 1349 patientem,

334 1363 606 1421 exultabis
649 1378 740 1418 me
786 1371 1179 1436 resurgentem,
1225 1371 1387 1436 atque
1431 1380 1463 1420 a
1517 1381 1690 1440 regno
1748 1382 1940 1424 eorum

325 1453 517 1527 iniquo
569 1451 769 1523 eripies
832 1467 940 1507 me.

403 1568 570 1625 Vnus.
595 1568 683 1621 50.
707 1595 776 1606 -
795 1567 1100 1638 Propterea
1125 1565 1428 1636 conﬁtebor
1458 1566 1557 1623 tibi
1599 1569 1662 1624 in
1676 1569 1935 1625 nationi-

327 1657 451 1724 bus,
483 1657 740 1720 Domine,
776 1661 879 1710 etc.
914 1655 1206 1724 Propterea
1234 1653 1330 1709 tibi
1350 1671 1451 1725 pro
1479 1672 1568 1711 me
1605 1656 1938 1713 conﬁtebun-

321 1752 418 1799 tur
447 1751 660 1817 gentes,
679 1742 928 1813 Domine,
964 1751 1017 1799 et
1032 1742 1191 1797 latius
1210 1742 1519 1801 innotesces
1549 1745 1706 1801 bonis
1744 1747 1932 1819 operi-

325 1833 434 1888 bus
451 1832 613 1887 meis.

404 1941 576 1995 Vnns.
599 1941 688 1994 51.
713 1969 783 1979 -
820 1938 1189 2010 Magniﬁcam
1209 1939 1425 1996 salutes
1444 1943 1590 2014 regis
1648 1944 1788 2014 ejus,
1835 1950 1939 2009 etc,

327 2030 480 2088 Deus
520 2025 858 2100 magniﬁcat,
909 2035 966 2081 ut
1028 2027 1290 2082 amabiles
1332 2027 1492 2084 faciat
1551 2029 1774 2096 salutes,
1809 2048 1942 2101 quas

326 2118 449 2186 ejus
471 2117 635 2171 Filius
665 2117 756 2171 dat
777 2116 1154 2183 credentibus,
1204 2123 1258 2171 et
1315 2119 1459 2187 facit
1490 2120 1941 2175 misericordiam

332 2207 558 2264 Christo
605 2223 725 2273 suo,
775 2205 880 2275 ipsi
937 2204 1224 2259 liberatori
1267 2221 1431 2259 manu
1479 2205 1624 2276 forti,
1676 2206 1769 2277 qui
1813 2208 1940 2264 vicit

325 2295 476 2349 hunc
510 2294 795 2362 mundum,
830 2300 883 2348 et
915 2293 1013 2358 eis,
1050 2309 1189 2364 quos
1219 2294 1505 2350 credentes
1532 2294 1589 2349 in
1635 2296 1939 2369 Evangelio

328 2381 523 2455 genuit
569 2382 624 2436 in
688 2389 971 2436 mternum.

401 2469 752 2540 Quaecunque
781 2471 837 2524 in
870 2471 978 2525 hoc
1018 2470 1235 2540 psalmo
1281 2471 1422 2527 dicta
1463 2479 1602 2537 sunt,
1657 2488 1780 2543 quae
1829 2472 1934 2544 ipsi

329 2558 556 2629 proprie
585 2557 842 2623 Domino,
898 2558 952 2612 id
1000 2566 1082 2612 est
1113 2559 1278 2630 capiti
1324 2560 1586 2616 Ecclesiae
1630 2576 1933 2634 congruere

325 2661 439 2702 non
466 2654 716 2717 possunt,
765 2647 835 2701 ad
877 2645 1178 2701 Ecclesiam
1226 2647 1514 2703 referenda
1568 2656 1712 2704 sunt.
1766 2651 1932 2705 Totus

327 2736 473 2790 enim
507 2736 596 2791 hic
623 2735 784 2791 Jesus
814 2734 1070 2806 loquitur,
1103 2734 1160 2791 in
1199 2752 1307 2808 quo
1354 2744 1479 2792 sunt
1523 2737 1708 2794 omnia
1751 2754 1929 2794 mem-

327 2823 428 2879 bra
463 2824 600 2893 ejus.

789 2992 861 3048 IN
897 2991 1227 3049 PSALMUM
1262 2993 1459 3050 XVIII.

397 3133 609 3189 Titulus
639 3140 799 3189 notus
828 3141 931 3203 est,
963 3148 1065 3189 nec
1081 3134 1345 3189 Dominus
1359 3135 1517 3190 Iesus
1533 3135 1784 3192 Christus
1805 3136 1924 3192 haac
1945 3164 1996 3230 Ο

323 3222 474 3291 dicit,
510 3223 608 3278 sed
637 3221 707 3278 de
737 3222 831 3278 illo
876 3222 1000 3279 haec
1049 3222 1321 3278 dicuntur.

389 3348 560 3404 Vaas.
575 3351 704 3405 2.—
718 3346 851 3404 Caeli
867 3352 1144 3404 enarrant
1155 3348 1394 3420 gloriam
1411 3349 1528 3416 Dei,
1545 3352 1601 3405 et
1622 3366 1790 3422 opera
1805 3369 1928 3406 ma-

338 3454 521 3494 nuum
533 3440 654 3510 ejus
671 3439 985 3494 annuntiat
996 3438 1442 3506 ﬁrmamentum.
1457 3440 1485 3493 J
1491 3438 1592 3493 usti
1609 3439 1914 3512 evangelis-

337 3535 422 3590 περ,
445 3526 500 3580 in
516 3526 710 3598 quibus
721 3527 867 3582 Deus
898 3534 1155 3598 tanquam
1167 3527 1223 3581 in
1239 3527 1394 3584 cmlis
1413 3527 1637 3594 habitat,
1658 3538 1934 3599 exponunt

319 3613 552 3689 gloriam
585 3615 801 3670 Domini
830 3615 1001 3670 nostri
1058 3617 1189 3671 Jesu
1254 3615 1476 3682 Christi,
1517 3616 1633 3672 sive
1677 3617 1927 3688 gloriam,

330 3719 439 3775 qua
469 3703 790 3776 gloriﬁcavit
819 3704 1034 3759 Patrem
1064 3704 1231 3759 Filius
1262 3721 1427 3775 super
1455 3712 1681 3760 terram.
1700 3707 1770 3760 Et
1791 3705 1932 3762 facta

328 3792 588 3848 virtutum
619 3791 836 3847 Domini
865 3795 1180 3849 annuntiat
1225 3794 1656 3862 ﬁrmamentum
1687 3811 1699 3848 :
1733 3793 1929 3851 fiducia

327 3881 526 3953 quippe
556 3881 787 3952 Spiritus
817 3882 986 3937 sancti
1018 3880 1409 3937 ﬁrmamentum
1442 3890 1494 3938 et
1517 3883 1716 3938 caelum
1730 3881 1929 3940 factum

324 3979 424 4040 est,
459 3970 606 4042 quod
635 3978 797 4026 antea
827 3970 1017 4026 timore
1066 3979 1206 4025 terra
1253 3979 1390 4026 erat.

398 4078 567 4132 Vnus.
593 4081 646 4131 3.
669 4107 739 4116 —
757 4077 887 4132 Dies
910 4077 1024 4132 diei
1044 4081 1267 4133 eructat
1297 4077 1542 4146 verbum,
1567 4083 1623 4135 et
1639 4097 1758 4136 nox
1775 4081 1930 4136 nocti

325 4166 548 4223 indicat
564 4166 888 4222 scientiam.
922 4165 1153 4236 Spiritus
1184 4166 1515 4236 spiritalibus
1555 4167 1764 4238 profert
1804 4168 1928 4239 ple-

324 4255 627 4310 nitudinem
690 4254 1152 4310 incommutabilis
1218 4254 1500 4325 sapientiae
1592 4257 1714 4325 Dei,
1783 4257 1928 4328 quod

324 4344 562 4400 Verbum
583 4343 638 4397 in
657 4341 928 4415 principio
949 4344 1097 4398 Deus
1129 4344 1274 4415 apud
1297 4343 1474 4399 Deum
1492 4352 1592 4412 est,
1618 4354 1670 4401 et
1688 4345 1930 4402 mortali-

323 4440 409 4487 tas
440 4433 642 4498 carnis,
675 4440 931 4504 tanquam
977 4431 1144 4505 longe
1187 4431 1380 4504 positis
1423 4433 1733 4489 carnalibus
1766 4433 1929 4490 ﬁdem

321 4521 652 4577 insinuando
681 4521 961 4575 annuntiat
989 4519 1221 4576 futuram
1267 4521 1567 4578 scientiam.

392 4625 562 4679 Vnus.
582 4626 710 4679 4.-
726 4625 847 4680 Νοη
863 4627 1001 4680 sunt
1024 4624 1256 4697 loquelae
1275 4641 1452 4697 neque
1471 4641 1777 4682 sermones.
1819 4626 1923 4681 Per

321 4729 458 4786 quas
487 4729 596 4768 non
637 4712 832 4768 auditae
883 4721 1007 4767 sunt
1049 4729 1214 4769 voces
1259 4713 1742 4787 evangelistarum,
1799 4730 1921 4770 eum

319 4803 575 4857 omnibus
605 4801 808 4875 linguis
835 4801 1193 4874 Evangelium
1231 4802 1633 4874 praedicaretur.

388 4910 561 4965 Vnus.
595 4911 648 4975 5,
681 4912 733 4963 6.
753 4909 899 4964 —In
928 4925 1152 4964 omnem
1183 4913 1396 4965 terram
1426 4910 1607 4966 exivit
1638 4925 1808 4967 sonus
1824 4926 1920 4967 eo-

317 5017 468 5064 rum,
493 4999 630 5054 etin
648 4998 790 5066 ﬁnes
813 4998 956 5054 orbis
972 5001 1138 5052 terra:
1157 4998 1321 5054 verba
1341 5014 1552 5054 eorum.
1586 5000 1649 5054 In
1687 5000 1802 5054 sole
1817 5015 1920 5071 po-

311 5091 430 5146 suit
465 5087 899 5143 tabernaculum
915 5103 1101 5152 suum,
1127 5094 1232 5143 etc.
1254 5087 1538 5158 Dominus,
1559 5097 1616 5142 ut
1649 5088 1918 5143 adversus

313 5193 488 5251 regna
516 5175 896 5246 temporalium
927 5191 1176 5231 errorum
1207 5175 1574 5247 belligeraret,
1596 5192 1707 5232 non
1725 5193 1923 5248 pacem

314 5266 413 5322 sed
439 5265 684 5338 gladium
715 5264 983 5318 missurus
1014 5263 1069 5318 in
1102 5271 1327 5332 terram,
1361 5264 1417 5318 in
1445 5272 1692 5336 tempore
1753 5266 1840 5322 vel
1867 5265 1922 5320 in

314 5353 754 5411 manifestatione
786 5352 967 5423 posuit
997 5360 1254 5426 tanquam
1282 5352 1514 5408 militare
1545 5353 1922 5411 habitaculum

314 5461 494 5514 suum,
514 5444 620 5499 hoc
641 5451 742 5507 est,
759 5442 1221 5513 dispensationem
1244 5441 1630 5497 incarnationis
1653 5459 1786 5510 suae,
1805 5459 1925 5515 pro-

317 5533 522 5591 cedens
553 5533 622 5587 de
651 5539 807 5586 utero
836 5530 1107 5603 virginali,
1133 5530 1226 5586 ubi
1259 5530 1524 5586 Dominus
1570 5540 1780 5588 naturae
1817 5534 1922 5588 hu-

317 5638 496 5678 manae
527 5630 787 5692 tanquam
803 5635 1038 5692 sponsus
1059 5636 1274 5691 sponsae
1290 5620 1576 5690 copulatus
1593 5628 1694 5677 est.
1716 5623 1924 5679 Exsul-

323 5713 465 5769 tavit
478 5714 710 5784 utgigas
724 5728 788 5767 ac
805 5710 1148 5767 currendum
1164 5711 1316 5767 viam
1327 5727 1508 5780 suam,
1526 5718 1634 5767 etc.
1657 5711 1926 5768 Exultavit

2060 524 2256 581 virtute
2281 528 2620 597 praecedens,
2649 545 2760 584 non
2789 530 2859 584 ad
2886 530 3259 598 habitandum,
3297 532 3397 587 sed
3427 533 3497 587 ad
3525 548 3649 589 cur-

2059 615 2285 670 rendam
2315 617 2480 672 viam.
2525 618 2593 676 Et
2645 635 2658 672 :

2128 729 2297 784 Vnus.
2317 732 2370 785 7.
2385 761 2454 772 -
2468 733 2508 788 Α
2522 749 2744 789 summa
2756 735 2881 790 caeli
2901 737 3140 806 egressio
3157 739 3300 807 ejus.
3328 735 3387 791 Id
3400 744 3500 803 est,
3517 752 3546 791 a
3559 738 3656 792 Pa-

2052 823 2155 880 tre,
2192 833 2302 873 non
2329 821 2645 891 temporalis
2692 823 3060 894 aequiparatio,
3109 825 3208 879 sed
3254 832 3474 892 mterna,
3533 842 3656 898 qua:

2050 905 2119 961 de
2148 907 2308 962 Patre
2337 917 2498 963 natus
2527 917 2628 965 est.
2660 913 2730 965 Et
2751 928 3015 969 occursus
3037 916 3159 986 ejus
3188 931 3363 988 usque
3392 915 3464 970 ad
3487 932 3650 972 sum-

2049 1012 2208 1051 mum
2239 999 2378 1067 ejus,
2404 1005 2508 1054 etc.
2535 997 2787 1054 Occurrit
2803 1001 3138 1071 plenitudine
3159 1002 3456 1058 divinitatis
3478 1021 3652 1076 usque

2047 1082 2118 1138 ad
2147 1085 2505 1156 aequalitatem
2554 1088 2743 1144 Patris.
2795 1090 2930 1144 Cum
2977 1100 3154 1146 autem
3199 1092 3438 1147 Verbum
3485 1093 3650 1148 etiam

2047 1185 2176 1227 caro
2207 1170 2409 1228 factum
2440 1184 2541 1241 est,
2566 1184 2619 1231 et
2648 1177 2912 1234 habitavit
2941 1180 2995 1233 in
3024 1180 3211 1246 nobis,
3261 1181 3645 1236 mortalitatem
3725 1239 3734 1252 _

2044 1268 2290 1316 nostram
2320 1264 2645 1335 suscipiens,
2677 1281 2787 1321 non
2818 1268 3064 1338 permisit
3123 1269 3295 1324 ullum
3337 1270 3648 1324 mortalium

2042 1364 2306 1406 excusare
2331 1369 2391 1407 se
2421 1353 2489 1408 de
2517 1354 2708 1409 umbra
2741 1355 2955 1426 mortis,
3005 1365 3058 1413 et
3105 1358 3282 1430 ipsam
3340 1359 3653 1430 penetravit

2041 1437 2196 1499 verbi
2256 1440 2426 1497 calor.

2109 1552 2283 1610 Vnus.
2317 1558 2368 1610 8.
2399 1587 2469 1598 —
2497 1560 2618 1616 Lex
2646 1562 2871 1618 Domini
2900 1562 3276 1619 immaculata
3288 1546 3641 1619 ’convertens

2033 1642 2279 1730 animas,
2313 1652 2427 1702 etc.
2465 1649 2586 1704 Lex
2613 1651 2860 1718 Domini,
2893 1651 2948 1706 id
2977 1659 3080 1718 est,
3131 1651 3222 1724 qui
3270 1651 3417 1708 venit
3473 1651 3655 1724 legem

2033 1730 2259 1801 Implere
2289 1749 2399 1788 non
2428 1736 2662 1794 solvere.
2695 1740 2782 1806 Et,
2813 1740 3186 1796 immaculata
3215 1741 3321 1808 lex,
3363 1740 3488 1814 quia
3517 1755 3652 1812 pec-

1966 1805 2217 1874 Bcatum
2247 1836 2356 1876 non
2385 1822 2529 1890 fecit,
2562 1841 2666 1882 nec
2695 1827 2946 1883 inventus
2976 1836 3058 1884 est
3095 1829 3256 1884 dolus
3286 1829 3342 1883 in
3375 1805 3473 1884 ore
3512 1829 3649 1898 ejus,

2050 1923 2160 1962 non
2189 1924 2446 1979 premens
2478 1914 2689 1969 animas
2717 1917 2992 1972 servitutis
3017 1918 3173 1990 jugo,
3208 1918 3306 1972 sed
3327 1917 3397 1972 ad
3430 1933 3490 1972 se
3519 1916 3645 1972 imi-

2048 1997 2276 2051 tandum
2316 1998 2566 2056 libertate
2631 2013 2974 2060 convertens.
3035 2005 3196 2074 Cujus
3259 2005 3650 2062 testi-monium

2044 2084 2211 2153 ﬁdele
2241 2095 2345 2152 est,
2380 2089 2505 2161 quia
2534 2107 2696 2146 nemo
2739 2094 2889 2149 novit
2937 2095 3151 2148 Patrem
3200 2093 3304 2148 nisi
3349 2093 3536 2159 Filius,
3590 2101 3643 2149 et

2044 2173 2132 2228 cui
2164 2174 2394 2230 voluerit
2426 2180 2689 2248 revelare,
2725 2199 2846 2252 qua:
2874 2183 3196 2238 abscondita
3225 2189 3348 2237 sunt
3376 2182 3643 2253 asapien-

2041 2261 2200 2329 tibus,
2238 2271 2291 2317 et
2320 2267 2557 2322 revelata
2587 2271 2846 2340 parvulis,
2895 2271 3149 2343 quoniam
3187 2272 3336 2326 Deus
3384 2270 3636 2342 superbis

2041 2350 2264 2418 resistit,
2299 2352 2592 2411 humilibus
2623 2367 2806 2414 autem
2843 2359 2936 2413 dat
2956 2360 3204 2432 gratiam.

2052 2511 2061 2524 '
2112 2439 2281 2496 Vens.
2316 2444 2368 2497 9.
2402 2474 2471 2484 —
2495 2447 2743 2502 Iustitia:
2771 2450 3000 2504 Domini
3036 2452 3221 2516 recte,
3275 2447 3633 2516 lcetiﬁcantes

2038 2528 2225 2595 corda,
2251 2537 2357 2587 etc.
2393 2531 2597 2590 Omnes
2619 2538 2868 2608 justitiae
2896 2539 3120 2592 Domini
3139 2537 3196 2590 in
3225 2536 3318 2591 illo
3338 2539 3525 2605 rectae,
3552 2535 3644 2608 qui

2033 2630 2144 2669 non
2173 2617 2354 2674 docuit
2385 2623 2529 2692 quod
2550 2623 2666 2694 ipse
2696 2640 2805 2678 non
2835 2624 2978 2691 fecit,
3031 2632 3088 2678 ut
3130 2624 3223 2696 qui
3267 2623 3632 2690 imitarentur,

2033 2705 2199 2760 corde
2229 2709 2534 2777 gauderent
2562 2712 2618 2766 in
2638 2713 2734 2781 eis,
2768 2714 2894 2784 quia
2921 2714 3088 2769 libere
3100 2730 3226 2770 cum
3269 2713 3530 2769 charitate
3560 2712 3638 2768 fa-

2033 2801 2238 2860 cerent,
2271 2812 2380 2853 non
2410 2800 2681 2856 serviliter
2709 2818 2832 2857 cum
2863 2803 3071 2858 timore.
3104 2802 3266 2872 Cujus
3303 2809 3634 2874 praeceptum

2034 2881 2288 2940 lucidum
2319 2895 2418 2954 est,
2452 2890 2571 2944 sine
2600 2891 2908 2947 velamento
2955 2892 3164 2948 scilicet
3207 2892 3511 2947 carnalium
3528 2890 3633 2946 ob-

2031 2972 2416 3044 servationum,
2440 2979 2779 3036 illuminans
2793 2980 3031 3036 hominis
3041 2979 3318 3037 inferioris
3329 2989 3632 3052 aspectum.

2103 3091 2272 3148 Vens.
2309 3099 2394 3151 10.
2418 3127 2488 3138 -
2505 3101 2688 3156 Timor
2701 3102 2926 3157 Domini
2943 3104 3196 3165 sanctus,
3209 3116 3554 3173 permanens
3571 3102 3634 3157 in

2027 3184 2303 3240 saeculum
2324 3188 2538 3257 sceculi,
2563 3196 2668 3245 etc.
2700 3190 2883 3245 Timor
2898 3191 3124 3245 Domini
3140 3204 3250 3244 non
3278 3189 3369 3244 ille
3391 3189 3492 3243 sub
3511 3188 3636 3262 lege

2033 3273 2285 3343 poenalis,
2307 3277 2618 3346 temporalia
2640 3277 2783 3331 bona
2797 3278 2897 3332 sibi
2913 3277 3154 3332 subtrahi
3184 3279 3629 3348 perhorrescens,

2037 3376 2267 3431 quorum
2298 3363 2588 3420 dilectione
2619 3367 2798 3422 anima
2837 3366 3149 3438 inquinatur
3193 3407 3206 3434 ,
3253 3366 3353 3420 sed
3398 3369 3634 3422 sanctus

2035 3465 2143 3522 quo
2175 3451 2420 3507 Ecclesia
2453 3470 2716 3524 sponsum
2740 3455 3116 3526 suum'quanto
3138 3454 3414 3510 ardentius
3436 3454 3638 3526 diligit,

2032 3545 2182 3593 tanto
2215 3540 2529 3613 diligentius
2559 3551 2714 3599 cavet
2743 3543 3038 3599 offendere.
3073 3545 3142 3598 Et
3170 3543 3295 3598 ideo
3328 3558 3437 3598 non
3483 3542 3636 3598 foras

2031 3629 2193 3685 mittit
2255 3640 2625 3688 consummata
2685 3632 2904 3687 dilectio
2976 3632 3226 3686 timorem
3292 3632 3455 3696 hunc,
3542 3631 3638 3686 sed

2031 3722 2330 3790 permanet
2357 3719 2421 3774 in
2450 3722 2720 3775 saeculum
2748 3721 2963 3775 saeculi.
2997 3720 3219 3775 Iudicia
3246 3734 3464 3790 quoque
3494 3718 3630 3787 ejus,

2029 3806 2123 3876 qui
2150 3821 2259 3861 non
2283 3806 2492 3876 judicat
2521 3823 2869 3880 quemquam,
2895 3807 2992 3862 sed
3022 3823 3183 3862 omne
3197 3807 3462 3875 judicium
3479 3805 3630 3860 dedit

2028 3895 2183 3964 Filio,
2217 3911 2344 3951 vere
2364 3898 2689 3968 justiﬁcata
2718 3895 3246 3952 incommutabiliter.
3270 3893 3628 3966 Neque/enim

2030 3993 2082 4041 et
2109 3984 2360 4052 minatus,
2393 3994 2446 4041 et
2473 3986 2744 4056 pollicitus
2774 3987 2922 4041 Deus
2966 3977 3489 4058 quemquem'fallit,
3541 3991 3633 4036 aut

2029 4073 2310 4146 quisquam
2341 4083 2394 4129 et
2421 4075 2617 4145 impios
2661 4075 2925 4149 supplicio
2969 4075 3104 4144 ejus,
3143 4081 3196 4130 et
3243 4072 3362 4145 pios
3399 4071 3627 4146 praemio

2029 4162 2146 4232 ejus
2175 4171 2355 4234 potest
2392 4164 2628 4235 eripere.

2099 4279 2269 4334 Vsns.
2307 4282 2391 4334 ll.
2424 4310 2494 4320 —
2522 4279 2925 4336 Desiderabilia
2954 4295 3124 4352 super
3152 4294 3360 4335 aurum
3391 4281 3449 4334 et
3479 4278 3622 4349 tapi-

2028 4368 2154 4424 dcm
2181 4371 2495 4441 pretiosum
2515 4371 2784 4436 multum,
2801 4377 2903 4425 etc.
2930 4369 3055 4425 Sive
3082 4369 3330 4423 multum
3345 4367 3523 4436 ipsum
3535 4379 3626 4420 au-

2027 4473 2149 4511 rum
2167 4465 2220 4512 et
2237 4457 2491 4528 lapidem,
2513 4459 2628 4514 sive
2648 4460 2897 4515 multum
2913 4458 3228 4528 pretiosum,
3250 4455 3364 4510 sive
3375 4455 3628 4510 multum

1943 4525 1997 4586 D
2028 4525 2432 4625 desiderabilia,
2463 4525 2646 4612 tamen
2674 4525 3069 4612 desiderabilia
3091 4552 3312 4625 judicia
3332 4551 3431 4607 Dei
3461 4566 3623 4622 super

2020 4659 2250 4715 pompas
2277 4645 2436 4714 hujus
2465 4645 2668 4711 saeculi,
2701 4660 2927 4715 quarum
2965 4641 3240 4698 desiderio
3280 4639 3356 4706 ﬁt,
3404 4648 3462 4694 ut
3506 4655 3616 4694 non

2019 4733 2413 4800 desiderentur,
2445 4735 2542 4789 sed
2573 4733 2881 4802 timeantur,
2930 4740 3018 4786 aut
3063 4737 3491 4798 contemnantur,
3527 4734 3619 4782 aut

2021 4838 2132 4878 non
2158 4823 2451 4878 credantur
2473 4822 2680 4892 judicia
2708 4821 2827 4877 Dei.
2861 4820 3019 4890 Quod
3048 4819 3094 4874 si
3123 4819 3351 4891 quisque
3385 4817 3503 4886 ipse
3552 4815 3621 4869 sit

2019 4925 2231 4977 aurum,
2264 4910 2510 4982 lapisque
2549 4911 2839 4982 pertiosus,
2890 4918 2948 4964 ut
2989 4909 3118 4982 igne
3166 4923 3276 4962 non
3319 4920 3614 4962 consuma-

2021 5012 2123 5064 tur,
2156 5000 2253 5055 sed
2281 5007 2584 5055 assumatur
2612 5000 2667 5054 in
2695 5001 3008 5055 thesaurum
3036 4997 3156 5062 Dei,
3189 4996 3312 5067 plus
3343 5009 3510 5066 quam
3532 5009 3613 5049 se-

2021 5093 2200 5160 ipsum
2230 5088 2505 5144 desideret
2528 5087 2732 5157 judicia
2757 5088 2897 5157 ejus,
2928 5087 3083 5156 cujus
3111 5084 3444 5142 voluntatem
3471 5099 3618 5155 prae-

2021 5177 2171 5250 ponit
2199 5193 2310 5233 sua:
2331 5196 2345 5244 ;
2370 5186 2423 5233 et
2453 5176 2566 5233 sive
2597 5177 2828 5249 quisque
2848 5177 2961 5246 jam
2993 5175 3060 5230 sit
3088 5171 3216 5239 mel,
3252 5173 3382 5244 quia
3411 5173 3618 5227 solutus

2023 5267 2144 5323 vita:
2175 5265 2335 5337 hujus
2362 5265 2590 5323 vinculis
2617 5273 2899 5337 exspectat
2958 5263 3122 5333 diem,
3184 5278 3292 5335 quo
3351 5261 3532 5317 veniat
3563 5261 3620 5314 in

2023 5356 2212 5429 epulas
2241 5355 2374 5423 Dei;
2408 5356 2521 5412 sive
2550 5355 2724 5412 adhuc
2755 5354 2910 5411 favus
2947 5353 3036 5421 sit,
3069 5360 3126 5408 ut
3155 5349 3310 5424 quasi
3341 5365 3468 5406 cera
3513 5348 3618 5403 cir-

2023 5445 2376 5516 cumplicetur
2427 5446 2530 5500 hac
2558 5445 2687 5510 vita,
2712 5461 2820 5500 non
2851 5444 2977 5500 huic
3008 5448 3318 5505 concretus,
3367 5438 3465 5492 sed
3507 5437 3614 5490 im-

2023 5535 2178 5606 plens
2210 5550 2352 5600 eam,
2371 5533 2458 5590 cui
2488 5549 2626 5605 opus
2655 5532 2722 5589 sit
2753 5533 2934 5606 aliqua
2965 5551 3242 5607 pressura,
3281 5545 3394 5587 non
3441 5546 3617 5602 oppri-

2025 5623 2241 5694 mentis,
2267 5623 2366 5679 sed
2395 5622 2750 5694 eXprimentis
2779 5639 2974 5680 manus
3003 5625 3121 5694 Dei,
3154 5638 3262 5695 qua
3290 5622 3358 5676 de
3405 5630 3619 5690 tempo-

2027 5713 2125 5769 rali
2161 5713 2271 5770 vita
2298 5712 2354 5767 in
2394 5719 2654 5768 aeternum
2698 5713 3029 5784 relinquetur
3061 5731 3075 5767 :
3107 5711 3361 5767 dulciora
3389 5710 3466 5765 illi
3497 5717 3624 5766 sunt
