4002 6184
387 257 483 308 791

906 251 1312 307 \VALAFRIDI
1339 251 1581 306 STRABI
1613 250 1811 306 FULD.
1845 251 2018 307 MON.
2054 251 2205 308 OPP.
2243 252 2421 310 PARS
2450 253 2490 307 Ι.
2526 280 2596 294 --
2623 251 3097 309 THEOLOGICA.

3600 257 3711 310 792

387 378 594 448 judicia
624 379 747 445 Dei,
783 393 949 449 quam
979 376 1083 431 sibi
1113 375 1217 446 ipsi
1247 382 1348 444 est,
1396 374 1524 445 quia
1568 391 1736 446 super
1778 376 1890 431 mel
1937 381 1992 432 et
2019 386 2076 445 Α
2096 376 2323 447 adjutor
2351 392 2510 434 meus
2539 377 2812 432 tendentis
2844 377 2910 431 ad
2942 385 3015 446 te,
3058 376 3315 449 quoniam
3361 378 3706 450 Redemptor

387 469 584 538 favum
614 466 706 522 illa
745 466 985 522 dulciora
1028 471 1172 519 sunt.

458 596 628 652 Vnus.
663 598 834 651 12.-
854 595 1077 650 Etenim
1108 607 1300 647 servus
1333 594 1462 649 tuus
1493 591 1738 648 custodit
1769 608 1854 658 ea,
1886 599 1989 649 etc.

386 684 517 740 Ideo
547 683 741 756 inquit,
776 690 883 737 tam
913 681 1092 736 dulcia
1125 680 1256 734 mihi
1289 688 1432 745 sunt,
1459 679 1587 751 quia
1618 680 1866 736 custodio
1889 697 1952 735 ea
1979 699 1992 735 :

388 789 514 828 nam
544 788 653 828 non
683 770 1011 828 custodienti
1041 784 1230 824 amara
1262 769 1378 823 dies
1410 769 1645 824 Domini.
1681 771 1992 841 Itaquenon

390 860 448 916 in
477 861 657 932 aliquo
690 868 839 914 extra
867 859 1047 929 posito
1078 857 1387 923 commodo,
1413 858 1508 912 sed
1527 858 1581 911 in
1606 874 1670 912 eo
1683 859 1823 928 ipso,
1849 858 1993 929 quod

386 949 590 1018 judicia
620 947 720 1004 Dei
752 947 1151 1014 custodiuntur,
1184 947 1373 1003 multa
1401 947 1699 1004 retributio
1731 954 1832 1013 est,
1867 946 1998 1018 quia

392 1037 666 1112 gaudetur
694 1037 751 1092 in
781 1036 882 1092 eis.

459 1144 629 1198 Vens.
665 1145 842 1198 t3.-—
881 1143 1103 1199 Delicta
1134 1142 1258 1216 quis
1293 1141 1603 1212 intelligit?
1633 1141 1708 1198 Ab
1759 1141 1998 1198 occultis

384 1234 526 1289 meis
543 1221 882 1299 mundame,
905 1239 1010 1288 etc.
1046 1231 1107 1285 In
1138 1231 1359 1288 delictis
1390 1236 1590 1296 autem,
1620 1229 1794 1300 qualis
1813 1229 2000 1286 suavi-

386 1328 468 1376 tas
499 1327 680 1392 potest
710 1335 854 1386 esse,
886 1319 982 1376 ubi
1013 1336 1122 1374 non
1154 1327 1235 1374 est
1264 1318 1592 1385 intellectus,
1619 1317 1877 1390 quoniam
1903 1318 2002 1374 de-

392 1411 531 1466 licta
547 1411 669 1482 quis
690 1410 970 1481 intelligit
1006 1407 1180 1477 ?Quae
1208 1407 1388 1478 ipsum
1420 1407 1694 1463 occultum
1719 1406 1998 1473 claudunt,

387 1498 476 1555 cui
521 1497 755 1553 suavitas
801 1506 883 1552 est
927 1497 1152 1563 veritas,
1195 1496 1282 1552 cui
1313 1495 1768 1551 desiderabiliora
1815 1494 2003 1550 etdul-

385 1587 532 1644 ciora
562 1593 684 1642 sunt
704 1585 908 1656 judicia
936 1585 1057 1653 Dei,
1099 1593 1152 1640 et
1197 1583 1334 1641 sicut
1373 1584 1611 1640 tenebrae
1651 1583 1857 1649 oculos,
1925 1584 2002 1638 ita

386 1675 587 1732 delicta
614 1683 853 1731 mentem
880 1691 982 1731 nec
1013 1675 1190 1730 lucem
1223 1672 1404 1727 sinunt
1433 1673 1638 1738 videre,
1673 1687 1773 1728 nec
1802 1688 1880 1728 se.
1920 1671 2002 1726 Ab

389 1765 626 1822 occultis
652 1780 785 1836 ergo
815 1765 978 1830 meis,
1015 1763 1206 1836 inquit,
1237 1761 1454 1817 munda
1491 1778 1600 1828 me,
1621 1761 1870 1825 Domine,
1889 1775 1993 1816 nec

391 1853 620 1910 seducas
643 1853 950 1908 abalienis.
982 1852 1174 1924 Neque
1205 1850 1351 1905 enim
1394 1850 1462 1904 ab
1522 1850 1716 1905 alienis
1760 1849 1989 1920 capitur,

405 1941 496 2013 qui
523 1948 606 1996 est
631 1941 867 1995 mundus
896 1956 927 1994 a
959 1940 1092 1995 suis.
1147 1942 1321 1995 Parce
1344 1939 1524 2010 itaque
1545 1940 1612 1993 ab
1629 1939 1834 1994 alienis
1851 1937 1996 2008 cupi-

402 2029 680 2094 ditatibus,
715 2043 826 2083 non
856 2029 1114 2099 superbo,
1139 2036 1194 2083 et
1221 2027 1277 2081 in
1306 2043 1405 2082 sua
1433 2033 1702 2098 potestate
1723 2042 1844 2082 esse
1891 2041 1993 2082 cu-

384 2117 585 2190 pienti,
623 2116 721 2174 sed
741 2133 897 2174 servo
915 2120 1033 2172 tuo.

465 2235 639 2290 Vnus.
702 2233 789 2288 M.
824 2262 894 2274 —
927 2234 987 2289 Si
1001 2232 1114 2288 mei
1143 2248 1258 2289 non
1290 2232 1514 2304 fuerint
1553 2230 1853 2298 dominati,
1888 2237 1993 2300 etc,

389 2323 560 2392 Hujus
593 2321 849 2378 versiculi
877 2337 1100 2377 sensum
1128 2319 1556 2376 manifestiorem
1585 2318 1715 2376 facit
1771 2335 1838 2375 ex
1881 2320 1996 2376 He-

387 2413 538 2468 braeo
563 2411 824 2467 translata
853 2411 1037 2478 editio,
1070 2411 1162 2466 ubi
1192 2410 1428 2484 legitur:
1451 2409 1492 2465 A
1512 2411 1766 2482 superbis
1785 2426 1996 2482 quoque

393 2502 568 2559 libera
596 2518 822 2558 servum
854 2503 1016 2557 tuum
1037 2520 1055 2569 ;
1075 2501 1127 2556 si
1155 2501 1268 2556 mei
1297 2516 1412 2556 non
1441 2501 1666 2571 fuerint
1695 2500 1991 2564 domin-oti,

393 2597 530 2649 tunc
545 2592 952 2647 immaculatus
969 2605 1062 2646 ero
1086 2609 1104 2645 :
1130 2588 1349 2660 superbi
1383 2589 1527 2643 enim
1575 2595 1628 2644 et
1673 2587 1833 2643 alieni
1875 2605 1996 2643 ma-

390 2680 528 2753 ligni
557 2680 778 2751 spiritus
809 2678 1187 2751 intelliguntur
1205 2679 1276 2732 ob
1306 2677 1695 2733 immanitatem
1727 2677 1996 2748 superbiae

392 2786 505 2826 suae
534 2786 564 2823 a
595 2770 712 2826 Deo
739 2767 1154 2824 irremeabiliter
1199 2767 1436 2835 alienati,
1483 2783 1714 2839 quorum
1753 2765 1997 2821 domina-

392 2858 467 2915 tio
513 2875 614 2930 per
659 2865 946 2929 peccatum
991 2858 1285 2912 humanum
1331 2873 1506 2929 genus
1554 2856 1811 2927 0pressit.
1861 2855 1996 2910 Cum

397 2963 532 3021 ergo
563 2954 777 3003 orasset
807 2945 1057 3018 superius
1119 2945 1307 3001 dicens
1377 2962 1390 2999 :
1456 2945 1534 3000 Ab
1572 2947 1808 3000 occultis
1857 2947 1996 3000 meis

390 3037 608 3094 munda
637 3052 747 3106 me,
779 3051 1024 3106 congrue
1051 3049 1178 3089 mox
1209 3033 1445 3088 subdidit
1477 3051 1489 3087 :
1533 3034 1712 3088 Simei
1739 3050 1854 3090 non
1874 3037 1998 3104 fue-

389 3129 515 3182 rint
528 3126 823 3191 dominati,
853 3129 989 3179 tunc
1009 3123 1416 3179 immaculatus
1429 3138 1522 3178 ero
1539 3141 1556 3177 :
1575 3121 1702 3193 quia
1714 3122 1761 3176 si
1774 3122 1996 3193 superbi

394 3221 448 3269 et
479 3213 642 3269 alieni
671 3213 747 3267 illi
778 3229 810 3267 a
842 3214 958 3268 Deo
989 3212 1213 3282 spiritus
1243 3211 1446 3265 nullam
1477 3210 1531 3264 in
1579 3209 1736 3265 nobis
1786 3211 1996 3281 peccati

395 3301 591 3358 merito
620 3301 951 3357 obtinuerint
979 3307 1322 3371 potestatem,
1346 3307 1475 3356 tunc
1521 3315 1651 3356 vere
1695 3299 1860 3356 celeri
1901 3316 1994 3354 re-

401 3390 663 3446 missione
694 3397 951 3461 percepta
981 3388 1307 3444 immaculati
1340 3388 1559 3443 erimus.
1590 3389 1660 3443 Et
1691 3389 1816 3461 quia
1844 3389 2014 3443 radix.

398 3495 462 3536 ac
492 3479 666 3536 fomes
696 3478 858 3534 totius
887 3479 1094 3550 peccati
1144 3477 1400 3549 superbia
1447 3485 1548 3544 est,
1590 3494 1690 3548 per
1738 3494 1896 3549 quam
1942 3485 1996 3534 et

395 3567 646 3624 diabolus
676 3568 897 3633 corruit,
943 3575 996 3623 et
1037 3567 1243 3638 primus
1290 3567 1452 3622 homo
1507 3566 1710 3622 mundo
1761 3574 1994 3622 mortem

395 3657 623 3723 induxit,
657 3657 817 3712 etiam
848 3657 915 3711 ab
945 3657 1049 3712 hoc
1065 3657 1267 3712 delicto
1283 3658 1538 3713 maximo
1559 3656 1995 3712 emundabimur

393 3747 462 3804 de
492 3754 757 3818 potestate
785 3746 1094 3801 daemonum
1122 3745 1356 3810 liberati,
1391 3761 1618 3817 quorum
1634 3745 1891 3816 princeps
1913 3752 1995 3800 est

399 3835 707 3893 dominator
741 3835 1118 3906 superborum,
1153 3836 1292 3890 sicut
1321 3833 1390 3890 de
1433 3834 1526 3889 illo
1569 3833 1770 3906 legitur
1819 3852 1832 3890 :
1879 3836 1994 3906 ipse

401 3930 487 3982 est
515 3942 621 3982 rex
652 3941 822 3997 super
852 3940 1043 3980 omnes
1071 3924 1219 3992 ﬁlios
1246 3924 1536 3994 superbiaz.
1571 3923 1625 3976 Si
1649 3931 1827 3978 autem
1850 3922 1997 3993 lega-

397 4031 538 4079 mus,
578 4013 721 4067 utin
779 4011 1101 4084 quibusdam
1157 4010 1438 4066 codicibus
1495 4011 1738 4078 habetur,
1786 4014 1836 4066 si
1882 4014 1995 4068 mei

397 4119 511 4158 non
524 4102 744 4173 fuerint
755 4101 1066 4165 dominata,
1086 4105 1222 4155 tunc
1234 4101 1543 4156 immacula
1551 4104 1639 4156 tus
1651 4117 1764 4166 ero,
1777 4099 1864 4157 hic
1877 4118 1996 4156 sen-

399 4207 492 4246 sus
523 4198 605 4244 est
640 4207 652 4244 :
686 4189 730 4243 si
762 4189 868 4244 mei
900 4204 1007 4244 non
1034 4187 1232 4244 iuerint
1260 4189 1534 4244 dominata
1561 4189 1771 4245 occulta
1802 4204 1926 4245 mea
1943 4198 1996 4246 et

397 4278 594 4345 aliena,
627 4285 751 4333 tunc
780 4275 1153 4332 immaculatus
1184 4293 1294 4331 ero.
1347 4277 1470 4332 Non
1521 4277 1665 4332 enim
1710 4287 1792 4333 est
1838 4279 1994 4334 tertia

401 4368 556 4441 origo
584 4367 792 4438 peccati
841 4373 1041 4436 praeter
1087 4367 1375 4422 occultum
1423 4382 1599 4433 suum,
1650 4382 1756 4438 quo
1799 4367 1994 4422 cecidit

396 4456 664 4520 diabolus,
716 4464 768 4510 et
810 4457 1084 4521 alienum,
1133 4470 1239 4525 quo
1305 4455 1559 4510 seductus
1605 4463 1687 4510 est
1717 4456 1900 4522 homo,
1935 4465 2062 4530 utD

395 4545 786 4602 consentiendo
815 4560 968 4599 suum
1002 4542 1222 4599 faceret.
1275 4546 1343 4599 Et
1371 4543 1736 4611 e-mundabor,
1796 4544 1988 4616 inquit,

400 4635 657 4690 adelicto
678 4634 953 4700 maximo,
995 4631 1262 4704 superbiae
1285 4632 1489 4688 scilicet
1523 4651 1535 4686 :
1570 4649 1677 4687 non
1726 4633 1870 4689 enim
1911 4642 1994 4690 est

399 4723 571 4793 majus
601 4723 873 4788 delictum,
921 4739 1081 4794 quam
1125 4730 1428 4793 apostatare
1475 4738 1505 4777 a
1550 4723 1684 4784 Deo.
1735 4723 1882 4794 quod
1911 4730 1995 4780 est

401 4812 612 4868 initium
643 4812 914 4883 superbiae
943 4812 1197 4867 hominis.
1229 4813 1299 4868 Et
1328 4828 1457 4868 vere
1485 4812 1578 4867 ille
1622 4812 1994 4869 immaculatus

405 4910 505 4967 est,
542 4902 633 4973 qui
656 4901 816 4957 etiam
847 4903 952 4958 hoc
981 4900 1184 4956 delicto
1211 4910 1377 4967 caret,
1429 4900 1552 4974 quia
1604 4903 1708 4957 hoc
1747 4909 1830 4956 est
1873 4901 1994 4956 ulti-

399 5006 545 5044 mum
589 4990 939 5046 redeuntibus
985 4992 1052 5046 ad
1099 4991 1411 5059 Dominum,
1437 4991 1582 5063 quod
1613 4991 1994 5048 recedentibus

401 5078 633 5149 primum
664 5081 781 5135 luit.

471 5192 641 5248 Vens.
677 5197 762 5248 15.
783 5223 851 5236 -
873 5197 942 5249 Et
969 5200 1140 5251 erunt
1156 5199 1221 5252 ut
1237 5198 1627 5270 complaceant
1645 5198 1866 5272 eloquia
1884 5199 1996 5254 oris

404 5283 533 5348 mei,
558 5289 661 5338 etc.
696 5281 968 5338 Meditatio
1011 5285 1192 5340 cordis
1239 5285 1365 5352 mei,
1427 5302 1536 5341 non
1580 5287 1651 5342 ad
1687 5286 2000 5358 jactantiam

397 5371 648 5444 placendi
693 5370 1022 5438 hominibus,
1063 5373 1189 5444 quia
1228 5376 1337 5444 jam
1385 5375 1536 5431 nulla
1595 5376 1848 5448 superbia
1893 5383 1996 5442 est,

401 5462 498 5519 sed
518 5463 581 5518 in
597 5465 899 5534 conspectu
921 5465 1016 5518 tuo
1037 5478 1270 5535 semper,
1288 5465 1379 5537 qui
1403 5465 1789 5523 conscientiam
1804 5481 1999 5539 puram

404 5551 648 5624 inspicis.

467 5661 700 5719 Domine
729 5660 954 5733 adjutor
980 5674 1138 5717 meus
1160 5665 1216 5718 et
1243 5661 1572 5734 Redemptor
1584 5666 2001 5724 meus.Domine

2092 482 2250 520 meus
2282 481 2362 531 es,
2396 473 2453 520 ut
2484 465 2767 522 tenderem
2814 465 2881 519 ad
2929 475 3001 532 te,
3049 482 3118 521 ne
3163 466 3452 537 quisquam
3498 475 3553 522 et
3600 482 3699 520 sa-

2093 553 2311 624 pientiae
2343 570 2455 610 suae
2485 554 2751 620 tribuens,
2785 555 2932 626 quod
2963 555 3032 608 ad
3063 562 3114 608 te
3139 556 3498 620 convertitur,
3530 564 3586 610 et
3617 555 3701 610 vi-

2093 642 2265 709 ribus,
2298 643 2443 713 quod
2472 643 2540 696 ad
2569 651 2622 696 te
2650 643 2918 712 pervenit,
2952 643 3130 716 magis
3162 643 3460 714 repellatur
3489 644 3591 699 abs
3619 653 3695 713 te,

2095 731 2187 801 qui
2216 731 2467 800 superbis
2495 731 2724 798 resistis,
2760 731 2882 803 quia
2911 747 3022 786 non
3052 739 3136 786 est
3167 732 3461 787 mundatus
3506 748 3536 786 a
3592 733 3696 788 de-

2095 818 2222 873 licto
2246 819 2501 885 maximo,
2535 835 2636 874 nec
2664 819 2995 890 complacuit
3021 820 3074 874 in
3109 828 3407 891 conspectu
3437 828 3554 888 tuo,
3606 823 3703 894 qui

2095 907 2318 962 redimis
2358 915 2415 963 ut
2459 916 2859 975 convertamur,
2905 917 2960 964 et
2995 909 3245 978 adjuvas,
3294 918 3352 965 ut
3396 911 3700 982 pervenia-

2097 1012 2219 1053 mus
2247 997 2319 1053 ad
2345 1003 2416 1053 te.

2563 1167 2637 1222 IN
2673 1166 3004 1224 PSALMUM
3075 1167 3228 1224 XIX.

2168 1325 2342 1382 Notus
2371 1333 2454 1382 est
2481 1325 2686 1393 titulus,
2717 1342 2820 1383 nec
2845 1325 3092 1384 Christus
3133 1327 3283 1398 dicit,
3333 1328 3436 1384 sed
3483 1327 3704 1386 Christo

2099 1413 2230 1470 dicit
2259 1416 2545 1486 Propheta,
2592 1413 2769 1489 ﬁgura
2815 1416 3058 1488 optandi,
3106 1433 3227 1490 quae
3271 1426 3510 1474 ventura
3557 1426 3701 1485 sunt,

2103 1518 2306 1560 canens
2339 1521 2352 1557 ζ

2173 1611 2342 1666 Vnus.
2375 1613 2427 1668 2.
2459 1640 2528 1651 -
2548 1609 2842 1667 Exaudiat
2872 1615 2925 1667 te
2953 1612 3224 1668 Dominus
3254 1613 3318 1667 in
3346 1612 3437 1669 die
3460 1613 3706 1670 tribula-

2105 1699 2293 1766 tionis,
2315 1702 2569 1770 protegat
2591 1704 2646 1755 te
2662 1716 2869 1756 nomen
2889 1700 2988 1756 Dei
3006 1701 3186 1768 Iacob,
3208 1708 3312 1756 etc.
3336 1702 3634 1757 Exauth
3649 1707 3706 1759 te

2095 1785 2357 1842 Dominus
2387 1789 2449 1842 in
2479 1787 2569 1842 die
2601 1803 2705 1860 qua
2734 1787 2917 1842 dixisti
2952 1791 3176 1857 :Pater,
3199 1789 3495 1859 salaviﬁca
3518 1805 3610 1847 me
3627 1806 3703 1846 ea:

2096 1875 2198 1930 hac
2229 1876 2366 1931 hora
2399 1891 2410 1930 :
2444 1875 2513 1930 ad
2556 1883 2610 1931 te
2653 1876 2795 1931 enim
2843 1876 3077 1948 pertinet
3124 1878 3378 1950 populus,
3425 1879 3702 1950 posterius

2105 1969 2279 2030 natus,
2314 1963 2442 2034 quia
2467 1965 2639 2034 major
2670 1965 2872 2020 serviet
2907 1964 3122 2020 minori.

2167 2051 2336 2108 Vnus.
2369 2055 2421 2108 3.
2443 2083 2512 2093 —
2535 2054 2719 2109 Mittat
2751 2054 2852 2108 tibi
2880 2055 3169 2110 auxilium
3201 2055 3268 2110 de
3309 2059 3532 2124 sancto,
3587 2063 3694 2112 etc.

2096 2139 2326 2196 Faciens
2355 2141 2450 2196 tibi
2482 2140 2874 2197 sanctificatum
2902 2157 3103 2214 corpus
3133 2143 3461 2212 Ecclesiam,
3497 2161 3621 2217 qua:
3649 2152 3705 2201 te

2096 2236 2353 2300 tanquam
2391 2229 2460 2285 de
2505 2230 2873 2302 speculatione
2917 2239 3212 2304 exspectat,
3244 2233 3465 2306 quando
3508 2233 3701 2290 venias

2096 2333 2127 2372 a
2156 2318 2378 2389 nuptiis.

2181 2407 2352 2463 Vnus.
2384 2409 2439 2464 4.
2468 2410 2761 2467 —Memor
2785 2410 2864 2466 sit
2893 2411 3078 2468 omnis
3107 2412 3378 2482 sacriﬁcii
3419 2413 3531 2478 tui,
3586 2419 3692 2470 etc.

2099 2497 2369 2552 Memores
2397 2513 2500 2552 nos
2529 2497 2692 2553 faciat
2718 2499 2962 2555 omnium
3010 2499 3328 2570 injuriarum
3357 2508 3597 2570 tuarum,
3646 2509 3701 2557 et

2099 2585 2567 2653 contumeliarum,
2602 2602 2737 2657 quas
2767 2603 2871 2659 pro
2913 2588 3072 2643 nobis
3118 2590 3418 2660 pertulisti,
3465 2599 3518 2646 et
3573 2607 3699 2648 cru-

2097 2690 2236 2742 cem,
2270 2691 2376 2747 qua
2406 2683 2548 2730 totus
2578 2677 2758 2731 anima
2791 2685 2842 2732 et
2872 2692 3106 2749 corpore
3132 2678 3343 2734 oblatus
3374 2695 3435 2735 es
3467 2680 3607 2751 Deo,
3639 2680 3696 2735 in

2100 2765 2342 2821 lretitiarn
2362 2765 2769 2820 resurrectionis
2788 2773 3084 2822 convertat.

2170 2854 2339 2908 Vnus.
2373 2855 2425 2909 ὅ.
2456 2883 2525 2893 -—
2560 2855 2783 2909 Tribuat
2807 2855 2907 2911 tibi
2927 2854 3236 2912 secundum
3258 2873 3356 2914 cor
3375 2860 3562 2927 tuum,
3583 2866 3689 2914 etc.

2106 2943 2331 2998 Tribuat
2361 2943 2463 2998 tibi
2490 2957 2600 2996 non
2629 2943 2926 2998 secundum
2953 2959 3049 2999 cor
3079 2959 3289 3012 eorum,
3323 2946 3418 3018 qui
3459 2954 3692 3018 putave-

2102 3039 2228 3085 runt
2255 3031 2634 3102 persequendo
2665 3040 2715 3087 te
2741 3048 2906 3102 posse
2935 3032 3126 3100 deleri,
3147 3034 3246 3089 sed
3265 3034 3582 3092 secundum
3604 3054 3696 3094 cor

2015 3102 2063 3167 Ο
2095 3125 2280 3187 tuum,
2313 3120 2406 3192 qui
2436 3119 2585 3176 scisti
2616 3120 2744 3191 quid
2776 3121 3018 3176 utilitatis
3063 3123 3294 3179 haberet
3342 3125 3533 3195 passio
3582 3134 3690 3182 tua.

2092 3211 2160 3264 Et
2188 3209 2483 3277 conﬁrmet
2512 3225 2677 3265 omne
2696 3211 3000 3266 consilium
3026 3215 3217 3280 tuum,
3243 3228 3351 3268 non
3373 3213 3554 3268 solum
3586 3230 3693 3286 quo

2093 3297 2330 3352 animam
2376 3297 2604 3368 posuisti
2651 3315 2752 3369 pro
2794 3299 2985 3355 amicis
3035 3301 3161 3367 tuis,
3213 3309 3268 3354 ut
3314 3302 3696 3359 mortiﬁcatum

2095 3401 2328 3459 granum
2358 3385 2631 3457 copiosius
2663 3396 2926 3458 surgeret,
2960 3388 3059 3444 sed
3089 3389 3269 3455 etiam,
3304 3407 3415 3461 quo
3473 3391 3694 3448 caecitas

2093 3491 2159 3533 ex
2189 3482 2344 3545 parte
2372 3475 2427 3528 in
2456 3476 2477 3528 Ι
2483 3475 2626 3530 srael
2658 3474 2800 3530 facta
2828 3484 2931 3542 est,
2952 3484 3008 3530 ut
3035 3477 3315 3548 plenitudo
3335 3481 3584 3552 gentium
3615 3480 3695 3535 in-

2093 3571 2279 3628 traret,
2319 3570 2370 3618 et
2401 3563 2480 3619 sic
2508 3563 2685 3619 omnis
2715 3565 2881 3620 Israel
2912 3565 3092 3621 salvus
3124 3564 3295 3622 ﬁeret.

2163 3676 2334 3732 Vnus.
2368 3679 2419 3732 6.
2443 3706 2514 3718 —
2532 3678 2869 3735 Lwtabimur
2888 3681 2950 3734 in
2971 3679 3219 3737 salutari
3236 3685 3351 3749 tuo,
3376 3690 3484 3740 etc.
3509 3685 3693 3742 Laeta-

2095 3767 2298 3832 bimur,
2333 3766 2477 3839 quod
2507 3766 2604 3821 tibi
2633 3783 2783 3822 mors
2811 3767 2944 3822 nihil
2973 3770 3208 3838 nocebit,
3257 3771 3332 3826 ita
3379 3773 3530 3827 enim
3573 3789 3696 3829 eam

2094 3871 2195 3911 nec
2223 3855 2382 3911 nobis
2411 3871 2608 3912 nocere
2638 3872 2801 3926 posse
2831 3859 3177 3916 monstrabis.
3210 3861 3278 3915 Et
3297 3860 3576 3918 confessio
3597 3879 3696 3918 no-

2094 3944 2254 3998 minis
2284 3945 2360 3999 tui
2387 3959 2496 4000 non
2525 3945 2699 4001 solum
2724 3961 2832 4002 non
2859 3947 3069 4017 perdet,
3105 3949 3204 4006 sed
3232 3950 3397 4005 etiam
3447 3951 3697 4025 magniﬁ-

2095 4033 2243 4087 babit
2291 4048 2411 4090 nos.

2166 4149 2335 4204 Vnus.
2374 4150 2426 4204 7.
2463 4178 2534 4190 -
2562 4151 2801 4223 Impleat
2839 4153 3109 4209 Dominus
3139 4170 3333 4210 omnes
3372 4158 3695 4228 petitiones

2095 4241 2244 4304 tuas,
2261 4244 2364 4294 etc.
2380 4239 2616 4311 Impleat
2631 4241 2900 4297 Dominus
2913 4257 3021 4297 non
3042 4242 3218 4298 solum
3230 4246 3541 4316 petitiones
3559 4261 3697 4318 quas

2093 4326 2329 4381 habuisti
2357 4327 2413 4381 in
2442 4335 2605 4393 terra,
2640 4329 2737 4383 sed
2777 4329 2941 4384 etiam
2987 4331 3184 4402 quibus
3233 4333 3287 4386 in
3333 4334 3478 4389 coelo
3525 4335 3696 4391 inter-

2092 4416 2266 4487 pellas
2295 4432 2396 4486 pro
2424 4417 2602 4471 nobis.
2651 4418 2808 4474 Nunc
2849 4420 2996 4474 enim
3031 4421 3165 4475 mihi
3206 4437 3306 4492 per
3350 4425 3697 4495 prephetiam

2093 4505 2518 4560 demonstratum
2568 4514 2670 4574 est,
2723 4507 2978 4579 quoniam
3028 4510 3369 4566 resuscitabit
3431 4513 3696 4568 Dominus

2095 4594 2363 4650 Christum
2394 4611 2571 4650 suum.

2165 4683 2453 4740 Exaudiat
2484 4685 2653 4739 illum
2686 4685 2753 4741 de
2772 4686 2906 4742 cwlo
2923 4691 3120 4744 sancto
3135 4703 3256 4756 suo,
3279 4696 3384 4745 etc.
3405 4691 3696 4747 Exaudiat

2095 4770 2242 4826 illum
2270 4787 2379 4827 non
2410 4773 2479 4828 de
2504 4779 2647 4828 terra
2678 4780 2905 4842 tantum,
2959 4775 3050 4830 ubi
3099 4792 3160 4832 se
3205 4777 3342 4849 petit
3385 4777 3693 4849 clariﬁcari,

2095 4875 2284 4915 verum
2313 4860 2472 4916 etiam
2500 4862 2566 4918 de
2605 4863 2760 4929 creto,
2792 4864 2884 4918 ubi
2917 4863 3030 4932 jam
3077 4865 3149 4921 ad
3195 4866 3477 4922 dexteram
3525 4869 3695 4924 Patris

2096 4948 2446 5022 interpellans
2494 4966 2593 5022 pro
2638 4951 2797 5008 nobis
2843 4951 3055 5009 diﬂ‘udit
3092 4954 3220 5011 inde
3257 4955 3519 5028 Spiritum
3565 4974 3694 5013 san-

2097 5047 2242 5094 ctum
2261 5055 2426 5112 super
2456 5041 2744 5098 credentes
2764 5043 2820 5097 in
2852 5058 2932 5099 se.
2964 5046 3302 5102 Potentatus
3341 5061 3476 5101 vero
3528 5048 3694 5103 nostri

2099 5138 2224 5184 sunt
2251 5131 2407 5186 salus
2436 5129 2632 5187 favoris
2663 5133 2798 5202 ejus,
2849 5147 2975 5188 cum
3023 5133 3187 5190 etiam
3233 5135 3304 5190 de
3351 5135 3695 5193 tribulatione

2099 5219 2190 5273 dat
2216 5219 2493 5288 auxilium,
2526 5228 2582 5275 ut
2612 5223 2830 5292 quando
2860 5220 3212 5292 inﬁrmamur,
3267 5232 3392 5280 tunc
3440 5233 3694 5296 potentes

2099 5308 2287 5363 simus.
2319 5309 2459 5364 Nam
2488 5325 2633 5367 vana
2659 5310 2804 5366 salus
2829 5312 3127 5378 hominum,
3161 5328 3282 5386 quae
3310 5329 3423 5369 non
3452 5315 3694 5373 dextera

2101 5398 2197 5453 sed
2255 5398 2476 5454 sinistra
2533 5401 2649 5469 ejus
2705 5409 2820 5456 est:
2881 5416 3010 5458 ecce
3041 5401 3186 5458 enim
3247 5402 3582 5459 extolluntur
3637 5405 3690 5460 in

2100 5503 2298 5561 magna
2326 5488 2598 5560 superbia,
2631 5489 2939 5564 quicunque
2972 5499 3262 5564 peccantes
3319 5493 3694 5566 temporaliter

2103 5577 2239 5633 salvi
2269 5576 2395 5634 facti
2427 5586 2566 5634 sunt.

2174 5667 2344 5725 Vens.
2381 5673 2430 5725 8.
2450 5697 2519 5712 —
2535 5670 2604 5726 Hi
2622 5670 2687 5727 in
2701 5670 2960 5729 curribus
2973 5675 3029 5730 et
3041 5671 3177 5746 hiin
3189 5672 3363 5747 equis,
3381 5688 3484 5732 nos
3496 5679 3691 5734 autem
