4002 6184
347 241 451 294 793

1377 233 1632 291 EXPOS.
1673 235 1747 291 IN
1778 233 1888 290 XX
1919 231 2179 290 PRIMOS
2211 232 2546 289 PSALMOS.

3556 239 3660 294 794

345 363 410 417 in
440 361 676 418 nomine
704 359 933 418 Domini
959 361 1062 415 Dei
1086 360 1268 418 nostri
1299 360 1697 416 invocabimus.
1732 359 1798 415 Hi
1840 375 1942 415 vo-
1973 359 2029 419 A
2051 373 2235 414 carem
2264 357 2432 413 addes
2461 357 2531 424 ei,
2565 373 2690 414 cum
2717 356 2774 413 in
2790 358 2930 415 caelo
2957 358 3250 415 collocabis
3270 359 3340 415 ad
3358 359 3643 417 dexteram

339 449 493 505 lubili
527 448 883 505 successione
913 448 1299 518 temporalium
1332 448 1601 502 bonorum
1645 448 1959 510 trahuntur,

347 545 398 594 et
426 539 482 594 hi
517 537 740 610 superbi
770 535 1084 603 efferuntur,
1118 536 1437 602 honoribus,
1470 545 1631 607 atque
1661 537 1714 590 in
1745 537 1828 591 his
1859 553 1959 591 ex-

2067 453 2236 501 tuam.

2135 552 2308 608 Vens.
2341 553 2395 607 ’7.
2427 582 2496 592 -
2528 553 2805 620 Quoniam
2833 553 2988 608 dabis
3017 569 3145 609 eum
3193 554 3257 609 in
3316 553 3660 611 benedictio-

341 628 566 685 εαίῐθιῑιί·
602 628 718 682 N05
751 633 931 681 antem
963 623 1117 696 Spem
1148 623 1380 696 ﬁgentes
1409 624 1466 678 in
1495 625 1734 694 gemis:
1782 640 1959 696 neque
2061 656 2214 707 nem,
2239 647 2343 696 etc.
2377 641 2506 696 Haec
2537 648 2621 696 est
2648 642 2958 697 benedictio
3001 658 3163 712 quam
3193 642 3349 698 dabis
3378 642 3428 697 ei
3459 645 3521 698 in
3549 659 3658 698 sae-

346 716 577 789 gloriam
609 723 850 770 nostram
881 722 1205 785 quierentes,
1229 715 1295 769 In
1324 714 1560 772 nomine
1594 714 1822 769 Domini
1858 716 1946 771 De:

2066 731 2258 786 culum
2297 730 2491 785 saeculi
2525 747 2538 784 :
2576 730 2884 798 lwtiﬁcabit
2901 746 3031 785 eum
3048 731 3111 786 in
3126 732 3325 802 gaudio
3343 748 3474 788 cum
3496 734 3660 790 vultu

339 806 530 863 nostri
572 804 1010 860 exsultabimus.

411 895 584 949 Vens.
619 896 672 948 9.
697 923 766 932 —
796 894 913 964 Ipsi
934 892 1163 964 obligati
1194 894 1332 947 sunt
1371 895 1426 947 et
1449 891 1797 957 ceciderunt,
1834 895 1946 950 etc.

341 984 458 1055 Ipsi
510 997 693 1038 rerum
738 980 1112 1052 temporalium
1157 979 1451 1051 cupiditate
1497 980 1726 1052 obligati
1769 984 1952 1036 sunt:

339 1071 597 1126 timentes
626 1085 852 1142 parcere
893 1069 1147 1138 Domino,
1199 1084 1267 1123 ne
1310 1068 1616 1124 aRomanis
1665 1069 1956 1140 perderent

339 1158 546 1226 locum,
572 1167 626 1214 et
652 1159 922 1213 irruentes
951 1157 1006 1213 in
1043 1157 1281 1229 lapidem
1314 1157 1633 1213 offensionis
1663 1166 1716 1214 et
1742 1165 1951 1229 petram

338 1247 606 1313 scandali,
641 1247 710 1302 de
740 1263 837 1318 spe
869 1245 1076 1302 caelesti
1119 1245 1449 1312 ceciderunt,
1493 1246 1688 1318 quibus
1733 1247 1951 1302 caecitas

313 1351 410 1406 ,ex
437 1342 594 1407 parte
625 1335 794 1390 Israel
823 1333 962 1390 facta
993 1341 1093 1400 est,
1127 1333 1507 1406 ignorantibus
1537 1335 1637 1390 Dei
1659 1334 1946 1405 justitiam,

340 1432 398 1480 et
429 1441 582 1480 suam
604 1423 914 1480 volentibus
946 1422 1279 1479 constituere
1313 1441 1325 1477 :
1368 1439 1469 1478 nos
1500 1438 1649 1489 vero,
1682 1429 1740 1476 ut
1768 1423 1947 1494 pleni-

303 1513 316 1526 ⁴
333 1513 476 1569 tudo
507 1513 754 1586 gentium
782 1513 1023 1580 intraret,
1049 1513 1117 1568 de
1133 1511 1404 1583 lapidibus
1422 1511 1635 1568 excitati
1656 1511 1943 1566 ﬁliiAbra-

339 1602 492 1671 ham,
527 1601 622 1673 qui
648 1617 760 1656 non
787 1601 1129 1657 sectabamur
1160 1600 1440 1669 justitiam,
1487 1600 1946 1671 apprehendimus

338 1706 484 1755 eam,
509 1697 563 1745 et
594 1691 974 1758 surreximus,
1005 1704 1107 1744 nec
1134 1689 1342 1745 viribus
1363 1689 1586 1758 nostris,
1619 1689 1718 1745 sed
1746 1706 1844 1762 per
1881 1688 1944 1745 fi-
1975 1718 2030 1779 B

338 1779 471 1835 dem
484 1777 765 1848 justiﬁcati
793 1778 968 1834 erecti
997 1793 1212 1834 sumus.

412 1868 585 1922 Vens.
621 1869 706 1922 10.
740 1895 810 1907 --
838 1867 1092 1935 Domine,
1117 1867 1339 1922 salvum
1367 1869 1460 1938 [ac
1477 1882 1686 1938 regem,
1709 1874 1814 1924 etc.
1846 1869 1943 1925 Do-

333 1957 513 2021 mine,
547 1956 770 2011 salvum
799 1957 892 2027 fac
921 1971 1127 2026 regem,
1161 1962 1215 2010 et
1251 1955 1390 2026 ipse,
1426 1955 1518 2026 qui
1545 1955 1704 2011 nobis
1752 1971 1942 2012 exem-

333 2043 494 2115 plum
536 2043 820 2115 praeliandi
864 2042 1119 2114 passione
1183 2059 1282 2098 sua
1348 2044 1686 2114 monstravit,
1751 2043 1944 2100 oﬂ'erat

337 2131 506 2188 etiam
535 2130 801 2187 sacriﬁcia
831 2140 1020 2188 nostra
1049 2131 1306 2188 sacerdos
1340 2132 1600 2188 excitatus
1629 2147 1664 2188 a
1692 2132 1937 2199 mortuis,

335 2235 450 2293 quo
472 2221 586 2291 jam
616 2236 719 2292 pro
749 2221 907 2276 nobis
927 2219 1210 2288 offerente,
1243 2222 1456 2278 exaudi
1485 2238 1588 2279 nos
1617 2221 1681 2278 in
1709 2222 1799 2278 die
1830 2239 1942 2296 qua

337 2311 788 2369 invocaverimus
820 2313 895 2367 te.

837 2452 912 2510 IN
947 2452 1277 2510 PSALMUM
1306 2453 1436 2509 XX.

409 2586 618 2643 Titulus
643 2592 806 2642 notus
836 2592 919 2641 est
953 2602 966 2640 :
998 2586 1067 2642 de
1099 2584 1315 2642 Christo
1344 2584 1579 2641 canitur.

415 2678 580 2733 Vens.
621 2680 674 2734 2.
708 2705 779 2716 -
819 2674 1074 2741 Domine,
1125 2677 1188 2730 in
1233 2675 1445 2731 virtute
1491 2679 1591 2731 tua
1653 2675 1940 2732 ltetabitur

338 2782 464 2832 rex,
499 2771 603 2820 etc.
637 2763 888 2832 Domine,
909 2765 971 2818 in
988 2764 1200 2819 virtute
1233 2767 1352 2829 tua,
1378 2763 1524 2834 quod
1552 2763 1792 2824 Verbum
1809 2779 1939 2820 caro

337 2854 565 2921 factum,
598 2852 869 2908 lxtabitur
888 2853 1050 2907 homo
1070 2851 1317 2908 Christus
1331 2854 1359 2907 J
1365 2868 1511 2918 esus,
1547 2856 1605 2908 et
1619 2869 1790 2926 super
1816 2853 1936 2921 hoc,

337 2943 483 3015 quod
511 2941 754 2998 vivificas
783 2941 985 3008 omnia,
1021 2943 1334 2997 exsultavit
1361 2941 1737 2998 vehementer.

417 3030 1300 3087 Vens.3.—Desideriumcordis
1331 3033 1450 3103 ejus
1482 3031 1736 3087 tribuisti
1749 3031 1932 3098 ei,etc.

343 3119 691 3176 Desideravit
716 3118 1044 3175 manducare
1074 3119 1300 3185 Pascha,
1348 3127 1400 3174 et
1427 3135 1634 3190 ponere
1661 3137 1785 3176 cum
1816 3121 1936 3176 vel-

335 3209 440 3275 let,
473 3216 636 3280 atque
665 3209 860 3264 iterum
882 3223 1099 3263 sumere
1116 3207 1351 3262 animam
1373 3225 1548 3274 suam,
1573 3217 1626 3264 et
1641 3209 1843 3264 dedisti
1863 3211 1914 3266 ei
1934 3240 1950 3290 ;

340 3313 538 3371 pacem
567 3313 774 3365 meam,
809 3296 1000 3369 inquit,
1035 3298 1296 3370 relinquo
1327 3298 1496 3364 vobis,
1531 3305 1584 3353 et
1613 3297 1814 3353 factum
1843 3305 1947 3354 est.

411 3387 582 3441 Vens.
617 3387 669 3440 4.
705 3415 774 3426 -
808 3386 1084 3453 Quoniam
1113 3387 1448 3458 praevenisti
1492 3403 1620 3442 eum
1677 3388 1741 3442 in
1778 3389 1947 3444 bene-

341 3475 682 3531 dictionibus
713 3474 1060 3540 dulcedinis,
1087 3482 1192 3531 etc.
1233 3473 1502 3543 Quoniam
1544 3475 1693 3545 prius
1753 3477 1952 3532 hause-

347 3572 428 3620 rat
446 3563 891 3620 benedictionem
904 3563 1224 3620 dulcedinis
1241 3571 1365 3631 tuaa,
1386 3564 1459 3619 fel
1470 3573 1817 3634 peccatorum
1831 3581 1953 3620 nos-

341 3661 544 3709 trorum
574 3667 682 3707 non
712 3651 895 3708 nocuit
939 3652 1007 3718 ei,
1060 3669 1221 3724 quem
1269 3652 1324 3707 in
1363 3653 1631 3724 principio
1679 3653 1951 3709 sermonis

340 3743 455 3810 ejus
499 3741 820 3798 accedentes
859 3740 1166 3797 ambierunt
1228 3741 1435 3812 lapides
1481 3742 1725 3812 pretiosi,
1775 3742 1948 3798 disci‘

340 3829 454 3902 puli
485 3829 588 3896 sui,
623 3846 653 3884 a
675 3829 874 3901 quibus
892 3829 1174 3885 exordium
1193 3830 1620 3886 annuntiationis
1643 3831 1760 3900 ejus
1775 3829 1945 3887 ﬁeret.

410 3919 582 3973 Vens.
609 3920 660 3973 5.
693 3949 763 3959 —
799 3920 980 3974 Vitam
998 3921 1171 3991 petiit
1193 3936 1226 3974 a
1261 3923 1331 3985 te,
1367 3923 1422 3975 et
1458 3921 1711 3976 tribuisti
1744 3922 1795 3976 ei
1823 3922 1949 3978 lon-

360 4007 682 4078 gitudinem
711 4008 952 4071 dierum,
1003 4015 1106 4062 etc.
1153 4007 1624 4064 Resurrectionem
1673 4007 1824 4080 petiit
1869 4009 1951 4063 di-

345 4110 476 4151 cens
509 4114 522 4149 :
553 4098 744 4161 Pater,
777 4096 964 4165 clari/5
979 4113 1046 4152 ca
1087 4097 1296 4153 Filium
1329 4101 1492 4154 tuum
1525 4115 1538 4152 :
1574 4106 1627 4153 et
1656 4098 1852 4153 dedisti
1899 4097 1950 4154 ei

335 4183 503 4256 longa
533 4192 778 4255 tempora
809 4183 996 4241 saeculi
1028 4185 1210 4253 hujus,
1241 4203 1362 4258 quae
1405 4187 1632 4242 haberet
1675 4186 1944 4255 Ecclesia,

333 4281 383 4328 et
413 4272 676 4343 deinceps
705 4274 1066 4330 aeternitatem
1095 4276 1159 4330 in
1188 4277 1461 4331 saeculum
1497 4277 1713 4332 saeculi.

409 4360 582 4416 Vens.
617 4364 670 4416 6.
703 4391 772 4402 -—
804 4363 998 4434 Magna
1015 4367 1098 4419 est
1109 4364 1292 4436 gloria
1319 4365 1440 4436 ejus
1461 4364 1523 4419 in
1545 4365 1789 4420 salutari
1824 4369 1944 4430 tuo,

2061 822 2159 874 tuo
2189 818 2486 874 secundum
2520 818 2814 884 hominem,
2851 835 3014 890 quem
3040 819 3241 875 levavit
3270 820 3337 874 ad
3372 828 3442 875 te.

2132 924 2304 979 Vens.
2339 927 2391 979 8.
2421 955 2490 965 —
2523 925 2800 992 Quoniam
2826 941 2933 980 rex
2964 929 3157 998 sperat
3185 926 3249 980 in
3277 926 3653 994 Domino,etc.

2058 1011 2335 1080 Quoniam
2355 1029 2460 1069 rex
2489 1029 2598 1068 non
2629 1013 2890 1084 superbit,
2914 1015 3011 1069 sed
3031 1014 3250 1068 humilis
3279 1015 3442 1070 corde
3465 1021 3660 1087 sperat

2053 1101 2117 1156 in
2146 1102 2400 1168 Domino,
2434 1105 2492 1158 et
2522 1102 2584 1156 in
2614 1103 3006 1158 misericordia
3043 1103 3328 1160 Altissimi
3356 1120 3472 1160 non
3498 1121 3562 1160 co
3577 1121 3650 1160 n-

2051 1188 2388 1258 turbabitur,
2427 1190 2720 1246 humilians
2757 1207 2837 1261 se,
2871 1191 3203 1248 etobediens
3233 1209 3405 1264 usque
3421 1193 3491 1248 ad
3511 1208 3656 1249 mor-

2049 1285 2160 1333 tem
2198 1278 2394 1335 crucis.

2120 1385 2292 1440 Vens.
2329 1387 2382 1440 9.
2415 1415 2484 1426 —
2513 1385 2846 1442 Inveniatur
2873 1403 3081 1444 manus
3113 1391 3214 1444 tua
3243 1387 3501 1444 omnibus
3536 1389 3659 1446 ini-

2041 1475 2224 1529 micis
2256 1475 2390 1540 tuis,
2444 1481 2555 1529 etc.
2607 1474 2959 1542 Inveniatur,
3006 1487 3038 1531 0
3084 1492 3196 1542 rex,
3247 1484 3492 1547 potestas
3536 1485 3652 1547 tua,

2057 1575 2181 1618 cum
2213 1563 2284 1617 ad
2305 1562 2660 1631 judicandum
2688 1563 2926 1631 veneris,
2959 1565 3216 1621 omnibus
3242 1566 3495 1622 inimicis
3518 1569 3652 1636 tuis,

2059 1651 2150 1723 qui
2180 1668 2302 1708 eam
2325 1652 2381 1706 in
2411 1653 2711 1708 humilitate
2754 1661 2842 1707 tua
2898 1669 3008 1708 non
3055 1653 3452 1721 intellexerunt,
3499 1655 3657 1710 clari-

2051 1748 2265 1812 tasque,
2313 1757 2421 1812 qua
2465 1758 2661 1813 regnas
2717 1742 2788 1796 ad
2829 1743 3102 1798 dexteram
3152 1743 3346 1810 Patris,
3392 1744 3651 1800 inveniat

2046 1830 2104 1884 in
2134 1829 2222 1884 die
2245 1829 2436 1897 judicii
2465 1830 2790 1900 puniendos,
2825 1831 2918 1903 qui
2955 1835 3007 1887 te
3039 1832 3300 1899 oderunt,
3345 1831 3469 1904 quia
3500 1847 3650 1889 nunc

2046 1909 2154 1990 ipsi
2184 1934 2293 1973 non
2321 1918 2642 1975 invenerunt
2672 1935 2814 1974 eam.

2116 2032 2288 2088 Vens.
2314 2036 2400 2088 1ο.
2435 2063 2505 2074 —
2534 2036 2715 2089 Pones
2762 2049 2852 2090 eos
2882 2038 2949 2090 ut
2993 2035 3283 2090 clibanum
3318 2035 3488 2106 ignis,
3523 2043 3633 2092 etc.

2046 2120 2358 2177 Constitues
2387 2136 2482 2177 eos
2513 2123 2770 2177 ardentes
2798 2122 3127 2179 intrinsecus
3172 2122 3504 2179 conscientia
3553 2123 3649 2180 im-

2042 2209 2259 2281 pietatis
2293 2227 2407 2266 suze
2425 2210 2483 2265 in
2513 2215 2758 2282 tempore
2785 2211 3238 2268 manifestationis
3268 2220 3374 2268 tute
3400 2229 3413 2267 :
3451 2212 3651 2270 deinde

2044 2299 2353 2355 conturbati
2371 2299 2606 2355 vindicta
2638 2300 2854 2356 Domini
2901 2307 3025 2372 post
3067 2301 3477 2357 accusationem
3509 2317 3651 2359 con-

2043 2387 2288 2444 scientiae
2320 2388 2590 2444 dabuntur
2621 2396 2830 2444 aeterno
2859 2389 3163 2446 devorandi
3189 2389 3466 2447 incendio.

2112 2501 2284 2557 Vens.
2337 2505 2422 2557 11.
2455 2533 2527 2542 -
2574 2504 2846 2560 Fructum
2898 2520 3094 2560 eorum
3127 2505 3194 2562 de
3235 2509 3390 2561 terra
3426 2507 3650 2579 perdes,

2042 2597 2147 2646 etc.
2194 2592 2469 2647 Fructum
2500 2607 2714 2658 eorum,
2740 2593 2868 2665 quia
2902 2601 3151 2649 terrenus
3201 2601 3302 2660 est,
3346 2593 3545 2666 perdes
3577 2594 3652 2652 de

2043 2683 2218 2746 terra,
2254 2687 2306 2735 et
2340 2697 2505 2752 opera
2535 2681 2769 2747 illorum,
2803 2689 2855 2736 et
2883 2697 3240 2754 quoscunque
3286 2683 3642 2755 seduxerunt,

2039 2783 2149 2822 non
2181 2768 2466 2840 deputabis
2490 2769 2629 2824 inter
2659 2768 2800 2825 ﬁlios
2853 2770 3155 2842 hominum,
3206 2787 3344 2844 quos
3389 2771 3446 2828 in
3478 2773 3647 2828 hare-

2046 2857 2271 2913 ditatem
2301 2858 2684 2929 sempiternam
2711 2859 2938 2915 vocasti.

2128 2981 2296 3036 Vens.
2333 2985 2418 3039 12.
2451 3013 2521 3023 -
2558 2983 2830 3053 Quoniam
2858 2984 3290 3041 declinaverunt
3319 2986 3383 3041 in
3403 2987 3644 3052 temala,

1976 3079 2026 3143 ρ
2047 3077 2150 3126 etc.
2191 3071 2319 3126 Haac
2349 3087 2512 3142 pcena
2542 3071 2866 3128 retribuetur
2895 3072 2993 3139 eis,
3027 3072 3283 3144 quoniam
3331 3073 3494 3141 mala,
3526 3091 3648 3146 qua;

2049 3158 2152 3214 sibi
2181 3159 2467 3216 imminere
2495 3168 2547 3216 te
2574 3169 2833 3234 regnante
2862 3161 3278 3232 arbitrabantur,
3311 3161 3368 3216 in
3399 3170 3452 3217 te
3499 3162 3650 3218 occi-

2051 3248 2287 3303 dandum
2351 3257 2696 3319 retorserunt,
2758 3251 3244 3323 cogitaveruntque
3291 3250 3522 3307 consilia
3565 3250 3649 3306 di-

2049 3346 2272 3393 centes:
2304 3339 2545 3410 Expedit
2578 3356 2761 3396 unum
2785 3356 2888 3412 pro
2900 3341 3157 3398 omnibus
3188 3342 3352 3398 mori.
3391 3339 3462 3394 Et
3495 3356 3508 3395 :
3555 3342 3649 3397 Ve-

2047 3428 2191 3494 nite,
2237 3427 2556 3483 occidamus
2617 3445 2765 3495 eum,
2817 3433 2873 3485 et
2939 3430 3206 3485 habemus
3259 3429 3648 3486 hereditatem

2049 3517 2190 3587 ejus.
2225 3515 2357 3583 Quae
2387 3515 2593 3571 idcirco
2621 3533 2736 3573 non
2757 3521 3068 3590 potuerunt
3088 3519 3363 3586 stabilire,
3396 3517 3647 3575 nescien-

2048 3611 2130 3659 tes
2160 3603 2288 3676 quid
2317 3603 2570 3673 dixerint,
2605 3621 2708 3661 nec
2737 3606 2935 3676 adepti,
2969 3606 3115 3678 quod
3143 3606 3453 3677 cupierunt.

2117 3728 2289 3783 Vens.
2323 3730 2408 3783 13.
2451 3759 2520 3767 -
2570 3728 2844 3795 Quoniam
2887 3746 3060 3802 pones
3105 3745 3193 3785 eos
3239 3730 3486 3796 dorsum,
3540 3739 3643 3788 etc.

2048 3814 2316 3885 Quoniam
2347 3815 2625 3872 ordinabis
2656 3833 2750 3872 eos
2771 3816 2826 3870 in
2854 3818 2956 3883 his,
2992 3817 3237 3889 aquibus
3258 3817 3574 3889 postpositis
3597 3826 3648 3874 et

2046 3905 2367 3976 contemptis
2395 3905 2676 3972 averteris,
2701 3913 2754 3961 et
2783 3905 2838 3960 in
2868 3906 2972 3973 his,
3006 3923 3125 3978 qua:
3166 3906 3446 3978 relinquis,
3479 3907 3536 3962 id
3565 3914 3648 3962 est

2045 3993 2425 4064 cupiditatibus
2454 3994 2611 4065 regni
2641 3994 2865 4060 terreni,
2897 3995 3228 4067 praeparabis
3266 3994 3360 4051 tibi
3405 3996 3473 4051 ad
3519 4010 3644 4068 pas-

2048 4082 2256 4138 sionem
2286 4082 2673 4153 impudentiam
2694 4099 2900 4138 eorum.

2123 4190 2286 4244 Vens.
2324 4191 2410 4245 14.
2444 4220 2513 4230 -
2544 4191 2836 4257 Exaltare,
2883 4191 3137 4259 Domine,
3176 4193 3240 4248 in
3270 4192 3482 4248 virtute
3521 4195 3638 4258 tua,

2026 4285 2153 4333 -etc.
2199 4278 2244 4333 Ο
2275 4279 2528 4344 Domine,
2570 4295 2731 4350 quem
2774 4280 3034 4335 humilem
3077 4296 3184 4336 non
3240 4288 3638 4353 cognoverunt,

2048 4368 2309 4422 exaltare
2354 4369 2416 4423 in
2465 4369 2676 4424 virtute
2712 4373 2831 4435 tua,
2867 4385 3032 4442 quam
3075 4367 3441 4424 inﬁrmitatem
3486 4375 3643 4439 puta-

334 4456 438 4505 etc.
477 4450 673 4522 Magna
701 4454 786 4506 est
828 4451 1050 4524 quidem
1093 4454 1274 4524 gloria
1316 4455 1438 4524 ejus
1484 4453 1538 4507 in
1586 4453 1782 4520 salute,
1833 4469 1936 4525 qua
1962 4442 2014 4502 D
2039 4464 2250 4511 verunt.
2285 4457 2398 4511 Nos
2429 4465 2609 4512 autem
2639 4458 2805 4513 corde
2828 4465 2880 4512 et
2928 4473 3091 4529 opere
3135 4457 3550 4525 celebrabimus,
3587 4465 3641 4513 et

337 4553 463 4594 eum
484 4539 813 4596 resuscitasti
843 4558 857 4608 ;
890 4541 988 4598 sed
1016 4541 1191 4598 adhuc
1220 4542 1402 4615 gloria
1432 4546 1488 4598 et
1519 4559 1789 4614 magnum
1837 4543 1936 4599 de—

2039 4553 2166 4600 uota
2197 4543 2456 4602 faciemus
2489 4546 2764 4602 mirabilia
2796 4554 2905 4601 tua.
