3998 6188
389 252 494 308 795

850 246 1254 306 WALAFRIDI
1291 247 1534 308 STRABI
1573 250 1773 306 FULD.
1816 247 1987 304 MON.
2028 247 2180 304 OPP.
2223 248 2400 306 PARS
2438 249 2480 305 Ι.
2522 278 2589 291 -
2625 245 3096 305 THEOLOGICA.

3578 251 3684 308 796

1194 595 2145 730 WALAFRIDI
2257 594 2858 729 STRABI

1641 839 2023 896 FULDENSIS
2069 837 2390 895 MONACHI

393 1025 934 1224 EPITUME
1016 1026 2203 1223 COMMENTARIURUM
2286 1026 2754 1223 BABANI
2829 1030 2950 1226 IN
3023 1031 3684 1229 LEVITIGUM

1371 1339 1765 1407 (Colvcnorius,
1800 1337 1979 1408 Opera
2007 1336 2156 1392 Beati
2185 1337 2394 1393 Rabani
2426 1339 2645 1408 Mauri.)

992 1595 1374 1653 PRzEFATlO.

450 1719 738 1791 Sequentis
768 1719 912 1786 libri,
947 1721 1000 1774 id
1048 1730 1130 1776 est
1176 1720 1420 1789 Levitici,
1471 1720 1850 1776 brevissimam
1901 1721 1990 1774 ad-

381 1809 723 1864 notationem
772 1825 876 1882 ego
924 1810 1170 1875 Strabus,
1216 1811 1460 1864 tradente
1493 1809 1712 1864 domino
1766 1810 1990 1865 Rabano

387 1897 455 1952 ab
478 1898 620 1962 hate,
644 1898 764 1952 viro
795 1898 848 1950 in
878 1899 1062 1952 multis
1085 1899 1326 1954 scientiae
1360 1899 1557 1954 divina:
1601 1899 1830 1970 eloquiis
1873 1915 1992 1970 spe-

387 1986 657 2042 ctabiliter
703 1987 988 2052 adornato,
1023 1996 1283 2058 quantum
1335 1988 1563 2042 tenuitas
1596 1987 1856 2058 ingenioli
1883 1987 1991 2042 mei

387 2075 750 2146 permittebat,
787 2076 1110 2130 abbreviare
1134 2076 1337 2141 curavi,
1371 2085 1426 2130 ut
1455 2077 1580 2146 quia
1611 2077 1888 2131 memoriae
1908 2085 1988 2131 te-

371 2164 656 2219 nacitatem
687 2163 741 2218 in
785 2181 872 2218 me
918 2180 1024 2218 non
1071 2180 1362 2235 cognosco,
1411 2165 1602 2219 saltem
1647 2165 1716 2218 ad
1777 2165 1986 2235 putatia

373 2252 735 2324 glossularum
769 2269 1072 2318 recurrens,
1106 2253 1336 2324 aliquam
1359 2269 1547 2308 eorum
1577 2270 1695 2324 quae
1717 2253 1853 2306 mihi
1878 2261 1984 2306 tra-

371 2340 484 2396 dita
513 2350 638 2394 sunt
667 2350 874 2411 partem
906 2357 1313 2412 recognoscam.
1354 2343 1460 2396 Sed
1497 2343 1621 2413 quia
1643 2358 1983 2414 nequaquam

368 2431 473 2485 hoc
503 2446 532 2482 a
564 2430 755 2484 notitia
783 2431 1014 2484 aliorum
1042 2431 1375 2486 abscondere
1418 2440 1462 2496 ει,
1508 2431 1667 2486 valde
1730 2431 1981 2485 obsecro

368 2524 440 2584 te,
475 2519 778 2590 quicunque
809 2519 1032 2592 legeris,
1069 2521 1114 2573 si
1147 2520 1275 2590 quid
1316 2519 1373 2573 in
1407 2536 1472 2574 eo
1507 2536 1664 2574 secus
1699 2536 1857 2590 quam
1879 2519 1980 2572 de-

296 2664 301 2669 ,
369 2614 456 2663 cet
485 2607 686 2662 dictum
716 2608 1009 2673 inveneris,
1044 2617 1097 2662 ut
1128 2624 1234 2662 non
1294 2608 1370 2662 illi
1420 2609 1509 2679 qui
1549 2609 1650 2662 hoc
1700 2609 1768 2662 de
1817 2608 1979 2678 pleno

369 2696 649 2766 sapientia:
679 2695 825 2750 fonte
854 2697 1112 2751 hauriens
1161 2697 1292 2750 mihi
1335 2696 1641 2760 transfudit,
1692 2696 1789 2750 sed
1833 2712 1970 2750 meze

367 2785 575 2840 inertiae
603 2787 860 2854 deputare
906 2786 1155 2855 incipias,
1188 2786 1277 2857 qui
1308 2786 1455 2855 potui
1487 2803 1596 2855 pra:
1627 2784 1807 2854 inopia
1853 2801 1978 2838 sen-

369 2891 461 2928 sus
482 2873 638 2929 facile
668 2874 902 2928 de'viare.
937 2874 1124 2928 Studui
1158 2891 1390 2945 namque
1418 2875 1565 2942 juxta
1597 2872 1758 2927 fidem
1791 2874 1979 2927 catho-

2014 1596 2443 1667 Asimplicilatis
2476 1598 2672 1670 quibus
2703 1599 2773 1654 ab
2802 1601 2949 1656 omni
2987 1601 3210 1658 laesione
3254 1611 3501 1659 cessatur
3541 1607 3689 1661 acci-

2090 1687 2286 1756 pimus.
2321 1688 2474 1742 Unde
2533 1689 2793 1742 Dominus
2819 1689 2950 1745 dicit
2983 1707 2995 1744 :
3033 1712 3054 1740 ι
3081 1691 3269 1746 Estote
3290 1693 3594 1762 prudentes
3616 1695 3690 1748 si-

2089 1783 2178 1830 cut
2198 1784 2502 1846 serpentes,
2550 1787 2603 1831 et
2635 1777 2910 1848 simplices
2960 1779 3096 1834 sicut
3142 1780 3410 1836 columbae
3458 1783 3683 1850 (Matth.

2089 1864 2234 1932 x).n
2270 1867 2346 1919 Ac
2377 1865 2424 1918 si
2452 1865 2613 1932 dicat,
2651 1888 2672 1916 «
2720 1866 3029 1936 prudentes,
3067 1888 3089 1917 ι
3138 1876 3196 1922 ut
3235 1884 3403 1939 opera
3459 1870 3685 1925 miseri-

2088 1953 2290 2007 cordiae
2318 1951 2572 2008 fratribus
2599 1955 2962 2024 impartiatis;
3001 1978 3022 2006 «
3058 1956 3354 2026 simplices,
3384 1978 3406 2006 ι
3432 1975 3501 2014 ne
3520 1976 3685 2030 quem

2087 2041 2389 2096 voluntarie
2434 2042 2661 2096 laedatis.
2701 2065 2721 2092 α
2777 2042 3026 2098 Offerens
3071 2045 3337 2100 victimas.
3373 2066 3396 2094 ι
3452 2048 3687 2103 Victima

2087 2129 2302 2193 dicitur,
2335 2131 2426 2202 qui
2453 2131 2789 2186 vinciebatur
2834 2141 2886 2187 et
2915 2133 3268 2188 occidebatur
3300 2151 3400 2205 pro
3432 2136 3680 2202 victoria,

2085 2219 2429 2286 offerebatur,
2464 2227 2517 2274 et
2549 2219 2814 2291 significat
2829 2237 2989 2276 omne
3019 2238 3156 2292 opus
3179 2223 3377 2278 bonum
3398 2224 3544 2296 quod
3574 2227 3685 2280 Do-

2085 2309 2231 2364 mino
2261 2308 2501 2363 offertur.
2538 2331 2559 2360 ι
2594 2309 2650 2363 Si
2682 2310 3053 2365 holocaustum
3086 2313 3202 2379 ejus
3234 2311 3387 2367 fuerit
3404 2313 3627 2368 oblatio.
3656 2335 3679 2364 ι

2085 2399 2472 2453 IIolocaustum
2503 2407 2586 2452 est
2629 2406 2800 2452 totum
2842 2408 3249 2455 concrematum
3295 2409 3348 2455 et
3395 2417 3464 2456 ea
3510 2419 3681 2474 opera

2084 2487 2260 2556 signat
2289 2503 2410 2558 qua;
2439 2503 2505 2541 ex
2523 2487 2670 2541 omni
2698 2495 2852 2557 parte
2876 2490 2990 2544 Deo
3012 2489 3180 2560 digna
3199 2490 3527 2546 indicantur.
3553 2513 3576 2542 ι
3598 2493 3682 2548 De

2083 2584 2351 2640 armento,
2391 2596 2413 2624 »
2447 2575 2500 2629 id
2533 2583 2634 2640 est,
2667 2576 2735 2631 de
2764 2576 3105 2632 multitudine
3134 2579 3396 2634 bonorum
3427 2595 3680 2650 operum.

2087 2687 2107 2714 α
2145 2664 2439 2718 Masculum
2472 2665 2890 2731 immaculatum,
2922 2687 2944 2716 2
2979 2666 3032 2719 id
3053 2675 3135 2721 est
3165 2668 3296 2721 illud
3324 2684 3461 2738 opus
3492 2670 3550 2722 in
3572 2686 3683 2740 quo

2081 2753 2211 2807 nihil
2245 2754 2310 2807 sit
2339 2753 2531 2824 fragile
2565 2762 2615 2808 et
2647 2753 2886 2809 feminea
2915 2755 3143 2810 mollitia
3177 2764 3384 2826 tepens.
3425 2779 3450 2806 α
3502 2759 3681 2812 Anni-

2081 2843 2254 2906 culus,
2287 2864 2308 2891 ι)
2330 2843 2384 2895 id
2412 2851 2494 2896 est
2509 2842 2810 2912 perfectum
2831 2853 2881 2898 et
2898 2844 3182 2914 probatum
3199 2845 3303 2900 tale
3327 2845 3677 2914 sacrificium,

369 2962 548 3027 licam,
583 2971 843 3033 quantum
870 2962 1002 3015 mihi
1041 2962 1165 3016 fidei
1186 2931 1376 3016 auctor
1414 2931 1718 3016 concedere
1780 2942 2048 3033 digna-B
2086 2933 2214 3033 “afl
2245 2931 2441 3033 Olstium
2469 2931 2820 3033 ‘al?ema°“‘}~
2855 2955 2876 2982 ¹⁹
2909 2941 2992 2987 est
3022 2935 3443 3033 ,aPPHC‘E‘dum’
3490 2936 3547 2990 id
3598 2944 3682 2992 θδί

367 3059 457 3106 tus
487 3059 587 3115 est,
621 3068 741 3122 quae
770 3051 902 3104 mihi
924 3051 979 3103 in
1008 3067 1094 3104 me
1123 3050 1382 3105 seminata
1404 3058 1528 3104 sunt
1553 3051 1622 3104 ad
1653 3049 1965 3104 alimentum

368 3140 564 3195 animae
593 3155 730 3193 meae
761 3139 1074 3192 recondere.
1101 3139 1232 3192 Erat
1253 3146 1434 3193 autem
1457 3138 1510 3191 in
1542 3139 1696 3206 hujus
1728 3140 1850 3192 libri
1868 3157 1967 3194 ex-

369 3227 639 3298 positione
670 3227 863 3280 ductor
881 3227 1204 3296 Hesychius,
1225 3227 1718 3297 Hierosolymorum
1739 3229 1969 3298 presby-

372 3321 472 3380 ter,
506 3314 632 3368 fidei
653 3314 884 3384 integer,
935 3323 988 3368 et
1041 3315 1257 3369 veritate
1303 3314 1548 3370 suffultus
1592 3331 1718 3372 cum
1759 3317 1969 3373 caeteris

369 3402 575 3457 sanctis
605 3403 932 3458 doctoribus.
966 3403 1112 3473 Lege
1143 3402 1391 3458 feliciter.

893 3545 1119 3601 CAPUT
1156 3547 1448 3602 PRIMUM.

433 3670 705 3736 Varum,
740 3669 794 3723 id
823 3678 904 3725 est
939 3669 1228 3736 Leviticus,
1265 3671 1415 3742 quasi
1444 3670 1744 3727 oblatorius
1794 3687 1969 3728 sacer-

361 3759 558 3815 dotalis
589 3758 759 3813 liber.
793 3760 946 3813 Hunc
975 3759 1176 3813 librum
1211 3760 1482 3830 superiori
1528 3761 1809 3816 adhaerere
1854 3777 1974 3814 ma-

375 3847 574 3903 nifesta
631 3847 769 3902 ratio
824 3848 1055 3918 probat,
1102 3847 1224 3919 quia
1266 3847 1318 3902 in
1356 3865 1421 3904 eo
1468 3849 1598 3903 illud
1645 3850 1969 3904 tabernacu-

362 3937 476 3992 lum
500 3937 1006 4002 construebatur,de
1018 3953 1125 4008 quo
1142 3937 1244 3992 ista
1263 3954 1380 4008 qua:
1397 3937 1450 3990 in
1473 3937 1608 3992 libro
1627 3938 1841 4011 [Exodi]
1861 3956 1971 3994 ser-

369 4026 550 4080 vanda
575 4026 852 4094 jubentur,
883 4026 1324 4096 praeciperentur.
1373 4025 1528 4094 Quod
1570 4027 1973 4081 tabernaculum

380 4113 682 4170 Ecclesiam
713 4113 799 4169 vel
827 4121 1062 4169 sanctam
1097 4115 1431 4185 Scripturam
1453 4115 1651 4187 signat,
1687 4115 1754 4170 de
1776 4115 1974 4186 quibus

371 4203 531 4258 nobis
574 4201 750 4257 omnis
795 4219 942 4258 sana:
983 4203 1246 4258 doctrinae
1294 4203 1573 4273 plenitudo
1616 4203 1967 4260 ministratur.

361 4291 534 4348 Porro
563 4291 707 4363 quod
738 4291 934 4346 dicitur
963 4292 1251 4346 Dominum
1284 4307 1510 4347 vocasse
1540 4295 1726 4365 Mysen
1747 4293 1815 4347 de
1877 4301 1963 4347 ta-

364 4381 657 4436 bernaculo
688 4380 1003 4446 testimonii,
1056 4380 1234 4453 signat
1277 4381 1419 4451 quod
1465 4382 1728 4436 Dominus
1771 4383 1960 4439 docto-

364 4486 456 4524 res
487 4469 747 4524 Ecclesia:
775 4469 828 4523 in
858 4469 1136 4539 Scriptura
1185 4477 1369 4524 sancta
1413 4471 1674 4525 Ecclesiae
1710 4471 1960 4543 discipli-

365 4559 451 4614 nis
477 4560 545 4613 ad
578 4558 817 4613 fidelium
849 4558 1059 4612 instruit
1093 4559 1340 4628 salutem,
1375 4559 1466 4630 qui
1507 4560 1793 4631 loquuntur
1838 4561 1963 4616 filiis

354 4647 548 4712 Israel,
586 4647 640 4700 id
689 4655 773 4702 est
817 4646 1070 4701 fidelibus
1114 4648 1398 4703 consilium
1451 4649 1638 4703 salutis
1685 4650 1966 4720 imponunt

359 4757 381 4787 ι
418 4736 579 4791 homo
613 4735 705 4807 qui
736 4736 994 4791 obtulerit
1040 4737 1294 4792 hostiam.
1335 4758 1356 4786 ν
1400 4737 1686 4793 Hominem
1729 4739 1857 4794 dicit
1904 4747 1963 4794 ut

365 4824 456 4880 ille
489 4825 580 4896 qui
625 4825 790 4897 digne
834 4827 950 4880 Deo
999 4834 1121 4880 vota
1171 4826 1318 4896 cupit
1360 4825 1577 4894 offerre,
1628 4827 1838 4882 ratione
1883 4826 1966 4880 in-

368 4913 469 4969 sita
500 4914 603 4968 sibi
631 4914 772 4968 bene
814 4922 1013 4981 utatur,
1045 4930 1114 4968 ne
1155 4914 1416 4983 jumentis
1458 4915 1836 4986 insipientibus
1878 4931 1968 4970 as-

355 5002 642 5058 similetur.
679 5002 868 5056 Hostia
906 5002 1103 5058 dicitur
1133 5002 1258 5056 inde
1288 5004 1432 5074 quod
1461 5004 1529 5059 ad
1559 5004 1756 5059 ostium
1779 5005 1968 5060 taber-

353 5091 534 5146 naculi
577 5091 898 5155 ducebatur,
953 5099 1008 5146 et
1051 5090 1124 5144 ibi
1166 5091 1399 5146 Domino
1448 5091 1792 5148 offerebatur.
1833 5115 1854 5145 ι
1890 5095 1970 5150 De

357 5178 669 5250 pecoribus,
706 5199 728 5227 ι
766 5179 821 5234 id
869 5186 951 5234 est
993 5179 1250 5250 operibus
1285 5181 1512 5236 actualis
1555 5183 1678 5238 vitae
1719 5200 1841 5254 quae
1885 5199 1973 5238 se-

363 5267 600 5325 cundum
630 5283 853 5322 carnem
883 5267 1018 5323 ﬁunt
1050 5287 1064 5335 ;
1098 5267 1154 5322 in
1201 5271 1555 5341 sequentibus
1587 5271 1730 5326 enim
1763 5272 1832 5328 de
1862 5272 1973 5328 vita

365 5355 784 5427 contemplativa
824 5355 948 5411 facit
996 5357 1349 5423 mentionem,
1396 5359 1489 5414 ubi
1545 5359 1614 5415 de
1656 5360 1973 5416 volucribus

374 5453 586 5502 tractat.
627 5468 648 5495 «
701 5445 784 5500 De
831 5445 1008 5500 bobus
1042 5453 1096 5500 et
1141 5445 1352 5501 ovibus.
1392 5468 1414 5496 ι
1464 5449 1525 5501 In
1568 5449 1743 5504 bobus
1802 5465 1976 5520 opera

371 5536 514 5592 bona
565 5551 687 5606 quae
725 5533 975 5588 fratribus
1019 5534 1419 5604 impenduntur,
1472 5536 1526 5590 in
1573 5538 1767 5593 ovibus
1807 5553 1976 5609 opera

460 5677 484 5704 ³
515 5670 682 5726 Deest
709 5668 929 5741 aliquid.

2069 3021 2139 3076 ad
2170 3021 2470 3075 doctrinam
2498 3029 2551 3075 et
2583 3021 2834 3092 exempla
2882 3029 3194 3078 sanctorum
3239 3024 3483 3090 Patrum,
3537 3041 3676 3095 apo-

2070 3110 2329 3165 stolorum
2378 3109 2628 3164 videlicet
2683 3118 2735 3164 et
2784 3117 3121 3166 caeterorum.
3179 3133 3200 3161 ι
3250 3112 3405 3168 Ponit
3454 3128 3679 3168 manum

2069 3215 2222 3252 suam
2252 3213 2416 3267 super
2443 3206 2602 3268 caput
2627 3198 2838 3266 hostiae,
2876 3219 2898 3248 »
2934 3200 3027 3270 qui
3061 3199 3213 3255 initio
3258 3200 3416 3256 bonae
3473 3202 3670 3256 volun-

2070 3287 2192 3341 tatis
2211 3286 2404 3341 studiis
2422 3287 2686 3341 bonorum
2706 3303 2932 3358 operum
2955 3288 3205 3344 insistere
3227 3305 3338 3344 non
3355 3291 3675 3359 tardat,sic-

2069 3392 2174 3447 que
2203 3374 2450 3446 proficiat
2479 3375 2546 3428 ad
2576 3376 2953 3431 remissionem
2994 3385 3360 3447 peccatorum.
3409 3400 3432 3428 ι
3471 3380 3676 3435 Immo-

2069 3465 2200 3530 1abit
2231 3481 2334 3536 que
2362 3464 2586 3519 vitulum
2616 3481 2798 3520 coram
2828 3465 3080 3521 Domino.
3118 3491 3140 3513 ι
3169 3467 3398 3533 Vitulus,
3433 3468 3562 3538 quia
3585 3470 3676 3538 ju-

2070 3553 2280 3609 cundus
2302 3561 2403 3620 est,
2423 3553 2580 3608 docet
2611 3569 2746 3624 opus
2765 3554 2983 3609 Domini
3016 3554 3198 3610 laetitia
3229 3556 3676 3628 spiritualiagen-

2069 3641 2218 3696 dum.
2257 3663 2279 3692 α
2314 3641 2434 3696 Filii
2463 3645 2662 3711 Aaron,
2701 3663 2722 3692 ι
2760 3642 2850 3714 qui
2881 3641 3132 3711 offerunt,
3165 3644 3456 3699 Christiani
3486 3645 3598 3700 sint
3619 3653 3672 3700 et

2070 3730 2281 3799 fideles,
2315 3747 2452 3802 quos
2481 3731 2670 3785 Petrus
2699 3731 2976 3801 apostolus
2993 3749 3168 3805 genus
3197 3733 3452 3797 electum,
3478 3735 3670 3807 regale

2069 3819 2433 3875 sacerdotium
2465 3827 2623 3874 vocat
2651 3821 2701 3890 (1
2727 3823 2881 3876 Petr.
2917 3821 2998 3892 ιι).
3035 3821 3181 3876 Sicut
3224 3822 3369 3877 enim
3413 3823 3668 3878 Christus

2069 3916 2152 3963 est
2181 3917 2232 3963 et
2262 3907 2499 3978 pontifex
2531 3916 2579 3962 et
2610 3909 2804 3978 hostia,
2829 3909 2900 3963 ita
2946 3909 3233 3965 Christiani
3278 3919 3331 3966 et
3374 3927 3474 3981 per
3518 3928 3579 3967 se
3628 3920 3678 3966 et

2070 3997 2124 4050 in
2155 4013 2215 4052 se
2245 3997 2452 4051 hostias
2474 3997 2784 4066 spirituales
2827 3997 3018 4054 offerre
3066 4000 3287 4055 debent.
3338 4001 3676 4072 Sanguinem

2069 4084 2321 4154 offerunt,
2355 4085 2408 4140 id
2437 4094 2518 4140 est
2547 4086 2785 4140 animam
2816 4105 2987 4157 suam,
3037 4089 3159 4160 quia
3198 4089 3253 4142 in
3302 4088 3508 4144 Genesi
3551 4106 3676 4144 san-

2071 4174 2194 4246 guis
2221 4173 2401 4228 anima
2430 4175 2606 4230 carnis
2637 4185 2881 4233 vocatur.
2911 4177 3174 4232 Funditur
3203 4177 3342 4234 circa
3373 4178 3566 4234 altare.
3601 4179 3661 4234 In

2072 4263 2329 4318 memoria
2360 4263 2741 4320 incarnationis
2759 4265 2953 4320 Christi
2981 4282 3140 4321 omne
3158 4283 3295 4337 Opus
3315 4267 3522 4322 bonum
3542 4284 3672 4338 per-

1985 4343 2034 4406 C
2066 4351 2256 4407 ficitur.
2303 4353 2458 4409 Unde
2488 4354 2752 4408 Dominus
2797 4354 2964 4410 dicit:
3007 4377 3029 4404 ι
3081 4357 3198 4411 Hoc
3241 4357 3680 4428 quotiescunque

2065 4440 2324 4507 feceritis,
2373 4441 2426 4494 in
2465 4457 2644 4496 meam
2691 4444 3264 4499 commemorationem
3319 4443 3498 4500 facite.
3536 4465 3558 4494 ν
3594 4445 3674 4500 De

2067 4545 2174 4600 quo
2206 4529 2360 4585 altari
2391 4531 2641 4601 superius
2669 4531 2864 4588 dicitur
2897 4550 2909 4586 :
2937 4555 2960 4583 ι
3011 4533 3195 4587 Altare
3227 4532 3296 4588 de
3330 4541 3475 4588 terra
3508 4532 3675 4589 facie-

2066 4619 2136 4674 tis
2163 4619 2314 4674 mihi.
2355 4641 2376 4668 »
2411 4651 2480 4659 —
2505 4641 2526 4670 ε
2564 4619 2718 4688 Quod
2761 4630 2844 4675 est
2892 4619 2960 4675 ad
3009 4622 3203 4676 ostium
3247 4621 3612 4688 tabernaculi,
3651 4643 3674 4672 ι

2068 4708 2193 4778 quia
2224 4708 2278 4760 in
2307 4707 2559 4778 ingressu
2607 4706 2732 4763 fidei
2780 4709 2962 4763 statim
3007 4710 3076 4764 de
3123 4709 3229 4766 fide
3285 4710 3679 4766 incarnationis

2068 4795 2264 4849 Christi
2296 4796 2606 4852 imbuimur.
2638 4798 2944 4852 Detrahitur
2975 4799 3153 4870 pellis,
3189 4799 3317 4854 dum
3360 4800 3677 4855 divitiarum

2068 4891 2121 4939 et
2152 4883 2462 4940 facultatum
2495 4886 2842 4956 superfluitas
2864 4887 3198 4942 imminuitur
3225 4896 3281 4942 ut
3329 4905 3396 4943 eo
3438 4888 3672 4944 liberius

2067 4973 2243 5028 hostia
2272 4973 2400 5028 boni
2429 4974 2608 5044 operis
2639 4975 2968 5032 immoletur.
3017 4976 3165 5045 Quas
3209 4977 3424 5034 divitias
3463 4977 3522 5032 in
3566 4978 3675 5033 Job

2069 5061 2225 5133 pellis
2255 5077 2453 5117 nomen
2480 5063 2857 5119 ostenditdum
2877 5065 3094 5132 dicitur,
3120 5087 3142 5116 α
3168 5065 3369 5136 pellem
3398 5081 3501 5136 pro
3522 5065 3670 5136 pelle

2071 5149 2187 5220 (Job
2215 5151 2296 5220 ιι),
2335 5171 2357 5200 ι
2392 5160 2495 5208 etc.
2520 5155 2682 5207 Artus
2713 5153 2766 5206 in
2800 5152 2973 5208 frusta
3008 5154 3379 5223 conciduntur,
3405 5154 3534 5209 dum
3559 5155 3669 5209 sin-
3745 5198 3750 5204 .

2067 5238 2181 5310 guli
2210 5255 2404 5295 sensus
2434 5240 2488 5295 in
2516 5257 2744 5312 corpore
2790 5241 2860 5297 ad
2904 5243 3221 5300 servitutem
3259 5243 3476 5298 Domini
3518 5261 3652 5315 prae-

2073 5335 2358 5399 parantur.

2145 5417 2334 5472 Strues
2377 5416 2651 5490 lignorum
2699 5419 3058 5491 componitur,
3107 5419 3237 5476 dum
3297 5419 3444 5475 Petri
3480 5429 3534 5476 et
3577 5422 3674 5476 Pa-

2075 5512 2216 5559 trum
2260 5507 2510 5578 exempla
2550 5508 2617 5561 ad
2674 5508 3028 5566 imitationem
3082 5517 3447 5564 assumuntur.
3517 5509 3668 5582 Ignis

2076 5593 2370 5662 subjicitur,
2423 5595 2548 5652 dum
2570 5595 2796 5667 Spiritus
2847 5598 3015 5655 sancti
3064 5597 3239 5672 gratia
3286 5598 3490 5653 bonum
3538 5614 3674 5669 opus

2077 5692 2446 5741 consecratur.
2472 5685 2644 5757 Caput
2672 5695 2753 5742 est
2780 5686 3151 5760 principalitas
3182 5687 3400 5753 mentis,
3419 5687 3472 5742 in
3486 5687 3672 5757 jecore
