4002 6184
356 289 464 342 797

1275 284 1584 342 EPITOME
1621 285 1988 342 COMMENT.
2026 286 2291 342 RABANI
2320 287 2394 341 IN
2431 287 2659 344 LEVIT.

3569 292 3672 348 798

364 424 529 466 omne
559 408 892 465 desiderium
923 407 1202 481 accipitur.
1255 410 1452 465 Dicunt
1479 410 1624 466 enim
1664 410 1974 481 phiIOSOphi
2002 411 2056 472 Α
2078 426 2239 465 neres
2269 408 2472 465 effundi
2501 410 2694 480 solent,
2721 410 2847 465 dum
2881 411 3059 466 omnis
3079 417 3262 466 tumor
3307 413 3580 483 superbia
3627 413 3681 470 et

359 497 523 566 jecur
550 498 757 554 caloris
788 500 860 554 ad
891 499 1225 570 digerendos
1256 499 1409 555 cibos
1455 507 1507 554 et
1555 500 1816 554 desiderii
1851 516 1973 554 esse
2071 498 2311 553 lenitatis
2339 499 2546 555 vanitas
2562 508 2785 570 propter
2805 499 3080 554 Christtxm
3102 501 3155 554 in
3176 501 3439 556 memoria
3455 503 3680 573 originis

364 585 633 642 radicem.
665 609 690 640 ι
713 587 989 642 Intestinis
1015 596 1068 642 et
1093 588 1324 659 pedibus
1345 587 1488 642 lotis.
1518 609 1539 638 ι
1566 589 1826 643 Intestina
1846 586 1975 643 ﬁmo

367 674 616 744 sordent,
664 676 720 730 in
762 692 868 748 quo
901 677 1138 732 sordida
1183 677 1540 747 cogitationes
1570 685 1965 742 monstrantur.

368 763 566 833 Pedes,
601 763 695 836 qui
726 781 871 836 sape
903 765 1275 820 immunditias
1304 773 1553 836 tangunt,
1604 781 1670 820 ea
1701 781 1864 836 Opera
1903 765 1976 820 si-

371 861 545 926 gnant
575 870 697 925 qua
729 869 1075 926 nequaquam
1107 870 1139 908 a
1169 855 1481 910 carnalibus
1525 855 1764 927 negotiis
1809 871 1974 926 sepa-

365 941 482 997 rari
521 950 771 1012 possunt.
825 944 961 998 Sunt
1010 952 1193 998 tamen
1221 951 1274 998 et
1305 945 1421 999 hac
1452 952 1503 999 et
1533 945 1626 998 illa
1657 959 1799 1015 aqua
1829 959 1978 1000 com-

370 1029 684 1102 punctionis
715 1032 1084 1098 emundanda,
1119 1040 1172 1086 et
1200 1032 1274 1086 ita
1301 1031 1565 1088 sacriﬁcio
1614 1032 1847 1087 Domino
1887 1048 1979 1088 co-

377 1120 634 1190 aptanda.
670 1119 992 1189 Hujusmodi
1021 1120 1254 1176 hostiam
1285 1121 1412 1174 dum
1445 1121 1670 1192 quilibet
1710 1121 1868 1176 offert
1897 1137 1984 1175 sa-

371 1208 576 1265 cerdos
627 1216 708 1262 est
761 1209 1008 1278 Domini,
1062 1209 1185 1280 quia
1232 1208 1497 1263 Dominus
1541 1210 1609 1264 de
1656 1226 1822 1264 manu
1866 1211 1980 1278 ejus

369 1296 598 1367 suscipit
651 1296 882 1372 odorem
934 1298 1235 1362 suavitatis,
1256 1299 1385 1352 dum
1443 1299 1647 1352 talibus
1704 1297 1982 1354 sacriﬁciis

371 1385 694 1442 delectatur.
733 1407 756 1438 α
785 1385 942 1455 Quod
964 1386 1010 1440 si
1042 1387 1110 1442 de
1132 1387 1424 1457 pecoribus
1455 1387 1658 1442 oblatio
1689 1395 1791 1456 est,
1818 1408 1840 1437 ι
1875 1395 1979 1443 etc.

368 1473 432 1530 In
461 1473 641 1528 bobus
670 1472 827 1528 fortia
856 1489 1066 1545 opera;
1099 1474 1155 1528 in
1211 1474 1406 1530 ovibus
1453 1475 1856 1546 simplicitatem
1901 1475 1983 1530 vi-

372 1570 478 1630 ta;
510 1562 569 1618 in
615 1562 795 1633 capris
834 1563 1214 1634 paenitentiam
1266 1572 1615 1634 peccatorum
1661 1565 1979 1636 accipimus-

389 1652 470 1708 De
517 1650 838 1707 holocausto
897 1660 952 1707 et
997 1653 1249 1708 anniculo
1293 1653 1502 1725 absque
1560 1653 1778 1708 macula
1821 1669 1985 1724 supra

381 1739 616 1831 diximus
646 1741 729 1831 ad
747 1740 899 1831 latus
928 1741 1291 1831 altaris‘quod
1322 1741 1543 1812 respicit
1571 1743 1639 1831 ad
1669 1742 1979 1812 aquilonem
2000 1771 2054 1831 B

377 1827 691 1900 pracipitur
717 1829 1004 1894 immolari,
1037 1837 1094 1883 ut
1123 1829 1180 1883 in
1207 1830 1777 1884 commemorationem
1819 1831 1979 1884 Chri-

375 1918 443 1973 sti
472 1919 657 1973 omnia
688 1917 839 1984 ﬁant,
875 1918 1013 1974 sicut
1045 1935 1236 1973 omnes
1258 1919 1651 1989 postulationes
1681 1935 1780 1989 per
1806 1919 1981 1973 Domi-

377 2022 508 2061 num
539 2014 790 2062 nostrum
821 2007 1008 2061 Jesum
1039 2006 1312 2061 Christum
1346 2023 1448 2061 nos
1478 2007 1764 2077 implorare
1810 2005 1983 2062 conﬁ-

377 2095 579 2164 dimus,
615 2103 740 2164 post
769 2095 1086 2166 petitionem
1118 2096 1398 2159 addentes,
1431 2097 1533 2150 Per
1561 2096 1848 2150 Dominum
1878 2113 1982 2152 no-

380 2191 556 2238 strum
584 2185 767 2238 Jesum
799 2184 1093 2251 Christum,
1128 2192 1233 2240 etc.
1267 2185 1434 2256 Plaga
1465 2185 1804 2256 aquilonalis,
1831 2182 1984 2256 quasi

377 2272 496 2328 sole
528 2273 829 2345 longinquo
859 2274 1113 2338 obscura,
1139 2275 1244 2328 hoc
1271 2274 1521 2345 designat
1552 2274 1696 2345 quod
1726 2274 1986 2345 quidquid

372 2362 541 2417 homo
575 2362 631 2415 in
662 2363 762 2417 hac
790 2362 901 2417 vita
932 2363 1166 2429 laborat,
1199 2363 1372 2418 nescit
1402 2369 1603 2434 quanto
1634 2364 1778 2433 apud
1807 2365 1981 2418 Deum

379 2450 564 2522 pretio
593 2451 910 2520 astimetur,
934 2452 1060 2505 nisit
1078 2453 1225 2523 quod
1255 2453 1370 2522 spei
1390 2450 1612 2506 ﬁrmitas
1643 2468 1864 2522 sperare
1892 2453 1984 2507 do-

388 2547 494 2596 cet.
529 2541 669 2594 Nam
697 2540 823 2596 hinc
863 2541 1127 2611 scriptum
1171 2549 1254 2595 est
1288 2559 1300 2594 :
1338 2562 1359 2591 α
1396 2541 1531 2596 Sunt
1577 2541 1704 2609 justi
1751 2557 1983 2613 quorum

388 2644 560 2699 opera
629 2629 683 2682 in
721 2644 887 2683 manu
925 2630 1026 2684 Dei
1064 2638 1217 2698 sunt,
1258 2630 1355 2684 sed
1395 2629 1567 2685 nescit
1603 2631 1768 2684 homo
1805 2637 1983 2685 utrum

384 2733 570 2774 amore
600 2717 801 2791 dignus
831 2719 897 2772 sit
926 2733 992 2772 an
1023 2718 1150 2773 odio
1181 2718 1331 2791 (Sap.
1358 2735 1438 2784 ιιι,
1471 2719 1642 2774 Eccli.
1678 2721 1780 2789 ix).
1811 2740 1833 2768 ι
1869 2719 1983 2774 Ali-

381 2814 484 2872 ter,
521 2806 706 2877 aquilo
736 2815 930 2879 gentes
961 2806 1234 2878 signiﬁcat
1263 2824 1383 2879 qua
1410 2808 1466 2862 in
1486 2807 1778 2880 frigiditate
1808 2808 1983 2863 incre-

384 2895 626 2950 dulitatis
655 2903 995 2966 torpuerunt.
1017 2897 1078 2950 In
1107 2896 1256 2950 omni
1284 2903 1465 2950 autem
1493 2911 1662 2966 Opere
1692 2895 1836 2950 illius
1865 2911 1984 2966 pro-

376 2984 675 3056 pitiationis
705 3000 806 3039 nos
835 3000 1109 3040 memores
1139 3001 1262 3041 esse
1292 2985 1562 3053 convenit,
1588 2985 1712 3056 quia
1741 2985 1983 3040 Christus

376 3073 668 3147 gentilitati
697 3073 990 3141 consuluit,
1019 3073 1258 3128 liberans
1305 3089 1426 3128 eam
1458 3089 1490 3129 a
1519 3074 1750 3130 Domino
1778 3063 1982 3129 diaboli

2075 595 2312 652 nostra,
2371 588 2461 641 ubi
2519 587 2925 658 corruptionem
2977 588 3330 661 intelligimus
3390 598 3636 645 nostram
3661 633 3675 662 ,

2075 676 2471 746 comprimitur,
2506 684 2564 730 ut
2593 677 2709 730 sine
2741 677 2960 731 malitia
2991 677 3320 732 admixtione
3349 677 3552 733 ablatio
3581 695 3682 750 pu-

2078 765 2248 818 ritatis
2279 765 2714 835 contemplativa
2741 764 3073 835 perﬁciatur,
3127 783 3196 820 ne
3239 767 3361 836 plus
3404 767 3680 838 sapiamus

2078 869 2240 925 quam
2271 863 2482 924 oportet
2515 857 2688 924 (Rom.
2726 855 2850 924 xu),
2883 863 2934 909 et
2967 871 3034 908 ne
3085 854 3214 926 quid
3263 855 3548 927 indignum
3595 857 3680 911 his

2079 943 2380 1015 adjungere
2419 951 2706 997 tentemus.
2759 943 2975 998 Ascella
3017 951 3099 998 est
3142 959 3270 1014 pars
3319 944 3375 997 in
3422 960 3531 1016 qua
3579 946 3680 1001 ala

2073 1033 2375 1102 junguntur
2404 1032 2639 1102 corpori.
2688 1032 2905 1087 Ascella
2934 1031 3109 1104 frangi
3159 1049 3268 1087 non
3316 1031 3458 1087 ferro
3513 1033 3680 1089 dividi

2075 1120 2353 1190 jubentur,
2384 1128 2441 1176 ut
2470 1121 2524 1174 in
2553 1120 2673 1191 ipsa
2717 1121 2816 1174 Dei
2861 1121 3316 1191 contemplatione
3361 1120 3494 1175 nihil
3533 1121 3680 1176 ferro

2081 1208 2193 1263 doli
2223 1216 2274 1263 ct
2306 1209 2612 1264 schismatis
2661 1209 2965 1279 impetatur,
3017 1217 3106 1263 aut
3154 1209 3530 1280 investigetur,
3584 1209 3683 1265 sed

2081 1313 2268 1364 manu,
2300 1298 2355 1352 id
2386 1307 2468 1352 est
2497 1299 2835 1368 simplicitate
2864 1298 3234 1369 intelligentia
3277 1314 3441 1370 quam
3487 1298 3680 1353 Domi-

2083 1403 2186 1440 nus
2215 1387 2548 1442 concesserit
2577 1387 3001 1453 observandum,
3046 1395 3098 1440 et
3127 1387 3182 1440 in
3211 1386 3434 1442 servitio
3463 1387 3680 1442 Domini

2083 1474 2425 1530 offerendum
2454 1475 2800 1546 suscipiatur.
2849 1476 3053 1530 Catera
3092 1493 3211 1548 qua
3236 1476 3304 1531 de
3335 1475 3420 1531 his
3450 1475 3678 1544 subjun-

2085 1571 2286 1636 guntur
2313 1564 2369 1618 in
2399 1564 2774 1636 superioribus
2803 1563 2948 1619 dicta
2977 1571 3118 1619 sunt.

2722 1760 2947 1816 CAPUT
2977 1760 3043 1813 II.

2157 1958 2181 1989 ιι
2212 1935 2405 1992 Anima
2431 1950 2553 1992 cum
2590 1935 2847 1991 obtulerit
2892 1935 3220 1990 oblationem
3270 1934 3523 1992 sacriﬁcii
3565 1936 3680 1991 Do-

2081 2025 2248 2081 mino.
2291 2046 2314 2075 »
2366 2027 2434 2081 Et
2481 2025 2719 2080 animam
2763 2041 2860 2095 pro
2909 2031 3020 2080 toto
3071 2023 3287 2079 homine
3333 2024 3505 2094 ponit,
3547 2025 3683 2080 sicut

2082 2115 2251 2170 Jacob
2281 2114 2632 2170 descendisse
2664 2113 2716 2167 in
2747 2115 3036 2185 [Egyptum
3084 2129 3208 2168 cum
3254 2112 3539 2167 animabus
3589 2129 3681 2168 se-

2082 2203 2362 2275 ptuaginta
2393 2203 2644 2273 loquitur,
2679 2210 2783 2258 etc.
2823 2202 2951 2256 ldeo
2982 2202 3218 2255 animam
3260 2201 3408 2270 dicit,
3453 2202 3574 2271 quia
3613 2202 3682 2256 de

2083 2290 2454 2362 spiritualibus
2486 2300 2567 2345 est
2599 2291 2895 2346 locuturus.
2951 2290 3258 2360 Spiritualis
3308 2290 3450 2345 enim
3481 2290 3682 2345 intelli-

2083 2380 2263 2450 gentia
2293 2379 2459 2434 animi
2489 2395 2598 2434 non
2628 2379 2870 2450 corporis
2899 2379 3197 2449 capacitate
3227 2378 3540 2450 percipitur.
3575 2379 3680 2434 Sa-

2081 2467 2345 2525 criﬁcium
2374 2477 2456 2523 est
2498 2468 2643 2539 quod
2681 2467 2738 2520 in
2776 2484 2916 2537 pane
2969 2476 3022 2522 et
3058 2467 3114 2521 in
3153 2467 3328 2523 fructu
3370 2476 3525 2522 terra
3563 2469 3680 2524 Do-

2081 2558 2228 2612 mino
2258 2556 2609 2612 offerebatur.
2653 2556 2838 2611 Simila
2877 2556 3022 2611 enim
3060 2556 3208 2610 omni
3247 2572 3449 2626 genere
3478 2572 3677 2627 panum

2081 2647 2332 2712 nobilior,
2364 2645 2522 2715 panis
2553 2653 2734 2700 autem
2779 2645 2927 2699 omni
2977 2644 3100 2700 cibo
3147 2644 3398 2713 validior,
3453 2644 3677 2715 sapien-

2082 2735 2210 2789 tiam
2239 2734 2475 2789 divinam
2507 2734 2702 2806 signat,
2736 2750 2856 2804 qua
2885 2734 3020 2787 alias
3051 2727 3207 2820 aurp,
3249 2733 3396 2804 quod
3427 2733 3679 2788 omnibus

2078 2824 2310 2879 metallis
2339 2831 2420 2878 est
2448 2822 2756 2892 pretiosius,
2798 2825 3152 2892 comparatur
3218 2838 3378 2893 quam
3408 2821 3574 2876 Isaias
3606 2822 3682 2876 in-

2084 2920 2164 2966 ter
2193 2912 2422 2982 Spiritus
2453 2911 2624 2966 sancti
2654 2912 2798 2965 dona
2826 2910 3056 2981 primam
3095 2910 3409 2977 nominavit,
3462 2917 3516 2965 et
3562 2913 3680 2966 D0-

2089 3001 2261 3055 minus
2289 3001 2343 3054 in
2371 3016 2597 3055 numero
2627 2999 2993 3069 beatitudinis,
3027 2998 3375 3054 inferioribus
3406 3015 3681 3054 enumera-

2080 3089 2167 3156 tis,
2199 3089 2256 3144 in
2283 3089 2404 3146 loco
2431 3088 2611 3159 posuit
2636 3087 2986 3158 perfectionis
3016 3088 3204 3144 dicens
3238 3107 3252 3142 :
3290 3109 3312 3138 ι
3347 3088 3498 3144 Beati
3525 3088 3681 3159 paci-

373 3135 467 3234 ἇιιί
498 3178 558 3218 se
589 3162 645 3215 in
674 3161 938 3216 lateribus
977 3161 1246 3233 aquilonis
1276 3163 1470 3217 sedere
1500 3162 1856 3234 gloriabatur-
1889 3164 1969 3217 De
2000 3135 2048 3198 C
2078 3135 2187 3246 illi,
2218 3135 2472 3250 quoniam
2502 3175 2598 3231 ﬁlii
2618 3135 2718 3232 13's
2739 3177 3082 3232 vocabuntur
3103 3178 3324 3246 (Matth.
3349 3178 3428 3248 v).
3448 3197 3470 3227 ιν
3505 3135 3680 3246 niajor

383 3251 654 3322 sanguine
687 3257 740 3305 et
768 3251 836 3304 de
867 3249 1019 3304 altari
1049 3251 1250 3306 dictum
1300 3259 1402 3306 est.
1453 3250 1779 3306 Dividuntur
1805 3267 1977 3306 mem-

379 3340 500 3406 bra,
534 3340 663 3394 dum
694 3339 954 3396 discretio
983 3347 1131 3396 recta
1169 3340 1223 3394 in
1254 3340 1504 3395 omnibus
1553 3339 1842 3394 virtutibus
1889 3355 1978 3395 cu-

380 3429 635 3485 stoditur.
668 3429 748 3484 De
779 3428 957 3500 capite
989 3436 1041 3484 et
1072 3429 1284 3485 cateris
1313 3445 1434 3500 qua
1461 3426 1742 3484 oﬂ‘erenda
1773 3436 1896 3483 sunt
1925 3436 1979 3484 et

380 3517 449 3574 de
480 3517 667 3590 lignis,
717 3525 768 3572 et
816 3517 950 3590 igni,
999 3526 1052 3572 et
1098 3518 1386 3575 sacerdote
1418 3533 1585 3588 supra
1617 3518 1730 3586 jam
1775 3517 1978 3573 dictum

375 3614 477 3677 est,
535 3628 557 3656 α
595 3606 651 3660 Si
698 3614 878 3662 autem
929 3606 999 3662 de
1047 3607 1240 3661 avibus
1285 3606 1588 3662 holocausti
1629 3605 1826 3661 oblatio
1854 3605 1977 3661 fue-

371 3695 461 3762 rit,
500 3716 523 3746 »
557 3703 660 3751 etc.
695 3696 974 3752 Hactenus
1004 3696 1073 3750 de
1113 3695 1306 3752 activae
1353 3694 1632 3750 laboribus
1659 3695 1974 3765 disputavit,

375 3800 520 3841 nunc
550 3785 619 3840 de
649 3783 1085 3856 contemplativa
1117 3783 1239 3840 vita
1274 3783 1505 3854 puritate
1535 3783 1828 3856 subjungit.
1851 3785 1982 3838 Tur-

374 3882 484 3941 tur,
519 3890 611 3946 qui
643 3881 858 3928 mortuo
891 3873 1042 3929 socio
1075 3872 1166 3928 alii
1213 3888 1322 3928 non
1360 3873 1628 3946 jungitur,
1679 3872 1980 3929 castitatem

377 3962 671 4036 designat;
705 3961 957 4018 columba
1005 3970 1208 4029 autem,
1245 3978 1364 4034 qua
1412 3962 1597 4017 arbori
1640 3961 1884 4017 insidens
1929 3968 1983 4018 et

382 4067 582 4125 aquam
627 4051 925 4122 inspiciens
950 4095 962 4118 ,
1022 4051 1296 4122 accipitris
1340 4051 1602 4122 pravidet
1649 4051 1976 4117 adventum,

384 4140 792 4212 simplicitatem
824 4149 877 4196 et
906 4140 1176 4196 cautelam
1210 4158 1223 4196 :
1255 4149 1458 4197 sancta
1502 4141 1648 4196 enim
1695 4141 1891 4196 anima
1925 4140 1982 4194 in

391 4229 613 4296 arbore,
645 4229 700 4284 id
730 4237 814 4284 est
839 4229 894 4284 in
924 4229 1247 4286 celsitudine
1292 4229 1552 4286 virtutum
1580 4229 1982 4301 requiescentes

383 4318 439 4374 in
488 4333 648 4392 aqua,
698 4319 754 4373 id
793 4326 874 4374 est
919 4319 1270 4375 meditatione
1320 4319 1516 4374 divina
1557 4318 1726 4391 legis,
1778 4318 1982 4390 antiqui

2074 3268 2218 3323 enim
2259 3265 2524 3337 sapientia
2562 3281 2672 3320 non
2725 3273 2807 3320 est
2847 3282 3009 3337 quam
3046 3265 3252 3320 meritis
3289 3266 3546 3321 virtutum
3586 3265 3689 3321 Dei

2079 3355 2220 3412 efﬁci
2249 3355 2439 3410 ﬁlium.
2474 3355 2670 3410 Oleum
2703 3355 3020 3410 cbaritatem
3047 3362 3100 3410 et
3129 3355 3560 3411 misericordiam
3603 3371 3686 3410 so-

2075 3453 2185 3511 nat,
2223 3444 2345 3500 sine
2374 3444 2569 3515 quibus
2596 3443 2856 3514 sapientia
2897 3444 3058 3514 perit,
3111 3445 3215 3499 hoc
3260 3444 3439 3514 ipsum
3485 3443 3685 3516 ubique

2076 3534 2132 3588 in
2162 3533 2514 3605 sequentibus
2543 3533 2744 3604 signat.
2777 3533 2923 3586 Thus
2951 3532 3258 3587 orationem
3287 3533 3566 3587 assiduam
3604 3533 3687 3586 in-

2077 3623 2238 3677 dicat.
2274 3643 2296 3672 ι
2335 3621 2392 3677 Si
2423 3621 2542 3693 quis
2573 3621 2737 3685 enim,
2770 3620 2844 3675 ait
2871 3621 3108 3676 Jacobus
3135 3620 3436 3691 apostolus,
3475 3620 3685 3693 indiget

2079 3710 2360 3781 sapientia,
2393 3709 2630 3780 postulet
2658 3725 2690 3763 a
2720 3710 2838 3763 Deo
2867 3717 2921 3764 et
2951 3709 3168 3762 dabitur
3196 3708 3402 3777 (Iacob.
3427 3708 3488 3779 ι),
3517 3729 3539 3758 ν
3573 3715 3681 3765 etc.

2078 3800 2207 3854 Hac
2236 3799 2305 3853 ad
2335 3797 2473 3852 ﬁlios
2502 3800 2682 3853 Aaron
2727 3795 2914 3852 offerri
2949 3796 3224 3865 jubentur,
3269 3803 3330 3850 ut
3372 3795 3680 3868 cuicunque

2079 3888 2225 3944 Deus
2256 3887 2534 3942 scientiam
2565 3885 2904 3958 intelligendi
2946 3884 3277 3955 prastiterit,
3330 3900 3455 3940 cum
3499 3885 3681 3958 magi-

2080 3977 2209 4033 stris
2241 3975 2615 4047 spiritualibus
2645 3973 2911 4043 conferat,
2943 3989 3014 4029 ne
3044 3972 3184 4030 forte
3213 3973 3438 4028 insidias
3484 3972 3686 4029 diaboli

2079 4081 2244 4121 orans
2273 4065 2494 4120 incidat.
2529 4065 2665 4119 Nam
2697 4072 2750 4119 et
2777 4063 2973 4118 Paulus
3003 4079 3127 4119 cum
3159 4079 3258 4134 per
3296 4062 3687 4118 revelationem

2081 4155 2182 4210 Dei
2213 4153 2466 4210 didicerit
2495 4153 2878 4225 Evangelium,
2913 4152 3199 4231 descendit
3229 4159 3431 4222 tamen,
3480 4160 3537 4207 ut
3565 4153 3683 4223 ipse

2084 4251 2331 4313 testatur,
2365 4243 2434 4298 ad
2464 4242 2741 4313 apostolos
2772 4252 2826 4297 et
2855 4241 3080 4297 contulit
3109 4257 3234 4297 cum
3261 4241 3387 4308 illis,
3439 4257 3508 4296 ne
3545 4240 3685 4296 forte

2080 4333 2137 4388 in
2185 4348 2416 4389 vacuum
2461 4340 2705 4388 curreret
2753 4339 2844 4386 aut
2891 4330 3224 4387 cucurrisset
3282 4329 3508 4400 (Galat.
3554 4330 3676 4401 ιιι).

389 4407 562 4463 hostis
589 4414 791 4463 norunt
821 4406 1048 4462 insidias
1077 4423 1404 4478 pracavere.
1429 4408 1798 4478 Betorquetur
1826 4415 1988 4478 caput
2085 4443 2108 4473 ε
2146 4421 2391 4490 Quorum
2421 4438 2580 4490 unus,
2621 4442 2643 4470 ι,
2678 4428 2732 4475 ει
2760 4427 2975 4476 caetera,
3016 4421 3167 4476 Unus
3195 4434 3296 4488 pro
3324 4417 3527 4474 unitate
3558 4417 3686 4473 ﬁdei

389 4497 460 4552 ad
491 4497 713 4563 collum,
763 4503 820 4551 ut
850 4495 1118 4561 Christus,
1166 4496 1294 4552 licet
1341 4495 1618 4552 divinitate
1645 4496 1982 4567 pramineat,
2004 4497 2056 4557 D
2088 4511 2370 4582 accipitur,
2406 4518 2458 4566 ει
2491 4509 2691 4564 paulus
2720 4509 2850 4564 dicit
2880 4525 2895 4562 ε
2932 4530 2954 4558 α
2988 4509 3140 4564 Unus
3171 4506 3435 4562 Dominus
3478 4514 3532 4561 ει
3575 4521 3686 4561 una

391 4585 595 4639 nullius
623 4583 799 4640 ﬁdelis
815 4584 1186 4641 .astimatione
1216 4585 1285 4640 ab
1317 4585 1519 4641 unitate
1547 4585 1832 4650 Ecclesia,
1868 4601 1991 4656 qua
2086 4598 2222 4656 ﬁdes
2254 4600 2479 4672 (Ερὴεε,
2513 4599 2613 4667 ιγ)ν
2643 4617 2666 4647 ι
2700 4605 2805 4654 etc,
2838 4598 2985 4651 Idem
3017 4603 3070 4651 ει
3099 4595 3264 4650 a1ibi;
3290 4596 3465 4668 Βοεο⁹
3487 4595 3682 4668 inquit,

373 4681 459 4730 est
477 4689 674 4744 corpus
697 4674 831 4743 ejus,
848 4681 1148 4744 separetur.
1163 4674 1352 4742 Aliter,
1373 4673 1503 4728 dum
1521 4673 1574 4727 in
1592 4681 1645 4728 te
1667 4672 1982 4729 coelestibus

379 4762 806 4834 appropinquas,
857 4777 1046 4817 curam
1093 4762 1296 4828 carnis,
1344 4762 1489 4818 unde
1536 4761 1746 4816 ﬁrmius
1795 4760 1981 4818 consi-

383 4859 530 4906 stere
570 4851 777 4922 possis,
829 4850 1048 4922 penitus
1093 4867 1202 4906 non
1244 4851 1476 4906 omittas.
1529 4849 1788 4919 Quamvis
1837 4851 1982 4906 enim

383 4939 680 5012 Apostolus
711 4939 854 4995 dicat
878 4957 891 4994 :
920 4961 942 4990 α
979 4939 1170 4995 Carnis
1197 4955 1384 4996 curam
1412 4955 1521 4995 non
1541 4939 1779 4996 feceritis
1809 4939 1862 4994 in
1892 4940 1981 4995 de-

383 5028 606 5084 sideriis
637 5036 843 5083 tantum
883 5028 1059 5099 (Rom.
1093 5028 1240 5098 x111),
1278 5049 1300 5079 ιο
1335 5029 1471 5084 alias
1500 5029 1699 5084 dicitur
1729 5045 1744 5083 :
1786 5049 1809 5079 ε
1844 5027 1979 5096 Quis

384 5133 626 5190 unquam
676 5133 894 5174 carnem
940 5134 1091 5172 suam
1139 5118 1265 5174 odio
1310 5118 1501 5173 habuit
1545 5118 1767 5192 (Ephes.
1802 5117 1908 5186 v)?
1951 5138 1973 5168 ι

376 5237 400 5267 ι
439 5215 617 5286 Rupto
649 5214 892 5272 vulneris
907 5215 1029 5272 loco
1056 5215 1293 5272 decurrit
1321 5215 1547 5288 sanguis
1567 5231 1730 5286 super
1745 5213 1979 5286 crepidi-

372 5319 533 5372 nem,
562 5323 584 5355 ι
621 5303 709 5361 vel
742 5326 764 5354 α
789 5304 967 5360 basim
996 5304 1201 5372 altaris,
1241 5325 1263 5355 ι
1297 5305 1476 5360 utalia
1491 5305 1655 5360 editio
1676 5304 1822 5370 dicit,
1846 5304 1976 5358 dum

375 5393 646 5466 patefacta
676 5392 821 5448 bona
847 5393 1166 5460 intentione,
1189 5393 1299 5450 vita
1328 5393 1505 5449 omnis
1528 5393 1682 5462 juxta
1711 5392 1980 5465 evangeli-

2085 4704 2180 4744 vos
2210 4697 2267 4744 ut
2293 4689 2436 4743 idem
2466 4686 2689 4757 sapiatis
2742 4693 2795 4740 et
2822 4701 2990 4740 unum
3017 4700 3209 4740 omnes
3238 4683 3432 4740 dicatis
3507 4685 3680 4755 (Phil.

2086 4779 2168 4850 ιι).
2201 4777 2446 4850 Pugillus
2478 4776 2673 4846 plenus
2703 4773 3010 4829 immolatur
3037 4781 3096 4828 ut
3144 4772 3375 4846 quisque
3422 4781 3684 4844 quantum

2083 4880 2282 4937 capere
2312 4872 2492 4937 potest
2522 4863 2755 4920 scrutari
2784 4870 3030 4930 conetur,
3073 4878 3141 4916 ne
3167 4863 3292 4933 plus
3321 4869 3491 4917 tentet
3520 4877 3683 4934 quam

2081 4961 2264 5026 potest
2289 4953 2590 5010 continere.
2625 4953 2758 5006 Pars
2789 4950 2982 5006 simila
3012 4959 3064 5006 et
3093 4950 3201 5005 olei
3231 4950 3561 5017 immolatur,
3594 4959 3684 5007 to-

2079 5051 2193 5099 tum
2222 5051 2402 5098 autem
2435 5043 2578 5108 thus,
2615 5041 2743 5113 quia
2771 5039 3036 5111 sapientia
3067 5047 3120 5094 et
3158 5039 3432 5096 charitatis
3478 5047 3531 5095 et
3575 5040 3683 5096 mi-

2077 5132 2390 5189 sericordia
2421 5147 2760 5203 nequaquam
2790 5129 2846 5184 in
2870 5129 2974 5185 hac
3017 5127 3124 5184 vita
3171 5127 3436 5199 perfectio
3465 5129 3521 5184 in
3551 5145 3682 5184 san-

2076 5223 2176 5279 ctis
2223 5221 2496 5292 aliquibus
2546 5219 2822 5290 impletur.
2873 5217 3072 5274 Paulus
3121 5217 3267 5272 enim
3311 5217 3444 5275 dicit
3485 5235 3500 5274 :
3543 5239 3567 5269 ¢
3600 5219 3682 5273 Ex

2073 5318 2231 5383 parte
2260 5309 2666 5382 cognoscimus,
2699 5317 2753 5364 et
2782 5325 2848 5364 ex
2876 5314 3033 5379 parte
3061 5308 3452 5378 prophetamus
3479 5306 3532 5377 (Ι
3558 5306 3679 5363 Cor.

2076 5401 2223 5470 xm).
2266 5420 2287 5449 »
2322 5400 2390 5454 Et
2419 5398 2487 5454 de
2519 5397 2783 5454 charitate
2815 5413 2831 5452 :
2868 5418 2891 5447 α
2922 5398 3095 5465 Major
3123 5403 3307 5452 autem
3335 5394 3568 5452 charitas
3599 5400 3682 5448 est

368 5498 488 5539 cam
518 5481 816 5538 doctrinam
859 5491 1227 5540 consecratur.
1273 5482 1546 5550 Vesicula,
1590 5498 1710 5553 qua
1759 5497 1975 5552 semper
2071 5489 2176 5555 his,
2209 5509 2231 5537 ι
2268 5487 2397 5559 quia
2425 5487 2680 5543 videlicet
2707 5486 2760 5541 in
2791 5487 2897 5542 hac
2924 5485 3035 5541 vita
3064 5501 3188 5542 cum
3219 5500 3315 5554 spe
3336 5491 3389 5538 et
3417 5481 3524 5536 ﬁde
3551 5496 3679 5550 per-

368 5571 575 5629 tumida
603 5571 837 5639 videtur,
891 5580 943 5628 et
983 5587 1196 5644 penna,
1249 5572 1485 5628 lenitatis
1529 5571 1762 5637 radices,
1795 5571 1966 5642 proji-

366 5666 586 5724 ciuntur
610 5676 836 5742 pr0pter
865 5669 1034 5726 altare
1061 5669 1131 5726 ad
1172 5668 1494 5726 orientalem
1524 5668 1745 5741 plagam
1775 5667 1864 5723 ubi
1895 5681 1971 5724 c1-

2073 5575 2160 5632 ﬁci
2190 5592 2296 5632 non
2325 5584 2524 5648 potest,
2578 5575 2675 5631 sed
2705 5583 2991 5647 permanet
3015 5574 3072 5629 in
3100 5573 3281 5629 futuro
3322 5568 3675 5641 perﬁcienda.

2069 5667 2140 5722 Et
2169 5666 2236 5722 de
2266 5665 2646 5724 misericordia
2675 5665 2809 5722 dicit
2836 5664 2978 5721 ultra
3009 5663 3156 5718 vires
3205 5658 3365 5716 velle.
3418 5658 3546 5715 Ideo
3588 5658 3679 5716 hic
