3998 6188
339 239 442 327 -Ῐ99

819 269 1224 328 WALAFRIDI
1254 271 1497 328 STRABI
1526 271 1728 328 FULD.
1760 271 1934 327 MON.
1958 269 2111 329 OPP.
2144 271 2320 327 PARS
2349 272 2390 327 l.
2420 300 2490 313 --
2517 269 2990 328 THEOLOGICA.

3531 275 3634 329 800

334 411 444 454 non
472 393 770 467 perﬁcitur,
795 396 922 467 quia
950 396 1096 469 quod
1122 395 1303 452 facere
1331 412 1439 451 non
1459 411 1770 467 possumus,
1794 396 1932 452 velle
1951 396 2006 457 A
2036 397 2120 452 his
2147 397 2383 468 peractis
2411 411 2558 452 mors
2588 410 2710 451 eam
2740 403 3119 451 momentanea
3161 395 3401 468 suscepit
3425 403 3486 452 ut
3529 398 3638 452 hu-

340 485 625 541 debemus.
658 485 803 540 Thus
831 494 1012 540 autem
1053 492 1224 540 totum
1272 486 1593 552 incenditur,
1646 486 1773 558 quia
1820 486 1937 542 sine
2030 487 2120 556 jus
2149 486 2396 541 mortalis
2427 486 2550 540 vitae
2582 501 2700 541 eam
2733 492 2952 540 exueret
2983 484 3258 557 qualitate.
3310 485 3467 541 Unde
3514 501 3641 542 cum

340 573 744 629 intermissione
773 575 1039 630 orandum
1069 581 1170 643 est,
1204 581 1261 630 ut
1289 574 1541 631 videlicet
1569 574 1753 630 omnia
1781 591 1935 646 qua-

343 678 559 734 cunque
591 662 839 732 facimus,
873 663 928 718 in
957 664 1175 718 nomine
1205 663 1421 718 Domini
1449 663 1732 720 faciamus.
1776 663 1936 719 Poni-

341 758 430 806 tur
459 750 818 824 [memoriale]
850 768 1012 822 super
1039 752 1228 823 altare,
1252 753 1322 808 ob
1351 753 1670 808 memoriam
1694 753 1936 808 Domini-

339 853 421 897 ca
464 840 883 908 incarnationis,
933 849 991 895 ut
1039 858 1199 912 supra
1244 841 1447 898 dictum
1497 851 1598 898 est.
1650 842 1936 914 Reliquum

341 929 714 985 sacerdotibus
745 929 923 985 datur.
955 929 1091 986 Huic
1124 931 1419 986 concordat
1455 931 1601 1002 quod
1631 930 1936 1004 fragmenta

337 1033 457 1089 qua
504 1017 677 1071 turbis
724 1018 1138 1090 superfuerant,
1183 1020 1414 1090 apostoli
1463 1020 1832 1093 collegerunt,
1877 1028 1936 1076 ut

337 1121 459 1177 qua
487 1105 729 1161 minores
759 1107 1064 1180 intelligere
1096 1123 1208 1164 non
1245 1107 1447 1179 valent,
1497 1109 1795 1179 majoribus
1837 1125 1934 1165 su-

335 1194 538 1250 menda
566 1204 871 1252 reservent.

410 1339 434 1369 α
469 1318 606 1374 Cum
635 1329 816 1375 autem
848 1320 1112 1377 obtuleris
1142 1319 1469 1378 sacriﬁcium
1497 1329 1712 1378 coctum
1742 1322 1800 1377 in
1830 1321 1932 1378 cli-

335 1406 493 1476 bano,
527 1409 596 1464 de
627 1409 819 1476 simila,
844 1427 1012 1481 panes
1042 1410 1249 1467 scilicet
1279 1411 1485 1483 absque
1515 1411 1782 1467 fermento
1811 1427 1936 1467 con-

335 1512 558 1566 spersos
588 1498 730 1553 oleo.
763 1520 783 1548 n
819 1498 1074 1555 Clibanus
1104 1508 1292 1555 uterus
1324 1493 1404 1555 es't
1434 1499 1694 1573 Virginis,
1719 1500 1813 1555 ubi
1842 1516 1935 1572 pa-

333 1600 417 1640 nis
447 1586 539 1657 qui
567 1588 637 1642 de
667 1587 805 1642 coelo
835 1588 1117 1644 descendit
1147 1589 1316 1645 sancti
1355 1590 1586 1660 Spiritus
1615 1590 1933 1660 operatione

334 1673 493 1729 nobis
509 1684 851 1747 praparatus
872 1685 953 1732 est
974 1678 1043 1732 ad
1065 1679 1316 1736 salutem.
1362 1680 1501 1733 Dum
1523 1679 1591 1733 de
1611 1679 1927 1746 histractes,

335 1763 405 1817 de
437 1763 612 1818 simila
637 1779 828 1835 panes,

335 1857 446 1907 tem
477 1852 696 1922 adhibe,
729 1853 936 1925 absque
981 1854 1265 1923 fermento,
1319 1856 1373 1910 id
1421 1864 1519 1920 est,
1572 1857 1688 1910 sine
1733 1857 1937 1911 erroris

336 1940 721 1996 amaritudine.
749 1943 904 1998 Unde
925 1943 1190 1998 Dominus
1219 1944 1349 2000 dicit
1373 1961 1386 1999 :
1415 1965 1436 1995 α
1463 1944 1737 2000 Attendite
1782 1945 1937 2000 vobis

334 2042 369 2084 a
398 2027 665 2084 fermento
695 2031 1097 2086 Pharisaorum
1127 2033 1347 2102 (Matth.
1382 2033 1524 2102 xvr),
1560 2053 1582 2083 »
1618 2034 1673 2088 id
1703 2041 1786 2088 est
1814 2049 1937 2088 ma-

332 2115 512 2172 litiosa
563 2134 754 2174 eorum
804 2120 1080 2176 doctrina.
1132 2122 1240 2192 Ipsi
1288 2137 1458 2192 panes
1502 2122 1607 2176 sint
1655 2123 1938 2194 conspersi

333 2204 478 2272 oleo,
509 2207 612 2264 hoc
643 2215 724 2263 est
756 2209 876 2280 ipsa
905 2209 1182 2280 inquisitio
1226 2219 1278 2265 et
1308 2211 1588 2282 sapientia
1636 2211 1937 2285 investiga-

334 2293 410 2350 tio
432 2294 812 2352 misericordia
832 2305 884 2352 et
905 2299 1168 2354 charitate
1186 2299 1468 2355 condiatur
1492 2320 1505 2366 ;
1537 2301 1732 2373 lagana
1751 2316 1940 2371 azyma

336 2382 459 2438 oleo
486 2383 583 2439 lita
614 2393 698 2440 est
726 2387 912 2456 panis,
947 2387 1054 2442 lata
1098 2395 1150 2443 et
1195 2388 1392 2457 tenuis,
1440 2405 1562 2461 qua
1604 2397 1866 2461 quantum
1907 2405 1940 2447 a

335 2473 494 2544 panis
543 2474 709 2530 distat
746 2474 1026 2547 firmitate,
1073 2484 1282 2532 tantum
1326 2477 1412 2534 lex
1455 2486 1508 2533 et
1549 2480 1939 2550 prophetarum

337 2562 580 2618 narratio
609 2562 878 2620 infirmior
898 2574 982 2620 est
1007 2567 1292 2640 Evangelii
1315 2567 1558 2623 claritate
1588 2575 1642 2622 et
1670 2569 1940 2638 apostolo-

335 2667 455 2705 rum
487 2652 733 2719 scientia,
767 2670 889 2726 qua
920 2663 1106 2710 tamen
1136 2657 1260 2711 oleo
1289 2656 1382 2711 lita
1411 2665 1510 2726 est,
1556 2657 1682 2728 quia
1712 2657 1768 2711 in
1795 2673 1939 2727 pra-

334 2740 506 2812 ceptis
536 2741 678 2814 legis
711 2743 1001 2798 charitatis
1043 2745 1407 2813 observantia,
1457 2753 1510 2800 et
1557 2746 1942 2802 misericordia

337 2827 563 2884 effectus
593 2831 914 2902 mundatur,
949 2840 1000 2886 et
1028 2835 1309 2904 propheta
1347 2835 1415 2889 de
1450 2842 1681 2889 ventura
1720 2834 1940 2889 miseri-

336 2918 526 2973 cordia
555 2919 902 2975 advenientis
931 2921 1132 2975 Christi
1162 2931 1215 2976 et
1244 2923 1505 2978 charitate
1535 2923 1940 2995 prasagabant.

336 3004 556 3062 Oblatio
585 3008 655 3064 de
693 3010 971 3082 sartagine
1005 3011 1072 3064 de
1101 3009 1278 3065 simila
1308 3026 1604 3081 conspersa
1646 3011 1768 3066 oleo
1816 3010 1936 3066 ﬁeri

330 3095 578 3165 jubetur.
611 3097 869 3169 Sartago,
906 3114 1026 3169 qua
1056 3099 1235 3153 media
1266 3106 1347 3154 est
1375 3099 1518 3153 inter
1559 3100 1746 3172 ignem
1783 3108 1836 3155 et
1864 3100 1943 3156 ci-
1963 3116 2013 3180 ο

339 3183 461 3252 bos,
495 3183 808 3240 ﬁrmissimo
844 3186 1044 3242 robore
1075 3194 1266 3242 contra
1305 3187 1491 3260 ignem
1522 3196 1653 3258 tuta,
1699 3196 1753 3243 et
1787 3205 1942 3262 qua-

334 3271 463 3327 dam
511 3272 696 3327 mollia
740 3274 998 3340 indurat,
1056 3275 1310 3346 quadam
1358 3292 1490 3332 vero
1533 3277 1670 3332 dura
1716 3279 1941 3347 emollit,

336 3374 558 3415 crucem
589 3361 786 3415 Christi
816 3362 1110 3433 signiﬁcat,
1148 3380 1268 3435 qua
1296 3365 1583 3420 mediatrix
1633 3373 1766 3433 erat,
1819 3367 1943 3438 quia

334 3447 516 3504 cibum
546 3450 864 3517 sustinebat,
898 3460 950 3506 et
980 3468 1079 3522 per
1107 3468 1226 3508 eam
1256 3453 1412 3509 calor
1456 3454 1727 3524 passionis
1757 3455 1943 3511 incen-

333 3537 585 3592 debatur.
617 3539 735 3593 Nisi
766 3555 893 3596 vero
923 3540 1082 3612 panis
1113 3541 1169 3596 in
1210 3542 1304 3597 illa
1340 3543 1578 3598 caelestis
1616 3552 1939 3611 torreretur,

335 3625 453 3694 ejus
481 3628 805 3698 mysterium
836 3631 1082 3700 corporis
1110 3631 1420 3686 nullatenus
1465 3633 1533 3687 ad
1574 3632 1805 3688 salutem
1836 3635 1942 3688 hu-

333 3715 478 3768 mani
506 3717 726 3788 generis
754 3719 1117 3788 panderetur.
1160 3721 1291 3775 Tota
1322 3721 1468 3776 enim
1497 3721 1833 3792 dispensatio
1861 3722 1944 3776 in-

338 3805 671 3861 carnationis
703 3807 821 3876 ejus
852 3808 918 3862 ad
965 3808 1150 3864 crucis
1201 3810 1480 3880 spectabat
1525 3811 1946 3866 consummatio-

334 3908 486 3948 nem.
540 3895 695 3951 Unde
743 3895 822 3950 illi
866 3898 1043 3952 omnis
1094 3906 1343 3953 creatura
1393 3907 1581 3953 nostra
1619 3898 1942 3972 [subjicitur]

332 3990 559 4054 propter
581 3984 838 4040 virtutem
858 3987 1053 4042 crucis.
1069 3988 1212 4042 Nam
1229 3987 1519 4057 Apostolus
1545 4005 1557 4042 :
1579 4009 1600 4037 α
1622 3988 1818 4044 Factus
1839 3996 1940 4057 est,

333 4070 526 4143 inquit,
560 4072 828 4128 obediens
880 4075 1028 4130 Patri
1073 4091 1245 4147 usque
1292 4077 1358 4130 ad
1406 4085 1658 4143 mortem,
1711 4085 1943 4132 mortem

334 4169 514 4215 autem
545 4161 722 4218 crucis
755 4179 768 4216 :
800 4171 1025 4233 propter
1053 4164 1199 4236 quod
1231 4173 1284 4219 et
1315 4166 1462 4220 Deus
1490 4165 1642 4219 illum
1671 4165 1938 4233 exaltavit,

333 4256 387 4304 et
413 4249 564 4305 dedit
594 4250 673 4305 illi
705 4266 908 4306 nomen
941 4253 1088 4323 quod
1121 4261 1203 4308 est
1233 4269 1400 4324 super
1427 4269 1588 4310 omne
1617 4269 1837 4320 nomen,
1886 4263 1945 4310 ut

333 4337 391 4392 in
416 4339 635 4394 nomine
667 4340 795 4395 Jesu
826 4356 988 4396 omne
1018 4357 1163 4414 genu
1194 4342 1440 4397 flectatur
1469 4342 1797 4412 caelestium,
1825 4350 1942 4399 ter-

334 4427 586 4483 restrium
618 4437 670 4484 et
696 4427 1034 4485 infernorum
1065 4431 1237 4502 (Phil.
1263 4431 1344 4502 ιι),
1385 4451 1407 4481 ν
1443 4438 1496 4486 et
1525 4439 1740 4488 caetera.
1775 4433 1942 4502 Cujus

334 4517 510 4572 crucis
538 4519 710 4574 virtus
740 4520 988 4590 quadam
1020 4520 1186 4575 corda
1231 4519 1366 4574 dura
1414 4521 1469 4575 in
1517 4521 1738 4577 lenitate
1782 4538 1941 4577 man-

339 4606 641 4662 suetudinis
674 4607 966 4675 edomavit,
1002 4610 1252 4682 quadam
1282 4625 1415 4665 vero
1441 4610 1624 4665 mollia
1653 4619 1706 4666 et
1733 4610 1948 4666 inﬁrma

339 4693 538 4749 virtute
583 4696 892 4751 stabilitatis
941 4699 1141 4763 erexit,
1191 4706 1247 4754 ut
1294 4705 1520 4771 utraque
1569 4699 1768 4754 Christi
1825 4715 1947 4756 cor-

337 4783 460 4854 pori
505 4785 758 4841 sociaret.
811 4786 942 4842 Inde
989 4788 1036 4842 si
1085 4787 1212 4860 quid
1257 4789 1596 4844 tractandum
1626 4789 1715 4854 sit,
1767 4788 1948 4845 simila

279 4875 284 4880 '
337 4872 618 4943 sapientia
647 4883 700 4930 et
729 4890 854 4931 cum
885 4891 1015 4932 vera
1042 4877 1297 4932 charitate
1328 4877 1647 4949 inquiratur.
1701 4879 1783 4933 De
1831 4876 1944 4934 fer-

337 4970 522 5018 mento
546 4963 657 5033 jam
689 4964 944 5020 diximus.
989 4965 1258 5021 Dividitur
1293 4966 1618 5033 minutatim,
1666 4983 1789 5022 cum
1836 4966 1946 5022 sin-

338 5050 485 5122 gula
522 5052 795 5122 passionis
827 5055 944 5123 ejus
982 5054 1198 5125 species
1229 5055 1410 5128 dignae
1443 5065 1814 5112 recensentur.
1830 5058 1947 5113 Hoc

335 5145 437 5204 est,
472 5139 601 5210 quid
630 5141 808 5197 valeat
837 5143 1090 5213 proditio,
1127 5143 1440 5216 ﬂagellatio,
1465 5144 1744 5216 spinarum
1775 5146 1946 5217 impo-

337 5225 480 5296 sitio,
515 5227 872 5300 colaphorum
901 5231 1102 5298 irrisio,
1135 5241 1188 5288 et
1229 5241 1421 5291 caetera
1460 5235 1792 5304 hujusmodi.
1846 5236 1946 5292 Sa-

339 5314 609 5373 criﬁcium
639 5317 707 5374 de
739 5319 1017 5389 craticula,
1049 5321 1117 5377 de
1147 5330 1322 5378 morte
1351 5323 1550 5379 Christi
1579 5331 1662 5378 est
1709 5323 1947 5396 disputa-

339 5405 417 5462 tio
462 5405 633 5478 digna
669 5423 684 5474 ;
732 5406 870 5462 sicut
917 5409 1062 5465 enim
1110 5411 1295 5466 subter
1353 5413 1689 5485 sartaginem
1731 5413 1945 5469 validus

339 5494 484 5568 ignis
512 5495 828 5553 accenditur
858 5503 915 5552 ut
943 5497 1095 5554 cibus
1135 5508 1485 5573 excoquatur,
1532 5501 1632 5557 sub
1681 5502 1947 5560 craticula

342 5593 519 5642 autem
577 5586 1007 5660 consumptionis
1059 5588 1327 5645 carbones
1383 5591 1740 5660 subjiciuntur
1800 5611 1812 5646 :
1873 5593 1946 5648 ita

343 5673 504 5730 etiam
533 5675 616 5734 vis
644 5677 916 5749 passionis
948 5691 1112 5735 cruce
1142 5677 1343 5735 Christi
1373 5695 1591 5738 carnem
1619 5681 1841 5748 assavit,
1890 5689 1943 5737 et

2036 574 2196 630 fuerit
2223 573 2631 645 disputandum,
2663 573 2842 628 simila
2886 574 3010 629 oleo
3057 583 3469 646 conspergatur,
3517 591 3638 632 ma-

2036 664 2194 718 nibus
2241 663 2538 720 sacerdotis
2580 663 2862 732 tradatur,
2913 662 3229 718 memoriale
3279 663 3637 730 incendatur,

2037 753 2183 824 quod
2214 760 2463 823 superest
2506 750 2885 807 sacerdotibus
2927 751 3302 822 relinquatur;
3333 752 3403 807 de
3441 752 3640 823 quibus

2037 841 2288 897 omnibus
2319 855 2484 912 supra
2508 842 2622 911 jam
2665 839 2920 895 diximus.
2971 859 2994 890 α
3043 839 3235 896 Omnis
3277 840 3475 896 oblatio
3519 857 3642 913 qua

2037 929 2257 986 offertur
2304 930 2535 985 Domino
2581 931 2787 1000 absque
2837 929 3105 984 fermento
3156 928 3286 996 ﬁet,
3339 949 3362 979 ι
3413 929 3470 985 id
3515 937 3638 1006 est,

2036 1035 2196 1076 omne
2225 1035 2362 1090 opus
2391 1018 2666 1073 servitutis
2695 1018 2796 1073 Dei
2837 1018 3039 1073 malitia
3079 1017 3272 1074 aliena
3311 1027 3490 1074 careat
3531 1018 3640 1075 do-

2036 1109 2245 1164 ctrina.
2275 1108 2392 1164 Nec
2422 1107 2712 1180 quidquam
2740 1106 2992 1163 fermenti
3021 1121 3086 1164 ac
3116 1107 3294 1162 mellis
3331 1107 3642 1164 adolebitur

2035 1197 2092 1252 in
2119 1195 2389 1253 sacriﬁcio
2419 1196 2670 1252 Domino.
2702 1195 2809 1251 Mel
2838 1196 3039 1251 dicitur
3079 1196 3472 1267 philosophica
3509 1196 3638 1251 dul-

1929 1289 1940 1356 Ϊ
2035 1286 2173 1342 cedo
2205 1285 2537 1352 sonoritatis,
2570 1301 2676 1356 qua
2702 1284 2986 1340 instabiles
3014 1285 3081 1340 ad
3113 1301 3310 1341 sensus
3338 1301 3537 1355 pravos
3564 1284 3639 1340 il-

2035 1373 2241 1430 liciunt.
2275 1373 2530 1429 Primitia
2575 1390 2766 1428 eorum
2812 1382 2865 1428 et
2904 1389 3130 1428 munera
3173 1373 3477 1430 offeruntur
3522 1382 3642 1429 tan-

2037 1471 2167 1530 tum,
2198 1463 2320 1534 quia
2351 1463 2636 1518 elementis
2666 1463 2972 1517 litterarum
3002 1471 3055 1518 et
3081 1462 3392 1517 liberalium
3436 1463 3640 1518 artium

2033 1551 2425 1618 instrumentis,
2460 1568 2582 1624 qua
2611 1551 2920 1622 philosophi
2950 1559 3292 1623 repererunt,
3332 1552 3402 1606 ad
3430 1551 3639 1608 utilita-

2033 1648 2142 1695 tem
2171 1647 2369 1696 sancta
2407 1641 2666 1696 utendum
2699 1647 2782 1695 est
2810 1640 3094 1708 Ecclesia,
3136 1655 3248 1695 non
3295 1647 3502 1694 tantum
3544 1656 3639 1696 eo-

864 1728 1043 1821 ίῐεὲῐ
1060 1728 1324 1823 ἆῦὶιῖὲῖἑὶὲὲ
1354 1728 1692 1838 ἔνέιῖςέῐίὲἐιέ
1712 1728 1937 1823 iiii};
1952 1757 2004 1816 Β
2036 1746 2153 1838 ὟΡ
2171 1728 3294 1838 ,ΨΞἘἾἫΞῙΫῨΞΞίὲιῬΡῗῗτί-Βῗῖηὲῗῗ,
3307 1729 3638 1838 ῗὲἓῖίῗῗῖθε

2036 1834 2139 1874 nec
2165 1834 2356 1873 eorum
2384 1817 2843 1888 disputationibus
2859 1817 2929 1872 de
2951 1817 3148 1874 divinis
3176 1818 3636 1891 investigandum.

2041 1927 2064 1958 α
2115 1906 2392 1978 Quidquid
2437 1905 2700 1962 obtuleris
2744 1904 2998 1962 sacriﬁcii
3043 1905 3158 1962 sale
3202 1906 3445 1962 condias.
3504 1928 3528 1959 ι
3575 1907 3639 1962 In

2036 1995 2184 2050 omni
2213 2010 2378 2066 opere
2406 1995 2552 2050 bono
2602 1995 2882 2066 sapientia
2927 1994 3125 2050 divina
3166 1995 3487 2050 suavitatem
3535 2011 3640 2052 nos

2035 2078 2296 2134 adhibere
2325 2080 2591 2134 hortatur.
2624 2080 2820 2134 Munus
2848 2078 3143 2149 primarum
3170 2077 3388 2152 frugum
3419 2080 3489 2135 de
3519 2079 3638 2151 spi-

2036 2168 2116 2224 cis
2145 2168 2443 2223 virentibus
2471 2167 2717 2235 oifertur,
2751 2168 2879 2222 dum
2909 2168 3136 2237 alicujus
3182 2167 3453 2225 inchoatio
3482 2169 3641 2224 bona

2037 2256 2364 2328 operationis
2395 2265 2447 2312 et
2477 2257 2778 2328 disciplina
2808 2257 3027 2312 Domini
3065 2256 3239 2329 gratia
3280 2257 3640 2314 comenda-

2038 2353 2142 2412 tur,
2175 2347 2305 2400 dum
2334 2362 2437 2402 nec
2465 2363 2565 2417 per
2597 2363 2656 2401 se
2686 2346 2756 2401 ad
2784 2347 3176 2415 maturitatem,
3207 2346 3264 2401 id
3294 2355 3376 2401 est
3407 2347 3477 2401 ad
3505 2362 3640 2417 per-

2037 2434 2344 2506 fectionem,
2376 2435 2706 2506 pervenerit,
2742 2434 2858 2508 igni
2886 2450 3104 2506 quoque
3143 2435 3376 2506 Spiritus
3416 2444 3639 2491 sanctus

2038 2523 2200 2580 debet
2229 2524 2535 2592 emundari,
2581 2531 2636 2580 et
2679 2521 2994 2580 conﬁrmari
3043 2523 3205 2579 debet
3239 2539 3252 2578 :
3285 2531 3339 2579 et
3367 2523 3642 2597 confringi

2039 2613 2094 2667 in
2123 2612 2286 2668 farris
2314 2628 2543 2680 morem,
2576 2612 2631 2667 id
2662 2620 2763 2678 est,
2805 2613 2999 2668 littera.
3038 2611 3307 2668 velamine
3352 2613 3635 2684 adaperto,

2038 2701 2155 2773 ipsa
2198 2701 2484 2772 disciplina
2530 2701 2709 2757 statim
2760 2701 2912 2757 initio
2959 2701 3274 2757 medullitus
3316 2701 3642 2775 investigari

2038 2791 2106 2845 ad
2168 2789 2575 2846 similitudinem
2629 2789 2884 2861 perfecta
2944 2790 3240 2862 sapientia.
3301 2790 3439 2845 Sunt
3493 2791 3639 2846 enim

2041 2879 2287 2951 quaedam
2328 2895 2450 2950 qua
2490 2879 2816 2934 omnimodis
2865 2879 3194 2946 interiorem,
3241 2894 3351 2934 non
3398 2880 3640 2936 exterio-

2043 2983 2159 3023 rem
2190 2984 2430 3033 sensum,
2465 2967 2747 3039 recipiant.
2780 2969 2862 3024 De
2891 2968 3012 3024 oleo
3045 2975 3099 3025 et
3127 2969 3304 3036 thure,
3329 2975 3384 3024 et
3411 2985 3642 3042 sequen-

2041 3056 2182 3112 tibus
2207 3057 2320 3126 jam
2349 3057 2555 3114 dictum
2581 3065 2682 3113 est.

2663 3276 2887 3334 CAPUT
2926 3277 3017 3332 III.

2120 3477 2142 3507 α
2177 3449 2336 3523 Quod
2366 3454 2413 3509 si
2441 3452 2615 3510 hostia
2641 3451 2998 3524 paciﬁcorum
3028 3453 3185 3510 fuerit
3213 3455 3330 3523 ejus
3346 3455 3573 3522 oblatio,
3593 3457 3640 3512 si

2043 3544 2293 3613 voluerit,
2327 3544 2395 3598 de
2426 3542 2602 3597 bobus
2629 3557 2837 3597 marem
2883 3559 2981 3598 seu
3021 3542 3276 3599 feminam
3318 3544 3640 3600 immacula-

2043 3640 2154 3688 tam
2185 3632 2396 3688 offeret.
2425 3653 2446 3682 »
2473 3632 2862 3687 Holocaustum
2885 3631 3030 3704 quod
3058 3641 3226 3688 totum
3256 3631 3647 3688 incendebatur

2044 3737 2381 3778 summorum
2428 3729 2480 3777 et
2527 3721 2888 3776 maximorum
2934 3736 3097 3792 opera
3144 3719 3452 3794 signiﬁcat,
3507 3722 3647 3778 sicut

2044 3819 2124 3866 est
2153 3810 2456 3883 virginitas,
2492 3809 2560 3864 de
2606 3826 2710 3882 qua
2761 3809 2957 3864 dicitur
2990 3826 3003 3866 :
3039 3830 3063 3861 α
3099 3808 3205 3878 Qui
3240 3818 3417 3880 potest
3447 3827 3646 3881 capere

2045 3900 2220 3970 capiat
2251 3899 2469 3971 (Matth.
2491 3897 2636 3967 xix),
2676 3918 2697 3949 ι
2732 3906 2786 3952 et
2814 3899 2995 3953 omnia
3026 3898 3333 3972 relinquere
3361 3899 3648 3970 perfectio-

2045 3989 2129 4042 nis
2159 3995 2258 4056 est,
2308 3987 2446 4042 sicut
2475 3987 2673 4043 dicitur
2721 3986 2799 4041 illi
2843 3986 3040 4042 diviti:
3079 4009 3100 4038 tt
3136 3987 3193 4044 Si
3240 3987 3322 4043 vis
3362 3987 3645 4059 perfectus

2045 4093 2166 4133 esse
2199 4076 2406 4147 (Ibid.),
2436 4096 2457 4125 υ
2485 4082 2586 4130 etc.
2612 4076 2739 4131 Haec
2770 4091 3070 4146 paucorum
3100 4085 3242 4132 sunt.
3266 4077 3422 4132 Unde
3451 4085 3508 4133 et
3537 4093 3647 4132 ma-

2045 4165 2229 4221 sculus
2259 4172 2464 4218 tantum
2495 4162 2675 4219 offerri
2703 4163 3055 4235 praecipitur;
3104 4166 3220 4220 hac
3263 4172 3447 4221 autem
3493 4165 3645 4238 paci-

2043 4251 2149 4309 fica
2187 4252 2398 4324 utrique
2447 4251 2618 4318 sexui,
2665 4252 2916 4308 videlicet
2964 4251 3138 4308 ﬁrmis
3179 4262 3233 4310 et
3275 4251 3526 4322 inﬁrmis,
3573 4253 3648 4310 of-

2044 4343 2214 4398 renda
2244 4349 2386 4408 sunt,
2421 4340 2547 4412 quia
2578 4341 2798 4412 quidam
2827 4341 2895 4396 de
2933 4341 3128 4409 bobus,
3181 4341 3236 4396 id
3279 4351 3362 4397 est
3407 4341 3644 4398 fortibus

2045 4431 2320 4502 operibus,
2354 4428 2576 4485 offertur
2599 4447 2610 4484 :
2637 4430 2853 4502 quidam
2883 4430 2950 4485 de
2985 4431 3197 4498 ovibus,
3230 4431 3285 4485 id
3313 4440 3396 4487 est
3424 4431 3493 4486 de
3523 4433 3646 4488 sim.

2050 4522 2287 4592 plicitate
2337 4520 2498 4588 vita,
2554 4518 2786 4574 offerunt
2827 4536 3021 4575 munus
3071 4538 3083 4574 :
3135 4529 3422 4592 utrumque
3465 4529 3647 4576 autem

2047 4611 2165 4666 sine
2209 4609 2445 4678 macula,
2496 4607 2747 4664 videlicet
2790 4609 2990 4664 erroris
3036 4616 3089 4664 et
3133 4607 3385 4665 vhiorum
3431 4610 3648 4681 deposi-

2047 4699 2213 4756 tione.
2247 4700 2408 4754 Manu
2439 4713 2605 4768 super
2652 4705 2810 4768 caput
2852 4705 2906 4753 et
2952 4697 3175 4753 introitu
3217 4698 3552 4755 tabernaculi
3594 4707 3646 4754 et

2047 4787 2314 4860 sanguine
2341 4795 2395 4844 et
2425 4786 2578 4842 altari
2598 4787 2713 4856 jam
2743 4787 2945 4842 dictum
2977 4794 3078 4843 est.
3129 4787 3312 4858 Adeps
3351 4788 3443 4859 qui
3470 4789 3646 4860 operit

2048 4877 2245 4943 vitalia,
2279 4876 2333 4930 id
2361 4884 2444 4931 est
2473 4892 2569 4932 cor
2598 4883 2652 4931 et
2694 4875 2745 4930 ei
2791 4875 3142 4942 adharentia,
3194 4875 3324 4948 quia
3371 4877 3428 4930 in
3475 4877 3644 4933 corde

2046 4967 2181 5022 ratio
2211 4982 2333 5022 esse
2364 4964 2580 5032 dicitur,
2601 4963 2740 5020 iram
2771 4964 2952 5037 signat
2979 4973 3073 5020 aut
3092 4964 3330 5039 aliquem
3346 4965 3646 5038 appetitum

2046 5054 2300 5111 desiderii
2332 5054 2477 5127 quod
2505 5053 2831 5110 intrinsecus
2861 5054 3108 5120 nutritur,
3162 5055 3290 5126 quia
3333 5054 3517 5110 anima
3561 5070 3647 5111 ra-

2047 5143 2340 5210 tionabilis,
2373 5141 2831 5214 concupiscibilis,
2856 5141 3139 5200 irascibilis
3169 5143 3381 5200 dicitur.
3405 5142 3643 5213 Quando

2045 5233 2190 5290 enim
2237 5232 2396 5288 irasci
2442 5231 2764 5304 contigerit,
2820 5231 2985 5287 debet
3031 5231 3264 5288 Domino
3308 5232 3494 5288 offerri
3522 5276 3535 5301 ,
3586 5242 3645 5290 ut

2046 5339 2148 5396 pro
2176 5321 2409 5379 Domino
2451 5320 2544 5377 ﬁat
2585 5337 2655 5377 ne
2701 5329 2959 5392 peccetur
3005 5320 3061 5375 in
3112 5321 3228 5394 ipsa
3278 5321 3646 5379 commotione

2047 5413 2144 5483 sic,
2177 5420 2282 5470 etc.
2321 5433 2344 5464 α
2389 5412 2589 5479 Renes,
2623 5425 2747 5466 cum
2791 5410 2949 5482 adipe
2999 5425 3106 5483 quo
3156 5418 3416 5484 teguntur
3462 5410 3578 5477 ilia,
3615 5432 3640 5462 ι

2047 5501 2377 5558 desiderium
2415 5500 2591 5556 coitus
2638 5498 2872 5572 signant,
2925 5499 3018 5572 qui
3065 5499 3296 5555 Domino
3344 5497 3650 5556 offeruntur

2046 5591 2176 5646 dum
2207 5606 2317 5647 non
2345 5597 2568 5662 propter
2597 5589 2867 5645 luxuriam
2909 5589 3128 5660 nuptia,
3163 5589 3262 5644 sed
3307 5604 3409 5660 pro
3455 5604 3648 5645 amore

2047 5680 2250 5737 sobolis
2281 5679 2666 5752 suscipiuntur.
2705 5699 2728 5731 α
2765 5677 3064 5737 Reticulum
3088 5677 3308 5748 jecoris,
3348 5698 3371 5728 ι
3405 5677 3527 5750 quia
3553 5679 3645 5748 je-
