3998 6188
342 267 440 320 801

1306 263 1616 320 ΕΡΙΤΟΜΕ
1644 262 2006 319 COMMENT.
2072 261 2332 318 RABANI
2424 262 2496 317 ΙΝ
2545 263 2768 318 LEVlT.

3548 271 3650 323 802

336 403 436 444 cur
463 387 616 444 cibos
644 387 900 460 digerere
928 386 1144 456 dicitur,
1177 387 1512 443 desiderium
1570 389 1714 460 gula:
1760 387 2009 459 signi-A
2035 387 2138 442 tris
2183 388 2524 458 cooperantis
2554 387 2888 443 voluntatem
2918 387 3181 460 implevit,
3233 391 3456 445 contulit
3511 407 3636 446 san-

336 485 444 546 cat,
476 476 620 548 quod
649 492 748 547 per
777 475 1156 532 abstinentiam
1187 477 1420 532 Domino
1449 485 1533 532 est
1575 477 1929 545 offerendum,

335 573 394 621 ut
438 581 560 621 cum
579 565 802 634 caeteris
832 565 993 620 etiam
1032 563 1316 620 virtutibus
1368 566 1718 636 parcimoniaa
1764 565 1934 620 virtus

337 653 666 710 immolatur.
691 653 823 723 Quae
851 660 961 708 tres
976 653 1190 724 species
1218 653 1597 710 intestinorum
1619 654 1712 708 ubi
1740 655 1795 708 in
1814 669 1936 724 pro-

338 743 496 798 ximis
526 743 753 814 capellis
781 743 1144 808 inveniuntur,
1183 743 1240 796 in
1283 743 1476 798 eodem
1521 759 1685 798 sensu
1732 741 1936 797 intelli-

337 839 560 905 guntur.
591 832 672 886 De
691 831 884 888 ovibus
913 831 1092 886 hostia
1109 830 1462 902 pacificorum
1491 830 1715 888 offertur
1735 847 1933 902 agnus,

338 921 468 975 dum
493 919 717 992 quilibet
744 919 976 991 simplex
1002 919 1368 976 innocentiam
1383 937 1497 976 sum
1525 920 1758 976 Domino
1788 919 1940 976 exhi-

340 1009 430 1065 bet
461 1009 620 1075 vitae;
651 1009 803 1078 cujus
833 1008 995 1064 etiam
1027 1009 1216 1076 cauda,
1250 1009 1305 1064 id
1334 1017 1415 1065 est
1460 1026 1632 1081 usque
1661 1011 1729 1064 ad
1775 1008 1937 1064 finem

335 1098 746 1170 perseverantia
774 1097 829 1152 in
859 1098 1022 1164 bono,
1055 1096 1243 1154 offerri
1271 1099 1724 1170 praecipitur,’etc.
1759 1099 1939 1153 Intes-

340 1186 456 1241 tina
484 1194 543 1241 ut
571 1202 756 1258 supra.
796 1208 818 1238 α
854 1186 975 1241 Filii
1022 1188 1208 1242 Aaron
1242 1208 1264 1237 »
1299 1187 1556 1244 doctores
1604 1195 1745 1256 sunt,
1798 1203 1939 1259 quo-

336 1291 456 1330 rum
501 1275 804 1331 ministerio
850 1274 1090 1332 ﬁdelium
1149 1275 1289 1332 dona
1336 1277 1566 1332 Domino
1614 1275 1936 1331 offeruntur.

341 1364 515 1435 Capra
545 1364 600 1418 in
625 1364 900 1420 oblatione
940 1372 1023 1420 est
1071 1363 1200 1420 dum
1248 1365 1368 1437 quis
1419 1382 1518 1436 per
1565 1365 1942 1437 pmnitentiam

339 1452 560 1509 Domini
615 1453 974 1524 placationem
1030 1454 1305 1510 curaverit
1354 1454 1456 1508 sibi
1519 1455 1812 1510 advocare.
1862 1455 1942 1510 De

342 1542 458 1612 ejus
506 1543 860 1613 sequentibus
912 1543 1054 1599 sicut
1095 1544 1164 1598 de
1211 1543 1586 1614 superioribus
1631 1544 1939 1614 accipitur:

345 1629 503 1700 Quod
534 1647 666 1686 vero
697 1632 754 1686 in
784 1631 1015 1704 singulis
1043 1632 1261 1701 dicitur,
1300 1654 1322 1683 α
1357 1632 1521 1706 lignis
1543 1633 1656 1705 igni
1681 1647 1945 1703 superpo-

2034 477 2254 551 guinem
2302 477 2358 530 in
2402 477 2826 547 tabernaculum,
2878 477 3022 549 quia,
3073 487 3128 533 ut
3171 480 3465 549 Apostolus
3522 481 3638 535 ait:

2041 587 2062 615 α
2100 565 2168 621 Ut
2199 573 2460 637 appareat
2481 581 2625 622 nunc
2655 565 2821 622 vultui
2843 567 2943 622 Dei
2970 582 3068 638 pro
3093 567 3252 622 nobis
3271 569 3454 638 (Hebr.
3481 571 3584 640 ix).
3616 590 3638 619 υ

2035 653 2212 709 Tinxit
2271 654 2503 726 digitum
2557 654 2614 709 in
2661 656 2944 728 sanguine,
3015 665 3188 712 totum
3239 657 3449 714 scilicet
3504 673 3643 728 opus

2038 758 2194 796 suum
2223 742 2280 796 in
2307 744 2561 814 passione
2578 744 2886 815 complevit.
2921 745 3066 799 Dixit
3086 746 3235 800 enim
3271 764 3284 801 :
3323 767 3346 798 ε
3383 747 3647 802 Consum-

2037 848 2243 895 matum
2274 849 2355 895 est
2385 842 2570 912 (Joan.
2606 842 2752 913 xix).
2790 864 2812 892 ι
2851 843 3065 914 Septies
3084 845 3338 914 aspersit,
3373 845 3649 901 remissio-

2038 945 2165 984 nem
2192 939 2536 1000 peccatorum
2565 939 2618 985 et
2647 931 2878 1002 gratiam
2920 932 3153 1003 Spiritus
3185 933 3354 988 sancti
3404 933 3641 990 donavit.

2045 1039 2068 1068 α
2105 1021 2307 1074 Contra
2336 1020 2517 1075 velum
2548 1041 2569 1070 υ
2607 1020 2929 1093 sanguinem
2961 1023 3182 1092 sparsit,
3225 1022 3281 1076 id
3312 1030 3396 1077 est
3427 1038 3647 1078 carnem

2042 1123 2198 1161 suam
2225 1108 2362 1162 inter
2392 1123 2491 1163 nos
2521 1116 2574 1164 et
2603 1110 2975 1166 sanctuarium
3025 1110 3320 1165 divinitatis
3363 1112 3649 1167 mediatri-

2041 1212 2162 1252 cem
2193 1195 2337 1251 fecit.
2371 1196 2644 1268 Sanguine
2674 1199 2828 1253 tinxit
2856 1199 3108 1272 digitum,
3135 1199 3376 1256 clavibus
3396 1201 3650 1256 vulnera-

2042 1293 2149 1354 tus,
2185 1285 2352 1340 latere
2383 1285 2683 1356 perfossus,
2717 1295 2821 1343 etc.
2858 1288 3042 1342 Posuit
3073 1305 3237 1359 super
3281 1304 3484 1345 cornua
3510 1290 3650 1345 alta-

2042 1374 2116 1428 ris
2146 1375 2510 1446 thymiamatis
2541 1376 2883 1447 sanguinem.
2921 1377 3102 1432 Altare
3151 1378 3518 1449 thymiamatis
3546 1396 3648 1433 an-

2044 1463 2238 1536 gelica)
2268 1472 2391 1518 sunt
2421 1464 2647 1520 virtutes
2677 1465 2848 1520 odore
2882 1466 3142 1521 virtutum
3193 1468 3647 1538 superabundan-

2045 1560 2146 1607 tes.
2181 1553 2236 1608 Si
2261 1553 2429 1624 aliqui
2458 1555 2708 1610 homines
2739 1555 3055 1610 coelestibus
3100 1555 3310 1629 fulgent
3339 1557 3647 1627 virtutibus,

2045 1651 2245 1712 quanto
2300 1643 2477 1716 magis
2536 1645 2590 1698 hi
2651 1660 2884 1715 quorum
2915 1645 3025 1700 vita
3056 1654 3207 1700 extra
3268 1646 3648 1702 rectitudinem

341 1720 459 1809 sitis
493 1741 516 1809 iv
550 1735 660 1775 non
690 1720 758 1774 ita
795 1720 1211 1793 intelligendum
1257 1722 1404 1792 quod
1449 1721 1680 1792 Spiritus
1722 1729 2016 1809 sanctusB
2045 1746 2324 1802 nunquam
2355 1731 2641 1798 exorbitat,
2678 1749 2905 1804 quorum
2957 1750 3246 1789 numerum
3297 1735 3649 1808 redintegra-

342 1807 570 1863 inferior
597 1809 667 1862 sit
696 1809 950 1879 operibus
981 1809 1204 1877 nostris,
1258 1811 1356 1865 sed
1405 1809 1530 1881 quia
1584 1809 1700 1880 ipse
1743 1809 1944 1864 funda-

341 1905 586 1953 mentum
630 1896 699 1952 sit
734 1898 789 1952 in
839 1897 1090 1971 singulis,
1137 1907 1190 1954 et
1233 1899 1362 1969 quia
1403 1899 1519 1966 ejus
1564 1898 1762 1953 auxilio
1821 1905 1945 1953 ante

341 1986 444 2042 Dei
472 1986 662 2043 oculos
691 1986 1063 2042 subleventur.
1102 2008 1124 2038 α
1161 1986 1352 2042 Omnis
1380 1988 1547 2058 adeps
1587 1987 1804 2042 Domini
1845 1987 1946 2042 erit

333 2075 461 2144 jure
487 2083 774 2146 perpetuo,
811 2096 834 2125 ι
869 2075 923 2130 id
953 2083 1054 2142 est,
1085 2091 1246 2131 omne
1276 2075 1611 2132 desiderium
1627 2083 1874 2130 nostrum
1889 2075 1945 2129 in

340 2163 559 2220 Domini
589 2163 854 2236 obsequio
883 2173 1254 2220 conservatur.
1289 2186 1312 2215 α
1345 2166 1472 2220 Jure
1501 2173 1761 2235 perpetuo
1798 2185 1819 2214 »
1855 2163 1944 2218 di-

343 2253 437 2319 cit,
469 2267 580 2309 non
609 2253 752 2325 quod
780 2252 897 2324 ipse
925 2253 1060 2308 ritus
1090 2253 1432 2310 victimarum
1452 2260 1748 2324 perpetuus
1777 2260 1942 2316 esset,

343 2341 444 2397 sed
473 2341 621 2414 quod
649 2342 705 2395 in
733 2340 1128 2414 signiﬁcatione
1172 2341 1440 2415 figurabat
1487 2349 1830 2413 perpetuum.
1884 2342 1945 2396 In

341 2431 596 2486 omnibus
624 2431 1088 2502 generationibus,
1122 2431 1178 2486 id
1209 2440 1290 2486 est
1318 2447 1490 2502 usque
1521 2431 1592 2485 ad
1633 2429 1796 2485 finem
1836 2447 1945 2486 sa:-

343 2519 452 2574 culi
487 2535 499 2573 :
534 2518 592 2573 in
621 2519 830 2574 cunctis
856 2518 1202 2589 habitaculis,
1237 2519 1294 2576 id
1325 2528 1406 2574 est
1435 2519 1488 2574 in
1518 2519 1668 2574 omni
1695 2519 1946 2590 proposi-

340 2615 397 2662 to
426 2607 540 2663 sive
559 2607 615 2661 in
644 2607 834 2663 ordine
862 2608 1253 2679 apostolorum,
1285 2607 1628 2674 clericorum,
1652 2609 1946 2664 monacho-

341 2712 483 2764 rum,
516 2695 795 2752 laicorum.
835 2717 858 2747 c
891 2697 1007 2754 Nec
1034 2698 1272 2768 adipem,
1295 2713 1398 2754 nec
1429 2697 1750 2769 sanguinem
1773 2695 1946 2752 omni-

338 2799 413 2840 no
440 2785 758 2855 comedetis,
795 2805 817 2834 »
852 2801 921 2840 ne
952 2786 1072 2857 quis
1104 2786 1207 2841 sibi
1237 2786 1380 2842 vivat
1409 2793 1462 2840 et
1493 2785 1607 2840 suis
1649 2785 1940 2841 desideriis

339 2873 699 2929 obsecundet.
732 2872 892 2943 Quod
921 2874 1146 2947 sanguis
1176 2891 1231 2929 1n
1260 2875 1572 2946 pecoribus,
1608 2875 1714 2930 hoc
1761 2873 1946 2929 anima

340 2962 398 3016 in
427 2962 735 3017 hominibus
765 2961 914 3017 facit.
956 2963 1149 3018 Anima
1198 2971 1380 3018 autem
1427 2963 1549 3034 ipsa
1591 2963 1700 3017 vita
1745 2971 1846 3028 est,
1894 2969 1948 3017 et

339 3050 713 3122 principaliter
738 3050 846 3106 vita
871 3051 941 3106 de
988 3051 1201 3106 ratione
1251 3059 1464 3107 constat
1499 3069 1513 3106 :
1547 3059 1720 3106 totum
1765 3057 1946 3104 autem

340 3109 487 3209 quod
513 3109 573 3194 in
601 3138 820 3196 nomine
847 3139 988 3195 ratio
1017 3148 1294 3213 operatur,
1327 3140 1399 3196 ad
1441 3139 1661 3196 Domini
1709 3139 1947 3212 gloriam
1976 3109 2024 3172 Ο

342 3227 728 3284 exhibendum.

946 3422 1173 3480 CAPUT
1232 3423 1324 3478 IV.

417 3637 441 3669 ι
473 3616 666 3672 Anima
681 3631 806 3674 cum
825 3617 1154 3690 peccaverit,
1193 3637 1216 3667 »
1250 3625 1356 3672 etc.
1381 3617 1502 3672 Duo
1522 3614 1758 3686 capitula
1780 3614 1869 3670 hic
1889 3614 1946 3670 in

339 3705 532 3778 primis
560 3707 826 3762 convertit
853 3707 923 3762 de
949 3706 1148 3778 quibus
1185 3706 1402 3778 plenius
1430 3705 1486 3759 in
1525 3704 1772 3776 proximo
1814 3703 1956 3758 nar-4

340 3802 426 3849 rat
459 3810 472 3850 :
503 3793 628 3850 ideo
672 3795 870 3850 dicitur
903 3815 926 3845 α
961 3795 1164 3860 anima,
1211 3815 1234 3845 ›
1273 3794 1327 3850 id
1371 3801 1456 3849 est
1500 3793 1614 3850 sive
1667 3791 1946 3859 sacerdos,

344 3883 459 3938 sive
490 3891 602 3939 tota
629 3883 1007 3957 congregatio.
1043 3905 1066 3934 α
1105 3883 1161 3939 Si
1191 3883 1468 3950 sacerdos,
1501 3882 1593 3954 qui
1614 3889 1697 3938 est
1731 3887 1945 3950 unctus,

341 3973 688 4043 peccaverit,
744 3994 767 4023 υ
821 3981 926 4028 etc.
979 3971 1037 4027 Si
1085 3973 1200 4027 haec
1251 3989 1416 4042 supra
1458 3972 1747 4027 sacerdote
1795 3985 1948 4037 vero,

343 4061 466 4117 oleo
499 4061 732 4132 Spiritus
761 4061 935 4118 sancti
965 4068 1148 4126 uncto,
1181 4061 1400 4116 Christo
1443 4061 1716 4130 videlicet,
1746 4058 1952 4115 intelli—

347 4150 574 4222 elueger
600 4150 862 4216 vorimus,
915 4166 1207 4221 possumus
1238 4140 1710 4222 dicere'quoniam
1748 4149 1954 4221 patien-

345 4247 427 4294 ter
453 4238 646 4294 suffert
673 4247 965 4310 peccantes
994 4247 1051 4294 ut
1083 4246 1444 4294 revertantur.
1476 4238 1670 4293 Paulus
1703 4238 1848 4292 enim
1877 4237 1954 4292 di-

345 4328 418 4383 cit
451 4345 466 4382 :
502 4349 524 4378 ι
560 4330 644 4382 An
672 4329 852 4384 nescis
882 4329 1028 4400 quod
1059 4327 1312 4399 patientia
1347 4327 1446 4382 Dei
1476 4327 1546 4382 ad
1576 4326 1953 4398 paenitentiam

346 4425 400 4472 te
428 4415 697 4472 adducit?
730 4438 752 4468 υ
787 4418 966 4487 (Rom.
999 4417 1085 4487 ιι.)
1115 4416 1274 4486 Quod
1304 4416 1428 4471 ideo
1453 4432 1684 4486 peccare
1715 4415 1949 4480 dicatur,

2046 1820 2120 1874 vit
2149 1821 2279 1874 dum
2309 1836 2408 1874 nos
2438 1821 2686 1876 redemit.
2713 1822 2802 1877 Sic
2827 1830 2879 1876 et
2895 1824 3190 1892 Apostolus
3211 1825 3283 1878 ait
3308 1841 3320 1878 :
3351 1846 3372 1874 α
3399 1823 3652 1880 Pacifica-

2043 1908 2119 1964 vit
2149 1909 2413 1980 sanguine
2443 1925 2542 1965 suo
2573 1925 2681 1965 non
2713 1910 2888 1966 solum
2918 1929 3038 1983 qua:
3079 1912 3133 1965 in
3168 1912 3324 1966 terris
3374 1920 3518 1978 sunt,
3551 1910 3650 1966 sed

2045 1996 2205 2052 etiam
2223 2014 2344 2069 quae
2359 1997 2415 2052 in
2436 1998 2589 2053 cmlis
2606 1999 2836 2071 (Coloss.
2854 2001 2913 2070 ι).
2937 2022 2958 2049 »
2977 2000 3305 2072 Relinquum
3328 2001 3650 2072 sanguinem

2044 2085 2180 2141 fudit
2191 2088 2260 2141 ad
2275 2087 2448 2141 basim
2463 2087 2676 2142 altaris:
2693 2089 2784 2160 qui
2799 2089 2915 2159 ipse
2929 2088 2981 2143 in
3006 2105 3238 2160 corpore
3265 2105 3364 2144 suo
3377 2090 3549 2144 altare
3568 2096 3653 2145 est

2043 2191 2144 2245 pro
2173 2177 2574 2246 peccatoribus,
2609 2186 2659 2232 et
2690 2177 2909 2246 intimis,
2943 2186 2998 2232 et
3020 2179 3132 2248 jam
3171 2178 3496 2252 sanguinem
3515 2177 3654 2234 fudit

2043 2265 2268 2320 humani
2301 2266 2518 2338 generis
2548 2266 2784 2337 populis,
2819 2275 2876 2321 ut
2905 2275 2958 2321 et
2987 2267 3132 2322 intus
3163 2268 3377 2340 angelis
3408 2277 3460 2322 et
3490 2267 3652 2323 nobis

2043 2353 2329 2424 prodesset
2359 2355 2718 2410 extrinsecus.
2753 2357 2813 2409 In
2841 2355 3062 2410 introitu
3093 2356 3424 2412 tabernaculi
3456 2355 3648 2424 fundit,

2045 2442 2173 2513 quia
2202 2442 2320 2512 ipse
2349 2450 2431 2497 est
2461 2442 2680 2497 ostium.
2714 2445 2795 2498 De
2834 2444 3160 2499 interraneis
3192 2460 3358 2515 supra
3387 2445 3647 2510 diximus,

2045 2531 2193 2602 quod
2222 2531 2443 2586 diversa
2473 2531 2746 2586 desideria
2776 2532 3013 2604 signent.
3068 2532 3206 2600 Quia
3236 2549 3368 2587 vero
3400 2534 3648 2604 quaedam

2043 2620 2240 2674 horum
2268 2619 2324 2673 in
2354 2620 2571 2674 Christo
2601 2621 3109 2689 non~inveniuntur,
3145 2628 3203 2675 ut
3233 2630 3315 2676 est
3343 2622 3541 2692 cupido
3574 2621 3647 2676 li-

2044 2707 2264 2775 bidinis,
2297 2709 2628 2781 generaliter
2657 2710 2900 2765 dicamus
2949 2710 3096 2781 quod
3139 2709 3320 2764 omnia
3369 2709 3647 2765 desideria

2044 2796 2161 2864 ejus
2209 2796 2264 2850 in
2310 2804 2556 2852 nostram
2604 2797 2830 2853 salutem
2876 2797 3221 2869 proﬁcerent,
3273 2799 3388 2853 sive
3439 2799 3632 2864 sitiret,

2044 2885 2159 2940 sive
2188 2886 2442 2952 esuriret,
2475 2887 2770 2942 dormitum
2799 2888 2922 2953 iret,
2955 2887 3043 2943 vel
3072 2887 3220 2942 aliud
3269 2887 3415 2958 quod
3446 2903 3650 2944 secun-

2044 2974 2173 3029 dum
2220 2975 2496 3030 hominem
2542 2993 2705 3048 quem
2755 2976 2992 3047 suscepit
3051 2983 3346 3048 appeteret.
3394 2977 3648 3033 Adolevit

2045 3079 2108 3117 ea
2151 3079 2314 3134 super
2360 3063 2530 3120 altare
2576 3065 2897 3131 holocausti,
2949 3065 3078 3120 dum
3119 3065 3243 3133 jure
3289 3066 3468 3120 omnia
3516 3081 3649 3136 per-

2047 3151 2177 3208 fecit
2207 3160 2261 3207 et
2288 3153 2342 3206 in
2374 3153 2456 3207 sui
2489 3155 2811 3209 memoriam
2840 3153 3170 3210 celebranda
3191 3154 3485 3210 commisit.
3538 3154 3646 3210 Ca-

2042 3249 2140 3312 put
2168 3257 2289 3297 cum
2318 3241 2606 3312 intestinis,
2641 3243 2798 3314 pellis
2829 3260 2954 3298 cum
2983 3258 3150 3298 carne
3181 3251 3234 3297 et
3264 3243 3515 3313 pedibus,
3567 3242 3648 3298 si-

2044 3330 2160 3384 mul
2189 3330 2601 3386 comburuntur.
2637 3331 2777 3400 Quia
2798 3341 2960 3404 caput
2989 3331 3188 3388 Christi
3209 3333 3375 3401 Deus,
3403 3332 3650 3387 Christus

2047 3419 2194 3473 enim
2237 3420 2384 3474 Deus
2450 3428 2503 3475 et
2549 3422 2734 3476 homo.
2790 3443 2813 3473 α
2865 3421 3002 3476 Cum
3048 3420 3317 3476 intestinis
3351 3442 3373 3471 »
3403 3465 3416 3488 ,
3466 3421 3522 3475 id
3569 3428 3654 3476 est

2047 3508 2224 3561 anima
2248 3508 2512 3563 rationali.
2553 3530 2576 3558 «
2611 3511 2677 3564 Et
2705 3509 2868 3580 pelle,
2901 3518 2954 3564 et
2983 3524 3161 3578 carne,
3187 3517 3238 3564 et
3269 3510 3520 3580 pedibus,
3551 3530 3574 3559 κ
3599 3509 3656 3564 id

2049 3605 2132 3652 est
2160 3596 2343 3653 carnis
2373 3597 2673 3652 substantia
2699 3614 2801 3668 pro
2832 3598 2989 3652 nobis
3020 3605 3102 3652 est
3132 3613 3348 3668 passus,
3397 3615 3538 3653 unus
3569 3605 3654 3652 est

2049 3685 2199 3740 Deus
2253 3685 2620 3740 indivisibilis.
2681 3686 2758 3740 lbi
2810 3695 2863 3741 et
2909 3685 3070 3741 fimus
3119 3686 3477 3754 comburitur,
3529 3684 3654 3757 quia

2049 3781 2276 3845 peccata
2303 3782 2485 3828 nostra
2513 3775 2769 3844 portabit,
2803 3792 2926 3845 quae
2963 3776 3081 3848 ipse
3129 3792 3240 3832 non
3288 3774 3434 3830 fecit.
3484 3774 3653 3828 Extra

2050 3871 2244 3929 castra,
2279 3862 2337 3917 id
2368 3871 2450 3918 est
2478 3871 2633 3918 extra
2661 3871 2873 3934 portam
2902 3881 3116 3935 passus.
3162 3867 3224 3920 In
3252 3865 3374 3920 loco
3426 3863 3653 3930 mundo,

2049 3951 2326 4007 mundavit
2357 3952 2500 4007 enim
2529 3969 2630 4007 nos
2659 3970 2690 4007 a
2730 3954 2992 4024 peccatis,
3042 3955 3134 4010 ubi
3189 3954 3400 4010 cineres
3449 3951 3652 4008 effundi

2052 4041 2248 4110 solent,
2283 4041 2340 4096 id
2370 4049 2452 4096 est
2481 4040 2575 4096 ubi
2621 4049 2784 4096 testus
2831 4041 3132 4099 facinorum
3175 4051 3489 4099 nostrorum
3537 4041 3656 4110 ejus

2051 4129 2426 4200 redemptione
2457 4129 2754 4187 exstinctus
2784 4139 2883 4188 est.
2920 4133 3352 4190 Concremantur
3392 4146 3558 4202 super
3583 4129 3655 4184 li-

2053 4235 2285 4291 gnorum
2316 4227 2540 4288 struem,
2565 4219 2621 4274 id
2669 4228 2751 4275 est
2781 4221 2938 4290 juxta
2985 4239 3106 4294 quae
3152 4223 3432 4293 prophetae
3459 4219 3652 4291 praedi-

2052 4316 2247 4362 xerunt
2274 4307 2508 4379 plenitus
2539 4309 2793 4379 explevit.
2827 4311 2913 4365 Ad
2961 4310 3178 4384 singula
3221 4309 3367 4366 enim
3415 4325 3536 4380 qua:
3575 4307 3658 4361 di-

2053 4403 2264 4466 cuntur,
2294 4398 2642 4470 evangelistm
2690 4399 3023 4471 subjungunt
3073 4416 3085 4454 :
3143 4421 3166 4450 α
3219 4400 3289 4454 Ut
3334 4397 3657 4467 impleretur

349 4519 473 4560 cum
499 4505 716 4576 penitus
752 4474 820 4558 sit
848 4506 965 4560 sine
995 4474 1238 4576 peccato,
1272 4505 1402 4576 quia
1429 4503 1688 4559 feriendis
1715 4502 1953 4575 peccatis
1972 4474 2025 4534 D
2058 4485 2203 4576 (190d
2233 4486 2439 4576 diem!“
2469 4495 2552 4576 εει
2582 4487 2774 4557 (Imm-
2812 4489 2957 4558 ΧΠί)·
2999 4509 3020 4537 ³³
3054 4489 3220 4542 PONO
3235 4494 3659 4576 PCF’ca‘uum‘

349 4594 550 4664 saepius
588 4609 698 4649 non
747 4595 923 4648 statim
969 4593 1186 4648 insistit.
1238 4594 1503 4649 Peccator
1552 4593 1716 4662 enim,
1766 4592 1958 4648 videns

347 4698 407 4737 se
434 4682 661 4751 differri,
695 4682 1032 4754 pertinacius
1061 4689 1274 4753 peccat.
1309 4682 1408 4738 Vel
1439 4697 1667 4752 peccare
1696 4679 1959 4736 sacerdos

349 4779 534 4827 noster
563 4771 758 4826 dicitur
785 4779 1011 4842 propter
1039 4772 1409 4827 membrorum
1429 4786 1655 4826 suorum
1683 4768 1962 4824 infirmita.

350 4867 478 4915 tem.
512 4861 620 4914 Pro
653 4860 851 4932 quibus
871 4861 1133 4931 peccatis,
1165 4861 1221 4915 id
1251 4868 1334 4916 est
1381 4868 1433 4915 et
1464 4875 1675 4928 eorum,
1728 4857 1819 4930 qui
1849 4873 1959 4913 non

351 4956 754 5022 cognoscentes
790 4950 892 5005 Dei
936 4949 1276 5020 patientiam,
1310 4956 1559 5020 peccant,
1593 4955 1646 5003 et
1676 4946 1962 5002 membro-

348 5053 471 5092 rum
517 5053 758 5104 suorum,
822 5036 1000 5107 offert,
1049 5037 1298 5106 vitulum,
1350 5053 1409 5092 se
1457 5038 1635 5108 ipsum
1683 5035 1957 5112 videlicet,

350 5124 773 5193 immaculatum,
808 5127 878 5181 ab
923 5126 1073 5181 omni
1118 5125 1355 5193 delicto;
1401 5125 1492 5198 qui
1535 5124 1847 5181 immolatur
1891 5123 1960 5178 ad

351 5215 551 5270 ostium
581 5214 939 5282 tabernaculi,
986 5215 1042 5270 id
1071 5222 1152 5270 est
1195 5215 1350 5285 juxta
1381 5214 1528 5284 quod
1568 5214 1764 5270 docent
1793 5229 1959 5285 apos-

349 5303 444 5358 toli
475 5312 528 5359 et
559 5305 744 5360 caeteri
775 5304 1049 5369 doctores,
1085 5303 1203 5373 ejus
1231 5302 1417 5374 passio
1447 5311 1668 5373 peracta
1715 5311 1816 5357 est.
1849 5301 1960 5356 Po-

350 5392 428 5446 nit
470 5407 695 5448 manum
741 5409 895 5449 suam
939 5409 1103 5464 super
1148 5400 1310 5464 caput
1361 5392 1499 5461 ejus.
1548 5393 1669 5463 Ipse
1718 5391 1956 5462 quidem,

351 5494 474 5536 cum
502 5481 573 5536 sit
602 5481 866 5538 sacerdos
904 5491 959 5536 et
999 5480 1177 5536 hostia
1222 5487 1550 5551 potestatem
1597 5479 1807 5534 habens
1855 5495 1959 5550 po-

348 5570 510 5625 nendi
537 5570 773 5625 animam
807 5586 959 5626 suam
991 5578 1044 5626 et
1093 5570 1286 5626 iterum
1339 5568 1588 5625 sumendi
1617 5583 1739 5623 eam
1771 5569 1956 5637 (Joan.

350 5659 434 5728 x).
467 5659 779 5716 lmmolabit
808 5673 1000 5716 coram
1028 5659 1284 5730 Domino,
1316 5659 1444 5730 quia
1486 5659 1544 5714 in
1571 5657 1822 5714 omnibus
1855 5659 1960 5712 Pa-

2058 4573 2142 4628 nis
2174 4575 2344 4630 turbae
2374 4575 2609 4629 flebilem
2637 4576 2815 4647 signat
2844 4577 3153 4630 Judaeorum
3203 4575 3474 4630 duritiam.
3509 4575 3659 4628 Con-

2057 4662 2377 4718 demnantes
2407 4663 2550 4718 enim
2577 4665 2766 4719 Jesum
2804 4663 3174 4720 clamaverunt
3208 4681 3220 4718 :
3260 4685 3282 4714 α
3315 4665 3438 4720 Non
3486 4663 3660 4718 habe-

2058 4768 2180 4806 mus
2211 4768 2403 4825 regem
2441 4751 2545 4806 nisi
2592 4753 2864 4808 Caesarem
2913 4753 3134 4823 (Matth.
3184 4753 3390 4823 xxvii).
3459 4773 3481 4802 »
3544 4753 3660 4806 Et:

2065 4861 2087 4891 ε
2134 4841 2367 4914 Sanguis
2416 4842 2532 4910 ejus
2588 4859 2752 4913 super
2793 4859 2912 4909 nos,
2966 4849 3071 4898 etc.
3123 4841 3664 4913 (Ibid.)»Quodnon

2059 4929 2197 4984 sicut
2227 4929 2530 4984 sacerdotis
2559 4938 2845 5001 peccatum
2874 4937 2974 4996 est,
3010 4931 3133 5002 quia
3163 4947 3263 5001 per
3292 4929 3660 5001 ignorantiam

2060 5026 2112 5072 et
2141 5018 2463 5088 imperitiam
2503 5034 2692 5074 eorum
2741 5018 2937 5074 evenit.
2993 5018 3203 5086 Quibus
3252 5021 3438 5074 Petrus
3483 5018 3662 5074 dicit:

2065 5127 2087 5156 (ι
2129 5106 2253 5162 Scio
2293 5107 2414 5177 quia
2448 5123 2548 5177 per
2583 5107 2943 5180 ignorantiam
2982 5107 3171 5180 egistis
3219 5108 3357 5164 sicut
3387 5116 3439 5164 et
3454 5106 3667 5178 princi-

2061 5211 2158 5266 pes
2171 5194 2394 5264 vestri»,
2411 5205 2514 5251 etc.
2533 5197 2677 5267 (Act.
2696 5198 2775 5268 ιι).
2793 5197 2875 5250 Ex
2893 5196 3088 5268 quibus
3101 5196 3286 5268 aliqui,
3313 5194 3668 5268 posteaintel-

2060 5284 2296 5357 ligentes
2324 5292 2606 5354 peccatum
2639 5301 2816 5354 suum,
2851 5285 3164 5341 obtulerunt
3195 5286 3437 5354 vitulum,
3483 5285 3537 5338 id
3582 5289 3666 5338 est

2062 5372 2118 5426 in
2145 5372 2462 5428 crucifixum
2491 5375 2837 5430 crediderunt
2868 5375 3165 5429 secundum
3207 5391 3424 5429 omnem
3469 5370 3666 5427 verita-

2063 5471 2171 5518 tem
2200 5463 2469 5534 passionis
2499 5464 2633 5533 ejus.
2667 5465 2964 5519 Posuerunt
2997 5465 3239 5520 seniores
3260 5461 3442 5534 populi
3472 5474 3667 5514 manus

2063 5578 2230 5634 super
2257 5570 2416 5633 caput
2445 5563 2578 5632 ejus,
2633 5563 2886 5635 quoniam
2931 5564 3200 5619 Christum
3253 5558 3531 5631 principes
3573 5573 3666 5611 sa—

2063 5660 2341 5716 cerdotum
2371 5668 2423 5716 et
2453 5661 2644 5718 scribae
2669 5662 2834 5718 morti
2876 5661 3214 5716 addixerunt.
3265 5655 3423 5726 Quod
3465 5655 3521 5711 in
3565 5655 3670 5710 hoc
