3998 6188
275 273 376 325 803

763 266 1170 324 WALAFRIDI
1202 267 1446 324 STRABI
1479 266 1683 325 FULD.
1717 261 1893 320 MON.
1929 261 2087 318 OPP.
2121 263 2298 322 PARS
2328 266 2370 321 Ι.
2401 295 2471 306 -
2498 263 2971 322 THEOLOGICA.

3485 266 3586 324 80L

277 391 444 448 vitulo
473 390 756 456 intestina,
788 409 910 464 qua:
939 390 1210 446 desideria
1241 391 1477 462 signant,
1510 389 1754 444 similiter
1781 389 1886 445 sic-
1915 387 1972 448 A
1991 389 2152 443 etiam
2185 390 2277 462 qui
2305 391 2650 446 consentiunt
2681 390 3002 446 facientibus
3033 389 3186 461 digni
3217 398 3342 447 sunt
3391 399 3582 446 morte.

281 490 338 536 ut
401 489 454 536 et
509 480 564 534 in
623 481 890 552 superiori
945 479 1127 535 offerri
1173 479 1447 548 jubentur,
1518 480 1621 534 hoc
1676 478 1886 533 videtur

277 569 568 626 ostendere
597 570 745 641 quod
777 570 967 624 eadem
1012 568 1284 622 desideria
1327 585 1449 639 quae
1493 567 1737 623 Christus
1783 582 1883 638 pro

280 659 452 714 salute
489 659 674 712 habuit
717 667 919 724 nostra,
979 657 1136 712 nobis
1179 673 1280 727 pro
1325 657 1482 711 nobis
1530 665 1583 711 et
1625 655 1884 710 fratribus

279 747 676 802 commendavit
705 747 966 800 habenda.
1016 746 1223 800 Caetera
1253 746 1436 800 omnia
1469 762 1591 816 quae
1616 745 1685 800 de
1715 744 1884 800 vitulo

279 835 548 901 dicuntur,
579 835 647 888 ad
677 835 1014 905 superiorem
1045 851 1266 888 sensum
1321 833 1624 899 ﬂectantur,
1660 841 1716 886 ut
1747 833 1885 887 sicut

283 932 341 986 in
378 949 442 989 eo
470 932 774 988 faciendum
802 930 1271 1002 praeﬁgurabatur,
1330 929 1404 985 ita
1436 930 1490 984 in
1523 931 1628 986 hoc
1657 930 1885 985 creden-

281 1021 410 1076 dum
439 1020 786 1092 intelligatur.
825 1042 848 1070 α
883 1020 939 1073 Si
967 1020 1277 1090 peccaverit
1304 1019 1556 1090 princeps
1592 1039 1614 1068 in
1651 1063 1664 1082 ,
1697 1019 1751 1072 id
1780 1026 1880 1086 est,

282 1109 372 1181 qui
402 1109 732 1164 voluntatem
762 1108 981 1163 Domini
1017 1109 1136 1174 scit,
1195 1108 1283 1164 cui
1335 1115 1574 1178 potestas
1623 1114 1675 1160 et
1718 1106 1886 1162 virtus

281 1197 521 1252 scientiae
548 1214 578 1250 a
608 1197 841 1251 Domino
873 1197 1063 1251 collata
1094 1204 1208 1261 est;
1248 1218 1269 1246 σι
1307 1213 1407 1266 per
1437 1194 1799 1268 ignorantiam
1834 1215 1882 1260 ν,

278 1285 334 1341 id
383 1293 464 1340 est
510 1302 608 1356 per
650 1285 1063 1358 negligentiam,
1121 1284 1313 1339 offerat
1360 1285 1604 1352 hircum,
1658 1285 1761 1338 hoc
1805 1289 1888 1338 est

278 1374 650 1446 pmnitentiam
682 1374 902 1430 fortem.
958 1374 1220 1444 Princeps
1271 1374 1478 1428 hircum
1528 1371 1705 1439 offert,
1763 1371 1886 1426 ani-

277 1480 419 1517 mam
450 1463 744 1534 quamlibet
784 1465 851 1518 de
894 1462 1096 1533 pOpul'o
1139 1479 1376 1532 capram,
1427 1461 1551 1532 quia
1588 1483 1609 1512 ι
1646 1461 1736 1532 qui
1786 1460 1888 1516 scit

280 1552 610 1608 voluntatem
689 1552 894 1607 domini
967 1551 1069 1618 sui,
1129 1559 1182 1606 et
1249 1567 1357 1605 non
1410 1549 1555 1616 facit,
1612 1549 1888 1620 vapulabit

280 1641 452 1696 multa
479 1660 493 1708 ;
529 1640 619 1711 qui
650 1657 782 1695 vero
810 1640 1004 1706 nescit,
1037 1638 1312 1710 vapulabit
1333 1654 1506 1708 pauca
1529 1638 1684 1708 (Luc.
1710 1638 1836 1708 xu).
1861 1659 1882 1687 υ

1987 500 2008 527 ι
2046 478 2243 534 Anima
2288 495 2408 550 quae
2457 479 2698 551 tetigerit
2752 478 3089 534 immundum
3126 479 3350 551 aliquid,
3383 488 3502 534 -etc.
3560 501 3582 530 ι

1983 567 2172 623 Plures
2211 567 2425 637 species
2472 569 2712 624 habuere
2753 568 2927 624 Judaei
2969 568 3026 621 in
3067 568 3264 639 quibus
3308 568 3586 623 hominem

1981 656 2337 711 contaminari
2385 657 2660 726 putabant,
2695 663 2750 710 ut
2780 663 2905 710 sunt
2951 655 3205 711 animalia
3252 672 3363 712 non
3410 656 3587 711 rumi-

1981 746 2185 808 nantia,
2203 745 2290 800 vel
2309 745 2564 816 ungulam
2581 761 2688 799 non
2702 744 3015 810 dividentia,
3034 745 3122 800 vel
3138 761 3301 799 unum
3316 762 3346 801 e
3368 745 3588 800 duobus

1983 850 2093 888 non
2121 834 2280 888 ambo
2311 833 2581 888 facientia.
2617 833 2779 902 Cujus
2833 833 3232 905 superstitionis
3264 849 3360 890 eos
3408 833 3590 905 arguit

1983 923 2247 978 Dominus
2277 940 2290 975 :
2324 922 2551 990 Erratis,
2571 922 2844 994 inquiens,
2877 922 3184 976 nescientes
3205 921 3461 976 virtutem
3485 921 3590 978 Dei

1983 1013 2170 1082 (Marc.
2203 1012 2329 1080 xu).
2361 1012 2485 1065 Non
2514 1011 2658 1065 enim
2688 1010 2834 1082 quod
2863 1010 3026 1064 intrat
3073 1010 3129 1064 in
3157 1025 3220 1065 os
3269 1010 3590 1083 coinquinat

1984 1099 2277 1164 hominem,
2310 1100 2407 1154 sed
2450 1100 2594 1170 quod
2640 1099 2748 1154 exit
2776 1100 2845 1154 de
2891 1114 3008 1166 ore,
3043 1106 3146 1155 etc.
3192 1099 3413 1167 (Matth.
3459 1099 3588 1170 xv).

1984 1188 2142 1243 Jubet
2170 1195 2350 1242 autem
2378 1203 2487 1243 non
2517 1188 2824 1244 consentire
2854 1187 3110 1258 peccatis,
3144 1187 3260 1243 sive
3288 1204 3320 1242 a
3369 1187 3590 1244 diabolo

1985 1277 2317 1348 ingerantur,
2351 1285 2409 1332 ut
2437 1285 2517 1331 est
2553 1276 2758 1331 invidia
2786 1283 2839 1331 et
2877 1276 3080 1346 odium,
3129 1277 3401 1347 superbia,
3466 1285 3578 1333 etc.

1986 1366 2128 1436 quod
2159 1374 2240 1420 est
2271 1381 2302 1419 a
2329 1365 2501 1420 bestia
2529 1364 2770 1420 occisum
2798 1381 2942 1430 esse,
2976 1364 3091 1420 sive
3122 1365 3192 1419 ab
3216 1365 3336 1435 ipso
3365 1365 3590 1421 homine

1989 1462 2202 1508 sumant
2227 1453 2512 1525 originem,
2545 1452 2762 1509 diabolo
2790 1453 3086 1518 incentore,
3136 1460 3195 1506 ut
3223 1461 3308 1508 est
3337 1452 3506 1508 libido
3535 1459 3592 1508 et

1989 1542 2135 1614 gula,
2151 1542 2442 1613 etreliqua,
2457 1541 2602 1614 quod
2619 1550 2716 1610 est,
2735 1557 2833 1613 per
2853 1557 2912 1597 se
2924 1550 3192 1596 mortuum
3209 1556 3350 1597 esse.
3377 1541 3592 1612 Reptile

1988 1631 2146 1686 etiam
2189 1640 2469 1701 peccatum
2513 1631 2741 1686 terrenis
2803 1631 3052 1686 sordibus
3092 1631 3363 1686 inhaerens
3412 1638 3591 1686 vocat°

284 1751 307 1780 ι
343 1731 595 1784 Potentes
624 1736 874 1800 potenter
902 1736 1171 1784 tormenta
1199 1727 1474 1798 patiuntur
1518 1727 1671 1799 (Sap.
1721 1727 1818 1796 γι).
1859 1747 1880 1774 ι
1901 1746 1956 1806 Β
1989 1719 2186 1773 Obluta
2215 1719 2411 1774 dicitur
2440 1720 2622 1774 anima
2650 1719 2738 1774 vel
2768 1719 3102 1792 negligentia
3131 1719 3218 1774 vel
3243 1726 3554 1789 contemptu
3574 1735 3592 1772 :

279 1818 397 1874 Hoc
455 1825 536 1873 est
593 1817 736 1872 enim
795 1817 974 1874 facere
1029 1815 1236 1872 fructus
1303 1817 1500 1889 dignos
1554 1814 1886 1886 poenitentiae

1986 1807 2092 1876 Qui
2121 1807 2265 1862 enim
2295 1824 2461 1878 parva
2489 1807 2738 1881 negligit,
2773 1807 3031 1880 paulatim
3061 1806 3248 1862 defluit
3294 1816 3345 1862 et
3374 1808 3443 1862 ad
3471 1823 3595 1863 ma-

281 1907 500 1977 (Matth.
534 1907 639 1977 ιιι),
673 1914 730 1960 ιιι
753 1907 902 1975 juxta
935 1905 1243 1977 qualitatem
1289 1906 1572 1975 culparum
1613 1903 1886 1974 poeniten-
1979 1897 2098 1966 jora
2131 1896 2400 1950 delabitur
2420 1896 2594 1966 (Eccl.
2628 1896 2775 1967 xxx).
2814 1917 2837 1946 ‹
2872 1896 2928 1950 Si
2949 1895 3190 1966 tetigerit
3209 1895 3502 1968 quidquam
3518 1896 3590 1952 de

281 1995 355 2049 tia
387 1996 726 2050 extendatur.
779 2017 800 2045 α
852 1994 1006 2049 Ponit
1051 2011 1272 2048 manum
1321 2010 1474 2048 suam
1523 2010 1685 2064 super
1727 1999 1889 2062 caput

283 2085 421 2153 ejus,
460 2105 481 2134 ι
514 2100 639 2140 cum
668 2083 878 2138 initium
911 2084 1239 2154 poenitentia:
1269 2083 1454 2154 Operis
1501 2080 1757 2137 exercitio
1802 2097 1887 2136 or-

281 2187 393 2234 nat.
427 2180 488 2233 ln
517 2179 638 2234 loco
669 2179 759 2233 ubi
791 2187 1088 2246 mactatur,
1109 2178 1508 2243 holocaustum,
1543 2178 1617 2232 ibi
1639 2186 1691 2233 et
1711 2176 1890 2232 hostia

283 2283 387 2339 pro
415 2277 638 2338 peccato
661 2276 941 2337 mactatur,
980 2267 1103 2339 quia
1120 2267 1240 2337 ipso
1269 2268 1520 2333 Domino,
1561 2266 1646 2322 cui
1677 2281 1890 2320 summa

287 2372 455 2428 opera
486 2356 787 2412 offeruntur
816 2357 1135 2427 poenitentia
1164 2357 1364 2427 placet.
1403 2356 1585 2430 Tingit
1631 2355 1889 2411 sacerdos

291 2445 521 2517 digitum
548 2445 604 2498 in
635 2445 899 2516 sanguine
948 2453 999 2500 et
1049 2446 1222 2518 tangit
1269 2461 1469 2500 cornua
1516 2444 1716 2514 altaris,
1766 2443 1890 2515 quia

288 2535 536 2589 Christus
567 2534 899 2588 oblationem
922 2534 1251 2604 poenitentia:
1274 2533 1703 2604 redemptionem
1725 2549 1891 2604 quam

283 2623 340 2678 in
370 2623 549 2679 crucis
578 2623 834 2678 cornibus
865 2623 988 2679 fecit
1017 2623 1239 2693 suscipit
1273 2641 1284 2676 :
1320 2623 1460 2678 Dicit
1505 2623 1651 2676 enim
1719 2621 1890 2676 disci-

292 2721 434 2792 pulis
468 2739 481 2775 :
514 2721 614 2776 Hic
639 2721 778 2776 calix
810 2736 909 2790 pro
939 2721 1094 2775 vobis
1124 2729 1176 2774 et
1197 2736 1298 2790 pro
1321 2720 1502 2782 multis
1519 2719 1822 2774 effundetur
1837 2718 1891 2771 in

286 2809 665 2864 remissionem
695 2817 1042 2878 chcatorum
1064 2810 1284 2878 (Matth.
1306 2809 1489 2878 xxvr).
1511 2808 1691 2862 Altare
1722 2806 1892 2876 ipsius

289 2897 468 2967 signat
515 2897 786 2968 passionis
839 2898 1189 2963 memoriam;
1241 2913 1445 2952 cornua
1483 2896 1634 2965 ejus,
1687 2911 1893 2951 cornua

289 2986 468 3042 crucis
498 2986 553 3039 in
588 3003 694 3057 qua
723 2995 912 3040 nostra
942 2986 1245 3055 redemptio
1270 2994 1493 3054 peracta
1522 2993 1622 3039 est.
1657 2983 1892 3056 Sanguis

292 3073 535 3129 funditur
565 3075 635 3128 ad
665 3075 836 3128 basim
875 3074 1078 3139 altaris,
1127 3073 1250 3143 quia
1280 3073 1334 3125 in
1365 3073 1516 3127 initio
1565 3072 1893 3142 evangelicae

287 3163 692 3234 praedicationis
723 3162 1037 3232 praedicavit
1068 3161 1334 3215 Dominus
1363 3161 1754 3231 pmnitentiam,
1793 3161 1897 3217 sic-

290 3253 425 3306 utin
473 3251 773 3322 Evangelio
822 3251 1041 3322 legitur.
1093 3251 1172 3304 De
1220 3249 1487 3304 intestinis
1538 3258 1595 3303 ut
1635 3265 1799 3320 supra
1844 3254 1900 3303 ut

288 3355 449 3394 omne
483 3339 817 3393 desiderium
851 3339 1082 3392 Domino
1113 3337 1387 3393 offeratur.
1422 3339 1597 3410 Rogat
1638 3339 1899 3394 sacerdos

292 3444 396 3498 pro
425 3427 692 3498 principe.
725 3427 969 3482 Christus
993 3435 1148 3500 rogat
1170 3428 1467 3482 secundum
1491 3427 1896 3519 humanitatem,

294 3524 420 3595 quia
451 3523 597 3578 Patri
627 3525 863 3579 ostendit
892 3524 1124 3579 formam
1156 3541 1318 3596 quam
1357 3540 1455 3596 pro
1502 3525 1660 3580 nobis
1708 3541 1898 3580 susce-

297 3613 396 3682 pit,
433 3621 487 3667 et
517 3613 757 3684 quotidie
784 3614 1094 3684 prOpitiatio
1125 3630 1222 3684 pro
1250 3614 1429 3668 nobis.
1476 3614 1601 3669 Sive
1645 3621 1898 3684 metony-

295 3701 435 3756 mice
467 3701 668 3756 dictum
699 3710 799 3770 est,
834 3711 994 3773 rogat
1037 3703 1194 3774 quasi
1225 3703 1404 3776 rogari
1443 3701 1589 3757 facit.
1624 3702 1722 3757 Illo
1753 3702 1898 3757 enim

295 3789 531 3845 donante
561 3806 663 3861 pro
692 3790 850 3845 nobis
878 3792 1258 3861 peccatoribus
1289 3799 1483 3862 rogant
1514 3790 1702 3856 sancti,
1751 3790 1899 3862 quod

295 3885 347 3933 et
377 3879 620 3950 quotidie
653 3879 1030 3950 imploramus.
1070 3880 1127 3934 Si
1157 3881 1335 3934 anima
1374 3881 1443 3934 de
1489 3879 1689 3950 populo
1737 3887 1898 3934 terrae

292 3967 623 4036 peccaverit,
658 3968 710 4022 id
745 3975 826 4022 est
856 3984 1090 4038 persona
1119 3976 1172 4022 et
1201 3969 1425 4024 scientia
1456 3968 1635 4023 minor
1665 3966 1898 4022 faciliori

291 4056 615 4126 poenitentia
646 4056 889 4110 solvitur.
923 4057 1214 4127 Cognoscit
1245 4065 1525 4127 peccatum
1569 4072 1747 4124 suum,
1781 4056 1897 4111 sive

292 4144 549 4200 instinctu
577 4144 760 4199 divino
793 4145 907 4199 sive
937 4145 1225 4200 doctorum
1254 4146 1481 4200 monitu.
1537 4145 1745 4200 Caetera
1773 4160 1896 4199 om-

295 4233 388 4288 nia
414 4241 471 4288 ut
503 4249 686 4302 supra.
722 4233 894 4288 Ovem
923 4234 990 4288 de
1019 4235 1308 4305 pecoribus
1338 4233 1515 4301 offert,
1559 4233 1649 4305 qui
1683 4233 1896 4302 simpli-

295 4330 514 4386 citatem
554 4330 678 4386 vitae
726 4331 959 4386 Domino
1007 4331 1270 4386 immolat.
1325 4331 1529 4386 Omnes
1574 4332 1659 4386 hae
1707 4331 1897 4386 hostiae

294 4419 652 4475 immaculata).
707 4436 830 4474 esse
866 4419 1121 4488 jubentur
1167 4428 1224 4474 ut
1270 4419 1403 4473 nihil
1453 4419 1634 4476 fictum
1683 4436 1796 4474 Sive
1841 4420 1896 4474 in

294 4508 614 4577 poenitentia
642 4509 756 4563 sive
787 4508 843 4562 in
871 4509 1127 4578 operibus
1159 4508 1492 4574 exhilieatur,
1526 4517 1581 4563 ut
1621 4509 1702 4564 sic
1747 4525 1896 4578 prae-

294 4596 451 4650 terita
482 4597 779 4651 deﬂeantur
807 4613 875 4651 ne
914 4596 1163 4651 deﬂenda
1206 4598 1626 4653 committantur.
1674 4597 1899 4651 Crema-

299 4685 385 4739 bat
418 4701 581 4755 super
615 4685 786 4740 altare
833 4686 1112 4742 incensum
1161 4687 1394 4741 Domini.
1443 4686 1637 4742 Omnia
1683 4685 1739 4739 in
1783 4701 1899 4740 me-

302 4782 474 4838 moria
501 4783 889 4838 incarnationis
919 4791 971 4838 et
999 4783 1269 4854 passionis
1299 4785 1498 4839 Christi
1530 4784 1676 4854 ﬁant,
1730 4794 1782 4839 et
1825 4785 1899 4840 ita

295 4871 397 4926 erit
449 4872 680 4928 Domino
745 4872 1078 4944 acceptabile
1132 4890 1345 4929 munus.
1421 4876 1626 4930 Cmtera
1685 4881 1742 4929 ut
1809 4891 1898 4929 su-

297 4976 414 5030 pra.

907 5117 1150 5174 CAPUT.
1211 5117 1275 5172 V.

374 5293 396 5324 ι
431 5271 488 5329 Si
516 5274 826 5344 peccaverit
857 5274 1034 5329 anima
1063 5284 1115 5330 et
1136 5277 1368 5332 audierit
1388 5293 1579 5334 vocem
1591 5278 1846 5349 jurantis,
1871 5299 1893 5329 ι

297 5358 350 5417 et
379 5361 606 5434 reliqua,
638 5361 896 5434 Quisquis
917 5364 1169 5420 conscius
1190 5375 1271 5420 est
1291 5376 1641 5437 peccatorum
1657 5368 1896 5436 alterius,

299 5451 345 5506 si
377 5451 716 5508 consenserit
763 5453 850 5508 vel
880 5454 1246 5524 astipulando,
1282 5457 1366 5511 vel
1396 5459 1554 5512 etiam
1604 5474 1709 5512 non
1749 5458 1900 5526 judi-

297 5541 492 5610 cando,
528 5557 650 5598 cum
683 5541 801 5613 ipso
852 5543 944 5614 qui
993 5541 1118 5598 fecit
1149 5560 1369 5599 reverse
1399 5562 1521 5601 esse
1554 5544 1617 5617 [/2
1653 5563 1802 5603 reum
1841 5563 1900 5602 se

299 5629 442 5702 esse]
471 5646 579 5687 non
610 5631 841 5688 nesciat.
873 5632 996 5688 Non
1026 5631 1202 5690 solum
1232 5634 1376 5692 enim
1415 5635 1508 5706 qui
1537 5634 1760 5702 faciunt,
1803 5636 1901 5692 sed

1986 1984 2319 2039 immunditia
2343 1985 2598 2055 hominis,
2633 2006 2656 2035 ι
2692 1993 2745 2040 et
2774 1984 3000 2055 reliqua.
3034 1983 3140 2052 Qui
3172 1985 3317 2039 enim
3364 1984 3592 2041 seminis

1987 2074 2189 2129 fluxum
2218 2073 2534 2144 patiebatur,
2565 2089 2688 2130 cum
2709 2073 2960 2129 omnibus
2980 2072 3176 2144 quibus
3198 2073 3446 2129 utebatur
3470 2073 3595 2144 pol-

1986 2161 2128 2216 lutus
2139 2161 2499 2230 judicabatur,
2520 2162 2598 2217 sic
2622 2162 2757 2216 etde
2779 2169 3053 2216 menstruo
3085 2161 3364 2217 mulieris;
3387 2163 3450 2216 In
3488 2163 3597 2218 ho-

1988 2266 2105 2305 rum
2135 2258 2274 2305 tactu
2303 2250 2552 2320 prohibet
2581 2266 2684 2306 nos
2713 2250 2938 2318 alicujus
2967 2250 3371 2306 communicare
3401 2267 3596 2321 pecca-

1990 2339 2077 2394 tis.
2115 2361 2136 2389 α
2176 2340 2366 2394 Postea
2397 2339 2738 2409 cognoverit,
2778 2360 2801 2390 ι
2837 2339 2952 2394 sive
2981 2338 3237 2394 instinctu
3267 2340 3470 2406 divino,
3497 2356 3596 2395 seu

1987 2436 2353 2490 admonitione
2381 2436 2622 2502 alterius,
2661 2458 2684 2487 ci
2717 2435 3016 2506 subjacebit
3043 2436 3259 2503 delicto,
3296 2457 3318 2487 ι
3351 2437 3404 2490 id
3441 2444 3598 2492 estut

1989 2541 2089 2596 pro
2115 2525 2315 2580 delicto
2331 2525 2701 2595 paenitentiam
2730 2533 2874 2598 agat.
2910 2546 2932 2575 ι
2972 2524 3166 2580 Anima
3187 2543 3308 2596 quae
3321 2525 3591 2595 juraverit

1991 2622 2043 2669 et
2073 2614 2353 2684 protulerit
2383 2615 2558 2683 labiis,
2596 2635 2618 2664 ι
2649 2622 2701 2670 et
2727 2615 2953 2686 reliqua,
2988 2613 3042 2667 id
3059 2622 3140 2668 est
3170 2614 3215 2668 si
3235 2615 3435 2668 malum
3454 2615 3587 2687 quid

1991 2719 2050 2757 se
2080 2702 2344 2758 facturum
2365 2703 2648 2772 juraverit,
2681 2703 2767 2758 vel
2798 2704 2844 2757 si
2872 2704 3074 2758 bonum
3118 2719 3240 2758 cum
3276 2705 3588 2772 juramento

1991 2791 2286 2858 devoverit,
2321 2800 2374 2846 et
2401 2807 2508 2846 non
2535 2791 2844 2862 perfecerit,
2876 2808 2967 2848 rea
3017 2801 3100 2847 est
3129 2793 3336 2849 delicti.
3394 2795 3453 2847 In
3486 2794 3592 2849 hoc

1992 2881 2236 2934 Herodes
2265 2881 2523 2950 deceptus
2552 2890 2634 2935 est
2661 2883 2805 2952 quod
2851 2883 2991 2937 male
3021 2881 3144 2936 ﬁliae
3186 2882 3477 2953 spopondit
3501 2882 3598 2950 ju-

1992 2969 2159 3024 rando
2189 2977 2242 3024 et
2270 2970 2446 3039 pmnis
2477 2969 2541 3041 [Γ.
2573 2970 2805 3042 plenius]
2835 2971 3022 3041 lapsus
3051 2980 3132 3026 est
3163 2971 3339 3042 ipsum
3388 2971 3597 3026 malum

1926 3105 1975 3168 Ο
1994 3057 2347 3155 perficiendo.
2382 3060 2508 3113 Haec
2537 3058 2629 3129 qui
2659 3058 2843 3114 fecerit
2873 3058 3066 3115 offerat
3109 3076 3308 3132 agnum
3356 3059 3446 3114 vel
3494 3075 3597 3115 ca.

1998 3163 2170 3216 pram,
2197 3146 2251 3200 id
2281 3154 2362 3201 est
2391 3147 2759 3202 innocentiam
2793 3148 2936 3214 vitae,
2967 3157 3024 3202 ut
3050 3149 3337 3220 Apostolus
3379 3164 3599 3219 praece-

1998 3235 2092 3305 pit.
2132 3257 2154 3285 «
2191 3234 2295 3302 Qui
2323 3235 2597 3290 furabatur
2614 3238 2725 3306 jam
2774 3253 2882 3292 non
2910 3237 3116 3293 furetur
3161 3238 3382 3311 (Ephes.
3429 3237 3532 3307 Iv),
3572 3256 3598 3287 ι

1999 3323 2053 3377 id
2083 3331 2164 3378 est
2193 3324 2285 3395 qui
2334 3324 2482 3394 prius
2526 3325 2725 3390 nocuit,
2769 3326 2879 3394 jam
2924 3327 3242 3381 innocenter
3288 3326 3453 3381 vivat.
3495 3324 3597 3382 Vel

2001 3427 2221 3482 capram
2249 3412 2458 3479 offerat,
2491 3414 2544 3468 id
2569 3423 2651 3468 est
2681 3415 2918 3470 strictam
2947 3415 3312 3486 paenitentiam
3343 3423 3492 3487 agat,
3543 3422 3601 3468 ut

1999 3501 2246 3555 Christus
2270 3517 2434 3556 verus
2466 3503 2723 3558 sacerdos
2745 3503 2823 3558 illi
2852 3504 3160 3574 propitiatio
3198 3503 3306 3557 fiat.
3343 3503 3401 3559 Si
3419 3512 3601 3557 autem

1998 3605 2165 3660 pecus
2197 3589 2392 3646 offerre
2422 3606 2529 3645 non
2572 3592 2784 3662 poterit,
2832 3593 2886 3647 id
2912 3602 2994 3648 est
3013 3592 3217 3663 fortem
3265 3591 3600 3664 paenitentia:

1997 3677 2407 3749 castigationem
2453 3679 2507 3733 in
2550 3680 2792 3751 jejuniis,
2841 3681 2896 3736 in
2943 3681 3143 3752 vigiliis
3187 3690 3240 3736 et
3287 3681 3604 3736 indumento

1997 3766 2178 3832 cilicii,
2213 3776 2264 3821 et
2305 3776 2518 3832 caetera,
2570 3786 2691 3840 qua:
2735 3770 2804 3823 ad
2849 3769 2952 3825 hoc
2996 3770 3286 3841 pertinent,
3336 3791 3360 3820 ι
3411 3769 3604 3825 offerat

1998 3854 2133 3910 duos
2170 3861 2401 3910 turtures
2432 3857 2519 3910 vel
2567 3857 2704 3911 duos
2747 3857 2924 3928 pullos
2977 3858 3367 3923 columbarum,
3417 3857 3475 3912 id
3523 3864 3608 3913 est

1999 3943 2259 3998 saeculum
2300 3945 2589 4016 relinquat,
2647 3945 2740 4017 qui
2799 3954 2966 4001 turtur
3035 3947 3311 4019 solivagus
3374 3954 3494 4013 est;
3554 3953 3606 4001 et

1997 4032 2294 4087 castitatem
2329 4042 2580 4100 sectetur,
2612 4043 2664 4088 et
2693 4035 2748 4088 in
2779 4035 3107 4090 monasterio
3138 4036 3224 4090 vel
3255 4051 3442 4090 eremo
3473 4035 3607 4090 sim-

1996 4121 2203 4191 pliciter
2230 4121 2412 4176 vivere
2439 4124 2744 4193 contendat,
2775 4125 3036 4197 gemitum
3068 4140 3166 4196 pro
3195 4133 3354 4180 cantu
3393 4124 3601 4178 habens

1997 4209 2132 4263 sicut
2161 4210 2443 4276 columbae,
2476 4219 2533 4265 ut
2560 4222 2778 4282 peccata
2801 4213 3018 4276 defleat,
3054 4221 3104 4268 et
3134 4229 3232 4284 pro
3260 4221 3479 4268 aeternae
3510 4212 3599 4267 vi-

1998 4305 2065 4352 tm
2093 4298 2365 4353 desiderio
2395 4300 2648 4370 suspiret,
2693 4302 2838 4372 quod
2887 4309 2970 4357 est
3017 4285 3196 4371 etiam,
3233 4323 3257 4352 ι
3291 4318 3458 4357 unum
3504 4316 3603 4372 pro

1997 4395 2222 4456 peccato
2252 4395 2304 4442 et
2333 4387 2562 4442 alterum
2591 4388 2646 4442 in
2677 4389 3050 4446 holocaustum
3085 4412 3106 4440 ι
3132 4389 3352 4446 offerre.
3389 4412 3411 4440 α
3445 4389 3609 4444 Dabit

1912 4471 1963 4530 D
1996 4491 2090 4530 eos
2121 4475 2408 4542 sacerdoti,
2467 4497 2488 4526 ι
2541 4477 2756 4534 Christo
2786 4479 3036 4535 videlicet
3080 4495 3231 4533 suam
3261 4479 3609 4534 devotionem

1997 4565 2360 4619 commendet.
2390 4587 2411 4615 ‹‹
2435 4566 2784 4636 Retorquebit
2802 4575 2960 4638 caput
2972 4569 3088 4636 ejus
3100 4569 3166 4621 ad
3190 4568 3476 4638 pennulas,
3508 4589 3530 4617 r
3555 4573 3610 4622 et

1998 4653 2223 4722 reliqua.
2258 4653 2396 4722 Quia
2416 4670 2593 4724 penna
2614 4656 2863 4711 sublevat
2884 4672 3059 4724 avem,
3086 4657 3332 4728 praecipit
3360 4656 3429 4710 ita
3452 4672 3611 4711 men-

1999 4750 2106 4796 tem
2128 4741 2196 4794 ad
2227 4743 2741 4812 contemplationem
2791 4745 3035 4816 copulari
3084 4754 3139 4799 ut
3188 4761 3373 4800 curam
3424 4745 3610 4800 carnis

1996 4831 2354 4884 necessariam
2386 4847 2493 4886 non
2523 4833 2749 4899 omittat,
2785 4842 2839 4887 ut
2872 4851 3034 4904 supra
3065 4833 3322 4889 diximus.
3349 4834 3613 4905 Aspergit

1994 4919 2253 4989 parietem
2284 4919 2462 4974 altaris
2493 4922 2779 4992 sanguine,
2812 4923 2941 4977 dum
2990 4922 3153 4978 vitam
3203 4939 3358 4977 suam
3401 4923 3604 4978 Christi

1997 5006 2154 5061 offert
2189 5007 2548 5064 miserationi.
2607 5010 2895 5082 Reliquum
2943 5011 3271 5085 sanguinem
3314 5011 3490 5066 fundit
3536 5011 3608 5067 ad

1998 5095 2170 5150 basim
2198 5097 2401 5164 altaris,
2434 5098 2563 5152 dum
2591 5099 2853 5172 quidquid
2884 5100 2941 5154 in
2968 5100 3076 5156 vita
3103 5117 3200 5155 sua
3228 5101 3391 5172 gerit,
3433 5116 3609 5156 evan-

1998 5193 2189 5266 geliczn
2218 5195 2396 5250 subdit
2427 5196 2711 5253 doctrinae.
2745 5197 2978 5270 Rogabit
3005 5213 3104 5268 pro
3133 5213 3199 5254 eo
3237 5198 3521 5264 sacerdos,
3555 5197 3614 5254 id

1999 5290 2082 5335 est
2111 5283 2353 5337 Christus
2401 5283 2517 5354 ipse
2565 5285 2749 5354 homo,
2795 5286 3098 5342 sacerdotis
3138 5287 3465 5356 membrum,
3516 5285 3612 5358 qui

2000 5371 2232 5427 Domino
2261 5371 2418 5426 offert
2452 5373 2684 5429 hostiam
2713 5374 2911 5430 laudis.
2943 5373 3106 5444 Quod
3166 5375 3213 5431 si
3239 5375 3402 5432 etiam
3432 5391 3615 5432 sacu-

2000 5458 2111 5513 lum
2157 5477 2264 5516 non
2331 5468 2510 5532 potest
2555 5462 2894 5534 relinquere,
2946 5479 3050 5520 nec
3097 5479 3160 5520 ea
3209 5481 3332 5536 qua:
3379 5463 3615 5520 diximus

2000 5547 2331 5619 adimplere,
2365 5548 2557 5606 offerat
2615 5551 2846 5606 similam
2892 5551 3164 5608 decimam
3207 5562 3418 5624 partem
3462 5552 3611 5624 ephi.

2001 5637 2142 5707 Ephi
2167 5645 2275 5694 tres
2293 5638 2456 5696 habet
2487 5639 2702 5696 modios
2723 5648 2777 5697 et
2797 5638 3072 5712 signiﬁcat
3104 5641 3388 5698 scientiam
3407 5649 3614 5700 sancta
