4002 6184
324 287 428 339 805

323 505 640 562 manitatem
663 503 881 570 Christi,
938 519 1103 575 quam
1129 503 1232 557 sibi
1281 511 1462 558 sancta
1506 502 1743 557 Trinitas
1773 516 1932 556 asso-

324 602 520 672 ciavit,
565 600 804 673 perfecte
842 599 1080 656 confidit.
1132 599 1400 654 Denarius
1448 599 1592 654 enim
1636 597 1933 670 perfectio-

323 701 409 755 nis
449 708 548 770 ,εει
581 700 763 754 index.
798 699 917 753 Non
938 698 1097 752 mittit
1120 697 1173 751 in
1202 713 1323 752 eam
1346 697 1529 752 oleum
1587 711 1690 751 nec
1746 695 1920 751 thuris

321 797 546 870 aliquid.
582 795 686 864 Qui
720 796 863 852 enim
893 804 1000 850 tam
1032 794 1278 850 inﬁrmus
1310 803 1392 850 est
1420 802 1476 849 ut
1495 793 1736 864 perfecte
1759 793 1934 864 paeni-

324 903 443 950 tere
472 909 583 948 non
630 893 773 947 norit
797 934 810 962 ,
836 891 1100 962 spirituali
1143 891 1328 946 laetitia
1367 890 1688 946 fiducialiter
1717 890 1792 944 uti
1822 904 1931 944 non

324 997 544 1063 potest,
578 1005 680 1044 nec
727 989 784 1043 in
817 989 1060 1044 oratione
1105 1004 1199 1042 sua
1244 987 1550 1054 confidere,
1591 987 1714 1059 quia
1758 987 1931 1042 nescit

325 1089 556 1162 qualiter
603 1087 819 1144 Domini
861 1086 1232 1144 misericordia
1277 1103 1410 1159 erga
1454 1086 1602 1141 illum
1647 1094 1926 1156 patescat,

324 1188 465 1244 sicut
521 1187 787 1259 propheta
821 1186 951 1242 dicit
983 1205 995 1241 :
1034 1209 1054 1235 ιι
1108 1184 1241 1254 Quis
1270 1185 1371 1240 scit
1416 1185 1460 1238 si
1495 1193 1848 1241 convertatur
1878 1191 1932 1240 et

325 1286 579 1359 ignoscat
621 1286 788 1351 Deus,
826 1307 846 1334 ιο
884 1292 987 1340 etc.
1031 1283 1191 1354 (Joel.
1226 1283 1311 1353 ιι.)
1343 1283 1528 1338 Tradit
1555 1281 1823 1338 sacerdoti
1856 1281 1928 1335 si-

319 1383 543 1452 milam,
582 1382 712 1436 dum
755 1379 1140 1454 conﬁdentiam
1183 1381 1358 1450 ipsam
1403 1379 1617 1434 Christo
1647 1395 1928 1435 commen-

321 1481 440 1550 dat,
490 1480 793 1536 admonens
833 1488 891 1534 ut
938 1480 1084 1551 quod
1142 1479 1260 1550 ipse
1307 1478 1586 1548 discipulis
1631 1479 1743 1532 suis
1768 1476 1930 1546 jussit

320 1579 516 1635 dicens
552 1594 564 1633 :
603 1577 827 1646 Quoties
855 1575 1164 1648 peccaverit
1191 1576 1246 1630 in
1277 1583 1330 1630 te
1358 1574 1519 1631 frater
1549 1584 1668 1630 tuus
1698 1583 1751 1631 et
1780 1575 1929 1630 dixe-

323 1673 435 1727 rit:
489 1672 721 1728 Poenitet
766 1688 874 1739 me,
921 1671 1177 1737 dimitte;
1211 1679 1262 1725 et
1306 1671 1434 1726 item
1477 1672 1635 1726 Petro
1671 1687 1683 1726 :
1738 1693 1758 1719 σι
1799 1671 1923 1725 Non

1265 280 1574 336 EPITOME
1605 278 1966 335 COMMENT.
2007 278 2267 365 ΒᾼΒΑΝΙ
2326 277 2397 332 IN
2447 277 2671 332 LEVIT.

317 407 619 464 Trinitatis.
652 405 821 462 Oﬁ‘ert
841 405 910 461 de
941 421 1004 461 ea
1033 404 1309 460 decimam
1337 413 1547 477 partem
1579 405 1708 460 dum
1739 402 1796 458 in
1824 403 1930 459 hu-
1963 408 2018 468 A

3530 280 3633 332 806

2658 463 2884 520 CAPUT
2942 463 3032 518 Vl.

2137 650 2158 675 «ι
2195 627 2390 681 Anima
2419 643 2539 698 quae
2566 625 2899 696 peccaverit,
2923 633 2974 679 et
2993 632 3304 695 contempto
3326 626 3576 694 Domino,
3605 649 3627 678 ι

2034 723 2088 770 et
2115 715 2340 786 reliqua.
2371 714 2679 770 Contemnit
2725 713 3033 778 Dominum,
3067 713 3158 784 qui
3188 715 3419 786 negligit
3449 731 3634 770 emen-

2033 804 2183 870 dare,
2219 812 2271 858 et
2299 820 2407 858 non
2459 802 2713 874 intelligit
2744 803 2812 856 ab
2859 802 2979 872 ipso
3017 817 3180 872 posse
3211 802 3547 858 manifestari
3580 811 3634 860 et

2033 893 2312 948 vindicari.
2358 891 2680 962 Quicunque
2709 899 2886 945 autem
2932 907 2964 945 a
3005 891 3093 944 tali
3123 891 3318 944 duritia
3349 893 3630 963 deceptus,

2033 981 2264 1036 Domino
2295 981 2349 1034 in
2380 981 2561 1052 aliquo
2610 980 2916 1034 contrarius
2964 979 3226 1034 exstiterit
3264 989 3316 1034 et
3345 981 3633 1053 praeceptis

2032 1071 2147 1139 ejus
2187 1068 2519 1135 contraierit,
2570 1069 2655 1124 vel
2689 1068 2735 1122 si
2784 1067 3091 1138 proximum
3140 1068 3380 1123 scienter
3410 1070 3629 1140 laeserit,

2030 1159 2194 1213 addat
2244 1159 2486 1230 quintam
2534 1165 2745 1227 partem
2773 1157 2951 1227 pretii,
2987 1157 3042 1210 id
3073 1166 3157 1211 est
3183 1158 3384 1228 lingua:
3409 1158 3632 1214 confes-

2031 1247 2232 1302 siones.
2289 1247 2370 1300 Ad
2428 1246 2669 1318 linguam
2701 1235 2846 1300 enim
2896 1253 3105 1318 gustus,
3162 1247 3256 1317 qui
3292 1255 3376 1302 est
3394 1264 3534 1302 unus
3562 1247 3631 1304 de

2031 1337 2269 1408 quinque
2289 1336 2560 1400 sensibus,
2583 1335 2834 1405 pertinet.
2861 1335 3068 1390 Reddat
3097 1335 3184 1403 de,
3219 1331 3329 1392 etc.
3363 1359 3383 1385 α
3417 1337 3486 1391 Et
3513 1352 3631 1392 om-

2029 1425 2115 1479 nia
2147 1425 2376 1495 integra,
2419 1447 2439 1472 »
2475 1424 2530 1478 id
2561 1433 2643 1479 est
2677 1424 2897 1496 dignam
2943 1423 3275 1494 pmnitentia:
3304 1441 3630 1496 compensa-

2029 1515 2250 1569 tionem.
2282 1516 2349 1568 Et
2378 1512 2569 1568 offerat
2607 1513 2853 1580 arietem,
2888 1512 2941 1565 id
2975 1521 3057 1566 est
3085 1511 3306 1568 firmiter
3323 1514 3392 1568 de
3414 1515 3631 1569 Domini

2027 1603 2405 1658 misericordia
2433 1601 2670 1658 confidat
2690 1611 2744 1656 et
2773 1617 2832 1656 se
2855 1602 3079 1674 dignum
3096 1611 3365 1672 praeparet
3387 1611 3440 1657 ut
3471 1619 3633 1658 exau-

2028 1693 2224 1747 diatur.
2265 1715 2286 1741 «
2338 1691 2442 1760 Qui
2490 1691 2707 1761 rogabit
2754 1706 2852 1761 pro
2882 1707 2969 1755 eo,
3014 1712 3034 1739 n
3071 1691 3196 1761 quia
3245 1699 3519 1761 protector
3545 1699 3630 1748 est

323 1771 452 1828 dico
475 1769 570 1826 tibi
601 1771 822 1842 septies,
855 1771 953 1826 sed
974 1769 1350 1842 septuagesies
1381 1769 1604 1841 septies,
1646 1791 1667 1818 υ
1705 1769 1921 1839 (Matth.
1957 1769 2010 1827 B
2034 1776 2274 1831 omnium
2313 1775 2642 1846 sperantium
2677 1775 2730 1828 in
2769 1791 2847 1828 se.
2887 1797 2908 1823 α
2945 1773 3224 1839 Inficians,
3263 1797 3283 1824 ι»
3320 1776 3374 1830 id
3404 1786 3486 1831 est
3526 1793 3630 1833 ne-

326 1870 511 1940 xvm),
561 1884 659 1923 sua
703 1868 950 1941 largitate
995 1867 1257 1939 perficiat.
1298 1890 1318 1917 α
1364 1867 1466 1936 Qui
1490 1868 1712 1938 plenum
1743 1867 1928 1939 pugil-

322 1968 438 2022 lum
469 1984 534 2024 ex
566 1983 629 2022 ea
659 1966 971 2035 cremabit,»
1009 1967 1136 2021 dum
1166 1983 1278 2022 suae
1307 1966 1687 2036 promissionis
1721 1982 1931 2022 memor

324 2081 481 2120 suam
523 2073 746 2137 praestat
804 2064 1081 2136 pietatem.
1127 2065 1267 2118 Nam
1327 2064 1450 2135 quia
1492 2063 1696 2136 pugillo
1740 2063 1928 2118 litterae

321 2161 647 2227 formantur,
700 2160 926 2215 firmitas
957 2159 1337 2232 promissionis
1365 2176 1464 2230 per
1491 2177 1612 2214 eum
1646 2158 1925 2232 figuratur.

328 2281 351 2308 ι
388 2257 676 2331 Reliquam
719 2267 931 2328 partem
961 2257 1078 2328 ipse
1121 2255 1339 2311 habebit
1370 2255 1423 2310 id
1454 2272 1702 2323 munere,
1745 2278 1766 2304 ι
1804 2254 1930 2328 quia

319 2366 496 2413 totum
517 2355 925 2412 commendatur
953 2355 1070 2423 ejus
1103 2353 1426 2410 clementiae.
1468 2376 1488 2402 ει
1517 2354 1710 2408 Anima
1730 2353 1775 2408 si
1791 2369 1929 2424 prae-

319 2457 576 2510 varirans
619 2454 996 2520 caeremonias,
1032 2470 1142 2523 per
1192 2468 1436 2508 errorem
1466 2452 1519 2506 in
1550 2453 1634 2506 his
1664 2470 1784 2524 qum
1815 2453 1929 2507 Do-

322 2550 475 2604 mino
517 2558 641 2604 sunt
689 2548 1026 2604 sanctificata
1070 2548 1412 2619 peccaverit,
1446 2570 1466 2597 ι›
1515 2556 1566 2603 et
1610 2547 1836 2618 reliqua.
1870 2548 1931 2599 ld

323 2655 410 2702 est
439 2647 673 2717 plurima
701 2647 770 2700 de
789 2645 1159 2711 sanctificatis,
1181 2662 1300 2717 quae
1318 2645 1524 2717 reliquo
1540 2646 1743 2716 populo
1774 2661 1930 2698 usur-

320 2742 503 2814 panda
531 2756 640 2796 non
671 2750 844 2808 erant,
878 2742 1016 2798 sicut
1058 2743 1126 2796 de
1171 2751 1447 2812 unguento
1482 2751 1535 2796 et
1566 2739 1931 2812 thymiamatis

325 2839 720 2910 compositione
751 2839 869 2894 fieri
915 2839 1252 2910 prohibetur,
1287 2849 1340 2895 et
1368 2841 1437 2895 de
1470 2839 1793 2911 quibusdam
1824 2838 1931 2891 im-

321 2937 544 2993 molatis
605 2938 866 3006 jubentur
911 2947 1116 2992 tantum
1166 2955 1345 2993 mares
1389 2939 1456 2993 de
1501 2937 1710 2992 semine
1753 2938 1932 2990 Aaron

321 3039 506 3107 vesci;
541 3038 610 3093 de
636 3038 756 3093 aliis
792 3047 971 3094 autem
1018 3048 1242 3111 uterque
1274 3056 1456 3094 sexus.
1489 3039 1593 3094 Pro
1623 3036 1933 3106 hujusmodi

319 3136 854 3208 transgressionibus
884 3137 999 3192 haec
1017 3139 1316 3193 secundum
1348 3136 1628 3191 historiam
1647 3137 1718 3190 ita
1738 3135 1933 3204 juben-
1963 3128 2012 3191 C
2034 3106 2203 3208 hﬁnb}
2235 3113 2409 3203 Vest",
2433 3111 2729 3208 ptimcmfu’

321 3242 427 3301 tur,
459 3234 618 3288 nobis
651 3243 833 3289 autem
865 3235 1177 3307 praecipitur
1206 3243 1261 3289 ut
1292 3235 1537 3308 quisquis
1571 3234 1626 3288 in
1655 3234 1788 3290 locis
1820 3249 1935 3287 san-

324 3332 428 3388 ctis
450 3339 503 3386 et
533 3333 786 3387 omnibus
842 3334 1008 3388 rebus
1057 3333 1286 3389 Domino
1316 3331 1645 3388 consecratis
1701 3331 1933 3385 maxime

325 3428 380 3483 in
410 3429 765 3484 Eucharistiaa
809 3430 1144 3497 tractatione,
1194 3440 1402 3487 rectum
1449 3431 1695 3494 excedat,
1737 3453 1757 3477 α
1787 3428 1933 3484 Offe-

325 3534 406 3580 rat
433 3542 535 3597 pro
564 3526 764 3582 delicto
811 3543 910 3583 suo
938 3528 1163 3584 arietem
1206 3528 1613 3584 immaculatum
1645 3527 1714 3581 de
1744 3525 1932 3599 gregi-

327 3625 483 3690 bus,»
528 3625 584 3679 id
614 3633 696 3680 est
746 3625 801 3679 in
841 3626 1292 3698 redemptionem,
1347 3644 1468 3698 quae
1495 3643 1596 3696 per
1634 3623 1933 3679 humanita-

326 3729 437 3774 tem
481 3719 682 3774 Christi
736 3719 876 3776 facta
923 3729 1036 3788 est,
1085 3721 1400 3792 paenitendo
1443 3720 1702 3777 confidat.
1752 3743 1773 3769 α
1827 3719 1928 3787 Qui

328 3815 437 3872 emi
492 3825 671 3888 potest
699 3817 910 3872 duobus
967 3818 1136 3885 siclis,
1175 3841 1195 3866 η
1227 3819 1314 3875 vel
1357 3841 1377 3868 «ι
1444 3834 1546 3890 pro
1605 3817 1774 3884 siclis,
1816 3839 1836 3865 υ
1874 3823 1933 3871 ut

325 3914 481 3969 LXX
510 3915 919 3971 transtulerunt.
951 3915 1203 3971 Binarius
1231 3933 1492 3972 numerus
1522 3917 1630 3971 duo
1661 3913 1932 3988 significat

320 4020 598 4082 praecepta
640 4013 937 4081 charitatis,
971 4029 1005 4069 a
1046 4015 1242 4086 quibus
1285 4014 1353 4068 ad
1385 4011 1926 4085 quinquagenarium,

322 4109 379 4164 id
410 4117 495 4164 est
523 4109 592 4164 ad
623 4111 858 4182 gratiam
889 4111 1061 4168 sancti
1081 4112 1332 4183 Spiritus,
1353 4111 1752 4183 perveniamus.
1790 4110 1929 4164 Fru-

323 4213 432 4260 stra
479 4207 622 4261 enim
660 4209 979 4279 poenitentia
1021 4210 1320 4283 castigatur
1361 4210 1465 4265 nisi
1510 4210 1596 4266 cui
1623 4225 1722 4280 per
1751 4205 1928 4278 Spiri-

326 4312 442 4358 tum
473 4312 713 4359 sanctum
745 4315 1076 4377 praeceptum
1107 4308 1386 4363 charitatis
1417 4317 1685 4375 servetur,
1725 4314 1782 4361 ut
1812 4305 1928 4376 ipse

322 4397 556 4469 Spiritus
585 4399 912 4456 infundatur.
953 4424 973 4451 α
1010 4401 1169 4470 Quod
1186 4403 1364 4458 intulit
1402 4405 1584 4459 damni
1611 4403 1874 4466 restituet,
1901 4420 1924 4449 ι

319 4497 430 4553 hoc
459 4505 560 4564 est,
593 4499 736 4569 quod
762 4501 1029 4570 peccavit,
1061 4503 1375 4573 poenitentia
1403 4504 1598 4560 solvat.
1625 4528 1643 4552 «
1672 4503 1929 4571 Quintam
1957 4472 2010 4546 Ῐ)

322 4602 539 4666 partem
561 4605 726 4666 ponet
742 4613 924 4668 supra.
955 4620 976 4647 »
1010 4599 1215 4655 Sensus
1245 4601 1486 4673 corporis
1504 4610 1628 4655 sunt
1647 4601 1886 4673 quinque
1911 4621 1924 4657 :

321 4692 636 4765 quicunque
686 4693 879 4749 horum
936 4695 1181 4751 minister
1239 4707 1404 4764 esset,
1451 4707 1640 4770 postea
1684 4699 1736 4752 in
1767 4699 1928 4753 laude

324 4789 545 4845 Domini
573 4797 626 4845 et
665 4791 846 4862 operis
893 4791 1022 4847 boni
1051 4794 1397 4851 observantia
1427 4797 1776 4863 custodiatur,
1797 4806 1923 4864 etc.,

324 4892 387 4940 ut
417 4901 602 4956 supra.
645 4908 666 4936 α
699 4888 892 4942 Anima
937 4889 984 4944 si
1012 4893 1321 4961 peccaverit
1365 4911 1463 4965 per
1488 4894 1870 4966 ignorantiam,
1903 4917 1924 4944 η

324 4991 378 5038 et
411 4983 640 5054 reliqua.
678 4985 919 5057 Idipsum
958 4987 1012 5042 in
1070 4991 1437 5061 superioribus
1484 4994 1930 5051 commemoravit

324 5086 381 5134 et
410 5093 635 5151 capram
656 5081 771 5137 sive
802 5099 1006 5156 agnum
1041 5085 1234 5143 offerre
1266 5091 1544 5162 praecepit,
1579 5108 1723 5148 nunc
1751 5101 1930 5149 autem

326 5178 553 5234 arietem
581 5180 743 5236 docet
771 5182 1074 5252 immolare,
1112 5187 1238 5258 quia
1272 5188 1405 5242 nihil
1437 5199 1516 5245 est
1552 5191 1869 5262 poenitentia
1886 5192 1930 5247 si

325 5284 482 5332 extra
512 5292 667 5348 spem
691 5279 1028 5336 remissionis
1057 5290 1108 5337 et
1144 5285 1534 5356 redemptionis
1565 5289 1745 5360 agitur
1771 5289 1930 5345 Chri-

327 5373 416 5429 sti.
455 5397 476 5424 α
526 5376 689 5430 Juxta
729 5377 1142 5435 aestimationem
1198 5384 1439 5453 peccati,
1476 5409 1497 5435 ι
1553 5387 1681 5458 quia
1725 5388 1931 5446 fructus

323 5471 523 5545 dignos
554 5473 681 5530 facit
723 5476 1071 5548 paenitentiae,
1126 5481 1215 5551 qui
1259 5492 1522 5555 quantum
1552 5485 1774 5558 deliquit
1805 5504 1931 5544 cum

324 5561 545 5617 Domini
573 5563 946 5623 misericordia
983 5571 1274 5627 emendare
1320 5583 1568 5630 conatur.
1612 5576 1692 5632 De
1721 5578 1934 5634 caeteris

322 5663 468 5722 sape
498 5651 707 5709 dictum
751 5662 851 5711 est.

2029 1882 2186 1937 gans.
2220 1864 2449 1934 Reliqua
2496 1872 2553 1917 ut
2597 1879 2782 1934 supra.
2830 1886 2850 1912 α
2903 1865 3030 1918 Haec
3061 1871 3145 1917 est
3165 1863 3251 1918 lex
3279 1865 3580 1921 holocausti
3615 1884 3629 1922 :

2029 1953 2373 2008 Cremabitur
2418 1953 2473 2006 in
2513 1952 2668 2006 altari
2714 1960 2824 2006 tota
2862 1958 3020 2006 nocte
3070 1969 3242 2022 usque
3271 1969 3454 2009 mane.
3491 1977 3512 2003 ι»
3551 1956 3632 2011 De

2030 2059 2096 2098 eo
2122 2041 2446 2097 holocausto
2473 2041 2689 2096 videtur
2718 2041 2805 2095 hic
2836 2040 3021 2096 dicere
3061 2056 3167 2110 quo
3186 2042 3428 2112 quotidie
3453 2059 3630 2116 agnus

2029 2148 2170 2186 unus
2200 2148 2377 2197 mane,
2399 2131 2538 2184 alter
2558 2145 2789 2200 vespere
2815 2137 2932 2183 erat
2953 2128 3282 2184 offerendas.
3320 2133 3402 2186 De
3433 2141 3633 2190 cetero

2030 2221 2159 2292 quid
2205 2221 2274 2274 sit
2318 2219 2695 2274 holocaustum
2762 2217 3114 2288 spiritualiter
3163 2235 3331 2289 supra
3372 2221 3628 2279 diximus.

2029 2310 2160 2364 Tota
2192 2315 2348 2364 nocte
2377 2323 2548 2378 usque
2578 2307 2646 2360 ad
2676 2322 2838 2361 mane
2869 2306 3033 2379 ignis,
3059 2307 3148 2377 qui
3183 2307 3236 2361 in
3259 2309 3451 2364 eodem
3473 2310 3634 2366 altari

2032 2405 2133 2463 est,
2181 2397 2352 2464 ardet,
2388 2396 2513 2466 quia
2553 2394 2810 2461 charitas,
2859 2410 3022 2466 quam
3063 2395 3311 2451 Christus
3342 2413 3626 2454 commen-

2031 2486 2173 2540 davit
2189 2485 2424 2540 dicendo
2447 2501 2459 2539 :
2486 2507 2506 2533 ιι
2535 2487 2745 2538 Manete
2764 2485 2816 2536 in
2844 2483 3134 2538 dilectione
3154 2501 3272 2539 mea
3292 2486 3429 2541 sicut
3461 2488 3628 2544 dilexi

2030 2591 2128 2629 vos
2146 2576 2330 2644 (Joan.
2370 2573 2492 2642 xv),
2523 2594 2543 2620 ιι
2566 2573 2620 2626 in
2638 2573 2897 2627 cordibus
2925 2571 3166 2627 fidelium
3201 2590 3372 2644 usque
3387 2576 3453 2628 ad
3472 2593 3630 2631 mane

2031 2663 2226 2717 futurae
2277 2663 2401 2717 vita;
2427 2705 2440 2725 ,
2480 2661 2570 2714 ubi
2605 2661 2696 2715 lux
2741 2661 2995 2731 perfectae
3051 2662 3290 2718 scientia:
3325 2662 3627 2736 effulgebit,

2032 2752 2266 2824 flagrare
2279 2750 2518 2804 debebit.
2547 2749 2780 2803 Vestitur
2795 2749 3052 2804 sacerdos
3073 2750 3270 2816 tunica,
3293 2752 3430 2806 sicut
3456 2753 3631 2808 David

2031 2840 2158 2895 dicit
2197 2858 2210 2894 :
2251 2863 2272 2888 ιι
2312 2839 2635 2895 Sacerdotes
2653 2838 2728 2891 tui
2745 2838 3249 2906 induanturjustitia
3266 2840 3441 2908 (Psal.
3473 2842 3569 2912 ct).
3602 2863 3626 2892 ι)

2030 2928 2267 2984 Vestitur
2325 2935 2378 2983 et
2425 2927 2767 2982 feminalibus
2809 2926 3000 2994 lineis,
3069 2927 3196 2982 dum
3239 2929 3629 2986 continentiam

2031 3017 2304 3088 pudicitiae
2358 3024 2647 3071 conservat
2691 3057 2705 3082 ,
2767 3015 2902 3070 sicut
2952 3016 3214 3070 Dominus
3275 3018 3395 3072 ait:
3450 3042 3472 3068 α
3510 3019 3631 3076 Sint

2768 3125 2788 3151 υ
2823 3113 2876 3158 et
2905 3103 3136 3176 reliqua.
3169 3107 3326 3174 (Luc.
3361 3107 3490 3179 χιι.)
3517 3108 3629 3164 Ρο-

2037 3195 2114 3248 nit
2144 3194 2354 3249 cineres
2391 3193 2544 3261 juxta
2587 3193 2772 3260 altare,
2820 3193 2948 3246 dum
2974 3195 3495 3250 consummationem
3526 3197 3630 3254 bo-

2036 3299 2227 3338 norum
2259 3298 2488 3352 operum
2519 3282 2752 3335 Domino
2781 3283 3142 3350 commendat,
3163 3291 3218 3336 ut
3237 3283 3434 3338 Paulus
3461 3285 3628 3341 dicit:

2035 3373 2234 3427 Potens
2282 3379 2363 3426 est
2405 3370 2714 3440 depositum
2753 3387 2933 3425 meum
2984 3388 3208 3426 servare
3242 3413 3256 3442 ,
3305 3381 3357 3428 et
3398 3373 3628 3446 reliqua,

2035 3461 2112 3531 (II
2141 3463 2277 3515 Tim.
2303 3460 2367 3528 ι.)
2397 3459 2564 3512 Aliter
2594 3459 2763 3513 altare
2797 3460 2979 3514 cordis
3009 3477 3106 3514 ara
3137 3461 3470 3534 intelligitur,
3504 3464 3631 3535 quia

2033 3548 2271 3605 charitas
2301 3555 2505 3602 aeterna
2534 3547 2804 3601 servanda
2833 3556 2934 3612 est,
2969 3557 3022 3602 et
3049 3551 3446 3605 consummatio
3469 3551 3627 3608 labo-

2034 3653 2154 3691 rum
2198 3635 2567 3691 recondenda.
2615 3635 2813 3688 Paulus
2857 3636 2987 3689 dicit
3021 3653 3033 3689 :
3073 3658 3092 3684 «
3129 3637 3393 3694 Gloriatio
3419 3649 3622 3708 nostra,

2032 3726 2150 3780 haac
2180 3732 2261 3780 est
2283 3722 2650 3778 testimonium
2666 3723 3012 3778 conscientiae
3033 3732 3234 3780 nostrae
3262 3727 3337 3796 (Il
3367 3728 3486 3783 Cor.
3508 3729 3570 3798 ι).
3600 3750 3623 3778 ι

2034 3815 2222 3869 Donec
2265 3811 2516 3866 efferatur
2577 3819 2724 3865 extra
2772 3819 2976 3879 castra,
3015 3811 3069 3866 id
3117 3821 3232 3881 est,
3285 3815 3460 3872 donec
3506 3825 3630 3886 post

2031 3901 2194 3956 finem
2222 3901 2380 3970 hujus
2410 3899 2533 3955 vitae
2562 3899 2616 3952 in
2654 3899 2774 3955 loco
2801 3900 3178 3971 mundissimo,
3213 3903 3448 3973 quando,
3478 3907 3633 3975 Apo-

2034 3991 2172 4045 stolo
2203 3997 2363 4057 teste,
2403 4011 2423 4037 α
2460 3988 2726 4044 Dominus
2754 3989 3074 4044 illuminabit
3109 3991 3429 4047 abscondita
3470 4001 3629 4050 tene-

2032 4081 2272 4142 brarum,
2312 4100 2332 4126 υ
2369 4087 2472 4133 etc.
2505 4079 2556 4148 (I
2583 4079 2705 4133 Cor.
2735 4080 2817 4149 ιν)
2840 4120 2854 4148 ,
2894 4080 3143 4134 consumi
3172 4080 3330 4136 faciat
3359 4099 3534 4156 usque
3561 4083 3630 4137 ad

2031 4167 2304 4233 favillam,
2351 4166 2404 4221 id
2435 4174 2518 4221 est
2565 4175 2722 4221 exuta
2773 4167 2921 4221 omni
2964 4170 3332 4240 corruptione,
3358 4171 3412 4224 in
3457 4187 3628 4243 regno

2031 4257 2325 4313 constituat
2375 4264 2597 4310 aeterno.
2647 4255 2890 4310 Induitur
2920 4259 3182 4313 sacerdos
3213 4259 3335 4313 aliis
3362 4261 3622 4327 vestibus,

2033 4346 2162 4400 dum
2201 4344 2427 4415 quilibet
2471 4342 2646 4398 fidelis
2693 4344 2909 4415 proficit
2939 4347 3008 4400 de
3038 4347 3232 4401 virtute
3262 4347 3317 4401 in
3350 4347 3625 4404 virtutem.

2032 4433 2380 4504 Exspoliatur
2419 4432 2654 4503 propriis
2699 4434 2958 4501 vestibus,
2991 4435 3142 4502 dum,
3175 4452 3298 4506 quae
3325 4444 3472 4491 retro
3501 4445 3626 4492 sunt

2033 4522 2365 4577 obliviscens
2389 4563 2403 4587 ,
2436 4521 2491 4574 in
2538 4521 2721 4591 priora
2770 4522 3093 4577 extenditur.
3126 4525 3370 4578 Nutritur
3399 4525 3543 4598 ignis
3572 4526 3630 4582 in

2029 4611 2184 4665 altari
2212 4610 2376 4682 lignis
2397 4626 2556 4665 mane
2589 4610 2867 4678 subjectis,
2903 4611 3033 4665 dum
3064 4612 3278 4665 Patrum
3296 4615 3558 4684 exemplis
3574 4621 3631 4670 et

2031 4700 2432 4769 Scripturarum
2481 4699 2760 4753 sententiis
2789 4698 2845 4752 in
2890 4699 3010 4755 luce
3056 4700 3296 4756 scientia
3338 4702 3410 4757 ad
3455 4704 3624 4760 ardo-

2031 4805 2147 4842 rem
2179 4787 2457 4843 charitatis
2513 4787 2753 4841 fidelium
2813 4787 2979 4843 corda
3025 4798 3409 4860 provocantur.
3441 4792 3628 4864 Adeps

2031 4885 2114 4932 est
2159 4877 2436 4948 pinguedo
2479 4875 2772 4930 charitatis.
2812 4876 2996 4931 Simila
3037 4878 3160 4934 oleo
3203 4895 3499 4950 conspersa
3547 4889 3630 4936 est

2029 4963 2268 5035 perfecta
2316 4963 2541 5019 scientia
2609 4979 2729 5018 cum
2789 4965 3178 5023 misericordiae
3217 4969 3493 5038 operibus.
3545 4970 3629 5028 De

2029 5053 2192 5123 pleno
2221 5051 2429 5124 pugillo
2461 5059 2516 5108 et
2545 5053 2703 5109 thure
2733 5069 2897 5124 supra
2925 5053 3177 5112 diximus.
3209 5057 3438 5129 Reliqua
3465 5073 3626 5115 com-

2031 5141 2198 5195 edunt
2257 5139 2352 5194 filii
2413 5143 2592 5196 Aaron
2631 5183 2644 5206 ,
2683 5142 2812 5212 quia
2866 5142 3020 5212 pauci
3068 5143 3302 5200 maxima
3366 5148 3627 5218 mysteria

2031 5228 2272 5284 scientiae
2333 5229 2532 5286 divina:
2574 5230 2886 5298 immolant,
2923 5233 3166 5289 minores
3211 5251 3341 5291 vero
3373 5236 3629 5294 inferiora

2030 5317 2420 5373 incarnationis
2452 5319 2652 5374 Christi
2697 5320 2784 5375 vel
2813 5329 3133 5377 caaterorum
3162 5323 3419 5395 mysteria
3445 5325 3624 5396 perci-

2028 5405 2203 5477 piunt.
2240 5405 2373 5474 Quae
2425 5407 2480 5461 in
2535 5408 2657 5464 loco
2715 5417 2903 5466 sancto
2943 5412 3306 5467 comeduntur
3349 5413 3466 5468 sine
3504 5413 3619 5468 fer-

2029 5503 2232 5563 mento,
2256 5494 2311 5549 id
2342 5504 2425 5552 est
2454 5496 2594 5551 intra
2637 5506 2881 5554 sanctam
2924 5501 3229 5556 Ecclesiam
3257 5501 3461 5570 absque
3493 5499 3622 5570 phi-

2029 5583 2327 5655 IOSOphicis
2375 5593 2429 5639 et
2466 5586 2708 5642 Judaicis
2767 5589 3257 5658 superstitionibus.
3301 5588 3480 5642 Mares
3510 5597 3626 5644 tan-

2032 5679 2143 5730 tum
2171 5672 2278 5732 illis
2319 5681 2562 5746 utuntur,
2609 5675 2667 5733 id
2695 5684 2778 5732 est
2819 5675 3088 5734 firmiores
3118 5685 3170 5733 et
3196 5674 3435 5735 mollitiae
3466 5677 3624 5752 cupi-
