  <div class='ocr_page' id='page_1' title='image "/cluster/home/n/w/nwhite01/storage/ocr_20150623/114/hvd.32044052819893/409.png"; bbox 0 0 4002 6184; ppageno 0'>
   <div class='ocr_carea' id='block_1_1' title="bbox 331 298 435 351">
    <p class='ocr_par' dir='ltr' id='par_1_1' title="bbox 331 298 435 351">
     <span class='ocr_line' id='line_1_1' title="bbox 331 298 435 351; baseline 0.019 -2"><span class='ocrx_word' id='word_1_1' title='bbox 331 298 435 351; x_wconf 84' lang='grc'><strong>807</strong></span> 
     </span>
    </p>
   </div>
   <div class='ocr_carea' id='block_1_2' title="bbox 888 292 3076 353">
    <p class='ocr_par' dir='ltr' id='par_1_2' title="bbox 888 292 3076 353">
     <span class='ocr_line' id='line_1_2' title="bbox 888 292 3076 353; baseline 0.001 -3"><span class='ocrx_word' id='word_1_2' title='bbox 888 293 1294 350; x_wconf 79' lang='lat' dir='ltr'><strong>WALAFRIDI</strong></span> <span class='ocrx_word' id='word_1_3' title='bbox 1324 295 1568 350; x_wconf 81' lang='lat' dir='ltr'><strong>STRABI</strong></span> <span class='ocrx_word' id='word_1_4' title='bbox 1598 296 1799 352; x_wconf 86' lang='lat' dir='ltr'><strong>FULD.</strong></span> <span class='ocrx_word' id='word_1_5' title='bbox 1829 292 2002 349; x_wconf 89' lang='lat' dir='ltr'><strong>MON.</strong></span> <span class='ocrx_word' id='word_1_6' title='bbox 2027 292 2176 349; x_wconf 91' lang='lat' dir='ltr'><strong>OPP.</strong></span> <span class='ocrx_word' id='word_1_7' title='bbox 2202 295 2378 352; x_wconf 81' lang='lat' dir='ltr'><strong>PARS</strong></span> <span class='ocrx_word' id='word_1_8' title='bbox 2408 297 2450 350; x_wconf 90' lang='grc' dir='ltr'><strong>Ι.</strong></span> <span class='ocrx_word' id='word_1_9' title='bbox 2485 326 2575 336; x_wconf 88' lang='grc'><strong>---</strong></span> <span class='ocrx_word' id='word_1_10' title='bbox 2601 296 3076 353; x_wconf 84' lang='lat' dir='ltr'><strong>THEOLOGICA.</strong></span> 
     </span>
    </p>
   </div>
   <div class='ocr_carea' id='block_1_3' title="bbox 3533 305 3640 355">
    <p class='ocr_par' dir='ltr' id='par_1_3' title="bbox 3533 305 3640 355">
     <span class='ocr_line' id='line_1_3' title="bbox 3533 305 3640 355; baseline -0.009 0"><span class='ocrx_word' id='word_1_11' title='bbox 3533 305 3640 355; x_wconf 88' lang='lat'><strong>808</strong></span> 
     </span>
    </p>
   </div>
   <div class='ocr_carea' id='block_1_4' title="bbox 332 417 3660 509">
    <p class='ocr_par' dir='ltr' id='par_1_4' title="bbox 332 417 3660 509">
     <span class='ocr_line' id='line_1_4' title="bbox 332 417 3660 509; baseline 0.002 -34"><span class='ocrx_word' id='word_1_12' title='bbox 332 419 558 475; x_wconf 78' lang='lat' dir='ltr'><strong>ditatum</strong></span> <span class='ocrx_word' id='word_1_13' title='bbox 606 417 788 474; x_wconf 90' lang='lat' dir='ltr'><strong>minus</strong></span> <span class='ocrx_word' id='word_1_14' title='bbox 834 418 1254 487; x_wconf 84' lang='lat' dir='ltr'><strong>consentientes,</strong></span> <span class='ocrx_word' id='word_1_15' title='bbox 1305 421 1373 473; x_wconf 90' lang='lat' dir='ltr'><strong>ad</strong></span> <span class='ocrx_word' id='word_1_16' title='bbox 1413 427 1599 475; x_wconf 90' lang='lat' dir='ltr'><strong>sancta</strong></span> <span class='ocrx_word' id='word_1_17' title='bbox 1629 419 1928 475; x_wconf 87' lang='lat' dir='ltr'><strong>admittun-</strong></span> <span class='ocrx_word' id='word_1_18' title='bbox 1951 418 2006 478; x_wconf 91' lang='lat' dir='ltr'><strong>A</strong></span> <span class='ocrx_word' id='word_1_19' title='bbox 2029 435 2210 504; x_wconf 59' lang='lat' dir='ltr'><strong>jussit,</strong></span> <span class='ocrx_word' id='word_1_20' title='bbox 2245 437 2314 493; x_wconf 71' lang='lat' dir='ltr'><strong>de</strong></span> <span class='ocrx_word' id='word_1_21' title='bbox 2347 453 2455 509; x_wconf 71' lang='lat' dir='ltr'><strong>quo</strong></span> <span class='ocrx_word' id='word_1_22' title='bbox 2485 437 2542 492; x_wconf 73' lang='lat' dir='ltr'><strong>in</strong></span> <span class='ocrx_word' id='word_1_23' title='bbox 2583 439 2695 494; x_wconf 74' lang='lat' dir='ltr'><strong>suis</strong></span> <span class='ocrx_word' id='word_1_24' title='bbox 2726 439 2861 494; x_wconf 71' lang='lat' dir='ltr'><strong>locis</strong></span> <span class='ocrx_word' id='word_1_25' title='bbox 2903 439 3108 496; x_wconf 59' lang='lat' dir='ltr'><strong>dictum</strong></span> <span class='ocrx_word' id='word_1_26' title='bbox 3139 448 3238 495; x_wconf 71' lang='grc' dir='ltr'><strong>εει,</strong></span> <span class='ocrx_word' id='word_1_27' title='bbox 3280 464 3301 490; x_wconf 85' lang='grc'>.</span> <span class='ocrx_word' id='word_1_28' title='bbox 3335 440 3459 495; x_wconf 76' lang='lat' dir='ltr'><strong>Non</strong></span> <span class='ocrx_word' id='word_1_29' title='bbox 3493 456 3660 497; x_wconf 77' lang='lat' dir='ltr'><strong>com-</strong></span> 
     </span>
    </p>
   </div>
   <div class='ocr_carea' id='block_1_5' title="bbox 334 505 1935 579">
    <p class='ocr_par' dir='ltr' id='par_1_5' title="bbox 334 505 1935 579">
     <span class='ocr_line' id='line_1_5' title="bbox 334 505 1935 579; baseline -0.001 -17"><span class='ocrx_word' id='word_1_30' title='bbox 334 515 440 563; x_wconf 89' lang='lat' dir='ltr'><strong>tur.</strong></span> <span class='ocrx_word' id='word_1_31' title='bbox 471 530 492 558; x_wconf 73' lang='grc' dir='ltr'><strong><em>α</em></strong></span> <span class='ocrx_word' id='word_1_32' title='bbox 519 507 710 563; x_wconf 88' lang='lat' dir='ltr'><strong>Omnis</strong></span> <span class='ocrx_word' id='word_1_33' title='bbox 732 507 822 579; x_wconf 89' lang='lat' dir='ltr'><strong>qui</strong></span> <span class='ocrx_word' id='word_1_34' title='bbox 853 506 1090 579; x_wconf 74' lang='lat' dir='ltr'><strong>tetigerit</strong></span> <span class='ocrx_word' id='word_1_35' title='bbox 1140 506 1252 572; x_wconf 91' lang='lat' dir='ltr'><strong>illa,</strong></span> <span class='ocrx_word' id='word_1_36' title='bbox 1291 528 1312 555; x_wconf 75' lang='grc' dir='ltr'><strong><em>υ</em></strong></span> <span class='ocrx_word' id='word_1_37' title='bbox 1341 505 1395 561; x_wconf 90' lang='lat' dir='ltr'>id</span> <span class='ocrx_word' id='word_1_38' title='bbox 1426 515 1507 562; x_wconf 89' lang='lat' dir='ltr'><strong>est</strong></span> <span class='ocrx_word' id='word_1_39' title='bbox 1539 507 1630 579; x_wconf 90' lang='lat' dir='ltr'>qui</span> <span class='ocrx_word' id='word_1_40' title='bbox 1659 506 1764 563; x_wconf 88' lang='lat' dir='ltr'><strong>fide</strong></span> <span class='ocrx_word' id='word_1_41' title='bbox 1801 524 1935 579; x_wconf 90' lang='lat' dir='ltr'><strong>pura</strong></span> 
     </span>
    </p>
   </div>
   <div class='ocr_carea' id='block_1_6' title="bbox 333 594 1936 667">
    <p class='ocr_par' dir='ltr' id='par_1_6' title="bbox 333 594 1936 667">
     <span class='ocr_line' id='line_1_6' title="bbox 333 594 1936 667; baseline -0.002 -14"><span class='ocrx_word' id='word_1_42' title='bbox 333 604 387 653; x_wconf 86' lang='lat' dir='ltr'><strong>et</strong></span> <span class='ocrx_word' id='word_1_43' title='bbox 405 611 539 653; x_wconf 88' lang='lat' dir='ltr'><strong>vera</strong></span> <span class='ocrx_word' id='word_1_44' title='bbox 569 596 856 652; x_wconf 84' lang='lat' dir='ltr'><strong>dilectione</strong></span> <span class='ocrx_word' id='word_1_45' title='bbox 887 594 1091 650; x_wconf 85' lang='lat' dir='ltr'><strong>sanctis</strong></span> <span class='ocrx_word' id='word_1_46' title='bbox 1107 611 1167 649; x_wconf 92' lang='lat' dir='ltr'><strong>se</strong></span> <span class='ocrx_word' id='word_1_47' title='bbox 1185 595 1413 667; x_wconf 85' lang='lat' dir='ltr'><strong>dignum</strong></span> <span class='ocrx_word' id='word_1_48' title='bbox 1434 597 1658 667; x_wconf 85' lang='lat' dir='ltr'><strong>prabet,</strong></span> <span class='ocrx_word' id='word_1_49' title='bbox 1688 620 1710 646; x_wconf 77' lang='grc' dir='ltr'><strong>α</strong></span> <span class='ocrx_word' id='word_1_50' title='bbox 1737 597 1936 652; x_wconf 89' lang='lat' dir='ltr'><strong>sancti-</strong></span> 
     </span>
    </p>
   </div>
   <div class='ocr_carea' id='block_1_7' title="bbox 332 684 1937 755">
    <p class='ocr_par' dir='ltr' id='par_1_7' title="bbox 332 684 1937 755">
     <span class='ocr_line' id='line_1_7' title="bbox 332 684 1937 755; baseline 0 -15"><span class='ocrx_word' id='word_1_51' title='bbox 332 684 605 752; x_wconf 83' lang='lat' dir='ltr'><strong>ficabitur,</strong></span> <span class='ocrx_word' id='word_1_52' title='bbox 642 707 664 734; x_wconf 79' lang='grc' dir='ltr'><strong>ιο</strong></span> <span class='ocrx_word' id='word_1_53' title='bbox 702 684 986 740; x_wconf 87' lang='lat' dir='ltr'><strong>sanctitate</strong></span> <span class='ocrx_word' id='word_1_54' title='bbox 1016 691 1067 738; x_wconf 90' lang='lat' dir='ltr'><strong>et</strong></span> <span class='ocrx_word' id='word_1_55' title='bbox 1105 684 1455 755; x_wconf 89' lang='lat' dir='ltr'><strong>perceptione</strong></span> <span class='ocrx_word' id='word_1_56' title='bbox 1486 684 1695 741; x_wconf 90' lang='lat' dir='ltr'><strong>salutis.</strong></span> <span class='ocrx_word' id='word_1_57' title='bbox 1729 685 1937 742; x_wconf 69' lang='lat' dir='ltr'><strong>Offeret</strong></span> 
     </span>
    </p>
   </div>
   <div class='ocr_carea' id='block_1_8' title="bbox 331 771 1933 830">
    <p class='ocr_par' dir='ltr' id='par_1_8' title="bbox 331 771 1933 830">
     <span class='ocr_line' id='line_1_8' title="bbox 331 771 1933 830; baseline -0.001 0"><span class='ocrx_word' id='word_1_58' title='bbox 331 776 511 830; x_wconf 82' lang='lat' dir='ltr'><strong>Aaron</strong></span> <span class='ocrx_word' id='word_1_59' title='bbox 538 787 659 830; x_wconf 88' lang='lat' dir='ltr'><strong>cum</strong></span> <span class='ocrx_word' id='word_1_60' title='bbox 712 771 836 826; x_wconf 87' lang='lat' dir='ltr'><strong>filiis</strong></span> <span class='ocrx_word' id='word_1_61' title='bbox 863 771 974 827; x_wconf 89' lang='lat' dir='ltr'><strong>suis</strong></span> <span class='ocrx_word' id='word_1_62' title='bbox 1018 771 1072 826; x_wconf 90' lang='lat' dir='ltr'><strong>in</strong></span> <span class='ocrx_word' id='word_1_63' title='bbox 1105 771 1193 827; x_wconf 89' lang='lat' dir='ltr'><strong>die</strong></span> <span class='ocrx_word' id='word_1_64' title='bbox 1223 772 1491 828; x_wconf 89' lang='lat' dir='ltr'><strong>unctionis</strong></span> <span class='ocrx_word' id='word_1_65' title='bbox 1522 789 1632 829; x_wconf 88' lang='lat' dir='ltr'><strong>sua</strong></span> <span class='ocrx_word' id='word_1_66' title='bbox 1664 774 1933 830; x_wconf 88' lang='lat' dir='ltr'><strong>decimam</strong></span> 
     </span>
    </p>
   </div>
   <div class='ocr_carea' id='block_1_9' title="bbox 331 860 1935 935">
    <p class='ocr_par' dir='ltr' id='par_1_9' title="bbox 331 860 1935 935">
     <span class='ocr_line' id='line_1_9' title="bbox 331 860 1935 935; baseline 0 -17"><span class='ocrx_word' id='word_1_67' title='bbox 331 870 543 935; x_wconf 91' lang='lat' dir='ltr'><strong>partem</strong></span> <span class='ocrx_word' id='word_1_68' title='bbox 575 860 699 932; x_wconf 90' lang='lat' dir='ltr'><strong>ephi</strong></span> <span class='ocrx_word' id='word_1_69' title='bbox 731 860 942 926; x_wconf 86' lang='lat' dir='ltr'><strong>simila,</strong></span> <span class='ocrx_word' id='word_1_70' title='bbox 977 860 1102 932; x_wconf 87' lang='lat' dir='ltr'><strong>quia</strong></span> <span class='ocrx_word' id='word_1_71' title='bbox 1133 861 1188 914; x_wconf 90' lang='lat' dir='ltr'><strong>in</strong></span> <span class='ocrx_word' id='word_1_72' title='bbox 1219 877 1314 916; x_wconf 91' lang='lat' dir='ltr'><strong>sua</strong></span> <span class='ocrx_word' id='word_1_73' title='bbox 1361 861 1739 918; x_wconf 87' lang='lat' dir='ltr'><strong>incarnatione</strong></span> <span class='ocrx_word' id='word_1_74' title='bbox 1771 863 1935 918; x_wconf 88' lang='lat' dir='ltr'><strong>Chri-</strong></span> 
     </span>
    </p>
   </div>
   <div class='ocr_carea' id='block_1_10' title="bbox 327 949 1936 1023">
    <p class='ocr_par' dir='ltr' id='par_1_10' title="bbox 327 949 1936 1023">
     <span class='ocr_line' id='line_1_10' title="bbox 327 949 1936 1023; baseline 0.001 -17"><span class='ocrx_word' id='word_1_75' title='bbox 327 958 462 1018; x_wconf 88' lang='lat' dir='ltr'><strong>stus,</strong></span> <span class='ocrx_word' id='word_1_76' title='bbox 497 949 716 1023; x_wconf 84' lang='lat' dir='ltr'><strong>quando</strong></span> <span class='ocrx_word' id='word_1_77' title='bbox 760 949 1062 1004; x_wconf 87' lang='lat' dir='ltr'><strong>humanitas</strong></span> <span class='ocrx_word' id='word_1_78' title='bbox 1102 957 1262 1005; x_wconf 91' lang='lat' dir='ltr'><strong>uncta</strong></span> <span class='ocrx_word' id='word_1_79' title='bbox 1302 958 1384 1005; x_wconf 91' lang='lat' dir='ltr'><strong>est</strong></span> <span class='ocrx_word' id='word_1_80' title='bbox 1414 951 1536 1006; x_wconf 93' lang='lat' dir='ltr'><strong>oleo</strong></span> <span class='ocrx_word' id='word_1_81' title='bbox 1563 951 1761 1008; x_wconf 86' lang='lat' dir='ltr'><strong>latitia</strong></span> <span class='ocrx_word' id='word_1_82' title='bbox 1790 951 1936 1007; x_wconf 91' lang='lat' dir='ltr'><strong>deci-</strong></span> 
     </span>
    </p>
   </div>
   <div class='ocr_carea' id='block_1_11' title="bbox 327 1038 1935 1110">
    <p class='ocr_par' dir='ltr' id='par_1_11' title="bbox 327 1038 1935 1110">
     <span class='ocr_line' id='line_1_11' title="bbox 327 1038 1935 1110; baseline 0.001 -15"><span class='ocrx_word' id='word_1_83' title='bbox 327 1055 474 1095; x_wconf 90' lang='lat' dir='ltr'><strong>mam</strong></span> <span class='ocrx_word' id='word_1_84' title='bbox 519 1046 736 1110; x_wconf 90' lang='lat' dir='ltr'><strong>partem</strong></span> <span class='ocrx_word' id='word_1_85' title='bbox 766 1038 912 1110; x_wconf 91' lang='lat' dir='ltr'><strong>ephi,</strong></span> <span class='ocrx_word' id='word_1_86' title='bbox 958 1055 1080 1110; x_wconf 84' lang='lat' dir='ltr'><strong>qua</strong></span> <span class='ocrx_word' id='word_1_87' title='bbox 1125 1038 1289 1094; x_wconf 88' lang='lat' dir='ltr'><strong>habet</strong></span> <span class='ocrx_word' id='word_1_88' title='bbox 1334 1047 1450 1094; x_wconf 92' lang='lat' dir='ltr'><strong>tres</strong></span> <span class='ocrx_word' id='word_1_89' title='bbox 1497 1041 1730 1107; x_wconf 90' lang='lat' dir='ltr'><strong>modios,</strong></span> <span class='ocrx_word' id='word_1_90' title='bbox 1767 1039 1822 1095; x_wconf 93' lang='lat' dir='ltr'><strong>id</strong></span> <span class='ocrx_word' id='word_1_91' title='bbox 1853 1049 1935 1096; x_wconf 92' lang='lat' dir='ltr'><strong>est</strong></span> 
     </span>
    </p>
   </div>
   <div class='ocr_carea' id='block_1_12' title="bbox 331 1127 1938 1200">
    <p class='ocr_par' dir='ltr' id='par_1_12' title="bbox 331 1127 1938 1200">
     <span class='ocr_line' id='line_1_12' title="bbox 331 1127 1938 1200; baseline 0.001 -17"><span class='ocrx_word' id='word_1_92' title='bbox 331 1127 726 1200; x_wconf 85' lang='lat' dir='ltr'><strong>plenitudinem</strong></span> <span class='ocrx_word' id='word_1_93' title='bbox 745 1127 1014 1182; x_wconf 88' lang='lat' dir='ltr'><strong>bonorum</strong></span> <span class='ocrx_word' id='word_1_94' title='bbox 1036 1143 1262 1198; x_wconf 84' lang='lat' dir='ltr'><strong>Operum</strong></span> <span class='ocrx_word' id='word_1_95' title='bbox 1285 1127 1339 1182; x_wconf 90' lang='lat' dir='ltr'><strong>in</strong></span> <span class='ocrx_word' id='word_1_96' title='bbox 1377 1128 1606 1184; x_wconf 88' lang='lat' dir='ltr'><strong>scientia</strong></span> <span class='ocrx_word' id='word_1_97' title='bbox 1660 1128 1787 1184; x_wconf 88' lang='lat' dir='ltr'><strong>ﬁdei</strong></span> <span class='ocrx_word' id='word_1_98' title='bbox 1813 1147 1938 1185; x_wconf 90' lang='lat' dir='ltr'><strong>san-</strong></span> 
     </span>
    </p>
   </div>
   <div class='ocr_carea' id='block_1_13' title="bbox 331 1215 1937 1282">
    <p class='ocr_par' dir='ltr' id='par_1_13' title="bbox 331 1215 1937 1282">
     <span class='ocr_line' id='line_1_13' title="bbox 331 1215 1937 1282; baseline 0 -8"><span class='ocrx_word' id='word_1_99' title='bbox 331 1226 432 1274; x_wconf 83' lang='lat' dir='ltr'><strong>cta</strong></span> <span class='ocrx_word' id='word_1_100' title='bbox 458 1216 756 1282; x_wconf 85' lang='lat' dir='ltr'><strong>Trinitatis,</strong></span> <span class='ocrx_word' id='word_1_101' title='bbox 792 1215 1044 1272; x_wconf 90' lang='lat' dir='ltr'><strong>fidelibus</strong></span> <span class='ocrx_word' id='word_1_102' title='bbox 1090 1216 1416 1272; x_wconf 86' lang='lat' dir='ltr'><strong>servandam</strong></span> <span class='ocrx_word' id='word_1_103' title='bbox 1433 1217 1728 1272; x_wconf 90' lang='lat' dir='ltr'><strong>constituit.</strong></span> <span class='ocrx_word' id='word_1_104' title='bbox 1767 1241 1788 1267; x_wconf 75' lang='grc' dir='ltr'><strong>(ι</strong></span> <span class='ocrx_word' id='word_1_105' title='bbox 1824 1219 1937 1274; x_wconf 86' lang='lat' dir='ltr'><strong>Me-</strong></span> 
     </span>
    </p>
   </div>
   <div class='ocr_carea' id='block_1_14' title="bbox 329 1305 1935 1380">
    <p class='ocr_par' dir='ltr' id='par_1_14' title="bbox 329 1305 1935 1380">
     <span class='ocr_line' id='line_1_14' title="bbox 329 1305 1935 1380; baseline 0.001 -18"><span class='ocrx_word' id='word_1_106' title='bbox 329 1306 478 1363; x_wconf 89' lang='lat' dir='ltr'><strong>dium</strong></span> <span class='ocrx_word' id='word_1_107' title='bbox 507 1307 626 1376; x_wconf 92' lang='lat' dir='ltr'><strong>ejus</strong></span> <span class='ocrx_word' id='word_1_108' title='bbox 655 1321 816 1361; x_wconf 91' lang='lat' dir='ltr'><strong>mane</strong></span> <span class='ocrx_word' id='word_1_109' title='bbox 847 1313 899 1361; x_wconf 93' lang='lat' dir='ltr'><strong>et</strong></span> <span class='ocrx_word' id='word_1_110' title='bbox 928 1305 1168 1361; x_wconf 90' lang='lat' dir='ltr'><strong>medium</strong></span> <span class='ocrx_word' id='word_1_111' title='bbox 1198 1323 1448 1377; x_wconf 87' lang='lat' dir='ltr'><strong>vespere.</strong></span> <span class='ocrx_word' id='word_1_112' title='bbox 1475 1328 1496 1356; x_wconf 75' lang='grc' dir='ltr'><strong>ιι</strong></span> <span class='ocrx_word' id='word_1_113' title='bbox 1530 1308 1685 1362; x_wconf 89' lang='lat' dir='ltr'><strong>Mane</strong></span> <span class='ocrx_word' id='word_1_114' title='bbox 1714 1308 1935 1380; x_wconf 88' lang='lat' dir='ltr'><strong>quidem</strong></span> 
     </span>
    </p>
   </div>
   <div class='ocr_carea' id='block_1_15' title="bbox 329 1394 1934 1466">
    <p class='ocr_par' dir='ltr' id='par_1_15' title="bbox 329 1394 1934 1466">
     <span class='ocr_line' id='line_1_15' title="bbox 329 1394 1934 1466; baseline 0.001 -16"><span class='ocrx_word' id='word_1_115' title='bbox 329 1403 454 1452; x_wconf 86' lang='lat' dir='ltr'><strong>ante</strong></span> <span class='ocrx_word' id='word_1_116' title='bbox 495 1394 784 1466; x_wconf 87' lang='lat' dir='ltr'><strong>prasidem</strong></span> <span class='ocrx_word' id='word_1_117' title='bbox 829 1395 973 1452; x_wconf 87' lang='lat' dir='ltr'><strong>stetit</strong></span> <span class='ocrx_word' id='word_1_118' title='bbox 1015 1395 1353 1450; x_wconf 89' lang='lat' dir='ltr'><strong>damnandus</strong></span> <span class='ocrx_word' id='word_1_119' title='bbox 1383 1396 1451 1450; x_wconf 93' lang='lat' dir='ltr'><strong>ad</strong></span> <span class='ocrx_word' id='word_1_120' title='bbox 1489 1404 1754 1462; x_wconf 88' lang='lat' dir='ltr'><strong>mortem,</strong></span> <span class='ocrx_word' id='word_1_121' title='bbox 1805 1413 1934 1452; x_wconf 89' lang='lat' dir='ltr'><strong>ves-</strong></span> 
     </span>
    </p>
   </div>
   <div class='ocr_carea' id='block_1_16' title="bbox 324 1485 1937 1556">
    <p class='ocr_par' dir='ltr' id='par_1_16' title="bbox 324 1485 1937 1556">
     <span class='ocr_line' id='line_1_16' title="bbox 324 1485 1937 1556; baseline -0.001 -15"><span class='ocrx_word' id='word_1_122' title='bbox 324 1501 459 1556; x_wconf 87' lang='lat' dir='ltr'><strong>pere</strong></span> <span class='ocrx_word' id='word_1_123' title='bbox 505 1499 676 1551; x_wconf 89' lang='lat' dir='ltr'><strong>vero,</strong></span> <span class='ocrx_word' id='word_1_124' title='bbox 727 1493 1103 1540; x_wconf 89' lang='lat' dir='ltr'><strong>consummata</strong></span> <span class='ocrx_word' id='word_1_125' title='bbox 1164 1485 1458 1554; x_wconf 89' lang='lat' dir='ltr'><strong>passione,</strong></span> <span class='ocrx_word' id='word_1_126' title='bbox 1489 1486 1696 1555; x_wconf 88' lang='lat' dir='ltr'><strong>positus</strong></span> <span class='ocrx_word' id='word_1_127' title='bbox 1760 1493 1842 1540; x_wconf 91' lang='lat' dir='ltr'><strong>est</strong></span> <span class='ocrx_word' id='word_1_128' title='bbox 1881 1485 1937 1540; x_wconf 90' lang='lat' dir='ltr'><strong>in</strong></span> 
     </span>
    </p>
   </div>
   <div class='ocr_carea' id='block_1_17' title="bbox 325 1571 1936 1646">
    <p class='ocr_par' dir='ltr' id='par_1_17' title="bbox 325 1571 1936 1646">
     <span class='ocr_line' id='line_1_17' title="bbox 325 1571 1936 1646; baseline -0.001 -16"><span class='ocrx_word' id='word_1_129' title='bbox 325 1573 660 1646; x_wconf 87' lang='lat' dir='ltr'><strong>sepulcrum.</strong></span> <span class='ocrx_word' id='word_1_130' title='bbox 696 1571 830 1640; x_wconf 79' lang='lat' dir='ltr'><strong>Qua</strong></span> <span class='ocrx_word' id='word_1_131' title='bbox 877 1572 1054 1628; x_wconf 90' lang='lat' dir='ltr'><strong>simila</strong></span> <span class='ocrx_word' id='word_1_132' title='bbox 1097 1572 1220 1628; x_wconf 92' lang='lat' dir='ltr'><strong>oleo</strong></span> <span class='ocrx_word' id='word_1_133' title='bbox 1251 1588 1549 1644; x_wconf 89' lang='lat' dir='ltr'><strong>conspersa</strong></span> <span class='ocrx_word' id='word_1_134' title='bbox 1579 1574 1633 1628; x_wconf 89' lang='lat' dir='ltr'><strong>in</strong></span> <span class='ocrx_word' id='word_1_135' title='bbox 1664 1574 1936 1644; x_wconf 77' lang='lat' dir='ltr'><strong>sartagine</strong></span> 
     </span>
    </p>
   </div>
   <div class='ocr_carea' id='block_1_18' title="bbox 322 1660 1938 1736">
    <p class='ocr_par' dir='ltr' id='par_1_18' title="bbox 322 1660 1938 1736">
     <span class='ocr_line' id='line_1_18' title="bbox 322 1660 1938 1736; baseline 0.001 -19"><span class='ocrx_word' id='word_1_136' title='bbox 322 1663 554 1736; x_wconf 88' lang='lat' dir='ltr'><strong>frigetur</strong></span> <span class='ocrx_word' id='word_1_137' title='bbox 587 1669 642 1717; x_wconf 88' lang='lat' dir='ltr'><strong>et</strong></span> <span class='ocrx_word' id='word_1_138' title='bbox 671 1661 851 1718; x_wconf 87' lang='lat' dir='ltr'><strong>calida</strong></span> <span class='ocrx_word' id='word_1_139' title='bbox 879 1660 1122 1728; x_wconf 68' lang='lat' dir='ltr'><strong>offertur,</strong></span> <span class='ocrx_word' id='word_1_140' title='bbox 1173 1661 1297 1733; x_wconf 90' lang='lat' dir='ltr'><strong>quia</strong></span> <span class='ocrx_word' id='word_1_141' title='bbox 1327 1662 1512 1732; x_wconf 89' lang='lat' dir='ltr'><strong>passio</strong></span> <span class='ocrx_word' id='word_1_142' title='bbox 1544 1662 1742 1717; x_wconf 88' lang='lat' dir='ltr'><strong>Christi</strong></span> <span class='ocrx_word' id='word_1_143' title='bbox 1774 1677 1938 1734; x_wconf 90' lang='lat' dir='ltr'><strong>prop-</strong></span> 
     </span>
    </p>
   </div>
   <div class='ocr_carea' id='block_1_19' title="bbox 2036 526 3658 601">
    <p class='ocr_par' dir='ltr' id='par_1_19' title="bbox 2036 526 3658 601">
     <span class='ocr_line' id='line_1_19' title="bbox 2036 526 3658 601; baseline 0.003 -21"><span class='ocrx_word' id='word_1_144' title='bbox 2036 526 2262 591; x_wconf 86' lang='lat' dir='ltr'><strong>edetur,</strong></span> <span class='ocrx_word' id='word_1_145' title='bbox 2297 527 2394 582; x_wconf 90' lang='lat' dir='ltr'><strong>sed</strong></span> <span class='ocrx_word' id='word_1_146' title='bbox 2440 527 2553 598; x_wconf 82' lang='lat' dir='ltr'><strong>igni</strong></span> <span class='ocrx_word' id='word_1_147' title='bbox 2611 528 2977 584; x_wconf 90' lang='lat' dir='ltr'><strong>comburetur.</strong></span> <span class='ocrx_word' id='word_1_148' title='bbox 3016 551 3038 578; x_wconf 71' lang='grc' dir='ltr'><strong><em>ιο</em></strong></span> <span class='ocrx_word' id='word_1_149' title='bbox 3072 528 3207 584; x_wconf 92' lang='lat' dir='ltr'><strong>Cum</strong></span> <span class='ocrx_word' id='word_1_150' title='bbox 3252 529 3502 584; x_wconf 88' lang='lat' dir='ltr'><strong>Christus</strong></span> <span class='ocrx_word' id='word_1_151' title='bbox 3548 546 3658 601; x_wconf 90' lang='lat' dir='ltr'><strong>pro</strong></span> 
     </span>
    </p>
   </div>
   <div class='ocr_carea' id='block_1_20' title="bbox 2034 614 3660 688">
    <p class='ocr_par' dir='ltr' id='par_1_20' title="bbox 2034 614 3660 688">
     <span class='ocr_line' id='line_1_20' title="bbox 2034 614 3660 688; baseline 0.002 -19"><span class='ocrx_word' id='word_1_152' title='bbox 2034 615 2272 685; x_wconf 86' lang='lat' dir='ltr'><strong>peccatis</strong></span> <span class='ocrx_word' id='word_1_153' title='bbox 2303 615 2507 670; x_wconf 88' lang='lat' dir='ltr'><strong>nostris</strong></span> <span class='ocrx_word' id='word_1_154' title='bbox 2553 614 2621 670; x_wconf 92' lang='lat' dir='ltr'><strong>sit</strong></span> <span class='ocrx_word' id='word_1_155' title='bbox 2665 633 2883 688; x_wconf 91' lang='lat' dir='ltr'><strong>passus,</strong></span> <span class='ocrx_word' id='word_1_156' title='bbox 2926 633 3035 673; x_wconf 88' lang='lat' dir='ltr'><strong>non</strong></span> <span class='ocrx_word' id='word_1_157' title='bbox 3067 617 3230 672; x_wconf 92' lang='lat' dir='ltr'><strong>debet</strong></span> <span class='ocrx_word' id='word_1_158' title='bbox 3257 618 3512 673; x_wconf 88' lang='lat' dir='ltr'><strong>dentibus</strong></span> <span class='ocrx_word' id='word_1_159' title='bbox 3543 618 3660 673; x_wconf 89' lang='lat' dir='ltr'><strong>mi-</strong></span> 
     </span>
    </p>
   </div>
   <div class='ocr_carea' id='block_1_21' title="bbox 2037 703 3654 778">
    <p class='ocr_par' dir='ltr' id='par_1_21' title="bbox 2037 703 3654 778">
     <span class='ocr_line' id='line_1_21' title="bbox 2037 703 3654 778; baseline 0.003 -21"><span class='ocrx_word' id='word_1_160' title='bbox 2037 703 2145 770; x_wconf 90' lang='lat' dir='ltr'><strong>nui,</strong></span> <span class='ocrx_word' id='word_1_161' title='bbox 2181 712 2236 758; x_wconf 92' lang='lat' dir='ltr'><strong>ut</strong></span> <span class='ocrx_word' id='word_1_162' title='bbox 2263 703 2521 759; x_wconf 87' lang='lat' dir='ltr'><strong>videlicet</strong></span> <span class='ocrx_word' id='word_1_163' title='bbox 2565 721 2664 775; x_wconf 92' lang='lat' dir='ltr'><strong>pro</strong></span> <span class='ocrx_word' id='word_1_164' title='bbox 2714 706 2828 760; x_wconf 92' lang='lat' dir='ltr'><strong>suis</strong></span> <span class='ocrx_word' id='word_1_165' title='bbox 2853 715 3097 762; x_wconf 87' lang='lat' dir='ltr'><strong>mortuus</strong></span> <span class='ocrx_word' id='word_1_166' title='bbox 3143 706 3353 762; x_wconf 88' lang='lat' dir='ltr'><strong>dicatur</strong></span> <span class='ocrx_word' id='word_1_167' title='bbox 3381 708 3654 778; x_wconf 84' lang='lat' dir='ltr'><strong>peccatis,</strong></span> 
     </span>
    </p>
   </div>
   <div class='ocr_carea' id='block_1_22' title="bbox 2039 792 3659 863">
    <p class='ocr_par' dir='ltr' id='par_1_22' title="bbox 2039 792 3659 863">
     <span class='ocr_line' id='line_1_22' title="bbox 2039 792 3659 863; baseline 0.004 -20"><span class='ocrx_word' id='word_1_168' title='bbox 2039 813 2061 843; x_wconf 69' lang='grc' dir='ltr'><strong>α</strong></span> <span class='ocrx_word' id='word_1_169' title='bbox 2088 792 2211 863; x_wconf 90' lang='lat' dir='ltr'><strong>quia</strong></span> <span class='ocrx_word' id='word_1_170' title='bbox 2241 801 2522 863; x_wconf 87' lang='lat' dir='ltr'><strong>peccatum</strong></span> <span class='ocrx_word' id='word_1_171' title='bbox 2552 809 2658 848; x_wconf 90' lang='lat' dir='ltr'><strong>non</strong></span> <span class='ocrx_word' id='word_1_172' title='bbox 2693 793 2840 861; x_wconf 88' lang='lat' dir='ltr'><strong>fecit,</strong></span> <span class='ocrx_word' id='word_1_173' title='bbox 2875 811 2977 850; x_wconf 91' lang='lat' dir='ltr'><strong>nec</strong></span> <span class='ocrx_word' id='word_1_174' title='bbox 3003 795 3257 850; x_wconf 87' lang='lat' dir='ltr'><strong>inventus</strong></span> <span class='ocrx_word' id='word_1_175' title='bbox 3289 803 3372 851; x_wconf 91' lang='lat' dir='ltr'><strong>est</strong></span> <span class='ocrx_word' id='word_1_176' title='bbox 3402 796 3566 850; x_wconf 90' lang='lat' dir='ltr'><strong>dolus</strong></span> <span class='ocrx_word' id='word_1_177' title='bbox 3600 796 3659 850; x_wconf 91' lang='lat' dir='ltr'><strong>in</strong></span> 
     </span>
    </p>
   </div>
   <div class='ocr_carea' id='block_1_23' title="bbox 2035 881 3658 954">
    <p class='ocr_par' dir='ltr' id='par_1_23' title="bbox 2035 881 3658 954">
     <span class='ocr_line' id='line_1_23' title="bbox 2035 881 3658 954; baseline 0.002 -18"><span class='ocrx_word' id='word_1_178' title='bbox 2035 897 2132 936; x_wconf 92' lang='lat' dir='ltr'><strong>ore</strong></span> <span class='ocrx_word' id='word_1_179' title='bbox 2164 881 2282 950; x_wconf 89' lang='lat' dir='ltr'><strong>ejus</strong></span> <span class='ocrx_word' id='word_1_180' title='bbox 2303 883 2352 952; x_wconf 93' lang='lat' dir='ltr'><strong>(I</strong></span> <span class='ocrx_word' id='word_1_181' title='bbox 2365 883 2580 952; x_wconf 85' lang='lat' dir='ltr'><strong>Pet.n),</strong></span> <span class='ocrx_word' id='word_1_182' title='bbox 2618 905 2638 930; x_wconf 76' lang='grc' dir='ltr'><strong><em>υ</em></strong></span> <span class='ocrx_word' id='word_1_183' title='bbox 2662 883 2760 938; x_wconf 92' lang='lat' dir='ltr'><strong>sed</strong></span> <span class='ocrx_word' id='word_1_184' title='bbox 2781 884 3024 940; x_wconf 86' lang='lat' dir='ltr'><strong>scientia</strong></span> <span class='ocrx_word' id='word_1_185' title='bbox 3041 883 3214 939; x_wconf 89' lang='lat' dir='ltr'><strong>sancti</strong></span> <span class='ocrx_word' id='word_1_186' title='bbox 3231 884 3468 954; x_wconf 90' lang='lat' dir='ltr'><strong>Spiritus</strong></span> <span class='ocrx_word' id='word_1_187' title='bbox 3492 900 3658 940; x_wconf 86' lang='lat' dir='ltr'><strong>com-</strong></span> 
     </span>
    </p>
   </div>
   <div class='ocr_carea' id='block_1_24' title="bbox 2034 969 3656 1044">
    <p class='ocr_par' dir='ltr' id='par_1_24' title="bbox 2034 969 3656 1044">
     <span class='ocr_line' id='line_1_24' title="bbox 2034 969 3656 1044; baseline 0.004 -20"><span class='ocrx_word' id='word_1_188' title='bbox 2034 969 2401 1025; x_wconf 88' lang='lat' dir='ltr'><strong>mendandum</strong></span> <span class='ocrx_word' id='word_1_189' title='bbox 2447 979 2527 1025; x_wconf 87' lang='lat' dir='ltr'><strong>est</strong></span> <span class='ocrx_word' id='word_1_190' title='bbox 2571 970 2702 1026; x_wconf 91' lang='lat' dir='ltr'><strong>illud</strong></span> <span class='ocrx_word' id='word_1_191' title='bbox 2746 972 3062 1044; x_wconf 85' lang='lat' dir='ltr'><strong>mysterium</strong></span> <span class='ocrx_word' id='word_1_192' title='bbox 3109 980 3164 1029; x_wconf 88' lang='lat' dir='ltr'><strong>et</strong></span> <span class='ocrx_word' id='word_1_193' title='bbox 3209 970 3315 1029; x_wconf 85' lang='lat' dir='ltr'><strong>ﬁde</strong></span> <span class='ocrx_word' id='word_1_194' title='bbox 3345 973 3509 1044; x_wconf 88' lang='lat' dir='ltr'><strong>plena</strong></span> <span class='ocrx_word' id='word_1_195' title='bbox 3542 973 3656 1030; x_wconf 89' lang='lat' dir='ltr'><strong>lau-</strong></span> 
     </span>
    </p>
   </div>
   <div class='ocr_carea' id='block_1_25' title="bbox 2036 1059 2702 1116">
    <p class='ocr_par' dir='ltr' id='par_1_25' title="bbox 2036 1059 2702 1116">
     <span class='ocr_line' id='line_1_25' title="bbox 2036 1059 2702 1116; baseline 0.003 -2"><span class='ocrx_word' id='word_1_196' title='bbox 2036 1059 2286 1114; x_wconf 89' lang='lat' dir='ltr'><strong>dabiliter</strong></span> <span class='ocrx_word' id='word_1_197' title='bbox 2315 1059 2702 1116; x_wconf 86' lang='lat' dir='ltr'><strong>exhibendum.</strong></span> 
     </span>
    </p>
   </div>
   <div class='ocr_carea' id='block_1_26' title="bbox 2623 1249 2993 1306">
    <p class='ocr_par' dir='ltr' id='par_1_26' title="bbox 2623 1249 2993 1306">
     <span class='ocr_line' id='line_1_26' title="bbox 2623 1249 2993 1306; baseline -0.005 0"><span class='ocrx_word' id='word_1_198' title='bbox 2623 1249 2848 1306; x_wconf 81' lang='lat' dir='ltr'>CAPUT</span> <span class='ocrx_word' id='word_1_199' title='bbox 2878 1249 2993 1305; x_wconf 86' lang='lat' dir='ltr'><strong>VII.</strong></span> 
     </span>
    </p>
   </div>
   <div class='ocr_carea' id='block_1_27' title="bbox 2143 1391 3651 1466">
    <p class='ocr_par' dir='ltr' id='par_1_27' title="bbox 2143 1391 3651 1466">
     <span class='ocr_line' id='line_1_27' title="bbox 2143 1391 3651 1466; baseline 0.003 -18"><span class='ocrx_word' id='word_1_200' title='bbox 2143 1414 2163 1442; x_wconf 76' lang='grc' dir='ltr'><strong>α</strong></span> <span class='ocrx_word' id='word_1_201' title='bbox 2200 1391 2329 1448; x_wconf 87' lang='lat' dir='ltr'><strong>Hac</strong></span> <span class='ocrx_word' id='word_1_202' title='bbox 2352 1409 2572 1466; x_wconf 91' lang='lat' dir='ltr'><strong>quoque</strong></span> <span class='ocrx_word' id='word_1_203' title='bbox 2602 1401 2685 1450; x_wconf 92' lang='lat' dir='ltr'><strong>est</strong></span> <span class='ocrx_word' id='word_1_204' title='bbox 2712 1393 2798 1449; x_wconf 84' lang='lat' dir='ltr'><strong>lex</strong></span> <span class='ocrx_word' id='word_1_205' title='bbox 2830 1393 3020 1450; x_wconf 85' lang='lat' dir='ltr'><strong>hostia</strong></span> <span class='ocrx_word' id='word_1_206' title='bbox 3049 1409 3150 1466; x_wconf 91' lang='lat' dir='ltr'><strong>pro</strong></span> <span class='ocrx_word' id='word_1_207' title='bbox 3178 1394 3396 1452; x_wconf 91' lang='lat' dir='ltr'><strong>delicto.</strong></span> <span class='ocrx_word' id='word_1_208' title='bbox 3437 1418 3459 1445; x_wconf 77' lang='grc' dir='ltr'><strong><em>ιο</em></strong></span> <span class='ocrx_word' id='word_1_209' title='bbox 3493 1395 3651 1452; x_wconf 89' lang='lat' dir='ltr'><strong>Deli-</strong></span> 
     </span>
    </p>
   </div>
   <div class='ocr_carea' id='block_1_28' title="bbox 2036 1481 3648 1556">
    <p class='ocr_par' dir='ltr' id='par_1_28' title="bbox 2036 1481 3648 1556">
     <span class='ocr_line' id='line_1_28' title="bbox 2036 1481 3648 1556; baseline 0.003 -21"><span class='ocrx_word' id='word_1_210' title='bbox 2036 1489 2178 1536; x_wconf 91' lang='lat' dir='ltr'><strong>ctum</strong></span> <span class='ocrx_word' id='word_1_211' title='bbox 2203 1489 2382 1553; x_wconf 88' lang='lat' dir='ltr'><strong>potest</strong></span> <span class='ocrx_word' id='word_1_212' title='bbox 2425 1482 2569 1554; x_wconf 91' lang='lat' dir='ltr'><strong>quod</strong></span> <span class='ocrx_word' id='word_1_213' title='bbox 2613 1483 2668 1537; x_wconf 93' lang='lat' dir='ltr'><strong>in</strong></span> <span class='ocrx_word' id='word_1_214' title='bbox 2715 1481 2912 1538; x_wconf 83' lang='lat' dir='ltr'><strong>divinis</strong></span> <span class='ocrx_word' id='word_1_215' title='bbox 2942 1483 3109 1538; x_wconf 91' lang='lat' dir='ltr'><strong>rebus</strong></span> <span class='ocrx_word' id='word_1_216' title='bbox 3133 1483 3468 1556; x_wconf 88' lang='lat' dir='ltr'><strong>delinquitur</strong></span> <span class='ocrx_word' id='word_1_217' title='bbox 3493 1501 3648 1540; x_wconf 86' lang='lat' dir='ltr'><strong>nun-</strong></span> 
     </span>
    </p>
   </div>
   <div class='ocr_carea' id='block_1_29' title="bbox 2038 1570 3649 1641">
    <p class='ocr_par' dir='ltr' id='par_1_29' title="bbox 2038 1570 3649 1641">
     <span class='ocr_line' id='line_1_29' title="bbox 2038 1570 3649 1641; baseline 0.002 -16"><span class='ocrx_word' id='word_1_218' title='bbox 2038 1570 2247 1641; x_wconf 91' lang='lat' dir='ltr'><strong>cupari,</strong></span> <span class='ocrx_word' id='word_1_219' title='bbox 2281 1578 2563 1641; x_wconf 90' lang='lat' dir='ltr'><strong>peccatum</strong></span> <span class='ocrx_word' id='word_1_220' title='bbox 2610 1587 2738 1626; x_wconf 92' lang='lat' dir='ltr'><strong>vero</strong></span> <span class='ocrx_word' id='word_1_221' title='bbox 2781 1580 2971 1627; x_wconf 91' lang='lat' dir='ltr'><strong>contra</strong></span> <span class='ocrx_word' id='word_1_222' title='bbox 3014 1572 3286 1628; x_wconf 92' lang='lat' dir='ltr'><strong>homines.</strong></span> <span class='ocrx_word' id='word_1_223' title='bbox 3320 1573 3516 1629; x_wconf 89' lang='lat' dir='ltr'><strong>Delicti</strong></span> <span class='ocrx_word' id='word_1_224' title='bbox 3547 1588 3649 1629; x_wconf 85' lang='lat' dir='ltr'><strong>au-</strong></span> 
     </span>
    </p>
   </div>
   <div class='ocr_carea' id='block_1_30' title="bbox 2039 1659 3649 1734">
    <p class='ocr_par' dir='ltr' id='par_1_30' title="bbox 2039 1659 3649 1734">
     <span class='ocr_line' id='line_1_30' title="bbox 2039 1659 3649 1734; baseline 0.002 -21"><span class='ocrx_word' id='word_1_225' title='bbox 2039 1668 2146 1714; x_wconf 90' lang='lat' dir='ltr'><strong>tem</strong></span> <span class='ocrx_word' id='word_1_226' title='bbox 2181 1659 2479 1715; x_wconf 92' lang='lat' dir='ltr'><strong>remedium</strong></span> <span class='ocrx_word' id='word_1_227' title='bbox 2505 1659 2828 1730; x_wconf 88' lang='lat' dir='ltr'><strong>perfectioni</strong></span> <span class='ocrx_word' id='word_1_228' title='bbox 2857 1677 2921 1716; x_wconf 86' lang='lat' dir='ltr'><strong>ex</strong></span> <span class='ocrx_word' id='word_1_229' title='bbox 2951 1661 3165 1734; x_wconf 86' lang='lat' dir='ltr'><strong>integro</strong></span> <span class='ocrx_word' id='word_1_230' title='bbox 3195 1661 3518 1718; x_wconf 90' lang='lat' dir='ltr'><strong>devotorum</strong></span> <span class='ocrx_word' id='word_1_231' title='bbox 3545 1679 3649 1734; x_wconf 89' lang='lat' dir='ltr'><strong>per</strong></span> 
     </span>
    </p>
   </div>
   <div class='ocr_carea' id='block_1_31' title="bbox 322 1748 3648 1837">
    <p class='ocr_par' dir='ltr' id='par_1_31' title="bbox 322 1748 3648 1837">
     <span class='ocr_line' id='line_1_31' title="bbox 322 1748 3648 1837; baseline -0.001 -29"><span class='ocrx_word' id='word_1_232' title='bbox 322 1759 408 1808; x_wconf 87' lang='lat' dir='ltr'><strong>ter</strong></span> <span class='ocrx_word' id='word_1_233' title='bbox 435 1751 665 1807; x_wconf 90' lang='lat' dir='ltr'><strong>nimiam</strong></span> <span class='ocrx_word' id='word_1_234' title='bbox 716 1750 1038 1806; x_wconf 86' lang='lat' dir='ltr'><strong>charitatem</strong></span> <span class='ocrx_word' id='word_1_235' title='bbox 1070 1766 1178 1822; x_wconf 90' lang='lat' dir='ltr'><strong>qua</strong></span> <span class='ocrx_word' id='word_1_236' title='bbox 1207 1750 1393 1806; x_wconf 88' lang='lat' dir='ltr'><strong>dilexit</strong></span> <span class='ocrx_word' id='word_1_237' title='bbox 1421 1752 1570 1806; x_wconf 90' lang='lat' dir='ltr'><strong>Deus</strong></span> <span class='ocrx_word' id='word_1_238' title='bbox 1601 1751 1861 1806; x_wconf 90' lang='lat' dir='ltr'><strong>mundum</strong></span> <span class='ocrx_word' id='word_1_239' title='bbox 1879 1752 1934 1806; x_wconf 87' lang='lat' dir='ltr'><strong>in</strong></span> <span class='ocrx_word' id='word_1_240' title='bbox 1966 1777 2019 1837; x_wconf 85' lang='lat' dir='ltr'><strong>B</strong></span> <span class='ocrx_word' id='word_1_241' title='bbox 2038 1763 2221 1804; x_wconf 87' lang='lat' dir='ltr'><strong>veram</strong></span> <span class='ocrx_word' id='word_1_242' title='bbox 2278 1748 2656 1820; x_wconf 80' lang='lat' dir='ltr'><strong>panitentiam</strong></span> <span class='ocrx_word' id='word_1_243' title='bbox 2727 1749 3036 1821; x_wconf 89' lang='lat' dir='ltr'><strong>acquiritur.</strong></span> <span class='ocrx_word' id='word_1_244' title='bbox 3096 1750 3374 1806; x_wconf 89' lang='lat' dir='ltr'><strong>Fundetur</strong></span> <span class='ocrx_word' id='word_1_245' title='bbox 3418 1751 3648 1822; x_wconf 84' lang='lat' dir='ltr'><strong>sanguis</strong></span> 
     </span>
    </p>
   </div>
   <div class='ocr_carea' id='block_1_32' title="bbox 327 1838 1932 1912">
    <p class='ocr_par' dir='ltr' id='par_1_32' title="bbox 327 1838 1932 1912">
     <span class='ocr_line' id='line_1_32' title="bbox 327 1838 1932 1912; baseline -0.001 -14"><span class='ocrx_word' id='word_1_246' title='bbox 327 1857 490 1898; x_wconf 90' lang='lat' dir='ltr'><strong>cruce</strong></span> <span class='ocrx_word' id='word_1_247' title='bbox 519 1847 736 1912; x_wconf 90' lang='lat' dir='ltr'><strong>peracta</strong></span> <span class='ocrx_word' id='word_1_248' title='bbox 769 1847 871 1894; x_wconf 90' lang='lat' dir='ltr'><strong>est.</strong></span> <span class='ocrx_word' id='word_1_249' title='bbox 897 1838 1054 1907; x_wconf 85' lang='lat' dir='ltr'><strong>Quod</strong></span> <span class='ocrx_word' id='word_1_250' title='bbox 1083 1839 1257 1894; x_wconf 89' lang='lat' dir='ltr'><strong>calida</strong></span> <span class='ocrx_word' id='word_1_251' title='bbox 1295 1862 1315 1889; x_wconf 83' lang='lat'><strong><em>«</em></strong></span> <span class='ocrx_word' id='word_1_252' title='bbox 1357 1838 1586 1895; x_wconf 72' lang='lat' dir='ltr'><strong>offertur</strong></span> <span class='ocrx_word' id='word_1_253' title='bbox 1614 1840 1668 1894; x_wconf 91' lang='lat' dir='ltr'><strong>in</strong></span> <span class='ocrx_word' id='word_1_254' title='bbox 1708 1841 1932 1896; x_wconf 90' lang='lat' dir='ltr'><strong>odorem</strong></span> 
     </span>
    </p>
   </div>
   <div class='ocr_carea' id='block_1_33' title="bbox 334 1928 1935 2000">
    <p class='ocr_par' dir='ltr' id='par_1_33' title="bbox 334 1928 1935 2000">
     <span class='ocr_line' id='line_1_33' title="bbox 334 1928 1935 2000; baseline -0.001 -14"><span class='ocrx_word' id='word_1_255' title='bbox 334 1929 720 1986; x_wconf 84' lang='lat' dir='ltr'><strong>suavissimum</strong></span> <span class='ocrx_word' id='word_1_256' title='bbox 769 1928 1022 1995; x_wconf 90' lang='lat' dir='ltr'><strong>Domino,</strong></span> <span class='ocrx_word' id='word_1_257' title='bbox 1061 1950 1082 1976; x_wconf 71' lang='grc' dir='ltr'><strong>υ</strong></span> <span class='ocrx_word' id='word_1_258' title='bbox 1119 1928 1175 1982; x_wconf 91' lang='lat' dir='ltr'><strong>id</strong></span> <span class='ocrx_word' id='word_1_259' title='bbox 1216 1928 1455 1984; x_wconf 89' lang='lat' dir='ltr'><strong>ostendit</strong></span> <span class='ocrx_word' id='word_1_260' title='bbox 1500 1929 1645 2000; x_wconf 91' lang='lat' dir='ltr'><strong>quod</strong></span> <span class='ocrx_word' id='word_1_261' title='bbox 1691 1945 1791 2000; x_wconf 92' lang='lat' dir='ltr'><strong>pro</strong></span> <span class='ocrx_word' id='word_1_262' title='bbox 1829 1946 1935 1986; x_wconf 89' lang='lat' dir='ltr'><strong>no-</strong></span> 
     </span>
    </p>
   </div>
   <div class='ocr_carea' id='block_1_34' title="bbox 329 2013 1937 2090">
    <p class='ocr_par' dir='ltr' id='par_1_34' title="bbox 329 2013 1937 2090">
     <span class='ocr_line' id='line_1_34' title="bbox 329 2013 1937 2090; baseline -0.001 -15"><span class='ocrx_word' id='word_1_263' title='bbox 329 2027 445 2076; x_wconf 87' lang='lat' dir='ltr'><strong>stra</strong></span> <span class='ocrx_word' id='word_1_264' title='bbox 492 2033 691 2090; x_wconf 89' lang='lat' dir='ltr'><strong>passus</strong></span> <span class='ocrx_word' id='word_1_265' title='bbox 744 2016 1061 2081; x_wconf 89' lang='lat' dir='ltr'><strong>dilectione,</strong></span> <span class='ocrx_word' id='word_1_266' title='bbox 1115 2039 1136 2065; x_wconf 78' lang='grc' dir='ltr'><strong><em>α</em></strong></span> <span class='ocrx_word' id='word_1_267' title='bbox 1171 2032 1314 2072; x_wconf 92' lang='lat' dir='ltr'><strong>nunc</strong></span> <span class='ocrx_word' id='word_1_268' title='bbox 1358 2026 1581 2088; x_wconf 90' lang='lat' dir='ltr'><strong>apparet</strong></span> <span class='ocrx_word' id='word_1_269' title='bbox 1622 2018 1792 2073; x_wconf 89' lang='lat' dir='ltr'><strong>vultui</strong></span> <span class='ocrx_word' id='word_1_270' title='bbox 1835 2013 1937 2074; x_wconf 83' lang='lat' dir='ltr'><strong>Dei</strong></span> 
     </span>
    </p>
   </div>
   <div class='ocr_carea' id='block_1_35' title="bbox 340 2105 1928 2180">
    <p class='ocr_par' dir='ltr' id='par_1_35' title="bbox 340 2105 1928 2180">
     <span class='ocr_line' id='line_1_35' title="bbox 340 2105 1928 2180; baseline -0.005 -16"><span class='ocrx_word' id='word_1_271' title='bbox 340 2123 444 2180; x_wconf 91' lang='lat' dir='ltr'><strong>pro</strong></span> <span class='ocrx_word' id='word_1_272' title='bbox 472 2107 652 2173; x_wconf 88' lang='lat' dir='ltr'><strong>nobis,</strong></span> <span class='ocrx_word' id='word_1_273' title='bbox 701 2114 759 2160; x_wconf 93' lang='lat' dir='ltr'><strong>ut</strong></span> <span class='ocrx_word' id='word_1_274' title='bbox 814 2105 880 2159; x_wconf 92' lang='lat' dir='ltr'><strong>sit</strong></span> <span class='ocrx_word' id='word_1_275' title='bbox 935 2105 1246 2176; x_wconf 92' lang='lat' dir='ltr'><strong>propitiatio</strong></span> <span class='ocrx_word' id='word_1_276' title='bbox 1303 2114 1488 2161; x_wconf 91' lang='lat' dir='ltr'><strong>nostra</strong></span> <span class='ocrx_word' id='word_1_277' title='bbox 1535 2107 1716 2176; x_wconf 84' lang='lat' dir='ltr'><strong>(Hebr.</strong></span> <span class='ocrx_word' id='word_1_278' title='bbox 1763 2108 1867 2178; x_wconf 72' lang='grc' dir='ltr'><strong>ιχ).</strong></span> <span class='ocrx_word' id='word_1_279' title='bbox 1906 2129 1928 2156; x_wconf 78' lang='grc' dir='ltr'><strong>ιι</strong></span> 
     </span>
    </p>
   </div>
   <div class='ocr_carea' id='block_1_36' title="bbox 332 2206 1934 2279">
    <p class='ocr_par' dir='ltr' id='par_1_36' title="bbox 332 2206 1934 2279">
     <span class='ocr_line' id='line_1_36' title="bbox 332 2206 1934 2279; baseline -0.001 -13"><span class='ocrx_word' id='word_1_280' title='bbox 332 2233 353 2261; x_wconf 76' lang='grc' dir='ltr'>ι</span> <span class='ocrx_word' id='word_1_281' title='bbox 399 2209 669 2266; x_wconf 90' lang='lat' dir='ltr'><strong>Sacerdos</strong></span> <span class='ocrx_word' id='word_1_282' title='bbox 718 2206 808 2279; x_wconf 90' lang='lat' dir='ltr'><strong>qui</strong></span> <span class='ocrx_word' id='word_1_283' title='bbox 865 2206 1004 2278; x_wconf 87' lang='lat' dir='ltr'><strong>patri</strong></span> <span class='ocrx_word' id='word_1_284' title='bbox 1059 2207 1182 2276; x_wconf 91' lang='lat' dir='ltr'><strong>jure</strong></span> <span class='ocrx_word' id='word_1_285' title='bbox 1228 2207 1571 2263; x_wconf 89' lang='lat' dir='ltr'><strong>successerit.</strong></span> <span class='ocrx_word' id='word_1_286' title='bbox 1627 2229 1648 2256; x_wconf 76' lang='grc' dir='ltr'><strong>ι»</strong></span> <span class='ocrx_word' id='word_1_287' title='bbox 1685 2209 1934 2264; x_wconf 88' lang='lat' dir='ltr'><strong>Christus</strong></span> 
     </span>
    </p>
   </div>
   <div class='ocr_carea' id='block_1_37' title="bbox 325 2294 1933 2368">
    <p class='ocr_par' dir='ltr' id='par_1_37' title="bbox 325 2294 1933 2368">
     <span class='ocr_line' id='line_1_37' title="bbox 325 2294 1933 2368; baseline -0.001 -14"><span class='ocrx_word' id='word_1_288' title='bbox 325 2298 598 2356; x_wconf 90' lang='lat' dir='ltr'><strong>successit</strong></span> <span class='ocrx_word' id='word_1_289' title='bbox 624 2294 904 2368; x_wconf 87' lang='lat' dir='ltr'><strong>pontiﬁcio</strong></span> <span class='ocrx_word' id='word_1_290' title='bbox 933 2295 1116 2366; x_wconf 85' lang='lat' dir='ltr'><strong>legali,</strong></span> <span class='ocrx_word' id='word_1_291' title='bbox 1151 2303 1205 2352; x_wconf 89' lang='lat' dir='ltr'><strong>et</strong></span> <span class='ocrx_word' id='word_1_292' title='bbox 1230 2297 1547 2368; x_wconf 86' lang='lat' dir='ltr'><strong>evangelica</strong></span> <span class='ocrx_word' id='word_1_293' title='bbox 1597 2306 1933 2353; x_wconf 89' lang='lat' dir='ltr'><strong>sacramenta</strong></span> 
     </span>
    </p>
   </div>
   <div class='ocr_carea' id='block_1_38' title="bbox 2039 1836 3647 1910">
    <p class='ocr_par' dir='ltr' id='par_1_38' title="bbox 2039 1836 3647 1910">
     <span class='ocr_line' id='line_1_38' title="bbox 2039 1836 3647 1910; baseline 0.002 -19"><span class='ocrx_word' id='word_1_294' title='bbox 2039 1836 2155 1905; x_wconf 88' lang='lat' dir='ltr'><strong>ejus</strong></span> <span class='ocrx_word' id='word_1_295' title='bbox 2183 1853 2284 1908; x_wconf 93' lang='lat' dir='ltr'><strong>per</strong></span> <span class='ocrx_word' id='word_1_296' title='bbox 2327 1854 2522 1910; x_wconf 87' lang='lat' dir='ltr'><strong>gyrum</strong></span> <span class='ocrx_word' id='word_1_297' title='bbox 2557 1837 2761 1907; x_wconf 91' lang='lat' dir='ltr'><strong>altaris,</strong></span> <span class='ocrx_word' id='word_1_298' title='bbox 2794 1845 2852 1892; x_wconf 91' lang='lat' dir='ltr'><strong>ut</strong></span> <span class='ocrx_word' id='word_1_299' title='bbox 2879 1838 2986 1894; x_wconf 90' lang='lat' dir='ltr'><strong>vita</strong></span> <span class='ocrx_word' id='word_1_300' title='bbox 3039 1838 3157 1906; x_wconf 89' lang='lat' dir='ltr'><strong>ejus</strong></span> <span class='ocrx_word' id='word_1_301' title='bbox 3185 1839 3253 1893; x_wconf 89' lang='lat' dir='ltr'><strong>ad</strong></span> <span class='ocrx_word' id='word_1_302' title='bbox 3284 1839 3647 1895; x_wconf 86' lang='lat' dir='ltr'><strong>imitationem</strong></span> 
     </span>
    </p>
   </div>
   <div class='ocr_carea' id='block_1_39' title="bbox 2039 1925 3643 1996">
    <p class='ocr_par' dir='ltr' id='par_1_39' title="bbox 2039 1925 3643 1996">
     <span class='ocr_line' id='line_1_39' title="bbox 2039 1925 3643 1996; baseline 0.002 -15"><span class='ocrx_word' id='word_1_303' title='bbox 2039 1925 2239 1981; x_wconf 86' lang='lat' dir='ltr'><strong>Christi</strong></span> <span class='ocrx_word' id='word_1_304' title='bbox 2295 1927 2510 1996; x_wconf 89' lang='lat' dir='ltr'><strong>penitus</strong></span> <span class='ocrx_word' id='word_1_305' title='bbox 2565 1926 2871 1982; x_wconf 89' lang='lat' dir='ltr'><strong>inclinetur.</strong></span> <span class='ocrx_word' id='word_1_306' title='bbox 2919 1927 2999 1983; x_wconf 91' lang='lat' dir='ltr'><strong>De</strong></span> <span class='ocrx_word' id='word_1_307' title='bbox 3055 1927 3229 1982; x_wconf 88' lang='lat' dir='ltr'><strong>cauda</strong></span> <span class='ocrx_word' id='word_1_308' title='bbox 3269 1933 3322 1984; x_wconf 88' lang='lat' dir='ltr'><strong>et</strong></span> <span class='ocrx_word' id='word_1_309' title='bbox 3363 1929 3643 1984; x_wconf 88' lang='lat' dir='ltr'><strong>intestinis</strong></span> 
     </span>
    </p>
   </div>
   <div class='ocr_carea' id='block_1_40' title="bbox 2036 2014 3639 2086">
    <p class='ocr_par' dir='ltr' id='par_1_40' title="bbox 2036 2014 3639 2086">
     <span class='ocr_line' id='line_1_40' title="bbox 2036 2014 3639 2086; baseline 0.002 -18"><span class='ocrx_word' id='word_1_310' title='bbox 2036 2031 2196 2086; x_wconf 91' lang='lat' dir='ltr'><strong>supra</strong></span> <span class='ocrx_word' id='word_1_311' title='bbox 2226 2014 2429 2071; x_wconf 90' lang='lat' dir='ltr'><strong>dictum</strong></span> <span class='ocrx_word' id='word_1_312' title='bbox 2460 2023 2560 2081; x_wconf 90' lang='lat' dir='ltr'><strong>est,</strong></span> <span class='ocrx_word' id='word_1_313' title='bbox 2595 2015 2842 2070; x_wconf 88' lang='lat' dir='ltr'><strong>similiter</strong></span> <span class='ocrx_word' id='word_1_314' title='bbox 2869 2015 2938 2070; x_wconf 91' lang='lat' dir='ltr'><strong>de</strong></span> <span class='ocrx_word' id='word_1_315' title='bbox 2971 2017 3234 2072; x_wconf 89' lang='lat' dir='ltr'><strong>masculo.</strong></span> <span class='ocrx_word' id='word_1_316' title='bbox 3272 2039 3292 2065; x_wconf 77' lang='grc' dir='ltr'>α</span> <span class='ocrx_word' id='word_1_317' title='bbox 3330 2017 3414 2072; x_wconf 80' lang='lat' dir='ltr'><strong>Ad</strong></span> <span class='ocrx_word' id='word_1_318' title='bbox 3445 2033 3639 2074; x_wconf 88' lang='lat' dir='ltr'><strong>sacer-</strong></span> 
     </span>
    </p>
   </div>
   <div class='ocr_carea' id='block_1_41' title="bbox 2035 2103 3635 2175">
    <p class='ocr_par' dir='ltr' id='par_1_41' title="bbox 2035 2103 3635 2175">
     <span class='ocr_line' id='line_1_41' title="bbox 2035 2103 3635 2175; baseline 0.003 -18"><span class='ocrx_word' id='word_1_319' title='bbox 2035 2103 2215 2158; x_wconf 89' lang='lat' dir='ltr'><strong>dotem</strong></span> <span class='ocrx_word' id='word_1_320' title='bbox 2246 2103 2336 2175; x_wconf 88' lang='lat' dir='ltr'><strong>qui</strong></span> <span class='ocrx_word' id='word_1_321' title='bbox 2365 2118 2490 2158; x_wconf 91' lang='lat' dir='ltr'><strong>eam</strong></span> <span class='ocrx_word' id='word_1_322' title='bbox 2539 2103 2791 2159; x_wconf 87' lang='lat' dir='ltr'><strong>obtulerit</strong></span> <span class='ocrx_word' id='word_1_323' title='bbox 2820 2103 3130 2174; x_wconf 87' lang='lat' dir='ltr'><strong>pertinebit.</strong></span> <span class='ocrx_word' id='word_1_324' title='bbox 3165 2127 3186 2153; x_wconf 80' lang='lat'><em>»</em></span> <span class='ocrx_word' id='word_1_325' title='bbox 3223 2105 3307 2159; x_wconf 84' lang='lat' dir='ltr'><strong>Ad</strong></span> <span class='ocrx_word' id='word_1_326' title='bbox 3337 2105 3635 2172; x_wconf 86' lang='lat' dir='ltr'><strong>Christum,</strong></span> 
     </span>
    </p>
   </div>
   <div class='ocr_carea' id='block_1_42' title="bbox 2035 2192 3643 2266">
    <p class='ocr_par' dir='ltr' id='par_1_42' title="bbox 2035 2192 3643 2266">
     <span class='ocr_line' id='line_1_42' title="bbox 2035 2192 3643 2266; baseline 0.002 -20"><span class='ocrx_word' id='word_1_327' title='bbox 2035 2192 2128 2263; x_wconf 90' lang='lat' dir='ltr'><strong>qui</strong></span> <span class='ocrx_word' id='word_1_328' title='bbox 2160 2207 2220 2247; x_wconf 90' lang='lat' dir='ltr'><strong>se</strong></span> <span class='ocrx_word' id='word_1_329' title='bbox 2252 2192 2442 2247; x_wconf 86' lang='lat' dir='ltr'><strong>obtulit</strong></span> <span class='ocrx_word' id='word_1_330' title='bbox 2470 2208 2569 2264; x_wconf 92' lang='lat' dir='ltr'><strong>pro</strong></span> <span class='ocrx_word' id='word_1_331' title='bbox 2600 2192 2779 2260; x_wconf 90' lang='lat' dir='ltr'><strong>nobis,</strong></span> <span class='ocrx_word' id='word_1_332' title='bbox 2809 2192 3042 2263; x_wconf 90' lang='lat' dir='ltr'><strong>pertinet</strong></span> <span class='ocrx_word' id='word_1_333' title='bbox 3071 2193 3212 2249; x_wconf 88' lang='lat' dir='ltr'><strong>actio</strong></span> <span class='ocrx_word' id='word_1_334' title='bbox 3242 2203 3428 2250; x_wconf 90' lang='lat' dir='ltr'><strong>nostra</strong></span> <span class='ocrx_word' id='word_1_335' title='bbox 3457 2203 3513 2249; x_wconf 92' lang='lat' dir='ltr'><strong>ut</strong></span> <span class='ocrx_word' id='word_1_336' title='bbox 3543 2211 3643 2266; x_wconf 90' lang='lat' dir='ltr'><strong>per</strong></span> 
     </span>
    </p>
   </div>
   <div class='ocr_carea' id='block_1_43' title="bbox 2033 2281 3632 2353">
    <p class='ocr_par' dir='ltr' id='par_1_43' title="bbox 2033 2281 3632 2353">
     <span class='ocr_line' id='line_1_43' title="bbox 2033 2281 3632 2353; baseline 0.002 -17"><span class='ocrx_word' id='word_1_337' title='bbox 2033 2296 2156 2336; x_wconf 91' lang='lat' dir='ltr'><strong>eum</strong></span> <span class='ocrx_word' id='word_1_338' title='bbox 2187 2295 2286 2336; x_wconf 89' lang='lat' dir='ltr'><strong>nos</strong></span> <span class='ocrx_word' id='word_1_339' title='bbox 2315 2281 2527 2336; x_wconf 89' lang='lat' dir='ltr'><strong>veniam</strong></span> <span class='ocrx_word' id='word_1_340' title='bbox 2554 2281 2933 2352; x_wconf 88' lang='lat' dir='ltr'><strong>imploraturos</strong></span> <span class='ocrx_word' id='word_1_341' title='bbox 2955 2298 3259 2353; x_wconf 90' lang='lat' dir='ltr'><strong>speramus.</strong></span> <span class='ocrx_word' id='word_1_342' title='bbox 3287 2306 3307 2332; x_wconf 79' lang='grc' dir='ltr'>α</span> <span class='ocrx_word' id='word_1_343' title='bbox 3335 2283 3632 2351; x_wconf 88' lang='lat' dir='ltr'><strong>Sacerdos,</strong></span> 
     </span>
    </p>
   </div>
   <div class='ocr_carea' id='block_1_44' title="bbox 324 2368 1922 2461">
    <p class='ocr_par' dir='ltr' id='par_1_44' title="bbox 324 2383 1922 2461">
     <span class='ocr_line' id='line_1_44' title="bbox 324 2383 1922 2461; baseline -0.001 -18"><span class='ocrx_word' id='word_1_344' title='bbox 324 2387 581 2461; x_wconf 81' lang='lat' dir='ltr'><strong>legalium</strong></span> <span class='ocrx_word' id='word_1_345' title='bbox 602 2384 766 2441; x_wconf 89' lang='lat' dir='ltr'><strong>cultui</strong></span> <span class='ocrx_word' id='word_1_346' title='bbox 784 2383 1143 2440; x_wconf 88' lang='lat' dir='ltr'><strong>victimarum.</strong></span> <span class='ocrx_word' id='word_1_347' title='bbox 1170 2406 1191 2434; x_wconf 77' lang='grc' dir='ltr'><strong>α</strong></span> <span class='ocrx_word' id='word_1_348' title='bbox 1221 2384 1396 2441; x_wconf 91' lang='lat' dir='ltr'><strong>Omne</strong></span> <span class='ocrx_word' id='word_1_349' title='bbox 1419 2385 1564 2440; x_wconf 92' lang='lat' dir='ltr'><strong>enim</strong></span> <span class='ocrx_word' id='word_1_350' title='bbox 1587 2386 1922 2442; x_wconf 86' lang='lat' dir='ltr'><strong>sacerdotum</strong></span> 
     </span>
    </p>
   </div>
   <div class='ocr_carea' id='block_1_45' title="bbox 2025 2368 3629 2461">
    <p class='ocr_par' dir='ltr' id='par_1_45' title="bbox 2033 2368 3629 2442">
     <span class='ocr_line' id='line_1_45' title="bbox 2033 2368 3629 2442; baseline 0.003 -19"><span class='ocrx_word' id='word_1_351' title='bbox 2033 2369 2123 2441; x_wconf 90' lang='lat' dir='ltr'><strong>qui</strong></span> <span class='ocrx_word' id='word_1_352' title='bbox 2151 2368 2308 2424; x_wconf 83' lang='lat' dir='ltr'><strong>offert</strong></span> <span class='ocrx_word' id='word_1_353' title='bbox 2337 2369 2633 2425; x_wconf 90' lang='lat' dir='ltr'><strong>holocausti</strong></span> <span class='ocrx_word' id='word_1_354' title='bbox 2664 2370 2933 2426; x_wconf 84' lang='lat' dir='ltr'><strong>victimam</strong></span> <span class='ocrx_word' id='word_1_355' title='bbox 2963 2371 3184 2427; x_wconf 88' lang='lat' dir='ltr'><strong>habebit</strong></span> <span class='ocrx_word' id='word_1_356' title='bbox 3207 2371 3404 2442; x_wconf 88' lang='lat' dir='ltr'><strong>pellem</strong></span> <span class='ocrx_word' id='word_1_357' title='bbox 3437 2373 3578 2441; x_wconf 88' lang='lat' dir='ltr'><strong>ejus.</strong></span> <span class='ocrx_word' id='word_1_358' title='bbox 3607 2394 3629 2421; x_wconf 81' lang='grc' dir='ltr'>ι</span> 
     </span>
    </p>
   </div>
   <div class='ocr_carea' id='block_1_46' title="bbox 327 2466 3630 2546">
    <p class='ocr_par' dir='ltr' id='par_1_46' title="bbox 327 2466 3630 2546">
     <span class='ocr_line' id='line_1_46' title="bbox 327 2466 3630 2546; baseline 0 -21"><span class='ocrx_word' id='word_1_359' title='bbox 327 2474 658 2533; x_wconf 80' lang='lat' dir='ltr'><strong>sacriﬁcium</strong></span> <span class='ocrx_word' id='word_1_360' title='bbox 688 2474 816 2546; x_wconf 82' lang='lat' dir='ltr'><strong>igne</strong></span> <span class='ocrx_word' id='word_1_361' title='bbox 849 2474 1208 2539; x_wconf 84' lang='lat' dir='ltr'><strong>consumitur,</strong></span> <span class='ocrx_word' id='word_1_362' title='bbox 1234 2489 1337 2530; x_wconf 87' lang='lat' dir='ltr'><strong>nec</strong></span> <span class='ocrx_word' id='word_1_363' title='bbox 1369 2475 1655 2546; x_wconf 86' lang='lat' dir='ltr'><strong>quisquam</strong></span> <span class='ocrx_word' id='word_1_364' title='bbox 1686 2475 1936 2530; x_wconf 63' lang='lat' dir='ltr'><strong>comede:</strong></span> <span class='ocrx_word' id='word_1_365' title='bbox 2031 2466 2195 2522; x_wconf 84' lang='lat' dir='ltr'><strong>Pollis</strong></span> <span class='ocrx_word' id='word_1_366' title='bbox 2225 2467 2544 2522; x_wconf 88' lang='lat' dir='ltr'><strong>exteriorem</strong></span> <span class='ocrx_word' id='word_1_367' title='bbox 2574 2467 2929 2522; x_wconf 87' lang='lat' dir='ltr'><strong>substantiam</strong></span> <span class='ocrx_word' id='word_1_368' title='bbox 2986 2467 3275 2540; x_wconf 86' lang='lat' dir='ltr'><strong>signiﬁcat,</strong></span> <span class='ocrx_word' id='word_1_369' title='bbox 3311 2486 3432 2541; x_wconf 81' lang='lat' dir='ltr'><strong>qua</strong></span> <span class='ocrx_word' id='word_1_370' title='bbox 3464 2469 3630 2525; x_wconf 86' lang='lat' dir='ltr'><strong>Chri-</strong></span> 
     </span>
    </p>
   </div>
   <div class='ocr_carea' id='block_1_47' title="bbox 319 2555 3629 2635">
    <p class='ocr_par' dir='ltr' id='par_1_47' title="bbox 319 2555 3629 2635">
     <span class='ocr_line' id='line_1_47' title="bbox 319 2555 3629 2635; baseline -0.002 -13"><span class='ocrx_word' id='word_1_371' title='bbox 319 2582 387 2622; x_wconf 81' lang='lat' dir='ltr'><strong>ex</strong></span> <span class='ocrx_word' id='word_1_372' title='bbox 415 2580 502 2620; x_wconf 91' lang='lat' dir='ltr'><strong>eo.</strong></span> <span class='ocrx_word' id='word_1_373' title='bbox 531 2585 554 2614; x_wconf 76' lang='grc' dir='ltr'><strong><em>ι</em></strong></span> <span class='ocrx_word' id='word_1_374' title='bbox 607 2562 853 2618; x_wconf 90' lang='lat' dir='ltr'><strong>Christus</strong></span> <span class='ocrx_word' id='word_1_375' title='bbox 884 2563 1050 2628; x_wconf 91' lang='lat' dir='ltr'><strong>enim,</strong></span> <span class='ocrx_word' id='word_1_376' title='bbox 1083 2579 1206 2618; x_wconf 92' lang='lat' dir='ltr'><strong>cum</strong></span> <span class='ocrx_word' id='word_1_377' title='bbox 1256 2562 1326 2616; x_wconf 92' lang='lat' dir='ltr'><strong>sit</strong></span> <span class='ocrx_word' id='word_1_378' title='bbox 1355 2563 1504 2618; x_wconf 91' lang='lat' dir='ltr'><strong>Deus</strong></span> <span class='ocrx_word' id='word_1_379' title='bbox 1536 2571 1589 2619; x_wconf 90' lang='lat' dir='ltr'><strong>et</strong></span> <span class='ocrx_word' id='word_1_380' title='bbox 1617 2564 1799 2630; x_wconf 89' lang='lat' dir='ltr'><strong>homo,</strong></span> <span class='ocrx_word' id='word_1_381' title='bbox 1832 2579 1931 2635; x_wconf 86' lang='lat' dir='ltr'><strong>pro</strong></span> <span class='ocrx_word' id='word_1_382' title='bbox 2032 2563 2135 2622; x_wconf 89' lang='lat' dir='ltr'><strong>sto,</strong></span> <span class='ocrx_word' id='word_1_383' title='bbox 2171 2555 2227 2610; x_wconf 90' lang='lat' dir='ltr'><strong>id</strong></span> <span class='ocrx_word' id='word_1_384' title='bbox 2256 2563 2338 2611; x_wconf 90' lang='lat' dir='ltr'><strong>est</strong></span> <span class='ocrx_word' id='word_1_385' title='bbox 2376 2555 2635 2612; x_wconf 90' lang='lat' dir='ltr'><strong>membris</strong></span> <span class='ocrx_word' id='word_1_386' title='bbox 2693 2556 2829 2625; x_wconf 91' lang='lat' dir='ltr'><strong>ejus,</strong></span> <span class='ocrx_word' id='word_1_387' title='bbox 2876 2557 2930 2610; x_wconf 94' lang='lat' dir='ltr'><strong>in</strong></span> <span class='ocrx_word' id='word_1_388' title='bbox 2963 2556 3310 2628; x_wconf 79' lang='lat' dir='ltr'><strong>eleemosyna</strong></span> <span class='ocrx_word' id='word_1_389' title='bbox 3337 2557 3629 2630; x_wconf 86' lang='lat' dir='ltr'><strong>largienda</strong></span> 
     </span>
    </p>
   </div>
   <div class='ocr_carea' id='block_1_48' title="bbox 319 2644 1922 2728">
    <p class='ocr_par' dir='ltr' id='par_1_48' title="bbox 319 2652 1922 2724">
     <span class='ocr_line' id='line_1_48' title="bbox 319 2652 1922 2724; baseline -0.002 -13"><span class='ocrx_word' id='word_1_390' title='bbox 319 2661 502 2711; x_wconf 88' lang='lat' dir='ltr'><strong>nostra</strong></span> <span class='ocrx_word' id='word_1_391' title='bbox 533 2652 707 2709; x_wconf 90' lang='lat' dir='ltr'><strong>salute</strong></span> <span class='ocrx_word' id='word_1_392' title='bbox 737 2659 897 2706; x_wconf 87' lang='lat' dir='ltr'><strong>natus</strong></span> <span class='ocrx_word' id='word_1_393' title='bbox 933 2659 985 2708; x_wconf 92' lang='lat' dir='ltr'><strong>et</strong></span> <span class='ocrx_word' id='word_1_394' title='bbox 1018 2668 1236 2723; x_wconf 89' lang='lat' dir='ltr'><strong>passus,</strong></span> <span class='ocrx_word' id='word_1_395' title='bbox 1288 2653 1540 2708; x_wconf 85' lang='lat' dir='ltr'><strong>humana</strong></span> <span class='ocrx_word' id='word_1_396' title='bbox 1571 2653 1922 2724; x_wconf 79' lang='lat' dir='ltr'><strong>separationis</strong></span> 
     </span>
    </p>
   </div>
   <div class='ocr_carea' id='block_1_49' title="bbox 2025 2644 3624 2728">
    <p class='ocr_par' dir='ltr' id='par_1_49' title="bbox 2031 2644 3624 2728">
     <span class='ocr_line' id='line_1_49' title="bbox 2031 2644 3624 2728; baseline 0.003 -28"><span class='ocrx_word' id='word_1_397' title='bbox 2031 2653 2132 2712; x_wconf 93' lang='lat' dir='ltr'><strong>est,</strong></span> <span class='ocrx_word' id='word_1_398' title='bbox 2165 2653 2224 2699; x_wconf 91' lang='lat' dir='ltr'><strong>ut</strong></span> <span class='ocrx_word' id='word_1_399' title='bbox 2253 2645 2334 2700; x_wconf 90' lang='lat' dir='ltr'><strong>sic</strong></span> <span class='ocrx_word' id='word_1_400' title='bbox 2374 2644 2682 2728; x_wconf 80' lang='lat' dir='ltr'><strong>perficiatur</strong></span> <span class='ocrx_word' id='word_1_401' title='bbox 2721 2644 3056 2715; x_wconf 88' lang='lat' dir='ltr'><strong>poenitentia.</strong></span> <span class='ocrx_word' id='word_1_402' title='bbox 3087 2646 3354 2701; x_wconf 91' lang='lat' dir='ltr'><strong>Dominus</strong></span> <span class='ocrx_word' id='word_1_403' title='bbox 3382 2663 3624 2719; x_wconf 88' lang='lat' dir='ltr'><strong>namque</strong></span> 
     </span>
    </p>
   </div>
   <div class='ocr_carea' id='block_1_50' title="bbox 324 2732 3632 2814">
    <p class='ocr_par' dir='ltr' id='par_1_50' title="bbox 324 2732 3632 2814">
     <span class='ocr_line' id='line_1_50' title="bbox 324 2732 3632 2814; baseline -0.006 -15"><span class='ocrx_word' id='word_1_404' title='bbox 324 2743 656 2800; x_wconf 89' lang='lat' dir='ltr'><strong>discretione</strong></span> <span class='ocrx_word' id='word_1_405' title='bbox 703 2755 812 2796; x_wconf 92' lang='lat' dir='ltr'><strong>non</strong></span> <span class='ocrx_word' id='word_1_406' title='bbox 861 2740 1022 2796; x_wconf 92' lang='lat' dir='ltr'><strong>debet</strong></span> <span class='ocrx_word' id='word_1_407' title='bbox 1051 2740 1328 2812; x_wconf 89' lang='lat' dir='ltr'><strong>separari,</strong></span> <span class='ocrx_word' id='word_1_408' title='bbox 1368 2741 1465 2796; x_wconf 91' lang='lat' dir='ltr'><strong>sed</strong></span> <span class='ocrx_word' id='word_1_409' title='bbox 1496 2741 1710 2814; x_wconf 86' lang='lat' dir='ltr'><strong>integre</strong></span> <span class='ocrx_word' id='word_1_410' title='bbox 1754 2741 1931 2798; x_wconf 90' lang='lat' dir='ltr'><strong>omnis</strong></span> <span class='ocrx_word' id='word_1_411' title='bbox 2030 2732 2160 2789; x_wconf 90' lang='lat' dir='ltr'><strong>dicit</strong></span> <span class='ocrx_word' id='word_1_412' title='bbox 2193 2751 2207 2787; x_wconf 90' lang='lat'>:</span> <span class='ocrx_word' id='word_1_413' title='bbox 2244 2755 2266 2783; x_wconf 75' lang='grc' dir='ltr'><strong><em>α</em></strong></span> <span class='ocrx_word' id='word_1_414' title='bbox 2301 2732 2554 2802; x_wconf 79' lang='lat' dir='ltr'><strong>Quandiu</strong></span> <span class='ocrx_word' id='word_1_415' title='bbox 2583 2733 2788 2790; x_wconf 82' lang='lat' dir='ltr'><strong>fecistis</strong></span> <span class='ocrx_word' id='word_1_416' title='bbox 2814 2733 2908 2788; x_wconf 84' lang='lat' dir='ltr'><strong>uni</strong></span> <span class='ocrx_word' id='word_1_417' title='bbox 2935 2733 3004 2789; x_wconf 84' lang='lat' dir='ltr'><strong>de</strong></span> <span class='ocrx_word' id='word_1_418' title='bbox 3031 2734 3270 2789; x_wconf 80' lang='lat' dir='ltr'><strong>minimis</strong></span> <span class='ocrx_word' id='word_1_419' title='bbox 3300 2735 3459 2803; x_wconf 66' lang='lat' dir='ltr'><strong>meis,</strong></span> <span class='ocrx_word' id='word_1_420' title='bbox 3494 2737 3632 2792; x_wconf 73' lang='lat' dir='ltr'><strong>mihi</strong></span> 
     </span>
    </p>
   </div>
   <div class='ocr_carea' id='block_1_51' title="bbox 322 2821 3625 2904">
    <p class='ocr_par' dir='ltr' id='par_1_51' title="bbox 322 2821 3625 2904">
     <span class='ocr_line' id='line_1_51' title="bbox 322 2821 3625 2904; baseline -0.005 -16"><span class='ocrx_word' id='word_1_421' title='bbox 322 2830 656 2904; x_wconf 90' lang='lat' dir='ltr'><strong>dispensatio</strong></span> <span class='ocrx_word' id='word_1_422' title='bbox 686 2829 1080 2886; x_wconf 88' lang='lat' dir='ltr'><strong>incarnationis</strong></span> <span class='ocrx_word' id='word_1_423' title='bbox 1110 2829 1226 2898; x_wconf 89' lang='lat' dir='ltr'><strong>ejus</strong></span> <span class='ocrx_word' id='word_1_424' title='bbox 1252 2829 1482 2899; x_wconf 92' lang='lat' dir='ltr'><strong>Spiritus</strong></span> <span class='ocrx_word' id='word_1_425' title='bbox 1526 2831 1699 2885; x_wconf 88' lang='lat' dir='ltr'><strong>sancti</strong></span> <span class='ocrx_word' id='word_1_426' title='bbox 1728 2839 1811 2886; x_wconf 92' lang='lat' dir='ltr'><strong>est</strong></span> <span class='ocrx_word' id='word_1_427' title='bbox 1831 2846 1930 2888; x_wconf 90' lang='lat' dir='ltr'><strong>co-</strong></span> <span class='ocrx_word' id='word_1_428' title='bbox 2029 2821 2234 2878; x_wconf 77' lang='lat' dir='ltr'><strong>fecistis</strong></span> <span class='ocrx_word' id='word_1_429' title='bbox 2263 2823 2484 2894; x_wconf 79' lang='lat' dir='ltr'><strong>(Matth.</strong></span> <span class='ocrx_word' id='word_1_430' title='bbox 2519 2822 2683 2894; x_wconf 79' lang='lat' dir='ltr'><strong>xxv).</strong></span> <span class='ocrx_word' id='word_1_431' title='bbox 2713 2844 2734 2871; x_wconf 71' lang='grc' dir='ltr'><strong>ιο</strong></span> <span class='ocrx_word' id='word_1_432' title='bbox 2763 2845 2784 2871; x_wconf 78' lang='grc' dir='ltr'><strong>α</strong></span> <span class='ocrx_word' id='word_1_433' title='bbox 2810 2823 3051 2878; x_wconf 89' lang='lat' dir='ltr'><strong>Etomne</strong></span> <span class='ocrx_word' id='word_1_434' title='bbox 3067 2821 3396 2879; x_wconf 86' lang='lat' dir='ltr'><strong>sacriﬁcium</strong></span> <span class='ocrx_word' id='word_1_435' title='bbox 3428 2824 3625 2881; x_wconf 59' lang='lat' dir='ltr'><strong>simne</strong></span> 
     </span>
    </p>
   </div>
   <div class='ocr_carea' id='block_1_52' title="bbox 326 2916 1930 2994">
    <p class='ocr_par' dir='ltr' id='par_1_52' title="bbox 326 2916 1930 2994">
     <span class='ocr_line' id='line_1_52' title="bbox 326 2916 1930 2994; baseline -0.001 -18"><span class='ocrx_word' id='word_1_436' title='bbox 326 2920 557 2994; x_wconf 81' lang='lat' dir='ltr'><strong>gnitioni</strong></span> <span class='ocrx_word' id='word_1_437' title='bbox 586 2919 1019 2976; x_wconf 90' lang='lat' dir='ltr'><strong>commendanda</strong></span> <span class='ocrx_word' id='word_1_438' title='bbox 1049 2925 1104 2972; x_wconf 89' lang='lat' dir='ltr'><strong>et</strong></span> <span class='ocrx_word' id='word_1_439' title='bbox 1129 2916 1236 2973; x_wconf 91' lang='lat' dir='ltr'><strong>fide</strong></span> <span class='ocrx_word' id='word_1_440' title='bbox 1283 2917 1494 2973; x_wconf 88' lang='lat' dir='ltr'><strong>sincera</strong></span> <span class='ocrx_word' id='word_1_441' title='bbox 1532 2919 1785 2975; x_wconf 90' lang='lat' dir='ltr'><strong>tenenda.</strong></span> <span class='ocrx_word' id='word_1_442' title='bbox 1823 2943 1844 2969; x_wconf 75' lang='grc' dir='ltr'>ι</span> <span class='ocrx_word' id='word_1_443' title='bbox 1870 2920 1930 2975; x_wconf 88' lang='lat' dir='ltr'><strong>In</strong></span> 
     </span>
    </p>
   </div>
   <div class='ocr_carea' id='block_1_53' title="bbox 324 3006 1931 3073">
    <p class='ocr_par' dir='ltr' id='par_1_53' title="bbox 324 3006 1931 3073">
     <span class='ocr_line' id='line_1_53' title="bbox 324 3006 1931 3073; baseline -0.001 -9"><span class='ocrx_word' id='word_1_444' title='bbox 324 3008 446 3066; x_wconf 92' lang='lat' dir='ltr'><strong>loco</strong></span> <span class='ocrx_word' id='word_1_445' title='bbox 505 3008 600 3064; x_wconf 90' lang='lat' dir='ltr'><strong>ubi</strong></span> <span class='ocrx_word' id='word_1_446' title='bbox 650 3007 877 3064; x_wconf 63' lang='lat' dir='ltr'><strong>oﬁ‘ertur</strong></span> <span class='ocrx_word' id='word_1_447' title='bbox 924 3006 1298 3062; x_wconf 88' lang='lat' dir='ltr'><strong>holocaustum</strong></span> <span class='ocrx_word' id='word_1_448' title='bbox 1324 3048 1338 3073; x_wconf 89' lang='lat'><strong>,</strong></span> <span class='ocrx_word' id='word_1_449' title='bbox 1377 3007 1688 3062; x_wconf 89' lang='lat' dir='ltr'><strong>immolatur</strong></span> <span class='ocrx_word' id='word_1_450' title='bbox 1723 3007 1931 3064; x_wconf 88' lang='lat' dir='ltr'><strong>sacrifi-</strong></span> 
     </span>
    </p>
   </div>
   <div class='ocr_carea' id='block_1_54' title="bbox 316 3093 1922 3170">
    <p class='ocr_par' dir='ltr' id='par_1_54' title="bbox 316 3093 1922 3170">
     <span class='ocr_line' id='line_1_54' title="bbox 316 3093 1922 3170; baseline -0.002 -16"><span class='ocrx_word' id='word_1_451' title='bbox 316 3097 460 3154; x_wconf 89' lang='lat' dir='ltr'><strong>cium</strong></span> <span class='ocrx_word' id='word_1_452' title='bbox 487 3113 590 3170; x_wconf 92' lang='lat' dir='ltr'><strong>pro</strong></span> <span class='ocrx_word' id='word_1_453' title='bbox 642 3105 890 3168; x_wconf 90' lang='lat' dir='ltr'><strong>peccato,</strong></span> <span class='ocrx_word' id='word_1_454' title='bbox 930 3116 952 3145; x_wconf 70' lang='grc' dir='ltr'><strong><em>υ</em></strong></span> <span class='ocrx_word' id='word_1_455' title='bbox 985 3095 1108 3166; x_wconf 90' lang='lat' dir='ltr'><strong>quia</strong></span> <span class='ocrx_word' id='word_1_456' title='bbox 1153 3093 1357 3149; x_wconf 87' lang='lat' dir='ltr'><strong>fructus</strong></span> <span class='ocrx_word' id='word_1_457' title='bbox 1390 3096 1546 3150; x_wconf 82' lang='lat' dir='ltr'><strong>bona</strong></span> <span class='ocrx_word' id='word_1_458' title='bbox 1588 3096 1922 3167; x_wconf 80' lang='lat' dir='ltr'><strong>poenitentia</strong></span> 
     </span>
    </p>
   </div>
   <div class='ocr_carea' id='block_1_55' title="bbox 317 3183 1927 3255">
    <p class='ocr_par' dir='ltr' id='par_1_55' title="bbox 317 3183 1927 3255">
     <span class='ocr_line' id='line_1_55' title="bbox 317 3183 1927 3255; baseline 0.001 -13"><span class='ocrx_word' id='word_1_459' title='bbox 317 3187 387 3242; x_wconf 90' lang='lat' dir='ltr'><strong>ad</strong></span> <span class='ocrx_word' id='word_1_460' title='bbox 405 3194 648 3242; x_wconf 90' lang='lat' dir='ltr'><strong>sanctum</strong></span> <span class='ocrx_word' id='word_1_461' title='bbox 671 3183 1026 3255; x_wconf 88' lang='lat' dir='ltr'><strong>perfectionis</strong></span> <span class='ocrx_word' id='word_1_462' title='bbox 1047 3191 1358 3238; x_wconf 89' lang='lat' dir='ltr'><strong>sanctorum</strong></span> <span class='ocrx_word' id='word_1_463' title='bbox 1372 3183 1515 3239; x_wconf 91' lang='lat' dir='ltr'><strong>ducit</strong></span> <span class='ocrx_word' id='word_1_464' title='bbox 1534 3201 1547 3238; x_wconf 89' lang='lat'>:</span> <span class='ocrx_word' id='word_1_465' title='bbox 1574 3184 1766 3240; x_wconf 87' lang='lat' dir='ltr'><strong>Petrus</strong></span> <span class='ocrx_word' id='word_1_466' title='bbox 1781 3203 1927 3244; x_wconf 86' lang='lat' dir='ltr'><strong>nam.</strong></span> 
     </span>
    </p>
   </div>
   <div class='ocr_carea' id='block_1_56' title="bbox 315 3257 1924 3347">
    <p class='ocr_par' dir='ltr' id='par_1_56' title="bbox 315 3257 1924 3347">
     <span class='ocr_line' id='line_1_56' title="bbox 315 3257 1924 3347; baseline -0.001 -17"><span class='ocrx_word' id='word_1_467' title='bbox 315 3291 423 3347; x_wconf 89' lang='lat' dir='ltr'><strong>que</strong></span> <span class='ocrx_word' id='word_1_468' title='bbox 469 3283 524 3328; x_wconf 87' lang='lat' dir='ltr'><strong>et</strong></span> <span class='ocrx_word' id='word_1_469' title='bbox 558 3273 751 3338; x_wconf 86' lang='lat' dir='ltr'><strong>David,</strong></span> <span class='ocrx_word' id='word_1_470' title='bbox 799 3280 852 3328; x_wconf 92' lang='lat' dir='ltr'><strong>et</strong></span> <span class='ocrx_word' id='word_1_471' title='bbox 899 3271 1084 3328; x_wconf 87' lang='lat' dir='ltr'><strong>caeteri</strong></span> <span class='ocrx_word' id='word_1_472' title='bbox 1130 3271 1325 3342; x_wconf 88' lang='lat' dir='ltr'><strong>sancti,</strong></span> <span class='ocrx_word' id='word_1_473' title='bbox 1357 3257 1482 3342; x_wconf 80' lang='lat' dir='ltr'><strong>post</strong></span> <span class='ocrx_word' id='word_1_474' title='bbox 1510 3272 1722 3344; x_wconf 87' lang='lat' dir='ltr'><strong>lapsum</strong></span> <span class='ocrx_word' id='word_1_475' title='bbox 1742 3276 1924 3346; x_wconf 80' lang='lat' dir='ltr'><strong>pani-</strong></span> 
     </span>
    </p>
   </div>
   <div class='ocr_carea' id='block_1_57' title="bbox 315 3359 1923 3434">
    <p class='ocr_par' dir='ltr' id='par_1_57' title="bbox 315 3359 1923 3434">
     <span class='ocr_line' id='line_1_57' title="bbox 315 3359 1923 3434; baseline 0.001 -16"><span class='ocrx_word' id='word_1_476' title='bbox 315 3370 512 3428; x_wconf 85' lang='lat' dir='ltr'><strong>tentes,</strong></span> <span class='ocrx_word' id='word_1_477' title='bbox 539 3361 835 3418; x_wconf 91' lang='lat' dir='ltr'><strong>creduntur</strong></span> <span class='ocrx_word' id='word_1_478' title='bbox 865 3359 920 3414; x_wconf 92' lang='lat' dir='ltr'><strong>in</strong></span> <span class='ocrx_word' id='word_1_479' title='bbox 950 3359 1182 3432; x_wconf 87' lang='lat' dir='ltr'><strong>pristino</strong></span> <span class='ocrx_word' id='word_1_480' title='bbox 1213 3360 1422 3431; x_wconf 91' lang='lat' dir='ltr'><strong>recepti</strong></span> <span class='ocrx_word' id='word_1_481' title='bbox 1451 3359 1688 3434; x_wconf 82' lang='lat' dir='ltr'><strong>fastigio,</strong></span> <span class='ocrx_word' id='word_1_482' title='bbox 1718 3371 1771 3419; x_wconf 89' lang='lat' dir='ltr'><strong>et</strong></span> <span class='ocrx_word' id='word_1_483' title='bbox 1799 3364 1923 3420; x_wconf 89' lang='lat' dir='ltr'><strong>ideo</strong></span> 
     </span>
    </p>
   </div>
   <div class='ocr_carea' id='block_1_58' title="bbox 321 3448 1924 3516">
    <p class='ocr_par' dir='ltr' id='par_1_58' title="bbox 321 3448 1924 3516">
     <span class='ocr_line' id='line_1_58' title="bbox 321 3448 1924 3516; baseline 0.004 -14"><span class='ocrx_word' id='word_1_484' title='bbox 321 3474 343 3502; x_wconf 73' lang='grc' dir='ltr'>ι</span> <span class='ocrx_word' id='word_1_485' title='bbox 377 3459 620 3508; x_wconf 84' lang='lat' dir='ltr'><strong>sanctum</strong></span> <span class='ocrx_word' id='word_1_486' title='bbox 663 3458 988 3516; x_wconf 90' lang='lat' dir='ltr'><strong>sanctorum,</strong></span> <span class='ocrx_word' id='word_1_487' title='bbox 1026 3471 1048 3498; x_wconf 72' lang='grc' dir='ltr'><strong><em>ιο</em></strong></span> <span class='ocrx_word' id='word_1_488' title='bbox 1110 3448 1322 3504; x_wconf 91' lang='lat' dir='ltr'><strong>dicitur.</strong></span> <span class='ocrx_word' id='word_1_489' title='bbox 1371 3450 1637 3506; x_wconf 91' lang='lat' dir='ltr'><strong>Sacerdos</strong></span> <span class='ocrx_word' id='word_1_490' title='bbox 1684 3453 1924 3508; x_wconf 89' lang='lat' dir='ltr'><strong>comedit</strong></span> 
     </span>
    </p>
   </div>
   <div class='ocr_carea' id='block_1_59' title="bbox 313 3538 1920 3612">
    <p class='ocr_par' dir='ltr' id='par_1_59' title="bbox 313 3538 1920 3612">
     <span class='ocr_line' id='line_1_59' title="bbox 313 3538 1920 3612; baseline 0.002 -18"><span class='ocrx_word' id='word_1_491' title='bbox 313 3539 550 3595; x_wconf 88' lang='lat' dir='ltr'><strong>hostiam</strong></span> <span class='ocrx_word' id='word_1_492' title='bbox 596 3539 653 3594; x_wconf 89' lang='lat' dir='ltr'><strong>in</strong></span> <span class='ocrx_word' id='word_1_493' title='bbox 684 3539 821 3594; x_wconf 90' lang='lat' dir='ltr'><strong>atrio</strong></span> <span class='ocrx_word' id='word_1_494' title='bbox 854 3538 1207 3594; x_wconf 90' lang='lat' dir='ltr'><strong>tabernaculi.</strong></span> <span class='ocrx_word' id='word_1_495' title='bbox 1257 3539 1505 3594; x_wconf 90' lang='lat' dir='ltr'><strong>Christus</strong></span> <span class='ocrx_word' id='word_1_496' title='bbox 1535 3540 1725 3612; x_wconf 90' lang='lat' dir='ltr'><strong>recipit</strong></span> <span class='ocrx_word' id='word_1_497' title='bbox 1743 3542 1920 3612; x_wconf 84' lang='lat' dir='ltr'><strong>pani-</strong></span> 
     </span>
    </p>
   </div>
   <div class='ocr_carea' id='block_1_60' title="bbox 314 3626 1919 3702">
    <p class='ocr_par' dir='ltr' id='par_1_60' title="bbox 314 3626 1919 3702">
     <span class='ocr_line' id='line_1_60' title="bbox 314 3626 1919 3702; baseline 0.001 -17"><span class='ocrx_word' id='word_1_498' title='bbox 314 3629 538 3685; x_wconf 86' lang='lat' dir='ltr'><strong>tentiam</strong></span> <span class='ocrx_word' id='word_1_499' title='bbox 565 3627 621 3684; x_wconf 91' lang='lat' dir='ltr'><strong>in</strong></span> <span class='ocrx_word' id='word_1_500' title='bbox 651 3627 944 3684; x_wconf 89' lang='lat' dir='ltr'><strong>Ecclesia:</strong></span> <span class='ocrx_word' id='word_1_501' title='bbox 972 3627 1077 3682; x_wconf 86' lang='lat' dir='ltr'><strong>nisi</strong></span> <span class='ocrx_word' id='word_1_502' title='bbox 1111 3626 1255 3682; x_wconf 90' lang='lat' dir='ltr'><strong>enim</strong></span> <span class='ocrx_word' id='word_1_503' title='bbox 1288 3627 1406 3698; x_wconf 91' lang='lat' dir='ltr'><strong>ipse</strong></span> <span class='ocrx_word' id='word_1_504' title='bbox 1437 3629 1705 3699; x_wconf 88' lang='lat' dir='ltr'><strong>receperit</strong></span> <span class='ocrx_word' id='word_1_505' title='bbox 1737 3638 1786 3686; x_wconf 89' lang='lat' dir='ltr'><strong>et</strong></span> <span class='ocrx_word' id='word_1_506' title='bbox 1817 3646 1919 3702; x_wconf 88' lang='lat' dir='ltr'><strong>per</strong></span> 
     </span>
    </p>
   </div>
   <div class='ocr_carea' id='block_1_61' title="bbox 310 3715 1919 3789">
    <p class='ocr_par' dir='ltr' id='par_1_61' title="bbox 310 3715 1919 3789">
     <span class='ocr_line' id='line_1_61' title="bbox 310 3715 1919 3789; baseline 0.002 -17"><span class='ocrx_word' id='word_1_507' title='bbox 310 3717 692 3773; x_wconf 89' lang='lat' dir='ltr'><strong>remissionem</strong></span> <span class='ocrx_word' id='word_1_508' title='bbox 725 3731 888 3789; x_wconf 89' lang='lat' dir='ltr'><strong>quam</strong></span> <span class='ocrx_word' id='word_1_509' title='bbox 919 3715 1141 3772; x_wconf 92' lang='lat' dir='ltr'><strong>contulit</strong></span> <span class='ocrx_word' id='word_1_510' title='bbox 1180 3716 1440 3782; x_wconf 87' lang='lat' dir='ltr'><strong>remittat,</strong></span> <span class='ocrx_word' id='word_1_511' title='bbox 1477 3732 1586 3772; x_wconf 91' lang='lat' dir='ltr'><strong>non</strong></span> <span class='ocrx_word' id='word_1_512' title='bbox 1617 3717 1721 3772; x_wconf 90' lang='lat' dir='ltr'><strong>erit</strong></span> <span class='ocrx_word' id='word_1_513' title='bbox 1765 3734 1919 3774; x_wconf 88' lang='lat' dir='ltr'><strong>acce-</strong></span> 
     </span>
    </p>
   </div>
   <div class='ocr_carea' id='block_1_62' title="bbox 309 3803 1913 3878">
    <p class='ocr_par' dir='ltr' id='par_1_62' title="bbox 309 3803 1913 3878">
     <span class='ocr_line' id='line_1_62' title="bbox 309 3803 1913 3878; baseline 0.001 -18"><span class='ocrx_word' id='word_1_514' title='bbox 309 3805 526 3878; x_wconf 88' lang='lat' dir='ltr'><strong>ptabilis</strong></span> <span class='ocrx_word' id='word_1_515' title='bbox 565 3807 700 3862; x_wconf 91' lang='lat' dir='ltr'><strong>Deo.</strong></span> <span class='ocrx_word' id='word_1_516' title='bbox 735 3828 756 3855; x_wconf 73' lang='grc' dir='ltr'><strong><em>α</em></strong></span> <span class='ocrx_word' id='word_1_517' title='bbox 791 3803 1072 3876; x_wconf 88' lang='lat' dir='ltr'><strong>Quidquid</strong></span> <span class='ocrx_word' id='word_1_518' title='bbox 1118 3803 1361 3877; x_wconf 88' lang='lat' dir='ltr'><strong>tetigerit</strong></span> <span class='ocrx_word' id='word_1_519' title='bbox 1389 3805 1506 3873; x_wconf 89' lang='lat' dir='ltr'><strong>ejus</strong></span> <span class='ocrx_word' id='word_1_520' title='bbox 1535 3820 1750 3873; x_wconf 88' lang='lat' dir='ltr'><strong>carnes,</strong></span> <span class='ocrx_word' id='word_1_521' title='bbox 1783 3823 1913 3861; x_wconf 90' lang='lat' dir='ltr'><strong>san-</strong></span> 
     </span>
    </p>
   </div>
   <div class='ocr_carea' id='block_1_63' title="bbox 311 3893 1913 3967">
    <p class='ocr_par' dir='ltr' id='par_1_63' title="bbox 311 3893 1913 3967">
     <span class='ocr_line' id='line_1_63' title="bbox 311 3893 1913 3967; baseline 0.001 -17"><span class='ocrx_word' id='word_1_522' title='bbox 311 3893 658 3951; x_wconf 87' lang='lat' dir='ltr'><strong>ctificabitur.</strong></span> <span class='ocrx_word' id='word_1_523' title='bbox 688 3917 710 3942; x_wconf 72' lang='grc' dir='ltr'><strong><em>υ</em></strong></span> <span class='ocrx_word' id='word_1_524' title='bbox 764 3893 1108 3949; x_wconf 83' lang='lat' dir='ltr'><strong>Poenitentia</strong></span> <span class='ocrx_word' id='word_1_525' title='bbox 1133 3909 1302 3964; x_wconf 91' lang='lat' dir='ltr'><strong>opera</strong></span> <span class='ocrx_word' id='word_1_526' title='bbox 1331 3894 1690 3964; x_wconf 88' lang='lat' dir='ltr'><strong>suntjejunia,</strong></span> <span class='ocrx_word' id='word_1_527' title='bbox 1712 3895 1913 3967; x_wconf 86' lang='lat' dir='ltr'><strong>vigilia</strong></span> 
     </span>
    </p>
   </div>
   <div class='ocr_carea' id='block_1_64' title="bbox 311 3981 1911 4054">
    <p class='ocr_par' dir='ltr' id='par_1_64' title="bbox 311 3981 1911 4054">
     <span class='ocr_line' id='line_1_64' title="bbox 311 3981 1911 4054; baseline 0 -14"><span class='ocrx_word' id='word_1_528' title='bbox 311 3991 366 4040; x_wconf 90' lang='lat' dir='ltr'><strong>et</strong></span> <span class='ocrx_word' id='word_1_529' title='bbox 391 3983 624 4054; x_wconf 88' lang='lat' dir='ltr'><strong>plurima</strong></span> <span class='ocrx_word' id='word_1_530' title='bbox 651 3982 778 4051; x_wconf 90' lang='lat' dir='ltr'><strong>alia,</strong></span> <span class='ocrx_word' id='word_1_531' title='bbox 816 4000 936 4054; x_wconf 88' lang='lat' dir='ltr'><strong>qua</strong></span> <span class='ocrx_word' id='word_1_532' title='bbox 985 3981 1252 4054; x_wconf 87' lang='lat' dir='ltr'><strong>quisquis,</strong></span> <span class='ocrx_word' id='word_1_533' title='bbox 1285 3981 1414 4037; x_wconf 90' lang='lat' dir='ltr'><strong>licet</strong></span> <span class='ocrx_word' id='word_1_534' title='bbox 1443 3990 1596 4036; x_wconf 83' lang='lat' dir='ltr'><strong>extra</strong></span> <span class='ocrx_word' id='word_1_535' title='bbox 1623 3984 1911 4040; x_wconf 90' lang='lat' dir='ltr'><strong>discretio-</strong></span> 
     </span>
    </p>
   </div>
   <div class='ocr_carea' id='block_1_65' title="bbox 2029 2911 3629 2984">
    <p class='ocr_par' dir='ltr' id='par_1_65' title="bbox 2029 2911 3629 2984">
     <span class='ocr_line' id='line_1_65' title="bbox 2029 2911 3629 2984; baseline 0.003 -18"><span class='ocrx_word' id='word_1_536' title='bbox 2029 2912 2177 2984; x_wconf 90' lang='lat' dir='ltr'><strong>quod</strong></span> <span class='ocrx_word' id='word_1_537' title='bbox 2205 2912 2452 2984; x_wconf 88' lang='lat' dir='ltr'><strong>coquitur</strong></span> <span class='ocrx_word' id='word_1_538' title='bbox 2493 2911 2549 2966; x_wconf 90' lang='lat' dir='ltr'><strong>in</strong></span> <span class='ocrx_word' id='word_1_539' title='bbox 2594 2911 2831 2981; x_wconf 89' lang='lat' dir='ltr'><strong>clibano,</strong></span> <span class='ocrx_word' id='word_1_540' title='bbox 2868 2934 2890 2961; x_wconf 72' lang='grc' dir='ltr'><strong><em>ι</em></strong></span> <span class='ocrx_word' id='word_1_541' title='bbox 2925 2919 3031 2969; x_wconf 92' lang='lat' dir='ltr'><strong>etc.</strong></span> <span class='ocrx_word' id='word_1_542' title='bbox 3067 2912 3127 2967; x_wconf 91' lang='lat' dir='ltr'><strong>Id</strong></span> <span class='ocrx_word' id='word_1_543' title='bbox 3156 2921 3240 2969; x_wconf 87' lang='lat' dir='ltr'><strong>est</strong></span> <span class='ocrx_word' id='word_1_544' title='bbox 3283 2914 3464 2969; x_wconf 89' lang='lat' dir='ltr'><strong>omnis</strong></span> <span class='ocrx_word' id='word_1_545' title='bbox 3488 2915 3629 2971; x_wconf 89' lang='lat' dir='ltr'><strong>ratio</strong></span> 
     </span>
    </p>
   </div>
   <div class='ocr_carea' id='block_1_66' title="bbox 2031 3008 3628 3082">
    <p class='ocr_par' dir='ltr' id='par_1_66' title="bbox 2031 3008 3628 3082">
     <span class='ocr_line' id='line_1_66' title="bbox 2031 3008 3628 3082; baseline 0.003 -18"><span class='ocrx_word' id='word_1_546' title='bbox 2031 3009 2101 3067; x_wconf 90' lang='lat' dir='ltr'><strong>de</strong></span> <span class='ocrx_word' id='word_1_547' title='bbox 2126 3008 2586 3082; x_wconf 90' lang='lat' dir='ltr'><strong>incorporatione,</strong></span> <span class='ocrx_word' id='word_1_548' title='bbox 2629 3010 2717 3066; x_wconf 90' lang='lat' dir='ltr'><strong>vel</strong></span> <span class='ocrx_word' id='word_1_549' title='bbox 2759 3008 3033 3082; x_wconf 90' lang='lat' dir='ltr'><strong>passione,</strong></span> <span class='ocrx_word' id='word_1_550' title='bbox 3081 3010 3168 3066; x_wconf 89' lang='lat' dir='ltr'><strong>vel</strong></span> <span class='ocrx_word' id='word_1_551' title='bbox 3217 3021 3393 3067; x_wconf 88' lang='lat' dir='ltr'><strong>morte</strong></span> <span class='ocrx_word' id='word_1_552' title='bbox 3422 3011 3628 3068; x_wconf 90' lang='lat' dir='ltr'><strong>Christi</strong></span> 
     </span>
    </p>
   </div>
   <div class='ocr_carea' id='block_1_67' title="bbox 2028 3098 3625 3171">
    <p class='ocr_par' dir='ltr' id='par_1_67' title="bbox 2028 3098 3625 3171">
     <span class='ocr_line' id='line_1_67' title="bbox 2028 3098 3625 3171; baseline 0.003 -17"><span class='ocrx_word' id='word_1_553' title='bbox 2028 3099 2133 3171; x_wconf 92' lang='lat' dir='ltr'><strong>ipsi</strong></span> <span class='ocrx_word' id='word_1_554' title='bbox 2180 3099 2607 3166; x_wconf 91' lang='lat' dir='ltr'><strong>commendetur,</strong></span> <span class='ocrx_word' id='word_1_555' title='bbox 2669 3113 2772 3155; x_wconf 90' lang='lat' dir='ltr'><strong>nec</strong></span> <span class='ocrx_word' id='word_1_556' title='bbox 2827 3098 2896 3154; x_wconf 92' lang='lat' dir='ltr'><strong>de</strong></span> <span class='ocrx_word' id='word_1_557' title='bbox 2951 3099 3037 3154; x_wconf 89' lang='lat' dir='ltr'><strong>his</strong></span> <span class='ocrx_word' id='word_1_558' title='bbox 3094 3107 3301 3156; x_wconf 91' lang='lat' dir='ltr'><strong>temere</strong></span> <span class='ocrx_word' id='word_1_559' title='bbox 3328 3101 3625 3158; x_wconf 87' lang='lat' dir='ltr'><strong>sentiatur.</strong></span> 
     </span>
    </p>
   </div>
   <div class='ocr_carea' id='block_1_68' title="bbox 2031 3187 3627 3259">
    <p class='ocr_par' dir='ltr' id='par_1_68' title="bbox 2031 3187 3627 3259">
     <span class='ocr_line' id='line_1_68' title="bbox 2031 3187 3627 3259; baseline 0.002 -16"><span class='ocrx_word' id='word_1_560' title='bbox 2031 3210 2052 3237; x_wconf 74' lang='grc' dir='ltr'>α</span> <span class='ocrx_word' id='word_1_561' title='bbox 2089 3188 2214 3244; x_wconf 90' lang='lat' dir='ltr'><strong>Sive</strong></span> <span class='ocrx_word' id='word_1_562' title='bbox 2231 3189 2352 3244; x_wconf 92' lang='lat' dir='ltr'><strong>oleo</strong></span> <span class='ocrx_word' id='word_1_563' title='bbox 2369 3203 2685 3259; x_wconf 88' lang='lat' dir='ltr'><strong>conspersa,</strong></span> <span class='ocrx_word' id='word_1_564' title='bbox 2717 3187 2836 3243; x_wconf 86' lang='lat' dir='ltr'><strong>sive</strong></span> <span class='ocrx_word' id='word_1_565' title='bbox 2856 3187 3025 3257; x_wconf 90' lang='lat' dir='ltr'><strong>arida,</strong></span> <span class='ocrx_word' id='word_1_566' title='bbox 3055 3210 3076 3236; x_wconf 76' lang='grc' dir='ltr'><strong>ιο</strong></span> <span class='ocrx_word' id='word_1_567' title='bbox 3112 3188 3168 3242; x_wconf 92' lang='lat' dir='ltr'><strong>id</strong></span> <span class='ocrx_word' id='word_1_568' title='bbox 3193 3197 3295 3256; x_wconf 93' lang='lat' dir='ltr'><strong>cst,</strong></span> <span class='ocrx_word' id='word_1_569' title='bbox 3331 3189 3383 3245; x_wconf 92' lang='lat' dir='ltr'><strong>si</strong></span> <span class='ocrx_word' id='word_1_570' title='bbox 3410 3190 3534 3259; x_wconf 85' lang='lat' dir='ltr'><strong>ejus</strong></span> <span class='ocrx_word' id='word_1_571' title='bbox 3558 3190 3627 3246; x_wconf 91' lang='lat' dir='ltr'><strong>sit</strong></span> 
     </span>
    </p>
   </div>
   <div class='ocr_carea' id='block_1_69' title="bbox 2024 3275 3635 3349">
    <p class='ocr_par' dir='ltr' id='par_1_69' title="bbox 2024 3275 3635 3349">
     <span class='ocr_line' id='line_1_69' title="bbox 2024 3275 3635 3349; baseline 0.002 -18"><span class='ocrx_word' id='word_1_572' title='bbox 2024 3277 2296 3343; x_wconf 86' lang='lat' dir='ltr'><strong>scientia,</strong></span> <span class='ocrx_word' id='word_1_573' title='bbox 2343 3277 2434 3349; x_wconf 91' lang='lat' dir='ltr'><strong>qui</strong></span> <span class='ocrx_word' id='word_1_574' title='bbox 2493 3275 2800 3348; x_wconf 89' lang='lat' dir='ltr'><strong>placiditate</strong></span> <span class='ocrx_word' id='word_1_575' title='bbox 2846 3275 3167 3348; x_wconf 73' lang='lat' dir='ltr'><strong>eloquentia:</strong></span> <span class='ocrx_word' id='word_1_576' title='bbox 3206 3277 3509 3348; x_wconf 88' lang='lat' dir='ltr'><strong>redundet,</strong></span> <span class='ocrx_word' id='word_1_577' title='bbox 3542 3279 3635 3335; x_wconf 89' lang='lat' dir='ltr'><strong>vel</strong></span> 
     </span>
    </p>
   </div>
   <div class='ocr_carea' id='block_1_70' title="bbox 2022 3364 3629 3438">
    <p class='ocr_par' dir='ltr' id='par_1_70' title="bbox 2022 3364 3629 3438">
     <span class='ocr_line' id='line_1_70' title="bbox 2022 3364 3629 3438; baseline 0.001 -16"><span class='ocrx_word' id='word_1_578' title='bbox 2022 3366 2110 3422; x_wconf 89' lang='lat' dir='ltr'><strong>cui</strong></span> <span class='ocrx_word' id='word_1_579' title='bbox 2138 3367 2537 3438; x_wconf 88' lang='lat' dir='ltr'><strong>eleemosynam</strong></span> <span class='ocrx_word' id='word_1_580' title='bbox 2586 3364 2822 3422; x_wconf 85' lang='lat' dir='ltr'><strong>faciendi</strong></span> <span class='ocrx_word' id='word_1_581' title='bbox 2845 3365 3098 3436; x_wconf 92' lang='lat' dir='ltr'><strong>suppedit</strong></span> <span class='ocrx_word' id='word_1_582' title='bbox 3126 3365 3384 3434; x_wconf 86' lang='lat' dir='ltr'><strong>facultas;</strong></span> <span class='ocrx_word' id='word_1_583' title='bbox 3421 3367 3540 3423; x_wconf 84' lang='lat' dir='ltr'><strong>sive</strong></span> <span class='ocrx_word' id='word_1_584' title='bbox 3571 3367 3629 3423; x_wconf 88' lang='lat' dir='ltr'><strong>in</strong></span> 
     </span>
    </p>
   </div>
   <div class='ocr_carea' id='block_1_71' title="bbox 2019 3453 3627 3526">
    <p class='ocr_par' dir='ltr' id='par_1_71' title="bbox 2019 3453 3627 3526">
     <span class='ocr_line' id='line_1_71' title="bbox 2019 3453 3627 3526; baseline 0.001 -16"><span class='ocrx_word' id='word_1_585' title='bbox 2019 3453 2313 3510; x_wconf 84' lang='lat' dir='ltr'><strong>infirmiore</strong></span> <span class='ocrx_word' id='word_1_586' title='bbox 2356 3454 2425 3508; x_wconf 90' lang='lat' dir='ltr'><strong>sit</strong></span> <span class='ocrx_word' id='word_1_587' title='bbox 2468 3454 2727 3523; x_wconf 88' lang='lat' dir='ltr'><strong>scientia,</strong></span> <span class='ocrx_word' id='word_1_588' title='bbox 2763 3454 2857 3526; x_wconf 90' lang='lat' dir='ltr'><strong>qui</strong></span> <span class='ocrx_word' id='word_1_589' title='bbox 2885 3454 3134 3510; x_wconf 87' lang='lat' dir='ltr'><strong>tarditate</strong></span> <span class='ocrx_word' id='word_1_590' title='bbox 3178 3455 3474 3512; x_wconf 88' lang='lat' dir='ltr'><strong>verborum</strong></span> <span class='ocrx_word' id='word_1_591' title='bbox 3506 3464 3627 3512; x_wconf 83' lang='lat' dir='ltr'><strong>tor-</strong></span> 
     </span>
    </p>
   </div>
   <div class='ocr_carea' id='block_1_72' title="bbox 2019 3542 3627 3618">
    <p class='ocr_par' dir='ltr' id='par_1_72' title="bbox 2019 3542 3627 3618">
     <span class='ocr_line' id='line_1_72' title="bbox 2019 3542 3627 3618; baseline 0 -18"><span class='ocrx_word' id='word_1_592' title='bbox 2019 3550 2143 3615; x_wconf 90' lang='lat' dir='ltr'><strong>peat</strong></span> <span class='ocrx_word' id='word_1_593' title='bbox 2173 3543 2262 3600; x_wconf 92' lang='lat' dir='ltr'><strong>vel</strong></span> <span class='ocrx_word' id='word_1_594' title='bbox 2292 3542 2604 3599; x_wconf 85' lang='lat' dir='ltr'><strong>substantia</strong></span> <span class='ocrx_word' id='word_1_595' title='bbox 2622 3542 2864 3599; x_wconf 90' lang='lat' dir='ltr'><strong>subsidio</strong></span> <span class='ocrx_word' id='word_1_596' title='bbox 2882 3550 3058 3598; x_wconf 88' lang='lat' dir='ltr'><strong>careat</strong></span> <span class='ocrx_word' id='word_1_597' title='bbox 3071 3543 3388 3616; x_wconf 87' lang='lat' dir='ltr'><strong>largienda,</strong></span> <span class='ocrx_word' id='word_1_598' title='bbox 3411 3566 3432 3593; x_wconf 72' lang='grc' dir='ltr'>ε</span> <span class='ocrx_word' id='word_1_599' title='bbox 3469 3561 3627 3618; x_wconf 89' lang='lat' dir='ltr'><strong>aqua</strong></span> 
     </span>
    </p>
   </div>
   <div class='ocr_carea' id='block_1_73' title="bbox 2017 3631 3622 3703">
    <p class='ocr_par' dir='ltr' id='par_1_73' title="bbox 2017 3631 3622 3703">
     <span class='ocr_line' id='line_1_73' title="bbox 2017 3631 3622 3703; baseline 0.001 -16"><span class='ocrx_word' id='word_1_600' title='bbox 2017 3640 2197 3688; x_wconf 89' lang='lat' dir='ltr'><strong>tamen</strong></span> <span class='ocrx_word' id='word_1_601' title='bbox 2240 3647 2496 3688; x_wconf 79' lang='lat' dir='ltr'><strong>mensula</strong></span> <span class='ocrx_word' id='word_1_602' title='bbox 2541 3631 2813 3687; x_wconf 92' lang='lat' dir='ltr'><strong>dividetur</strong></span> <span class='ocrx_word' id='word_1_603' title='bbox 2858 3649 2958 3703; x_wconf 88' lang='lat' dir='ltr'><strong>per</strong></span> <span class='ocrx_word' id='word_1_604' title='bbox 3002 3632 3264 3703; x_wconf 88' lang='lat' dir='ltr'><strong>singulos.</strong></span> <span class='ocrx_word' id='word_1_605' title='bbox 3319 3655 3341 3682; x_wconf 70' lang='grc' dir='ltr'><em>η</em></span> <span class='ocrx_word' id='word_1_606' title='bbox 3394 3633 3534 3701; x_wconf 85' lang='lat' dir='ltr'><strong>Quia</strong></span> <span class='ocrx_word' id='word_1_607' title='bbox 3565 3633 3622 3689; x_wconf 91' lang='lat' dir='ltr'><strong>in</strong></span> 
     </span>
    </p>
   </div>
   <div class='ocr_carea' id='block_1_74' title="bbox 2015 3719 3626 3793">
    <p class='ocr_par' dir='ltr' id='par_1_74' title="bbox 2015 3719 3626 3793">
     <span class='ocr_line' id='line_1_74' title="bbox 2015 3719 3626 3793; baseline 0.001 -16"><span class='ocrx_word' id='word_1_608' title='bbox 2015 3721 2320 3793; x_wconf 83' lang='lat' dir='ltr'><strong>aqualitate</strong></span> <span class='ocrx_word' id='word_1_609' title='bbox 2350 3728 2403 3777; x_wconf 90' lang='lat' dir='ltr'><strong>et</strong></span> <span class='ocrx_word' id='word_1_610' title='bbox 2447 3720 2646 3776; x_wconf 86' lang='lat' dir='ltr'><strong>unitate</strong></span> <span class='ocrx_word' id='word_1_611' title='bbox 2693 3719 2822 3775; x_wconf 85' lang='lat' dir='ltr'><strong>ﬁdei</strong></span> <span class='ocrx_word' id='word_1_612' title='bbox 2851 3720 3052 3776; x_wconf 89' lang='lat' dir='ltr'><strong>debent</strong></span> <span class='ocrx_word' id='word_1_613' title='bbox 3081 3736 3272 3776; x_wconf 90' lang='lat' dir='ltr'><strong>omnes</strong></span> <span class='ocrx_word' id='word_1_614' title='bbox 3301 3721 3533 3793; x_wconf 79' lang='lat' dir='ltr'><strong>aquari,</strong></span> <span class='ocrx_word' id='word_1_615' title='bbox 3565 3731 3626 3778; x_wconf 90' lang='lat' dir='ltr'><strong>ut</strong></span> 
     </span>
    </p>
   </div>
   <div class='ocr_carea' id='block_1_75' title="bbox 2013 3809 3623 3881">
    <p class='ocr_par' dir='ltr' id='par_1_75' title="bbox 2013 3809 3623 3881">
     <span class='ocr_line' id='line_1_75' title="bbox 2013 3809 3623 3881; baseline 0.001 -17"><span class='ocrx_word' id='word_1_616' title='bbox 2013 3810 2214 3865; x_wconf 87' lang='lat' dir='ltr'><strong>Paulus</strong></span> <span class='ocrx_word' id='word_1_617' title='bbox 2244 3827 2413 3865; x_wconf 88' lang='lat' dir='ltr'><strong>unum</strong></span> <span class='ocrx_word' id='word_1_618' title='bbox 2457 3826 2646 3866; x_wconf 90' lang='lat' dir='ltr'><strong>omnes</strong></span> <span class='ocrx_word' id='word_1_619' title='bbox 2687 3825 2884 3881; x_wconf 87' lang='lat' dir='ltr'><strong>sapere</strong></span> <span class='ocrx_word' id='word_1_620' title='bbox 2929 3817 2983 3865; x_wconf 89' lang='lat' dir='ltr'><strong>et</strong></span> <span class='ocrx_word' id='word_1_621' title='bbox 3010 3809 3244 3880; x_wconf 90' lang='lat' dir='ltr'><strong>idipsum</strong></span> <span class='ocrx_word' id='word_1_622' title='bbox 3272 3810 3462 3866; x_wconf 89' lang='lat' dir='ltr'><strong>dicere</strong></span> <span class='ocrx_word' id='word_1_623' title='bbox 3490 3812 3623 3867; x_wconf 87' lang='lat' dir='ltr'><strong>hor-</strong></span> 
     </span>
    </p>
   </div>
   <div class='ocr_carea' id='block_1_76' title="bbox 2014 3898 3619 3972">
    <p class='ocr_par' dir='ltr' id='par_1_76' title="bbox 2014 3898 3619 3972">
     <span class='ocr_line' id='line_1_76' title="bbox 2014 3898 3619 3972; baseline 0.001 -19"><span class='ocrx_word' id='word_1_624' title='bbox 2014 3905 2153 3954; x_wconf 89' lang='lat' dir='ltr'><strong>tatur</strong></span> <span class='ocrx_word' id='word_1_625' title='bbox 2179 3899 2412 3972; x_wconf 80' lang='lat' dir='ltr'><strong>(Philip.</strong></span> <span class='ocrx_word' id='word_1_626' title='bbox 2447 3899 2530 3970; x_wconf 85' lang='lat' dir='ltr'><strong>u).</strong></span> <span class='ocrx_word' id='word_1_627' title='bbox 2561 3921 2581 3949; x_wconf 75' lang='grc' dir='ltr'>α</span> <span class='ocrx_word' id='word_1_628' title='bbox 2617 3899 2720 3954; x_wconf 90' lang='lat' dir='ltr'><strong>Pro</strong></span> <span class='ocrx_word' id='word_1_629' title='bbox 2763 3898 3057 3970; x_wconf 82' lang='lat' dir='ltr'><strong>gratiarum</strong></span> <span class='ocrx_word' id='word_1_630' title='bbox 3084 3899 3295 3955; x_wconf 87' lang='lat' dir='ltr'><strong>actione</strong></span> <span class='ocrx_word' id='word_1_631' title='bbox 3330 3919 3354 3949; x_wconf 76' lang='grc' dir='ltr'><strong><em>ι</em></strong></span> <span class='ocrx_word' id='word_1_632' title='bbox 3389 3899 3619 3967; x_wconf 89' lang='lat' dir='ltr'><strong>donum,</strong></span> 
     </span>
    </p>
   </div>
   <div class='ocr_carea' id='block_1_77' title="bbox 2013 3987 3620 4059">
    <p class='ocr_par' dir='ltr' id='par_1_77' title="bbox 2013 3987 3620 4059">
     <span class='ocr_line' id='line_1_77' title="bbox 2013 3987 3620 4059; baseline 0.001 -16"><span class='ocrx_word' id='word_1_633' title='bbox 2013 3987 2106 4059; x_wconf 90' lang='lat' dir='ltr'><strong>qui</strong></span> <span class='ocrx_word' id='word_1_634' title='bbox 2135 3988 2496 4044; x_wconf 90' lang='lat' dir='ltr'><strong>immensitate</strong></span> <span class='ocrx_word' id='word_1_635' title='bbox 2534 3996 2885 4058; x_wconf 88' lang='lat' dir='ltr'><strong>peccatorum</strong></span> <span class='ocrx_word' id='word_1_636' title='bbox 2930 4003 3038 4043; x_wconf 92' lang='lat' dir='ltr'><strong>non</strong></span> <span class='ocrx_word' id='word_1_637' title='bbox 3088 3987 3298 4059; x_wconf 87' lang='lat' dir='ltr'><strong>cogitur</strong></span> <span class='ocrx_word' id='word_1_638' title='bbox 3338 3989 3620 4059; x_wconf 82' lang='lat' dir='ltr'><strong>paniteri,</strong></span> 
     </span>
    </p>
   </div>
   <div class='ocr_carea' id='block_1_78' title="bbox 308 4069 3616 4151">
    <p class='ocr_par' dir='ltr' id='par_1_78' title="bbox 308 4069 3616 4151">
     <span class='ocr_line' id='line_1_78' title="bbox 308 4069 3616 4151; baseline 0.002 -24"><span class='ocrx_word' id='word_1_639' title='bbox 308 4087 437 4127; x_wconf 87' lang='lat' dir='ltr'><strong>nem</strong></span> <span class='ocrx_word' id='word_1_640' title='bbox 464 4070 748 4142; x_wconf 78' lang='lat' dir='ltr'><strong>panitenti</strong></span> <span class='ocrx_word' id='word_1_641' title='bbox 793 4071 979 4136; x_wconf 90' lang='lat' dir='ltr'><strong>cessit,</strong></span> <span class='ocrx_word' id='word_1_642' title='bbox 1026 4069 1235 4137; x_wconf 87' lang='lat' dir='ltr'><strong>fecerit,</strong></span> <span class='ocrx_word' id='word_1_643' title='bbox 1269 4077 1418 4126; x_wconf 90' lang='lat' dir='ltr'><strong>certa</strong></span> <span class='ocrx_word' id='word_1_644' title='bbox 1450 4071 1707 4127; x_wconf 91' lang='lat' dir='ltr'><strong>mercede</strong></span> <span class='ocrx_word' id='word_1_645' title='bbox 1736 4073 1909 4128; x_wconf 89' lang='lat' dir='ltr'><strong>dona-</strong></span> <span class='ocrx_word' id='word_1_646' title='bbox 2011 4077 2110 4132; x_wconf 91' lang='lat' dir='ltr'><strong>sed</strong></span> <span class='ocrx_word' id='word_1_647' title='bbox 2141 4093 2241 4148; x_wconf 89' lang='lat' dir='ltr'><strong>pro</strong></span> <span class='ocrx_word' id='word_1_648' title='bbox 2269 4077 2462 4132; x_wconf 92' lang='lat' dir='ltr'><strong>collata</strong></span> <span class='ocrx_word' id='word_1_649' title='bbox 2490 4076 2595 4131; x_wconf 89' lang='lat' dir='ltr'><strong>sibi</strong></span> <span class='ocrx_word' id='word_1_650' title='bbox 2627 4077 2806 4132; x_wconf 88' lang='lat' dir='ltr'><strong>divina</strong></span> <span class='ocrx_word' id='word_1_651' title='bbox 2834 4076 3214 4133; x_wconf 90' lang='lat' dir='ltr'><strong>misericordia</strong></span> <span class='ocrx_word' id='word_1_652' title='bbox 3243 4078 3447 4150; x_wconf 89' lang='lat' dir='ltr'><strong>gratias</strong></span> <span class='ocrx_word' id='word_1_653' title='bbox 3477 4079 3616 4151; x_wconf 83' lang='lat' dir='ltr'><strong>agit.</strong></span> 
     </span>
    </p>
   </div>
   <div class='ocr_carea' id='block_1_79' title="bbox 311 4157 3619 4233">
    <p class='ocr_par' dir='ltr' id='par_1_79' title="bbox 311 4157 3619 4233">
     <span class='ocr_line' id='line_1_79' title="bbox 311 4157 3619 4233; baseline 0 -17"><span class='ocrx_word' id='word_1_654' title='bbox 311 4160 477 4228; x_wconf 90' lang='lat' dir='ltr'><strong>bitur,</strong></span> <span class='ocrx_word' id='word_1_655' title='bbox 509 4160 648 4216; x_wconf 87' lang='lat' dir='ltr'><strong>sicut</strong></span> <span class='ocrx_word' id='word_1_656' title='bbox 676 4159 849 4214; x_wconf 88' lang='lat' dir='ltr'><strong>sancti</strong></span> <span class='ocrx_word' id='word_1_657' title='bbox 878 4175 1024 4229; x_wconf 87' lang='lat' dir='ltr'><strong>sape</strong></span> <span class='ocrx_word' id='word_1_658' title='bbox 1053 4174 1113 4214; x_wconf 92' lang='lat' dir='ltr'><strong>se</strong></span> <span class='ocrx_word' id='word_1_659' title='bbox 1153 4157 1232 4214; x_wconf 90' lang='lat' dir='ltr'><strong>sic</strong></span> <span class='ocrx_word' id='word_1_660' title='bbox 1261 4158 1549 4229; x_wconf 85' lang='lat' dir='ltr'><strong>castigant,</strong></span> <span class='ocrx_word' id='word_1_661' title='bbox 1576 4160 1727 4232; x_wconf 88' lang='lat' dir='ltr'><strong>quasi</strong></span> <span class='ocrx_word' id='word_1_662' title='bbox 1743 4162 1911 4216; x_wconf 88' lang='lat' dir='ltr'><strong>maxi-</strong></span> <span class='ocrx_word' id='word_1_663' title='bbox 2009 4160 2180 4217; x_wconf 75' lang='lat' dir='ltr'><strong>Offert</strong></span> <span class='ocrx_word' id='word_1_664' title='bbox 2217 4177 2386 4233; x_wconf 90' lang='lat' dir='ltr'><strong>panes</strong></span> <span class='ocrx_word' id='word_1_665' title='bbox 2431 4177 2762 4232; x_wconf 89' lang='lat' dir='ltr'><strong>conspersos</strong></span> <span class='ocrx_word' id='word_1_666' title='bbox 2807 4161 2951 4229; x_wconf 90' lang='lat' dir='ltr'><strong>oleo,</strong></span> <span class='ocrx_word' id='word_1_667' title='bbox 2985 4161 3040 4215; x_wconf 92' lang='lat' dir='ltr'><strong>id</strong></span> <span class='ocrx_word' id='word_1_668' title='bbox 3074 4169 3158 4216; x_wconf 91' lang='lat' dir='ltr'><strong>est</strong></span> <span class='ocrx_word' id='word_1_669' title='bbox 3185 4161 3488 4217; x_wconf 89' lang='lat' dir='ltr'><strong>doctrinam</strong></span> <span class='ocrx_word' id='word_1_670' title='bbox 3519 4178 3619 4219; x_wconf 87' lang='lat' dir='ltr'><strong>se-</strong></span> 
     </span>
    </p>
   </div>
   <div class='ocr_carea' id='block_1_80' title="bbox 310 4247 3617 4324">
    <p class='ocr_par' dir='ltr' id='par_1_80' title="bbox 310 4247 3617 4324">
     <span class='ocr_line' id='line_1_80' title="bbox 310 4247 3617 4324; baseline 0.001 -20"><span class='ocrx_word' id='word_1_671' title='bbox 310 4249 414 4304; x_wconf 89' lang='lat' dir='ltr'><strong>mis</strong></span> <span class='ocrx_word' id='word_1_672' title='bbox 460 4249 568 4304; x_wconf 90' lang='lat' dir='ltr'><strong>sint</strong></span> <span class='ocrx_word' id='word_1_673' title='bbox 610 4247 836 4304; x_wconf 90' lang='lat' dir='ltr'><strong>involuti</strong></span> <span class='ocrx_word' id='word_1_674' title='bbox 883 4247 1141 4318; x_wconf 88' lang='lat' dir='ltr'><strong>peccatis.</strong></span> <span class='ocrx_word' id='word_1_675' title='bbox 1194 4268 1216 4296; x_wconf 80' lang='lat'><em>«</em></span> <span class='ocrx_word' id='word_1_676' title='bbox 1271 4247 1326 4302; x_wconf 93' lang='lat' dir='ltr'><strong>Si</strong></span> <span class='ocrx_word' id='word_1_677' title='bbox 1371 4247 1440 4301; x_wconf 94' lang='lat' dir='ltr'><strong>de</strong></span> <span class='ocrx_word' id='word_1_678' title='bbox 1482 4249 1746 4320; x_wconf 89' lang='lat' dir='ltr'><strong>sanguine</strong></span> <span class='ocrx_word' id='word_1_679' title='bbox 1790 4250 1906 4319; x_wconf 90' lang='lat' dir='ltr'><strong>ejus</strong></span> <span class='ocrx_word' id='word_1_680' title='bbox 2008 4250 2187 4322; x_wconf 91' lang='lat' dir='ltr'><strong>quitur</strong></span> <span class='ocrx_word' id='word_1_681' title='bbox 2255 4251 2470 4305; x_wconf 88' lang='lat' dir='ltr'><strong>Patrum</strong></span> <span class='ocrx_word' id='word_1_682' title='bbox 2538 4251 2678 4306; x_wconf 85' lang='lat' dir='ltr'><strong>Novi</strong></span> <span class='ocrx_word' id='word_1_683' title='bbox 2721 4249 3075 4306; x_wconf 90' lang='lat' dir='ltr'><strong>Testamenti.</strong></span> <span class='ocrx_word' id='word_1_684' title='bbox 3109 4247 3280 4305; x_wconf 71' lang='lat' dir='ltr'><strong>Oﬂ‘ert</strong></span> <span class='ocrx_word' id='word_1_685' title='bbox 3337 4259 3386 4305; x_wconf 90' lang='lat' dir='ltr'><strong>et</strong></span> <span class='ocrx_word' id='word_1_686' title='bbox 3417 4251 3617 4324; x_wconf 81' lang='lat' dir='ltr'><strong>lagana</strong></span> 
     </span>
    </p>
   </div>
   <div class='ocr_carea' id='block_1_81' title="bbox 311 4335 3618 4410">
    <p class='ocr_par' dir='ltr' id='par_1_81' title="bbox 311 4335 3618 4410">
     <span class='ocr_line' id='line_1_81' title="bbox 311 4335 3618 4410; baseline 0 -16"><span class='ocrx_word' id='word_1_687' title='bbox 311 4338 480 4394; x_wconf 87' lang='lat' dir='ltr'><strong>vestis</strong></span> <span class='ocrx_word' id='word_1_688' title='bbox 500 4337 658 4394; x_wconf 85' lang='lat' dir='ltr'><strong>fuerit</strong></span> <span class='ocrx_word' id='word_1_689' title='bbox 697 4353 935 4408; x_wconf 88' lang='lat' dir='ltr'><strong>aspersa,</strong></span> <span class='ocrx_word' id='word_1_690' title='bbox 973 4358 994 4384; x_wconf 72' lang='grc' dir='ltr'><strong><em>υ</em></strong></span> <span class='ocrx_word' id='word_1_691' title='bbox 1032 4344 1136 4392; x_wconf 90' lang='lat' dir='ltr'><strong>etc.</strong></span> <span class='ocrx_word' id='word_1_692' title='bbox 1172 4335 1234 4390; x_wconf 92' lang='lat' dir='ltr'><strong>Id</strong></span> <span class='ocrx_word' id='word_1_693' title='bbox 1263 4342 1366 4402; x_wconf 92' lang='lat' dir='ltr'><strong>est,</strong></span> <span class='ocrx_word' id='word_1_694' title='bbox 1399 4352 1429 4390; x_wconf 92' lang='lat' dir='ltr'><strong>e</strong></span> <span class='ocrx_word' id='word_1_695' title='bbox 1458 4335 1564 4391; x_wconf 91' lang='lat' dir='ltr'><strong>vita</strong></span> <span class='ocrx_word' id='word_1_696' title='bbox 1593 4338 1905 4407; x_wconf 81' lang='lat' dir='ltr'><strong>paenitentis</strong></span> <span class='ocrx_word' id='word_1_697' title='bbox 2005 4354 2192 4410; x_wconf 87' lang='lat' dir='ltr'><strong>azyma</strong></span> <span class='ocrx_word' id='word_1_698' title='bbox 2244 4339 2365 4394; x_wconf 92' lang='lat' dir='ltr'><strong>oleo</strong></span> <span class='ocrx_word' id='word_1_699' title='bbox 2413 4338 2544 4407; x_wconf 87' lang='lat' dir='ltr'><strong>lita,</strong></span> <span class='ocrx_word' id='word_1_700' title='bbox 2577 4339 2631 4393; x_wconf 90' lang='lat' dir='ltr'><strong>id</strong></span> <span class='ocrx_word' id='word_1_701' title='bbox 2659 4346 2741 4394; x_wconf 91' lang='lat' dir='ltr'><strong>est</strong></span> <span class='ocrx_word' id='word_1_702' title='bbox 2768 4337 3099 4394; x_wconf 91' lang='lat' dir='ltr'><strong>intellectum</strong></span> <span class='ocrx_word' id='word_1_703' title='bbox 3151 4338 3365 4392; x_wconf 90' lang='lat' dir='ltr'><strong>Patrum</strong></span> <span class='ocrx_word' id='word_1_704' title='bbox 3399 4339 3618 4396; x_wconf 76' lang='lat' dir='ltr'><strong>Veteris</strong></span> 
     </span>
    </p>
   </div>
   <div class='ocr_carea' id='block_1_82' title="bbox 312 4424 3614 4502">
    <p class='ocr_par' dir='ltr' id='par_1_82' title="bbox 312 4424 3614 4502">
     <span class='ocr_line' id='line_1_82' title="bbox 312 4424 3614 4502; baseline 0 -19"><span class='ocrx_word' id='word_1_705' title='bbox 312 4428 612 4483; x_wconf 88' lang='lat' dir='ltr'><strong>substantia</strong></span> <span class='ocrx_word' id='word_1_706' title='bbox 642 4427 760 4496; x_wconf 91' lang='lat' dir='ltr'><strong>ejus</strong></span> <span class='ocrx_word' id='word_1_707' title='bbox 791 4425 1036 4496; x_wconf 91' lang='lat' dir='ltr'><strong>corporis</strong></span> <span class='ocrx_word' id='word_1_708' title='bbox 1056 4424 1428 4490; x_wconf 90' lang='lat' dir='ltr'><strong>maculabitur,</strong></span> <span class='ocrx_word' id='word_1_709' title='bbox 1451 4441 1552 4496; x_wconf 91' lang='lat' dir='ltr'><strong>per</strong></span> <span class='ocrx_word' id='word_1_710' title='bbox 1581 4425 1904 4496; x_wconf 90' lang='lat' dir='ltr'><strong>baptismum</strong></span> <span class='ocrx_word' id='word_1_711' title='bbox 1925 4497 1966 4502; x_wconf 86' lang='lat'><strong><em>_</em></strong></span> <span class='ocrx_word' id='word_1_712' title='bbox 1998 4427 2369 4483; x_wconf 64' lang='lat' dir='ltr'><strong>lnstrumenti.</strong></span> <span class='ocrx_word' id='word_1_713' title='bbox 2415 4427 2585 4496; x_wconf 89' lang='lat' dir='ltr'><strong>Majus</strong></span> <span class='ocrx_word' id='word_1_714' title='bbox 2619 4435 2701 4482; x_wconf 90' lang='lat' dir='ltr'><strong>est</strong></span> <span class='ocrx_word' id='word_1_715' title='bbox 2751 4435 2929 4482; x_wconf 89' lang='lat' dir='ltr'><strong>autem</strong></span> <span class='ocrx_word' id='word_1_716' title='bbox 2958 4426 3251 4498; x_wconf 90' lang='lat' dir='ltr'><strong>conspergi</strong></span> <span class='ocrx_word' id='word_1_717' title='bbox 3284 4443 3448 4498; x_wconf 90' lang='lat' dir='ltr'><strong>quam</strong></span> <span class='ocrx_word' id='word_1_718' title='bbox 3477 4430 3614 4502; x_wconf 88' lang='lat' dir='ltr'><strong>ungi</strong></span> 
     </span>
    </p>
   </div>
   <div class='ocr_carea' id='block_1_83' title="bbox 243 4497 3615 4590">
    <p class='ocr_par' dir='ltr' id='par_1_83' title="bbox 243 4497 3615 4590">
     <span class='ocr_line' id='line_1_83' title="bbox 243 4497 3615 4590; baseline -0 -17"><span class='ocrx_word' id='word_1_719' title='bbox 243 4529 254 4537; x_wconf 89' lang='lat'><strong><em>’</em></strong></span> <span class='ocrx_word' id='word_1_720' title='bbox 311 4516 454 4590; x_wconf 89' lang='lat' dir='ltr'><strong>quod</strong></span> <span class='ocrx_word' id='word_1_721' title='bbox 483 4517 538 4571; x_wconf 90' lang='lat' dir='ltr'><strong>in</strong></span> <span class='ocrx_word' id='word_1_722' title='bbox 567 4516 816 4572; x_wconf 88' lang='lat' dir='ltr'><strong>Ecclesia</strong></span> <span class='ocrx_word' id='word_1_723' title='bbox 846 4515 1084 4586; x_wconf 92' lang='lat' dir='ltr'><strong>suscepit</strong></span> <span class='ocrx_word' id='word_1_724' title='bbox 1113 4513 1273 4568; x_wconf 91' lang='lat' dir='ltr'><strong>debet</strong></span> <span class='ocrx_word' id='word_1_725' title='bbox 1291 4530 1445 4583; x_wconf 89' lang='lat' dir='ltr'><strong>spem</strong></span> <span class='ocrx_word' id='word_1_726' title='bbox 1460 4514 1665 4570; x_wconf 87' lang='lat' dir='ltr'><strong>habere</strong></span> <span class='ocrx_word' id='word_1_727' title='bbox 1685 4497 1978 4572; x_wconf 89' lang='lat' dir='ltr'><strong>electio-D</strong></span> <span class='ocrx_word' id='word_1_728' title='bbox 2007 4517 2148 4583; x_wconf 90' lang='lat' dir='ltr'><strong>oleo,</strong></span> <span class='ocrx_word' id='word_1_729' title='bbox 2184 4516 2308 4588; x_wconf 91' lang='lat' dir='ltr'><strong>quia</strong></span> <span class='ocrx_word' id='word_1_730' title='bbox 2353 4516 2634 4572; x_wconf 90' lang='lat' dir='ltr'><strong>veritatem</strong></span> <span class='ocrx_word' id='word_1_731' title='bbox 2665 4516 2754 4570; x_wconf 91' lang='lat' dir='ltr'><strong>isti</strong></span> <span class='ocrx_word' id='word_1_732' title='bbox 2799 4516 3100 4586; x_wconf 83' lang='lat' dir='ltr'><strong>pradicant</strong></span> <span class='ocrx_word' id='word_1_733' title='bbox 3145 4497 3334 4571; x_wconf 80' lang='lat' dir='ltr'><strong>eorum</strong></span> <span class='ocrx_word' id='word_1_734' title='bbox 3381 4533 3503 4588; x_wconf 80' lang='lat' dir='ltr'><strong>qua</strong></span> <span class='ocrx_word' id='word_1_735' title='bbox 3534 4497 3615 4573; x_wconf 70' lang='lat' dir='ltr'><strong>illi</strong></span> 
     </span>
    </p>
   </div>
   <div class='ocr_carea' id='block_1_84' title="bbox 308 4602 3613 4676">
    <p class='ocr_par' dir='ltr' id='par_1_84' title="bbox 308 4602 3613 4676">
     <span class='ocr_line' id='line_1_84' title="bbox 308 4602 3613 4676; baseline 0 -16"><span class='ocrx_word' id='word_1_736' title='bbox 308 4605 416 4661; x_wconf 89' lang='lat' dir='ltr'><strong>nis.</strong></span> <span class='ocrx_word' id='word_1_737' title='bbox 447 4605 567 4661; x_wconf 90' lang='lat' dir='ltr'><strong>Nisi</strong></span> <span class='ocrx_word' id='word_1_738' title='bbox 599 4606 743 4661; x_wconf 90' lang='lat' dir='ltr'><strong>enim</strong></span> <span class='ocrx_word' id='word_1_739' title='bbox 773 4605 924 4676; x_wconf 91' lang='lat' dir='ltr'><strong>prius</strong></span> <span class='ocrx_word' id='word_1_740' title='bbox 942 4611 1086 4660; x_wconf 90' lang='lat' dir='ltr'><strong>recte</strong></span> <span class='ocrx_word' id='word_1_741' title='bbox 1103 4602 1262 4657; x_wconf 88' lang='lat' dir='ltr'><strong>fuerit</strong></span> <span class='ocrx_word' id='word_1_742' title='bbox 1283 4603 1603 4674; x_wconf 88' lang='lat' dir='ltr'><strong>baptizatus,</strong></span> <span class='ocrx_word' id='word_1_743' title='bbox 1631 4605 1906 4675; x_wconf 78' lang='lat' dir='ltr'><strong>poeniten-</strong></span> <span class='ocrx_word' id='word_1_744' title='bbox 2007 4614 2232 4660; x_wconf 88' lang='lat' dir='ltr'><strong>ventura</strong></span> <span class='ocrx_word' id='word_1_745' title='bbox 2265 4605 2629 4662; x_wconf 88' lang='lat' dir='ltr'><strong>somniabant.</strong></span> <span class='ocrx_word' id='word_1_746' title='bbox 2674 4605 2975 4676; x_wconf 74' lang='lat' dir='ltr'><strong>Collyridas</strong></span> <span class='ocrx_word' id='word_1_747' title='bbox 3003 4603 3180 4670; x_wconf 72' lang='lat' dir='ltr'><strong>offert,</strong></span> <span class='ocrx_word' id='word_1_748' title='bbox 3211 4604 3264 4658; x_wconf 91' lang='lat' dir='ltr'><strong>id</strong></span> <span class='ocrx_word' id='word_1_749' title='bbox 3297 4613 3379 4660; x_wconf 92' lang='lat' dir='ltr'><strong>est</strong></span> <span class='ocrx_word' id='word_1_750' title='bbox 3411 4607 3613 4662; x_wconf 82' lang='lat' dir='ltr'><strong>doctri-</strong></span> 
     </span>
    </p>
   </div>
   <div class='ocr_carea' id='block_1_85' title="bbox 311 4691 3612 4766">
    <p class='ocr_par' dir='ltr' id='par_1_85' title="bbox 311 4691 3612 4766">
     <span class='ocr_line' id='line_1_85' title="bbox 311 4691 3612 4766; baseline 0.001 -17"><span class='ocrx_word' id='word_1_751' title='bbox 311 4695 387 4749; x_wconf 89' lang='lat' dir='ltr'><strong>tia</strong></span> <span class='ocrx_word' id='word_1_752' title='bbox 415 4709 526 4748; x_wconf 88' lang='lat' dir='ltr'><strong>non</strong></span> <span class='ocrx_word' id='word_1_753' title='bbox 573 4694 676 4749; x_wconf 90' lang='lat' dir='ltr'><strong>erit</strong></span> <span class='ocrx_word' id='word_1_754' title='bbox 722 4693 1058 4749; x_wconf 89' lang='lat' dir='ltr'><strong>emendatus.</strong></span> <span class='ocrx_word' id='word_1_755' title='bbox 1120 4693 1224 4746; x_wconf 90' lang='lat' dir='ltr'><strong>Per</strong></span> <span class='ocrx_word' id='word_1_756' title='bbox 1289 4691 1615 4763; x_wconf 89' lang='lat' dir='ltr'><strong>baptismum</strong></span> <span class='ocrx_word' id='word_1_757' title='bbox 1671 4694 1817 4748; x_wconf 90' lang='lat' dir='ltr'><strong>enim</strong></span> <span class='ocrx_word' id='word_1_758' title='bbox 1855 4701 1906 4749; x_wconf 89' lang='lat' dir='ltr'><strong>et</strong></span> <span class='ocrx_word' id='word_1_759' title='bbox 2004 4709 2128 4749; x_wconf 90' lang='lat' dir='ltr'><strong>nam</strong></span> <span class='ocrx_word' id='word_1_760' title='bbox 2159 4695 2599 4761; x_wconf 83' lang='lat' dir='ltr'><strong>orthodoxorum,</strong></span> <span class='ocrx_word' id='word_1_761' title='bbox 2647 4711 2878 4766; x_wconf 91' lang='lat' dir='ltr'><strong>quorum</strong></span> <span class='ocrx_word' id='word_1_762' title='bbox 2908 4694 3096 4748; x_wconf 90' lang='lat' dir='ltr'><strong>labore</strong></span> <span class='ocrx_word' id='word_1_763' title='bbox 3116 4693 3282 4748; x_wconf 91' lang='lat' dir='ltr'><strong>libros</strong></span> <span class='ocrx_word' id='word_1_764' title='bbox 3313 4695 3612 4751; x_wconf 89' lang='lat' dir='ltr'><strong>canonicos</strong></span> 
     </span>
    </p>
   </div>
   <div class='ocr_carea' id='block_1_86' title="bbox 307 4780 3612 4855">
    <p class='ocr_par' dir='ltr' id='par_1_86' title="bbox 307 4780 3612 4855">
     <span class='ocr_line' id='line_1_86' title="bbox 307 4780 3612 4855; baseline 0 -16"><span class='ocrx_word' id='word_1_765' title='bbox 307 4783 581 4855; x_wconf 88' lang='lat' dir='ltr'><strong>praterita</strong></span> <span class='ocrx_word' id='word_1_766' title='bbox 609 4781 953 4837; x_wconf 91' lang='lat' dir='ltr'><strong>dimittuntur</strong></span> <span class='ocrx_word' id='word_1_767' title='bbox 982 4790 1034 4836; x_wconf 91' lang='lat' dir='ltr'><strong>et</strong></span> <span class='ocrx_word' id='word_1_768' title='bbox 1063 4781 1132 4836; x_wconf 90' lang='lat' dir='ltr'><strong>de</strong></span> <span class='ocrx_word' id='word_1_769' title='bbox 1161 4780 1375 4845; x_wconf 89' lang='lat' dir='ltr'><strong>futuris,</strong></span> <span class='ocrx_word' id='word_1_770' title='bbox 1425 4782 1767 4852; x_wconf 82' lang='lat' dir='ltr'><strong>praccdente</strong></span> <span class='ocrx_word' id='word_1_771' title='bbox 1787 4799 1905 4854; x_wconf 88' lang='lat' dir='ltr'><strong>poe-</strong></span> <span class='ocrx_word' id='word_1_772' title='bbox 2004 4783 2376 4854; x_wconf 84' lang='lat' dir='ltr'><strong>intelligimus.</strong></span> <span class='ocrx_word' id='word_1_773' title='bbox 2425 4785 2553 4839; x_wconf 82' lang='lat' dir='ltr'><strong>Haec</strong></span> <span class='ocrx_word' id='word_1_774' title='bbox 2591 4782 2771 4838; x_wconf 90' lang='lat' dir='ltr'><strong>omnia</strong></span> <span class='ocrx_word' id='word_1_775' title='bbox 2801 4783 2920 4838; x_wconf 90' lang='lat' dir='ltr'><strong>sine</strong></span> <span class='ocrx_word' id='word_1_776' title='bbox 2963 4781 3250 4847; x_wconf 88' lang='lat' dir='ltr'><strong>fermento,</strong></span> <span class='ocrx_word' id='word_1_777' title='bbox 3290 4782 3345 4837; x_wconf 92' lang='lat' dir='ltr'><strong>id</strong></span> <span class='ocrx_word' id='word_1_778' title='bbox 3376 4792 3460 4838; x_wconf 91' lang='lat' dir='ltr'><strong>est</strong></span> <span class='ocrx_word' id='word_1_779' title='bbox 3490 4784 3612 4840; x_wconf 90' lang='lat' dir='ltr'><strong>sine</strong></span> 
     </span>
    </p>
   </div>
   <div class='ocr_carea' id='block_1_87' title="bbox 308 4869 3608 4950">
    <p class='ocr_par' dir='ltr' id='par_1_87' title="bbox 308 4869 3608 4950">
     <span class='ocr_line' id='line_1_87' title="bbox 308 4869 3608 4950; baseline -0 -24"><span class='ocrx_word' id='word_1_780' title='bbox 308 4872 550 4939; x_wconf 91' lang='lat' dir='ltr'><strong>nitentia,</strong></span> <span class='ocrx_word' id='word_1_781' title='bbox 569 4871 905 4943; x_wconf 87' lang='lat' dir='ltr'><strong>indulgentia</strong></span> <span class='ocrx_word' id='word_1_782' title='bbox 932 4878 1286 4942; x_wconf 88' lang='lat' dir='ltr'><strong>praparatur.</strong></span> <span class='ocrx_word' id='word_1_783' title='bbox 1309 4892 1329 4920; x_wconf 73' lang='grc' dir='ltr'><strong>«ι</strong></span> <span class='ocrx_word' id='word_1_784' title='bbox 1353 4870 1458 4924; x_wconf 85' lang='lat' dir='ltr'><strong>Vas</strong></span> <span class='ocrx_word' id='word_1_785' title='bbox 1475 4878 1652 4925; x_wconf 91' lang='lat' dir='ltr'><strong>autem</strong></span> <span class='ocrx_word' id='word_1_786' title='bbox 1673 4869 1904 4927; x_wconf 86' lang='lat' dir='ltr'><strong>fictilein</strong></span> <span class='ocrx_word' id='word_1_787' title='bbox 2003 4881 2194 4936; x_wconf 65' lang='lat' dir='ltr'><strong>alienae</strong></span> <span class='ocrx_word' id='word_1_788' title='bbox 2221 4880 2576 4936; x_wconf 68' lang='lat' dir='ltr'><strong>amaritudine</strong></span> <span class='ocrx_word' id='word_1_789' title='bbox 2617 4881 2896 4938; x_wconf 59' lang='lat' dir='ltr'><strong>doctrinm,</strong></span> <span class='ocrx_word' id='word_1_790' title='bbox 2949 4879 3117 4936; x_wconf 75' lang='lat' dir='ltr'><strong>Oﬁ‘ert</strong></span> <span class='ocrx_word' id='word_1_791' title='bbox 3160 4895 3329 4950; x_wconf 78' lang='lat' dir='ltr'><strong>panes</strong></span> <span class='ocrx_word' id='word_1_792' title='bbox 3365 4880 3608 4939; x_wconf 73' lang='lat' dir='ltr'><strong>femen-</strong></span> 
     </span>
    </p>
   </div>
   <div class='ocr_carea' id='block_1_88' title="bbox 2002 4968 3606 5039">
    <p class='ocr_par' dir='ltr' id='par_1_88' title="bbox 2002 4968 3606 5039">
     <span class='ocr_line' id='line_1_88' title="bbox 2002 4968 3606 5039; baseline 0.002 -15"><span class='ocrx_word' id='word_1_793' title='bbox 2002 4977 2160 5039; x_wconf 87' lang='lat' dir='ltr'><strong>tatos,</strong></span> <span class='ocrx_word' id='word_1_794' title='bbox 2207 4970 2262 5025; x_wconf 91' lang='lat' dir='ltr'><strong>id</strong></span> <span class='ocrx_word' id='word_1_795' title='bbox 2300 4977 2380 5025; x_wconf 90' lang='lat' dir='ltr'><strong>est</strong></span> <span class='ocrx_word' id='word_1_796' title='bbox 2429 4969 2558 5025; x_wconf 87' lang='lat' dir='ltr'><strong>fidei</strong></span> <span class='ocrx_word' id='word_1_797' title='bbox 2603 4969 2916 5026; x_wconf 86' lang='lat' dir='ltr'><strong>firmitatem</strong></span> <span class='ocrx_word' id='word_1_798' title='bbox 2941 5011 2954 5024; x_wconf 95' lang='lat'><strong>.</strong></span> <span class='ocrx_word' id='word_1_799' title='bbox 2991 4970 3130 5024; x_wconf 91' lang='lat' dir='ltr'><strong>Nam</strong></span> <span class='ocrx_word' id='word_1_800' title='bbox 3167 4977 3219 5024; x_wconf 90' lang='lat' dir='ltr'><strong>et</strong></span> <span class='ocrx_word' id='word_1_801' title='bbox 3276 4968 3606 5027; x_wconf 82' lang='lat' dir='ltr'><strong>fermentum</strong></span> 
     </span>
    </p>
   </div>
   <div class='ocr_carea' id='block_1_89' title="bbox 2001 5056 3606 5132">
    <p class='ocr_par' dir='ltr' id='par_1_89' title="bbox 2001 5056 3606 5132">
     <span class='ocr_line' id='line_1_89' title="bbox 2001 5056 3606 5132; baseline 0.002 -19"><span class='ocrx_word' id='word_1_802' title='bbox 2001 5058 2164 5114; x_wconf 90' lang='lat' dir='ltr'><strong>fidem</strong></span> <span class='ocrx_word' id='word_1_803' title='bbox 2196 5059 2486 5132; x_wconf 74' lang='lat' dir='ltr'><strong>significat,</strong></span> <span class='ocrx_word' id='word_1_804' title='bbox 2520 5067 2578 5115; x_wconf 91' lang='lat' dir='ltr'><strong>ut</strong></span> <span class='ocrx_word' id='word_1_805' title='bbox 2606 5060 2867 5116; x_wconf 90' lang='lat' dir='ltr'><strong>Dominus</strong></span> <span class='ocrx_word' id='word_1_806' title='bbox 2897 5059 2966 5113; x_wconf 91' lang='lat' dir='ltr'><strong>de</strong></span> <span class='ocrx_word' id='word_1_807' title='bbox 2994 5057 3224 5113; x_wconf 90' lang='lat' dir='ltr'><strong>muliere</strong></span> <span class='ocrx_word' id='word_1_808' title='bbox 3251 5056 3478 5115; x_wconf 85' lang='lat' dir='ltr'><strong>farinam</strong></span> <span class='ocrx_word' id='word_1_809' title='bbox 3501 5061 3606 5117; x_wconf 90' lang='lat' dir='ltr'><strong>fer-</strong></span> 
     </span>
    </p>
   </div>
   <div class='ocr_carea' id='block_1_90' title="bbox 2000 5145 3604 5220">
    <p class='ocr_par' dir='ltr' id='par_1_90' title="bbox 2000 5145 3604 5220">
     <span class='ocr_line' id='line_1_90' title="bbox 2000 5145 3604 5220; baseline 0.002 -16"><span class='ocrx_word' id='word_1_810' title='bbox 2000 5157 2274 5205; x_wconf 90' lang='lat' dir='ltr'><strong>mentante</strong></span> <span class='ocrx_word' id='word_1_811' title='bbox 2335 5150 2485 5206; x_wconf 91' lang='lat' dir='ltr'><strong>dicit.</strong></span> <span class='ocrx_word' id='word_1_812' title='bbox 2519 5151 2668 5205; x_wconf 91' lang='lat' dir='ltr'><strong>Unus</strong></span> <span class='ocrx_word' id='word_1_813' title='bbox 2696 5150 2754 5204; x_wconf 91' lang='lat' dir='ltr'><strong>in</strong></span> <span class='ocrx_word' id='word_1_814' title='bbox 2799 5147 3052 5220; x_wconf 90' lang='lat' dir='ltr'><strong>primitiis</strong></span> <span class='ocrx_word' id='word_1_815' title='bbox 3099 5145 3330 5202; x_wconf 74' lang='lat' dir='ltr'><strong>offertur</strong></span> <span class='ocrx_word' id='word_1_816' title='bbox 3371 5148 3502 5204; x_wconf 90' lang='lat' dir='ltr'><strong>dum</strong></span> <span class='ocrx_word' id='word_1_817' title='bbox 3545 5150 3604 5207; x_wconf 89' lang='lat' dir='ltr'><strong>in</strong></span> 
     </span>
    </p>
   </div>
   <div class='ocr_carea' id='block_1_91' title="bbox 2001 5236 3604 5310">
    <p class='ocr_par' dir='ltr' id='par_1_91' title="bbox 2001 5236 3604 5310">
     <span class='ocr_line' id='line_1_91' title="bbox 2001 5236 3604 5310; baseline 0.002 -17"><span class='ocrx_word' id='word_1_818' title='bbox 2001 5238 2200 5294; x_wconf 90' lang='lat' dir='ltr'><strong>unitate</strong></span> <span class='ocrx_word' id='word_1_819' title='bbox 2232 5238 2359 5296; x_wconf 89' lang='lat' dir='ltr'><strong>fidei</strong></span> <span class='ocrx_word' id='word_1_820' title='bbox 2389 5256 2551 5295; x_wconf 91' lang='lat' dir='ltr'><strong>omne</strong></span> <span class='ocrx_word' id='word_1_821' title='bbox 2584 5257 2722 5310; x_wconf 91' lang='lat' dir='ltr'><strong>opus</strong></span> <span class='ocrx_word' id='word_1_822' title='bbox 2766 5239 2970 5294; x_wconf 90' lang='lat' dir='ltr'><strong>bonum</strong></span> <span class='ocrx_word' id='word_1_823' title='bbox 3000 5236 3308 5292; x_wconf 88' lang='lat' dir='ltr'><strong>inchoatur.</strong></span> <span class='ocrx_word' id='word_1_824' title='bbox 3347 5260 3369 5287; x_wconf 75' lang='grc' dir='ltr'>ι</span> <span class='ocrx_word' id='word_1_825' title='bbox 3403 5240 3473 5294; x_wconf 88' lang='lat' dir='ltr'><strong>Et</strong></span> <span class='ocrx_word' id='word_1_826' title='bbox 3502 5240 3604 5296; x_wconf 86' lang='lat' dir='ltr'><strong>erit</strong></span> 
     </span>
    </p>
   </div>
   <div class='ocr_carea' id='block_1_92' title="bbox 2001 5326 3604 5402">
    <p class='ocr_par' dir='ltr' id='par_1_92' title="bbox 2001 5326 3604 5402">
     <span class='ocr_line' id='line_1_92' title="bbox 2001 5326 3604 5402; baseline 0.001 -18"><span class='ocrx_word' id='word_1_827' title='bbox 2001 5329 2296 5385; x_wconf 89' lang='lat' dir='ltr'><strong>sacerdotis</strong></span> <span class='ocrx_word' id='word_1_828' title='bbox 2327 5330 2417 5402; x_wconf 92' lang='lat' dir='ltr'><strong>qui</strong></span> <span class='ocrx_word' id='word_1_829' title='bbox 2468 5329 2657 5385; x_wconf 88' lang='lat' dir='ltr'><strong>fundet</strong></span> <span class='ocrx_word' id='word_1_830' title='bbox 2702 5328 2893 5384; x_wconf 86' lang='lat' dir='ltr'><strong>hostia</strong></span> <span class='ocrx_word' id='word_1_831' title='bbox 2937 5326 3280 5396; x_wconf 87' lang='lat' dir='ltr'><strong>sanguinem,</strong></span> <span class='ocrx_word' id='word_1_832' title='bbox 3320 5347 3339 5376; x_wconf 77' lang='grc' dir='ltr'><strong><em>ι</em></strong></span> <span class='ocrx_word' id='word_1_833' title='bbox 3392 5330 3520 5400; x_wconf 85' lang='lat' dir='ltr'><strong>quia</strong></span> <span class='ocrx_word' id='word_1_834' title='bbox 3549 5331 3604 5386; x_wconf 90' lang='lat' dir='ltr'><strong>ei</strong></span> 
     </span>
    </p>
   </div>
   <div class='ocr_carea' id='block_1_93' title="bbox 1997 5414 3603 5490">
    <p class='ocr_par' dir='ltr' id='par_1_93' title="bbox 1997 5414 3603 5490">
     <span class='ocr_line' id='line_1_93' title="bbox 1997 5414 3603 5490; baseline 0.002 -18"><span class='ocrx_word' id='word_1_835' title='bbox 1997 5416 2132 5473; x_wconf 89' lang='lat' dir='ltr'><strong>fides</strong></span> <span class='ocrx_word' id='word_1_836' title='bbox 2161 5419 2464 5474; x_wconf 86' lang='lat' dir='ltr'><strong>exhibenda</strong></span> <span class='ocrx_word' id='word_1_837' title='bbox 2512 5427 2594 5474; x_wconf 90' lang='lat' dir='ltr'><strong>est</strong></span> <span class='ocrx_word' id='word_1_838' title='bbox 2635 5435 2732 5489; x_wconf 91' lang='lat' dir='ltr'><strong>per</strong></span> <span class='ocrx_word' id='word_1_839' title='bbox 2763 5434 2926 5490; x_wconf 90' lang='lat' dir='ltr'><strong>quem</strong></span> <span class='ocrx_word' id='word_1_840' title='bbox 2955 5414 3157 5471; x_wconf 91' lang='lat' dir='ltr'><strong>oblatio</strong></span> <span class='ocrx_word' id='word_1_841' title='bbox 3193 5415 3468 5472; x_wconf 88' lang='lat' dir='ltr'><strong>servitutis</strong></span> <span class='ocrx_word' id='word_1_842' title='bbox 3501 5435 3603 5475; x_wconf 78' lang='lat' dir='ltr'><strong>no—</strong></span> 
     </span>
    </p>
   </div>
   <div class='ocr_carea' id='block_1_94' title="bbox 1999 5507 3600 5578">
    <p class='ocr_par' dir='ltr' id='par_1_94' title="bbox 1999 5507 3600 5578">
     <span class='ocr_line' id='line_1_94' title="bbox 1999 5507 3600 5578; baseline 0.002 -17"><span class='ocrx_word' id='word_1_843' title='bbox 1999 5515 2124 5561; x_wconf 85' lang='lat' dir='ltr'><strong>stra</strong></span> <span class='ocrx_word' id='word_1_844' title='bbox 2154 5507 2294 5562; x_wconf 87' lang='lat' dir='ltr'><strong>Patri</strong></span> <span class='ocrx_word' id='word_1_845' title='bbox 2324 5517 2404 5562; x_wconf 90' lang='lat' dir='ltr'><strong>est</strong></span> <span class='ocrx_word' id='word_1_846' title='bbox 2451 5508 2855 5578; x_wconf 85' lang='lat' dir='ltr'><strong>prasentanda.</strong></span> <span class='ocrx_word' id='word_1_847' title='bbox 2912 5530 2932 5556; x_wconf 88' lang='grc'><em>‹‹</em></span> <span class='ocrx_word' id='word_1_848' title='bbox 2969 5507 3133 5575; x_wconf 90' lang='lat' dir='ltr'><strong>Cujus</strong></span> <span class='ocrx_word' id='word_1_849' title='bbox 3181 5523 3375 5564; x_wconf 86' lang='lat' dir='ltr'><strong>carnes</strong></span> <span class='ocrx_word' id='word_1_850' title='bbox 3405 5508 3600 5564; x_wconf 85' lang='lat' dir='ltr'><strong>eadem</strong></span> 
     </span>
    </p>
   </div>
   <div class='ocr_carea' id='block_1_95' title="bbox 311 4958 1903 5033">
    <p class='ocr_par' dir='ltr' id='par_1_95' title="bbox 311 4958 1903 5033">
     <span class='ocr_line' id='line_1_95' title="bbox 311 4958 1903 5033; baseline -0.001 -16"><span class='ocrx_word' id='word_1_851' title='bbox 311 4977 418 5032; x_wconf 89' lang='lat' dir='ltr'><strong>quo</strong></span> <span class='ocrx_word' id='word_1_852' title='bbox 449 4969 602 5017; x_wconf 92' lang='lat' dir='ltr'><strong>cocta</strong></span> <span class='ocrx_word' id='word_1_853' title='bbox 631 4970 714 5016; x_wconf 89' lang='lat' dir='ltr'><strong>est</strong></span> <span class='ocrx_word' id='word_1_854' title='bbox 758 4959 1152 5033; x_wconf 86' lang='lat' dir='ltr'><strong>confringetur.</strong></span> <span class='ocrx_word' id='word_1_855' title='bbox 1204 4980 1226 5008; x_wconf 72' lang='grc' dir='ltr'><strong><em>υ</em></strong></span> <span class='ocrx_word' id='word_1_856' title='bbox 1265 4958 1321 5015; x_wconf 91' lang='lat' dir='ltr'><strong>Si</strong></span> <span class='ocrx_word' id='word_1_857' title='bbox 1369 4966 1492 5030; x_wconf 91' lang='lat' dir='ltr'><strong>post</strong></span> <span class='ocrx_word' id='word_1_858' title='bbox 1524 4960 1903 5016; x_wconf 89' lang='lat' dir='ltr'><strong>remissionem</strong></span> 
     </span>
    </p>
   </div>
   <div class='ocr_carea' id='block_1_96' title="bbox 310 5046 1902 5121">
    <p class='ocr_par' dir='ltr' id='par_1_96' title="bbox 310 5046 1902 5121">
     <span class='ocr_line' id='line_1_96' title="bbox 310 5046 1902 5121; baseline 0.001 -19"><span class='ocrx_word' id='word_1_859' title='bbox 310 5064 411 5120; x_wconf 89' lang='lat' dir='ltr'><strong>per</strong></span> <span class='ocrx_word' id='word_1_860' title='bbox 446 5049 823 5118; x_wconf 77' lang='lat' dir='ltr'><strong>panitentiam</strong></span> <span class='ocrx_word' id='word_1_861' title='bbox 865 5064 1182 5105; x_wconf 89' lang='lat' dir='ltr'><strong>concessam</strong></span> <span class='ocrx_word' id='word_1_862' title='bbox 1227 5046 1510 5118; x_wconf 86' lang='lat' dir='ltr'><strong>fragilibus</strong></span> <span class='ocrx_word' id='word_1_863' title='bbox 1553 5064 1613 5104; x_wconf 92' lang='lat' dir='ltr'><strong>se</strong></span> <span class='ocrx_word' id='word_1_864' title='bbox 1642 5049 1902 5121; x_wconf 83' lang='lat' dir='ltr'><strong>Operibus</strong></span> 
     </span>
    </p>
   </div>
   <div class='ocr_carea' id='block_1_97' title="bbox 307 5135 1897 5207">
    <p class='ocr_par' dir='ltr' id='par_1_97' title="bbox 307 5135 1897 5207">
     <span class='ocr_line' id='line_1_97' title="bbox 307 5135 1897 5207; baseline 0.002 -16"><span class='ocrx_word' id='word_1_865' title='bbox 307 5135 564 5202; x_wconf 83' lang='lat' dir='ltr'><strong>inﬁxerit,</strong></span> <span class='ocrx_word' id='word_1_866' title='bbox 589 5137 704 5206; x_wconf 90' lang='lat' dir='ltr'><strong>jam</strong></span> <span class='ocrx_word' id='word_1_867' title='bbox 747 5138 962 5194; x_wconf 92' lang='lat' dir='ltr'><strong>Domini</strong></span> <span class='ocrx_word' id='word_1_868' title='bbox 998 5137 1200 5206; x_wconf 91' lang='lat' dir='ltr'><strong>judicio</strong></span> <span class='ocrx_word' id='word_1_869' title='bbox 1245 5137 1427 5191; x_wconf 89' lang='lat' dir='ltr'><strong>timeat</strong></span> <span class='ocrx_word' id='word_1_870' title='bbox 1457 5153 1515 5192; x_wconf 91' lang='lat' dir='ltr'><strong>se</strong></span> <span class='ocrx_word' id='word_1_871' title='bbox 1544 5138 1897 5207; x_wconf 88' lang='lat' dir='ltr'><strong>puniendum.</strong></span> 
     </span>
    </p>
   </div>
   <div class='ocr_carea' id='block_1_98' title="bbox 311 5225 1896 5298">
    <p class='ocr_par' dir='ltr' id='par_1_98' title="bbox 311 5225 1896 5298">
     <span class='ocr_line' id='line_1_98' title="bbox 311 5225 1896 5298; baseline 0 -16"><span class='ocrx_word' id='word_1_872' title='bbox 311 5226 419 5281; x_wconf 83' lang='lat' dir='ltr'><strong>Vas</strong></span> <span class='ocrx_word' id='word_1_873' title='bbox 450 5240 583 5298; x_wconf 89' lang='lat' dir='ltr'><strong>ergo</strong></span> <span class='ocrx_word' id='word_1_874' title='bbox 615 5241 822 5282; x_wconf 85' lang='lat' dir='ltr'><strong>aneum</strong></span> <span class='ocrx_word' id='word_1_875' title='bbox 867 5225 1162 5282; x_wconf 85' lang='lat' dir='ltr'><strong>defricatur</strong></span> <span class='ocrx_word' id='word_1_876' title='bbox 1192 5233 1245 5281; x_wconf 89' lang='lat' dir='ltr'><strong>et</strong></span> <span class='ocrx_word' id='word_1_877' title='bbox 1287 5242 1426 5298; x_wconf 89' lang='lat' dir='ltr'><strong>aqua</strong></span> <span class='ocrx_word' id='word_1_878' title='bbox 1454 5226 1680 5297; x_wconf 87' lang='lat' dir='ltr'><strong>lavatur,</strong></span> <span class='ocrx_word' id='word_1_879' title='bbox 1714 5227 1767 5281; x_wconf 91' lang='lat' dir='ltr'><strong>id</strong></span> <span class='ocrx_word' id='word_1_880' title='bbox 1797 5235 1896 5298; x_wconf 91' lang='lat' dir='ltr'><strong>est,</strong></span> 
     </span>
    </p>
   </div>
   <div class='ocr_carea' id='block_1_99' title="bbox 308 5313 1894 5387">
    <p class='ocr_par' dir='ltr' id='par_1_99' title="bbox 308 5313 1894 5387">
     <span class='ocr_line' id='line_1_99' title="bbox 308 5313 1894 5387; baseline -0.001 -16"><span class='ocrx_word' id='word_1_881' title='bbox 308 5315 356 5371; x_wconf 82' lang='lat' dir='ltr'><strong>si</strong></span> <span class='ocrx_word' id='word_1_882' title='bbox 412 5314 466 5369; x_wconf 90' lang='lat' dir='ltr'><strong>in</strong></span> <span class='ocrx_word' id='word_1_883' title='bbox 526 5313 796 5370; x_wconf 89' lang='lat' dir='ltr'><strong>soliditate</strong></span> <span class='ocrx_word' id='word_1_884' title='bbox 840 5313 1047 5369; x_wconf 86' lang='lat' dir='ltr'><strong>virtutis</strong></span> <span class='ocrx_word' id='word_1_885' title='bbox 1105 5322 1158 5370; x_wconf 95' lang='lat' dir='ltr'><strong>et</strong></span> <span class='ocrx_word' id='word_1_886' title='bbox 1212 5315 1526 5370; x_wconf 85' lang='lat' dir='ltr'><strong>constantia</strong></span> <span class='ocrx_word' id='word_1_887' title='bbox 1581 5316 1894 5387; x_wconf 89' lang='lat' dir='ltr'><strong>perstiterit,</strong></span> 
     </span>
    </p>
   </div>
   <div class='ocr_carea' id='block_1_100' title="bbox 309 5402 1897 5479">
    <p class='ocr_par' dir='ltr' id='par_1_100' title="bbox 309 5402 1897 5479">
     <span class='ocr_line' id='line_1_100' title="bbox 309 5402 1897 5479; baseline -0.001 -17"><span class='ocrx_word' id='word_1_888' title='bbox 309 5406 439 5479; x_wconf 89' lang='lat' dir='ltr'><strong>igne</strong></span> <span class='ocrx_word' id='word_1_889' title='bbox 481 5402 716 5475; x_wconf 89' lang='lat' dir='ltr'><strong>Spiritus</strong></span> <span class='ocrx_word' id='word_1_890' title='bbox 761 5402 928 5458; x_wconf 90' lang='lat' dir='ltr'><strong>sancti</strong></span> <span class='ocrx_word' id='word_1_891' title='bbox 973 5410 1026 5458; x_wconf 90' lang='lat' dir='ltr'><strong>et</strong></span> <span class='ocrx_word' id='word_1_892' title='bbox 1069 5405 1484 5474; x_wconf 90' lang='lat' dir='ltr'><strong>compunctione</strong></span> <span class='ocrx_word' id='word_1_893' title='bbox 1539 5403 1897 5476; x_wconf 80' lang='lat' dir='ltr'><strong>lacrymarum</strong></span> 
     </span>
    </p>
   </div>
   <div class='ocr_carea' id='block_1_101' title="bbox 305 5491 1896 5564">
    <p class='ocr_par' dir='ltr' id='par_1_101' title="bbox 305 5491 1896 5564">
     <span class='ocr_line' id='line_1_101' title="bbox 305 5491 1896 5564; baseline -0.001 -13"><span class='ocrx_word' id='word_1_894' title='bbox 305 5493 670 5551; x_wconf 89' lang='lat' dir='ltr'><strong>mundabitur.</strong></span> <span class='ocrx_word' id='word_1_895' title='bbox 729 5491 921 5549; x_wconf 90' lang='lat' dir='ltr'><strong>Omnis</strong></span> <span class='ocrx_word' id='word_1_896' title='bbox 978 5492 1278 5560; x_wconf 89' lang='lat' dir='ltr'><strong>masculus,</strong></span> <span class='ocrx_word' id='word_1_897' title='bbox 1315 5502 1372 5548; x_wconf 91' lang='lat' dir='ltr'><strong>ut</strong></span> <span class='ocrx_word' id='word_1_898' title='bbox 1419 5509 1604 5564; x_wconf 88' lang='lat' dir='ltr'><strong>supra.</strong></span> <span class='ocrx_word' id='word_1_899' title='bbox 1655 5495 1896 5550; x_wconf 78' lang='lat' dir='ltr'><strong>«Hostia</strong></span> 
     </span>
    </p>
   </div>
   <div class='ocr_carea' id='block_1_102' title="bbox 318 5591 1896 5666">
    <p class='ocr_par' dir='ltr' id='par_1_102' title="bbox 318 5591 1896 5666">
     <span class='ocr_line' id='line_1_102' title="bbox 318 5591 1896 5666; baseline -0.001 -18"><span class='ocrx_word' id='word_1_900' title='bbox 318 5593 461 5648; x_wconf 92' lang='lat' dir='ltr'><strong>enim</strong></span> <span class='ocrx_word' id='word_1_901' title='bbox 507 5608 630 5666; x_wconf 85' lang='lat' dir='ltr'><strong>qua</strong></span> <span class='ocrx_word' id='word_1_902' title='bbox 675 5592 898 5650; x_wconf 75' lang='lat' dir='ltr'><strong>caeditur</strong></span> <span class='ocrx_word' id='word_1_903' title='bbox 937 5605 1036 5664; x_wconf 94' lang='lat' dir='ltr'><strong>pro</strong></span> <span class='ocrx_word' id='word_1_904' title='bbox 1076 5598 1332 5662; x_wconf 89' lang='lat' dir='ltr'><strong>peccato,</strong></span> <span class='ocrx_word' id='word_1_905' title='bbox 1368 5614 1388 5639; x_wconf 84' lang='lat'><strong><em>»</em></strong></span> <span class='ocrx_word' id='word_1_906' title='bbox 1421 5599 1524 5647; x_wconf 91' lang='lat' dir='ltr'><strong>etc.</strong></span> <span class='ocrx_word' id='word_1_907' title='bbox 1559 5591 1659 5647; x_wconf 86' lang='lat' dir='ltr'><strong>Hic</strong></span> <span class='ocrx_word' id='word_1_908' title='bbox 1683 5591 1896 5647; x_wconf 88' lang='lat' dir='ltr'><strong>videtur</strong></span> 
     </span>
    </p>
   </div>
   <div class='ocr_carea' id='block_1_103' title="bbox 308 5679 1895 5755">
    <p class='ocr_par' dir='ltr' id='par_1_103' title="bbox 308 5679 1895 5755">
     <span class='ocr_line' id='line_1_103' title="bbox 308 5679 1895 5755; baseline -0.001 -18"><span class='ocrx_word' id='word_1_909' title='bbox 308 5681 488 5739; x_wconf 90' lang='lat' dir='ltr'><strong>dicere</strong></span> <span class='ocrx_word' id='word_1_910' title='bbox 538 5681 609 5740; x_wconf 91' lang='lat' dir='ltr'><strong>de</strong></span> <span class='ocrx_word' id='word_1_911' title='bbox 661 5682 829 5741; x_wconf 90' lang='lat' dir='ltr'><strong>vitulo</strong></span> <span class='ocrx_word' id='word_1_912' title='bbox 886 5697 1048 5755; x_wconf 85' lang='lat' dir='ltr'><strong>quem</strong></span> <span class='ocrx_word' id='word_1_913' title='bbox 1104 5694 1270 5752; x_wconf 88' lang='lat' dir='ltr'><strong>supra</strong></span> <span class='ocrx_word' id='word_1_914' title='bbox 1322 5695 1421 5752; x_wconf 88' lang='lat' dir='ltr'><strong>pro</strong></span> <span class='ocrx_word' id='word_1_915' title='bbox 1460 5687 1685 5752; x_wconf 88' lang='lat' dir='ltr'><strong>peccato</strong></span> <span class='ocrx_word' id='word_1_916' title='bbox 1713 5679 1895 5737; x_wconf 77' lang='lat' dir='ltr'><strong>offerri</strong></span> 
     </span>
    </p>
   </div>
   <div class='ocr_carea' id='block_1_104' title="bbox 1997 5596 3603 5670">
    <p class='ocr_par' dir='ltr' id='par_1_104' title="bbox 1997 5596 3603 5670">
     <span class='ocr_line' id='line_1_104' title="bbox 1997 5596 3603 5670; baseline 0.001 -20"><span class='ocrx_word' id='word_1_917' title='bbox 1997 5596 2085 5651; x_wconf 91' lang='lat' dir='ltr'><strong>die</strong></span> <span class='ocrx_word' id='word_1_918' title='bbox 2106 5597 2472 5663; x_wconf 88' lang='lat' dir='ltr'><strong>comedentur,</strong></span> <span class='ocrx_word' id='word_1_919' title='bbox 2504 5619 2524 5645; x_wconf 80' lang='lat'><strong><em>»</em></strong></span> <span class='ocrx_word' id='word_1_920' title='bbox 2552 5597 2675 5669; x_wconf 91' lang='lat' dir='ltr'><strong>quia</strong></span> <span class='ocrx_word' id='word_1_921' title='bbox 2705 5597 2760 5652; x_wconf 86' lang='lat' dir='ltr'><strong>in</strong></span> <span class='ocrx_word' id='word_1_922' title='bbox 2793 5597 2891 5652; x_wconf 89' lang='lat' dir='ltr'><strong>hac</strong></span> <span class='ocrx_word' id='word_1_923' title='bbox 2911 5597 3023 5652; x_wconf 89' lang='lat' dir='ltr'><strong>vita</strong></span> <span class='ocrx_word' id='word_1_924' title='bbox 3067 5615 3288 5655; x_wconf 89' lang='lat' dir='ltr'><strong>omnem</strong></span> <span class='ocrx_word' id='word_1_925' title='bbox 3318 5598 3443 5653; x_wconf 91' lang='lat' dir='ltr'><strong>fidei</strong></span> <span class='ocrx_word' id='word_1_926' title='bbox 3480 5615 3603 5670; x_wconf 89' lang='lat' dir='ltr'><strong>per-</strong></span> 
     </span>
    </p>
   </div>
   <div class='ocr_carea' id='block_1_105' title="bbox 1994 5683 3602 5757">
    <p class='ocr_par' dir='ltr' id='par_1_105' title="bbox 1994 5683 3602 5757">
     <span class='ocr_line' id='line_1_105' title="bbox 1994 5683 3602 5757; baseline 0.001 -16"><span class='ocrx_word' id='word_1_927' title='bbox 1994 5683 2285 5743; x_wconf 88' lang='lat' dir='ltr'><strong>fectionem</strong></span> <span class='ocrx_word' id='word_1_928' title='bbox 2323 5685 2594 5757; x_wconf 89' lang='lat' dir='ltr'><strong>passionis</strong></span> <span class='ocrx_word' id='word_1_929' title='bbox 2639 5685 2838 5742; x_wconf 88' lang='lat' dir='ltr'><strong>Christi</strong></span> <span class='ocrx_word' id='word_1_930' title='bbox 2899 5702 3119 5744; x_wconf 88' lang='lat' dir='ltr'><strong>servare</strong></span> <span class='ocrx_word' id='word_1_931' title='bbox 3163 5687 3429 5744; x_wconf 88' lang='lat' dir='ltr'><strong>debemus</strong></span> <span class='ocrx_word' id='word_1_932' title='bbox 3461 5696 3515 5744; x_wconf 89' lang='lat' dir='ltr'><strong>et</strong></span> <span class='ocrx_word' id='word_1_933' title='bbox 3543 5687 3602 5742; x_wconf 92' lang='lat' dir='ltr'><strong>in</strong></span> 
     </span>
    </p>
   </div>
  </div>
