  <div class='ocr_page' id='page_1' title='image "/cluster/home/n/w/nwhite01/storage/ocr_20150623/114/hvd.32044052819893/410.png"; bbox 0 0 4002 6184; ppageno 0'>
   <div class='ocr_carea' id='block_1_1' title="bbox 369 231 475 284">
    <p class='ocr_par' dir='ltr' id='par_1_1' title="bbox 369 231 475 284">
     <span class='ocr_line' id='line_1_1' title="bbox 369 231 475 284; baseline -0.009 0"><span class='ocrx_word' id='word_1_1' title='bbox 369 231 475 284; x_wconf 79' lang='lat'><strong>809</strong></span> 
     </span>
    </p>
   </div>
   <div class='ocr_carea' id='block_1_2' title="bbox 1273 209 2630 278">
    <p class='ocr_par' dir='ltr' id='par_1_2' title="bbox 1273 209 2630 278">
     <span class='ocr_line' id='line_1_2' title="bbox 1273 209 2630 278; baseline -0.01 -2"><span class='ocrx_word' id='word_1_2' title='bbox 1273 217 1585 278; x_wconf 78' lang='lat' dir='ltr'><strong>EPITOME</strong></span> <span class='ocrx_word' id='word_1_3' title='bbox 1614 214 1976 275; x_wconf 83' lang='lat' dir='ltr'><strong>COMMENT.</strong></span> <span class='ocrx_word' id='word_1_4' title='bbox 2007 211 2268 269; x_wconf 79' lang='lat' dir='ltr'><strong>RABANI</strong></span> <span class='ocrx_word' id='word_1_5' title='bbox 2299 210 2375 266; x_wconf 79' lang='lat' dir='ltr'><strong>IN</strong></span> <span class='ocrx_word' id='word_1_6' title='bbox 2405 209 2630 266; x_wconf 83' lang='lat' dir='ltr'><strong>LEVIT.</strong></span> 
     </span>
    </p>
   </div>
   <div class='ocr_carea' id='block_1_3' title="bbox 3565 211 3669 268">
    <p class='ocr_par' dir='ltr' id='par_1_3' title="bbox 3565 211 3669 268">
     <span class='ocr_line' id='line_1_3' title="bbox 3565 211 3669 268; baseline 0.019 -4"><span class='ocrx_word' id='word_1_7' title='bbox 3565 211 3669 268; x_wconf 85' lang='grc'><strong>810</strong></span> 
     </span>
    </p>
   </div>
   <div class='ocr_carea' id='block_1_4' title="bbox 371 331 3668 422">
    <p class='ocr_par' dir='ltr' id='par_1_4' title="bbox 371 331 3668 422">
     <span class='ocr_line' id='line_1_4' title="bbox 371 331 3668 422; baseline -0.005 -14"><span class='ocrx_word' id='word_1_8' title='bbox 371 350 536 409; x_wconf 88' lang='lat' dir='ltr'><strong>nobis</strong></span> <span class='ocrx_word' id='word_1_9' title='bbox 564 349 700 422; x_wconf 89' lang='lat' dir='ltr'><strong>ipsis</strong></span> <span class='ocrx_word' id='word_1_10' title='bbox 728 346 963 403; x_wconf 81' lang='lat' dir='ltr'><strong>hostiam</strong></span> <span class='ocrx_word' id='word_1_11' title='bbox 991 347 1108 402; x_wconf 91' lang='lat' dir='ltr'><strong>Deo</strong></span> <span class='ocrx_word' id='word_1_12' title='bbox 1135 344 1444 417; x_wconf 80' lang='lat' dir='ltr'><strong>placentem</strong></span> <span class='ocrx_word' id='word_1_13' title='bbox 1471 342 1727 400; x_wconf 84' lang='lat' dir='ltr'><strong>exhibere</strong></span> <span class='ocrx_word' id='word_1_14' title='bbox 1762 359 1775 397; x_wconf 91' lang='lat'><strong>:</strong></span> <span class='ocrx_word' id='word_1_15' title='bbox 1805 362 1828 392; x_wconf 73' lang='grc' dir='ltr'><strong><em>α</em></strong></span> <span class='ocrx_word' id='word_1_16' title='bbox 1845 341 1972 396; x_wconf 95' lang='lat' dir='ltr'><strong>Post</strong></span> <span class='ocrx_word' id='word_1_17' title='bbox 1996 337 2054 399; x_wconf 90' lang='lat' dir='ltr'><strong>A</strong></span> <span class='ocrx_word' id='word_1_18' title='bbox 2073 336 2278 392; x_wconf 90' lang='lat' dir='ltr'><strong>bonum</strong></span> <span class='ocrx_word' id='word_1_19' title='bbox 2321 349 2481 406; x_wconf 91' lang='lat' dir='ltr'><strong>opus.</strong></span> <span class='ocrx_word' id='word_1_20' title='bbox 2518 352 2543 384; x_wconf 71' lang='grc' dir='ltr'><strong><em>α</em></strong></span> <span class='ocrx_word' id='word_1_21' title='bbox 2567 331 2950 422; x_wconf 86' lang='lat' dir='ltr'><strong>Pectusculum</strong></span> <span class='ocrx_word' id='word_1_22' title='bbox 2991 331 3330 422; x_wconf 12' lang='lat' dir='ltr'><strong>gelevationis</strong></span> <span class='ocrx_word' id='word_1_23' title='bbox 3378 353 3400 383; x_wconf 75' lang='grc' dir='ltr'><strong><em>ι</em></strong></span> <span class='ocrx_word' id='word_1_24' title='bbox 3451 333 3668 402; x_wconf 90' lang='lat' dir='ltr'><strong>dicitur,</strong></span> 
     </span>
    </p>
   </div>
   <div class='ocr_carea' id='block_1_5' title="bbox 371 430 1977 501">
    <p class='ocr_par' dir='ltr' id='par_1_5' title="bbox 371 430 1977 501">
     <span class='ocr_line' id='line_1_5' title="bbox 371 430 1977 501; baseline -0.009 -4"><span class='ocrx_word' id='word_1_25' title='bbox 371 455 536 497; x_wconf 89' lang='lat' dir='ltr'><strong>mane</strong></span> <span class='ocrx_word' id='word_1_26' title='bbox 576 437 723 494; x_wconf 90' lang='lat' dir='ltr'><strong>enim</strong></span> <span class='ocrx_word' id='word_1_27' title='bbox 757 437 884 492; x_wconf 85' lang='lat' dir='ltr'><strong>vita</strong></span> <span class='ocrx_word' id='word_1_28' title='bbox 921 434 1137 501; x_wconf 83' lang='lat' dir='ltr'><strong>futura,</strong></span> <span class='ocrx_word' id='word_1_29' title='bbox 1194 439 1253 489; x_wconf 89' lang='lat' dir='ltr'><strong>ut</strong></span> <span class='ocrx_word' id='word_1_30' title='bbox 1319 432 1581 489; x_wconf 92' lang='lat' dir='ltr'><strong>Salomon</strong></span> <span class='ocrx_word' id='word_1_31' title='bbox 1642 430 1794 497; x_wconf 86' lang='lat' dir='ltr'><strong>dicit,</strong></span> <span class='ocrx_word' id='word_1_32' title='bbox 1864 443 1977 484; x_wconf 93' lang='lat' dir='ltr'><strong>non</strong></span> 
     </span>
    </p>
   </div>
   <div class='ocr_carea' id='block_1_6' title="bbox 373 520 1976 599">
    <p class='ocr_par' dir='ltr' id='par_1_6' title="bbox 373 520 1976 599">
     <span class='ocr_line' id='line_1_6' title="bbox 373 520 1976 599; baseline -0.008 -13"><span class='ocrx_word' id='word_1_33' title='bbox 373 538 459 587; x_wconf 89' lang='lat' dir='ltr'><strong>est</strong></span> <span class='ocrx_word' id='word_1_34' title='bbox 488 526 774 599; x_wconf 63' lang='lat' dir='ltr'><strong>sapienﬁa,</strong></span> <span class='ocrx_word' id='word_1_35' title='bbox 806 539 910 581; x_wconf 90' lang='lat' dir='ltr'><strong>nec</strong></span> <span class='ocrx_word' id='word_1_36' title='bbox 939 523 1248 593; x_wconf 81' lang='lat' dir='ltr'><strong>consilium,</strong></span> <span class='ocrx_word' id='word_1_37' title='bbox 1278 536 1382 578; x_wconf 90' lang='lat' dir='ltr'><strong>nec</strong></span> <span class='ocrx_word' id='word_1_38' title='bbox 1410 520 1551 578; x_wconf 93' lang='lat' dir='ltr'><strong>ratio</strong></span> <span class='ocrx_word' id='word_1_39' title='bbox 1581 534 1690 591; x_wconf 89' lang='lat' dir='ltr'><strong>quo</strong></span> <span class='ocrx_word' id='word_1_40' title='bbox 1701 532 1976 592; x_wconf 87' lang='lat' dir='ltr'><strong>propera-</strong></span> 
     </span>
    </p>
   </div>
   <div class='ocr_carea' id='block_1_7' title="bbox 376 614 982 688">
    <p class='ocr_par' dir='ltr' id='par_1_7' title="bbox 376 614 982 688">
     <span class='ocr_line' id='line_1_7' title="bbox 376 614 982 688; baseline -0.008 -14"><span class='ocrx_word' id='word_1_41' title='bbox 376 634 502 674; x_wconf 88' lang='lat' dir='ltr'><strong>mus</strong></span> <span class='ocrx_word' id='word_1_42' title='bbox 531 619 716 688; x_wconf 78' lang='lat' dir='ltr'><strong>(Prov.</strong></span> <span class='ocrx_word' id='word_1_43' title='bbox 757 614 905 685; x_wconf 69' lang='grc' dir='ltr'><strong>ιιι).</strong></span> <span class='ocrx_word' id='word_1_44' title='bbox 958 633 982 664; x_wconf 68' lang='grc' dir='ltr'><strong>ι</strong></span> 
     </span>
    </p>
   </div>
   <div class='ocr_carea' id='block_1_8' title="bbox 451 711 1975 792">
    <p class='ocr_par' dir='ltr' id='par_1_8' title="bbox 451 711 1975 792">
     <span class='ocr_line' id='line_1_8' title="bbox 451 711 1975 792; baseline -0.007 -16"><span class='ocrx_word' id='word_1_45' title='bbox 451 746 474 776; x_wconf 81' lang='grc' dir='ltr'>ι</span> <span class='ocrx_word' id='word_1_46' title='bbox 499 722 560 780; x_wconf 91' lang='lat' dir='ltr'><strong>Si</strong></span> <span class='ocrx_word' id='word_1_47' title='bbox 589 728 736 792; x_wconf 89' lang='lat' dir='ltr'><strong>voto,</strong></span> <span class='ocrx_word' id='word_1_48' title='bbox 767 719 857 777; x_wconf 90' lang='lat' dir='ltr'><strong>vel</strong></span> <span class='ocrx_word' id='word_1_49' title='bbox 875 725 1090 791; x_wconf 89' lang='lat' dir='ltr'><strong>sponte,</strong></span> <span class='ocrx_word' id='word_1_50' title='bbox 1114 716 1384 791; x_wconf 84' lang='lat' dir='ltr'><strong>quispiam</strong></span> <span class='ocrx_word' id='word_1_51' title='bbox 1405 713 1660 771; x_wconf 87' lang='lat' dir='ltr'><strong>obtulerit</strong></span> <span class='ocrx_word' id='word_1_52' title='bbox 1679 711 1932 782; x_wconf 83' lang='lat' dir='ltr'><strong>hostiam,</strong></span> <span class='ocrx_word' id='word_1_53' title='bbox 1951 732 1975 764; x_wconf 71' lang='grc' dir='ltr'>ι</span> 
     </span>
    </p>
   </div>
   <div class='ocr_carea' id='block_1_9' title="bbox 379 799 1977 880">
    <p class='ocr_par' dir='ltr' id='par_1_9' title="bbox 379 799 1977 880">
     <span class='ocr_line' id='line_1_9' title="bbox 379 799 1977 880; baseline -0.009 -10"><span class='ocrx_word' id='word_1_54' title='bbox 379 821 486 870; x_wconf 86' lang='lat' dir='ltr'><strong>etc.</strong></span> <span class='ocrx_word' id='word_1_55' title='bbox 518 811 582 866; x_wconf 91' lang='lat' dir='ltr'><strong>ld</strong></span> <span class='ocrx_word' id='word_1_56' title='bbox 607 818 714 876; x_wconf 88' lang='lat' dir='ltr'><strong>est,</strong></span> <span class='ocrx_word' id='word_1_57' title='bbox 749 809 864 864; x_wconf 86' lang='lat' dir='ltr'><strong>sive</strong></span> <span class='ocrx_word' id='word_1_58' title='bbox 892 806 984 880; x_wconf 86' lang='lat' dir='ltr'><strong>qui</strong></span> <span class='ocrx_word' id='word_1_59' title='bbox 1016 823 1083 862; x_wconf 84' lang='lat' dir='ltr'><strong>ex</strong></span> <span class='ocrx_word' id='word_1_60' title='bbox 1107 813 1256 872; x_wconf 90' lang='lat' dir='ltr'><strong>voto,</strong></span> <span class='ocrx_word' id='word_1_61' title='bbox 1286 813 1344 861; x_wconf 92' lang='lat' dir='ltr'><strong>ut</strong></span> <span class='ocrx_word' id='word_1_62' title='bbox 1371 802 1640 870; x_wconf 86' lang='lat' dir='ltr'><strong>monachi,</strong></span> <span class='ocrx_word' id='word_1_63' title='bbox 1672 808 1726 858; x_wconf 92' lang='lat' dir='ltr'><strong>et</strong></span> <span class='ocrx_word' id='word_1_64' title='bbox 1771 799 1977 872; x_wconf 83' lang='lat' dir='ltr'><strong>clerici,</strong></span> 
     </span>
    </p>
   </div>
   <div class='ocr_carea' id='block_1_10' title="bbox 379 892 1981 972">
    <p class='ocr_par' dir='ltr' id='par_1_10' title="bbox 379 892 1981 972">
     <span class='ocr_line' id='line_1_10' title="bbox 379 892 1981 972; baseline -0.007 -14"><span class='ocrx_word' id='word_1_65' title='bbox 379 899 678 972; x_wconf 83' lang='lat' dir='ltr'><strong>saculique</strong></span> <span class='ocrx_word' id='word_1_66' title='bbox 707 896 1138 962; x_wconf 89' lang='lat' dir='ltr'><strong>renuntiatores;</strong></span> <span class='ocrx_word' id='word_1_67' title='bbox 1173 894 1288 951; x_wconf 84' lang='lat' dir='ltr'><strong>sive</strong></span> <span class='ocrx_word' id='word_1_68' title='bbox 1319 893 1411 965; x_wconf 87' lang='lat' dir='ltr'><strong>qui</strong></span> <span class='ocrx_word' id='word_1_69' title='bbox 1428 892 1605 948; x_wconf 90' lang='lat' dir='ltr'><strong>subito</strong></span> <span class='ocrx_word' id='word_1_70' title='bbox 1638 897 1981 962; x_wconf 87' lang='lat' dir='ltr'><strong>pertractans</strong></span> 
     </span>
    </p>
   </div>
   <div class='ocr_carea' id='block_1_11' title="bbox 379 979 1977 1059">
    <p class='ocr_par' dir='ltr' id='par_1_11' title="bbox 379 979 1977 1059">
     <span class='ocr_line' id='line_1_11' title="bbox 379 979 1977 1059; baseline -0.008 -13"><span class='ocrx_word' id='word_1_71' title='bbox 379 991 584 1046; x_wconf 85' lang='lat' dir='ltr'><strong>bonum</strong></span> <span class='ocrx_word' id='word_1_72' title='bbox 612 1003 750 1059; x_wconf 87' lang='lat' dir='ltr'><strong>opus</strong></span> <span class='ocrx_word' id='word_1_73' title='bbox 776 983 1128 1050; x_wconf 88' lang='lat' dir='ltr'><strong>inchoaverit,</strong></span> <span class='ocrx_word' id='word_1_74' title='bbox 1162 983 1284 1055; x_wconf 90' lang='lat' dir='ltr'><strong>ipsa</strong></span> <span class='ocrx_word' id='word_1_75' title='bbox 1309 982 1419 1051; x_wconf 91' lang='lat' dir='ltr'><strong>die,</strong></span> <span class='ocrx_word' id='word_1_76' title='bbox 1451 980 1507 1036; x_wconf 92' lang='lat' dir='ltr'><strong>id</strong></span> <span class='ocrx_word' id='word_1_77' title='bbox 1533 979 1686 1035; x_wconf 89' lang='lat' dir='ltr'><strong>estin</strong></span> <span class='ocrx_word' id='word_1_78' title='bbox 1702 979 1977 1050; x_wconf 82' lang='lat' dir='ltr'><strong>prasenti,</strong></span> 
     </span>
    </p>
   </div>
   <div class='ocr_carea' id='block_1_12' title="bbox 376 1067 1980 1145">
    <p class='ocr_par' dir='ltr' id='par_1_12' title="bbox 376 1067 1980 1145">
     <span class='ocr_line' id='line_1_12' title="bbox 376 1067 1980 1145; baseline -0.007 -11"><span class='ocrx_word' id='word_1_79' title='bbox 376 1086 432 1135; x_wconf 91' lang='lat' dir='ltr'><strong>et</strong></span> <span class='ocrx_word' id='word_1_80' title='bbox 459 1092 607 1143; x_wconf 87' lang='lat' dir='ltr'><strong>cras,</strong></span> <span class='ocrx_word' id='word_1_81' title='bbox 640 1076 745 1131; x_wconf 92' lang='lat' dir='ltr'><strong>hoc</strong></span> <span class='ocrx_word' id='word_1_82' title='bbox 773 1081 855 1130; x_wconf 90' lang='lat' dir='ltr'><strong>est</strong></span> <span class='ocrx_word' id='word_1_83' title='bbox 883 1072 1216 1145; x_wconf 85' lang='lat' dir='ltr'><strong>temporibus</strong></span> <span class='ocrx_word' id='word_1_84' title='bbox 1245 1071 1370 1127; x_wconf 89' lang='lat' dir='ltr'><strong>vita</strong></span> <span class='ocrx_word' id='word_1_85' title='bbox 1396 1085 1510 1125; x_wconf 89' lang='lat' dir='ltr'><strong>sua</strong></span> <span class='ocrx_word' id='word_1_86' title='bbox 1524 1076 1648 1140; x_wconf 91' lang='lat' dir='ltr'><strong>post</strong></span> <span class='ocrx_word' id='word_1_87' title='bbox 1681 1067 1980 1138; x_wconf 89' lang='lat' dir='ltr'><strong>concessis,</strong></span> 
     </span>
    </p>
   </div>
   <div class='ocr_carea' id='block_1_13' title="bbox 377 1156 1984 1238">
    <p class='ocr_par' dir='ltr' id='par_1_13' title="bbox 377 1156 1984 1238">
     <span class='ocr_line' id='line_1_13' title="bbox 377 1156 1984 1238; baseline -0.007 -15"><span class='ocrx_word' id='word_1_88' title='bbox 377 1167 559 1238; x_wconf 91' lang='lat' dir='ltr'><strong>ipsum</strong></span> <span class='ocrx_word' id='word_1_89' title='bbox 585 1180 724 1235; x_wconf 92' lang='lat' dir='ltr'><strong>opus</strong></span> <span class='ocrx_word' id='word_1_90' title='bbox 753 1161 1019 1235; x_wconf 90' lang='lat' dir='ltr'><strong>perﬁciat.</strong></span> <span class='ocrx_word' id='word_1_91' title='bbox 1057 1182 1081 1213; x_wconf 72' lang='grc' dir='ltr'>ι</span> <span class='ocrx_word' id='word_1_92' title='bbox 1117 1159 1392 1232; x_wconf 89' lang='lat' dir='ltr'><strong>Quidquid</strong></span> <span class='ocrx_word' id='word_1_93' title='bbox 1435 1158 1582 1215; x_wconf 92' lang='lat' dir='ltr'><strong>enim</strong></span> <span class='ocrx_word' id='word_1_94' title='bbox 1632 1156 1822 1213; x_wconf 87' lang='lat' dir='ltr'><strong>tertius</strong></span> <span class='ocrx_word' id='word_1_95' title='bbox 1865 1156 1984 1212; x_wconf 90' lang='lat' dir='ltr'><strong>dies</strong></span> 
     </span>
    </p>
   </div>
   <div class='ocr_carea' id='block_1_14' title="bbox 379 1245 1987 1326">
    <p class='ocr_par' dir='ltr' id='par_1_14' title="bbox 379 1245 1987 1326">
     <span class='ocr_line' id='line_1_14' title="bbox 379 1245 1987 1326; baseline -0.007 -15"><span class='ocrx_word' id='word_1_96' title='bbox 379 1252 671 1322; x_wconf 79' lang='lat' dir='ltr'><strong>invenerit,</strong></span> <span class='ocrx_word' id='word_1_97' title='bbox 703 1252 848 1326; x_wconf 80' lang='lat' dir='ltr'><strong>ignis</strong></span> <span class='ocrx_word' id='word_1_98' title='bbox 905 1256 1208 1308; x_wconf 85' lang='lat' dir='ltr'><strong>consumet.</strong></span> <span class='ocrx_word' id='word_1_99' title='bbox 1247 1269 1270 1300; x_wconf 73' lang='grc' dir='ltr'><strong><em>ι</em></strong></span> <span class='ocrx_word' id='word_1_100' title='bbox 1303 1247 1452 1304; x_wconf 88' lang='lat' dir='ltr'><strong>Nihil</strong></span> <span class='ocrx_word' id='word_1_101' title='bbox 1490 1248 1581 1304; x_wconf 89' lang='lat' dir='ltr'><strong>hic</strong></span> <span class='ocrx_word' id='word_1_102' title='bbox 1609 1245 1987 1319; x_wconf 84' lang='lat' dir='ltr'><strong>imperfectum</strong></span> 
     </span>
    </p>
   </div>
   <div class='ocr_carea' id='block_1_15' title="bbox 379 1334 1982 1414">
    <p class='ocr_par' dir='ltr' id='par_1_15' title="bbox 379 1334 1982 1414">
     <span class='ocr_line' id='line_1_15' title="bbox 379 1334 1982 1414; baseline -0.007 -16"><span class='ocrx_word' id='word_1_103' title='bbox 379 1343 720 1414; x_wconf 84' lang='lat' dir='ltr'><strong>relinquatur</strong></span> <span class='ocrx_word' id='word_1_104' title='bbox 749 1340 847 1410; x_wconf 88' lang='lat' dir='ltr'><strong>ibi,</strong></span> <span class='ocrx_word' id='word_1_105' title='bbox 876 1339 934 1394; x_wconf 91' lang='lat' dir='ltr'><strong>id</strong></span> <span class='ocrx_word' id='word_1_106' title='bbox 963 1347 1048 1394; x_wconf 92' lang='lat' dir='ltr'><strong>est</strong></span> <span class='ocrx_word' id='word_1_107' title='bbox 1091 1338 1148 1394; x_wconf 91' lang='lat' dir='ltr'><strong>in</strong></span> <span class='ocrx_word' id='word_1_108' title='bbox 1195 1337 1308 1394; x_wconf 90' lang='lat' dir='ltr'><strong>vita</strong></span> <span class='ocrx_word' id='word_1_109' title='bbox 1344 1336 1526 1392; x_wconf 85' lang='lat' dir='ltr'><strong>futura</strong></span> <span class='ocrx_word' id='word_1_110' title='bbox 1566 1334 1982 1408; x_wconf 85' lang='lat' dir='ltr'><strong>perﬁciendum,</strong></span> 
     </span>
    </p>
   </div>
   <div class='ocr_carea' id='block_1_16' title="bbox 381 1423 1986 1504">
    <p class='ocr_par' dir='ltr' id='par_1_16' title="bbox 381 1423 1986 1504">
     <span class='ocr_line' id='line_1_16' title="bbox 381 1423 1986 1504; baseline -0.006 -17"><span class='ocrx_word' id='word_1_111' title='bbox 381 1432 506 1504; x_wconf 89' lang='lat' dir='ltr'><strong>quia</strong></span> <span class='ocrx_word' id='word_1_112' title='bbox 542 1453 566 1483; x_wconf 74' lang='grc' dir='ltr'>ι</span> <span class='ocrx_word' id='word_1_113' title='bbox 600 1428 1029 1500; x_wconf 89' lang='lat' dir='ltr'><strong>uniuscujusque</strong></span> <span class='ocrx_word' id='word_1_114' title='bbox 1081 1442 1219 1498; x_wconf 82' lang='lat' dir='ltr'><strong>Opus</strong></span> <span class='ocrx_word' id='word_1_115' title='bbox 1263 1425 1425 1498; x_wconf 88' lang='lat' dir='ltr'><strong>quale</strong></span> <span class='ocrx_word' id='word_1_116' title='bbox 1472 1425 1543 1480; x_wconf 86' lang='lat' dir='ltr'><strong>sit</strong></span> <span class='ocrx_word' id='word_1_117' title='bbox 1586 1424 1732 1498; x_wconf 85' lang='lat' dir='ltr'><strong>ignis</strong></span> <span class='ocrx_word' id='word_1_118' title='bbox 1777 1423 1986 1495; x_wconf 89' lang='lat' dir='ltr'><strong>proba-</strong></span> 
     </span>
    </p>
   </div>
   <div class='ocr_carea' id='block_1_17' title="bbox 380 1513 1995 1589">
    <p class='ocr_par' dir='ltr' id='par_1_17' title="bbox 380 1513 1995 1589">
     <span class='ocr_line' id='line_1_17' title="bbox 380 1513 1995 1589; baseline -0.006 -14"><span class='ocrx_word' id='word_1_119' title='bbox 380 1521 494 1587; x_wconf 87' lang='lat' dir='ltr'><strong>bit;</strong></span> <span class='ocrx_word' id='word_1_120' title='bbox 527 1519 576 1574; x_wconf 89' lang='lat' dir='ltr'><strong>si</strong></span> <span class='ocrx_word' id='word_1_121' title='bbox 608 1520 763 1589; x_wconf 89' lang='lat' dir='ltr'><strong>cujus</strong></span> <span class='ocrx_word' id='word_1_122' title='bbox 793 1533 932 1589; x_wconf 90' lang='lat' dir='ltr'><strong>opus</strong></span> <span class='ocrx_word' id='word_1_123' title='bbox 961 1516 1177 1583; x_wconf 85' lang='lat' dir='ltr'><strong>arserit,</strong></span> <span class='ocrx_word' id='word_1_124' title='bbox 1201 1514 1584 1572; x_wconf 85' lang='lat' dir='ltr'><strong>detrimentum</strong></span> <span class='ocrx_word' id='word_1_125' title='bbox 1603 1513 1856 1585; x_wconf 90' lang='lat' dir='ltr'><strong>patietur,</strong></span> <span class='ocrx_word' id='word_1_126' title='bbox 1885 1532 1908 1563; x_wconf 70' lang='grc' dir='ltr'><strong><em>ι</em></strong></span> <span class='ocrx_word' id='word_1_127' title='bbox 1935 1517 1995 1568; x_wconf 87' lang='lat' dir='ltr'><strong>et</strong></span> 
     </span>
    </p>
   </div>
   <div class='ocr_carea' id='block_1_18' title="bbox 391 1600 1988 1681">
    <p class='ocr_par' dir='ltr' id='par_1_18' title="bbox 391 1600 1988 1681">
     <span class='ocr_line' id='line_1_18' title="bbox 391 1600 1988 1681; baseline -0.004 -17"><span class='ocrx_word' id='word_1_128' title='bbox 391 1607 677 1681; x_wconf 87' lang='lat' dir='ltr'><strong>sequentia</strong></span> <span class='ocrx_word' id='word_1_129' title='bbox 709 1608 778 1676; x_wconf 95' lang='grc' dir='ltr'><strong>(Ι</strong></span> <span class='ocrx_word' id='word_1_130' title='bbox 803 1607 922 1663; x_wconf 85' lang='lat' dir='ltr'><strong>Cor.</strong></span> <span class='ocrx_word' id='word_1_131' title='bbox 955 1605 1060 1678; x_wconf 73' lang='lat' dir='ltr'><strong>in).</strong></span> <span class='ocrx_word' id='word_1_132' title='bbox 1099 1625 1123 1656; x_wconf 70' lang='grc' dir='ltr'>ι</span> <span class='ocrx_word' id='word_1_133' title='bbox 1157 1603 1216 1660; x_wconf 93' lang='lat' dir='ltr'><strong>Si</strong></span> <span class='ocrx_word' id='word_1_134' title='bbox 1245 1604 1367 1676; x_wconf 89' lang='lat' dir='ltr'><strong>quis</strong></span> <span class='ocrx_word' id='word_1_135' title='bbox 1396 1618 1590 1660; x_wconf 90' lang='lat' dir='ltr'><strong>carnes</strong></span> <span class='ocrx_word' id='word_1_136' title='bbox 1619 1602 1854 1659; x_wconf 89' lang='lat' dir='ltr'><strong>victima</strong></span> <span class='ocrx_word' id='word_1_137' title='bbox 1899 1600 1988 1658; x_wconf 91' lang='lat' dir='ltr'><strong>die</strong></span> 
     </span>
    </p>
   </div>
   <div class='ocr_carea' id='block_1_19' title="bbox 381 1688 2072 1764">
    <p class='ocr_par' dir='ltr' id='par_1_19' title="bbox 381 1688 2072 1764">
     <span class='ocr_line' id='line_1_19' title="bbox 381 1688 2072 1764; baseline -0.004 -11"><span class='ocrx_word' id='word_1_138' title='bbox 381 1698 544 1755; x_wconf 87' lang='lat' dir='ltr'><strong>tertia</strong></span> <span class='ocrx_word' id='word_1_139' title='bbox 573 1694 897 1762; x_wconf 90' lang='lat' dir='ltr'><strong>comederit,</strong></span> <span class='ocrx_word' id='word_1_140' title='bbox 921 1715 944 1744; x_wconf 74' lang='grc' dir='ltr'><strong><em>ι</em></strong></span> <span class='ocrx_word' id='word_1_141' title='bbox 971 1702 1022 1750; x_wconf 90' lang='lat' dir='ltr'><strong>et</strong></span> <span class='ocrx_word' id='word_1_142' title='bbox 1042 1701 1258 1750; x_wconf 86' lang='lat' dir='ltr'><strong>catera.</strong></span> <span class='ocrx_word' id='word_1_143' title='bbox 1282 1692 1339 1748; x_wconf 93' lang='lat' dir='ltr'><strong>Si</strong></span> <span class='ocrx_word' id='word_1_144' title='bbox 1358 1692 1479 1764; x_wconf 90' lang='lat' dir='ltr'><strong>quis</strong></span> <span class='ocrx_word' id='word_1_145' title='bbox 1492 1691 1725 1748; x_wconf 83' lang='lat' dir='ltr'><strong>astimat</strong></span> <span class='ocrx_word' id='word_1_146' title='bbox 1745 1707 1805 1746; x_wconf 92' lang='lat' dir='ltr'><strong>se</strong></span> <span class='ocrx_word' id='word_1_147' title='bbox 1825 1690 1882 1744; x_wconf 88' lang='lat' dir='ltr'><strong>in</strong></span> <span class='ocrx_word' id='word_1_148' title='bbox 1901 1688 1990 1746; x_wconf 90' lang='lat' dir='ltr'><strong>die</strong></span> <span class='ocrx_word' id='word_1_149' title='bbox 2018 1693 2072 1754; x_wconf 94' lang='lat' dir='ltr'>B</span> 
     </span>
    </p>
   </div>
   <div class='ocr_carea' id='block_1_20' title="bbox 386 1779 1992 1856">
    <p class='ocr_par' dir='ltr' id='par_1_20' title="bbox 386 1779 1992 1856">
     <span class='ocr_line' id='line_1_20' title="bbox 386 1779 1992 1856; baseline -0.005 -15"><span class='ocrx_word' id='word_1_150' title='bbox 386 1785 584 1842; x_wconf 87' lang='lat' dir='ltr'><strong>futura</strong></span> <span class='ocrx_word' id='word_1_151' title='bbox 613 1785 739 1841; x_wconf 84' lang='lat' dir='ltr'><strong>vita</strong></span> <span class='ocrx_word' id='word_1_152' title='bbox 767 1799 931 1856; x_wconf 88' lang='lat' dir='ltr'><strong>posse</strong></span> <span class='ocrx_word' id='word_1_153' title='bbox 978 1781 1245 1855; x_wconf 89' lang='lat' dir='ltr'><strong>perﬁcere</strong></span> <span class='ocrx_word' id='word_1_154' title='bbox 1292 1781 1439 1853; x_wconf 92' lang='lat' dir='ltr'><strong>quod</strong></span> <span class='ocrx_word' id='word_1_155' title='bbox 1483 1780 1573 1838; x_wconf 90' lang='lat' dir='ltr'><strong>hic</strong></span> <span class='ocrx_word' id='word_1_156' title='bbox 1619 1779 1992 1852; x_wconf 89' lang='lat' dir='ltr'><strong>imperfectum</strong></span> 
     </span>
    </p>
   </div>
   <div class='ocr_carea' id='block_1_21' title="bbox 390 1869 1993 1947">
    <p class='ocr_par' dir='ltr' id='par_1_21' title="bbox 390 1869 1993 1947">
     <span class='ocr_line' id='line_1_21' title="bbox 390 1869 1993 1947; baseline -0.006 -16"><span class='ocrx_word' id='word_1_157' title='bbox 390 1875 671 1947; x_wconf 90' lang='lat' dir='ltr'><strong>relinquit,</strong></span> <span class='ocrx_word' id='word_1_158' title='bbox 704 1889 814 1928; x_wconf 90' lang='lat' dir='ltr'><strong>non</strong></span> <span class='ocrx_word' id='word_1_159' title='bbox 843 1872 1023 1944; x_wconf 87' lang='lat' dir='ltr'><strong>placet</strong></span> <span class='ocrx_word' id='word_1_160' title='bbox 1057 1871 1290 1926; x_wconf 90' lang='lat' dir='ltr'><strong>Domino</strong></span> <span class='ocrx_word' id='word_1_161' title='bbox 1320 1886 1457 1941; x_wconf 91' lang='lat' dir='ltr'><strong>opus</strong></span> <span class='ocrx_word' id='word_1_162' title='bbox 1486 1869 1620 1939; x_wconf 88' lang='lat' dir='ltr'><strong>ejus,</strong></span> <span class='ocrx_word' id='word_1_163' title='bbox 1663 1869 1788 1924; x_wconf 93' lang='lat' dir='ltr'><strong>ideo</strong></span> <span class='ocrx_word' id='word_1_164' title='bbox 1835 1869 1993 1922; x_wconf 84' lang='lat' dir='ltr'><strong>dam-</strong></span> 
     </span>
    </p>
   </div>
   <div class='ocr_carea' id='block_1_22' title="bbox 392 1955 1996 2030">
    <p class='ocr_par' dir='ltr' id='par_1_22' title="bbox 392 1955 1996 2030">
     <span class='ocr_line' id='line_1_22' title="bbox 392 1955 1996 2030; baseline -0.004 -11"><span class='ocrx_word' id='word_1_165' title='bbox 392 1963 599 2019; x_wconf 90' lang='lat' dir='ltr'><strong>nationi</strong></span> <span class='ocrx_word' id='word_1_166' title='bbox 627 1961 894 2018; x_wconf 87' lang='lat' dir='ltr'><strong>obnoxius</strong></span> <span class='ocrx_word' id='word_1_167' title='bbox 925 1968 1008 2016; x_wconf 92' lang='lat' dir='ltr'><strong>est</strong></span> <span class='ocrx_word' id='word_1_168' title='bbox 1041 1977 1055 2014; x_wconf 90' lang='lat'><strong>:</strong></span> <span class='ocrx_word' id='word_1_169' title='bbox 1106 1980 1130 2010; x_wconf 81' lang='grc'><strong>«</strong></span> <span class='ocrx_word' id='word_1_170' title='bbox 1185 1959 1324 2015; x_wconf 91' lang='lat' dir='ltr'><strong>Caro</strong></span> <span class='ocrx_word' id='word_1_171' title='bbox 1367 1973 1488 2030; x_wconf 83' lang='lat' dir='ltr'><strong>qua</strong></span> <span class='ocrx_word' id='word_1_172' title='bbox 1525 1957 1729 2030; x_wconf 90' lang='lat' dir='ltr'><strong>aliquid</strong></span> <span class='ocrx_word' id='word_1_173' title='bbox 1759 1955 1996 2029; x_wconf 76' lang='lat' dir='ltr'><strong>tetigerit</strong></span> 
     </span>
    </p>
   </div>
   <div class='ocr_carea' id='block_1_23' title="bbox 395 2045 1996 2118">
    <p class='ocr_par' dir='ltr' id='par_1_23' title="bbox 395 2045 1996 2118">
     <span class='ocr_line' id='line_1_23' title="bbox 395 2045 1996 2118; baseline -0.006 -10"><span class='ocrx_word' id='word_1_174' title='bbox 395 2051 754 2117; x_wconf 89' lang='lat' dir='ltr'><strong>immundum,</strong></span> <span class='ocrx_word' id='word_1_175' title='bbox 790 2070 813 2100; x_wconf 72' lang='grc' dir='ltr'><strong>ι</strong></span> <span class='ocrx_word' id='word_1_176' title='bbox 847 2057 975 2115; x_wconf 91' lang='lat' dir='ltr'><strong>etc.,</strong></span> <span class='ocrx_word' id='word_1_177' title='bbox 1017 2048 1074 2103; x_wconf 95' lang='lat' dir='ltr'><strong>id</strong></span> <span class='ocrx_word' id='word_1_178' title='bbox 1121 2054 1204 2103; x_wconf 92' lang='lat' dir='ltr'><strong>est</strong></span> <span class='ocrx_word' id='word_1_179' title='bbox 1262 2062 1399 2118; x_wconf 91' lang='lat' dir='ltr'><strong>opus</strong></span> <span class='ocrx_word' id='word_1_180' title='bbox 1446 2047 1593 2118; x_wconf 92' lang='lat' dir='ltr'><strong>quod</strong></span> <span class='ocrx_word' id='word_1_181' title='bbox 1639 2045 1783 2102; x_wconf 88' lang='lat' dir='ltr'><strong>vitiis</strong></span> <span class='ocrx_word' id='word_1_182' title='bbox 1811 2045 1996 2117; x_wconf 90' lang='lat' dir='ltr'><strong>inqui-</strong></span> 
     </span>
    </p>
   </div>
   <div class='ocr_carea' id='block_1_24' title="bbox 389 2135 1997 2210">
    <p class='ocr_par' dir='ltr' id='par_1_24' title="bbox 389 2135 1997 2210">
     <span class='ocr_line' id='line_1_24' title="bbox 389 2135 1997 2210; baseline -0.005 -14"><span class='ocrx_word' id='word_1_183' title='bbox 389 2148 554 2196; x_wconf 90' lang='lat' dir='ltr'><strong>natur</strong></span> <span class='ocrx_word' id='word_1_184' title='bbox 582 2155 693 2194; x_wconf 93' lang='lat' dir='ltr'><strong>non</strong></span> <span class='ocrx_word' id='word_1_185' title='bbox 722 2145 999 2210; x_wconf 89' lang='lat' dir='ltr'><strong>reputetur</strong></span> <span class='ocrx_word' id='word_1_186' title='bbox 1029 2137 1100 2191; x_wconf 91' lang='lat' dir='ltr'><strong>ad</strong></span> <span class='ocrx_word' id='word_1_187' title='bbox 1124 2135 1450 2207; x_wconf 83' lang='lat' dir='ltr'><strong>profectum,</strong></span> <span class='ocrx_word' id='word_1_188' title='bbox 1485 2150 1664 2206; x_wconf 91' lang='lat' dir='ltr'><strong>neque</strong></span> <span class='ocrx_word' id='word_1_189' title='bbox 1702 2135 1760 2190; x_wconf 92' lang='lat' dir='ltr'><strong>in</strong></span> <span class='ocrx_word' id='word_1_190' title='bbox 1806 2149 1997 2189; x_wconf 85' lang='lat' dir='ltr'><strong>exem-</strong></span> 
     </span>
    </p>
   </div>
   <div class='ocr_carea' id='block_1_25' title="bbox 390 2222 1995 2302">
    <p class='ocr_par' dir='ltr' id='par_1_25' title="bbox 390 2222 1995 2302">
     <span class='ocr_line' id='line_1_25' title="bbox 390 2222 1995 2302; baseline -0.004 -18"><span class='ocrx_word' id='word_1_191' title='bbox 390 2228 540 2302; x_wconf 90' lang='lat' dir='ltr'><strong>plum</strong></span> <span class='ocrx_word' id='word_1_192' title='bbox 569 2235 830 2292; x_wconf 84' lang='lat' dir='ltr'><strong>sumatur,</strong></span> <span class='ocrx_word' id='word_1_193' title='bbox 865 2225 1118 2282; x_wconf 86' lang='lat' dir='ltr'><strong>vindicta</strong></span> <span class='ocrx_word' id='word_1_194' title='bbox 1166 2223 1300 2293; x_wconf 88' lang='lat' dir='ltr'><strong>ejus,</strong></span> <span class='ocrx_word' id='word_1_195' title='bbox 1333 2223 1487 2296; x_wconf 92' lang='lat' dir='ltr'><strong>quasi</strong></span> <span class='ocrx_word' id='word_1_196' title='bbox 1540 2222 1675 2296; x_wconf 85' lang='lat' dir='ltr'><strong>igni,</strong></span> <span class='ocrx_word' id='word_1_197' title='bbox 1725 2230 1995 2279; x_wconf 85' lang='lat' dir='ltr'><strong>servatur.</strong></span> 
     </span>
    </p>
   </div>
   <div class='ocr_carea' id='block_1_26' title="bbox 394 2311 2001 2386">
    <p class='ocr_par' dir='ltr' id='par_1_26' title="bbox 394 2311 2001 2386">
     <span class='ocr_line' id='line_1_26' title="bbox 394 2311 2001 2386; baseline 0.001 -18"><span class='ocrx_word' id='word_1_198' title='bbox 394 2338 416 2368; x_wconf 77' lang='grc' dir='ltr'>ι</span> <span class='ocrx_word' id='word_1_199' title='bbox 443 2317 547 2386; x_wconf 86' lang='lat' dir='ltr'><strong>Qui</strong></span> <span class='ocrx_word' id='word_1_200' title='bbox 579 2315 742 2372; x_wconf 85' lang='lat' dir='ltr'><strong>fuerit</strong></span> <span class='ocrx_word' id='word_1_201' title='bbox 797 2314 1031 2369; x_wconf 90' lang='lat' dir='ltr'><strong>mundus</strong></span> <span class='ocrx_word' id='word_1_202' title='bbox 1077 2320 1330 2369; x_wconf 90' lang='lat' dir='ltr'><strong>vescetur</strong></span> <span class='ocrx_word' id='word_1_203' title='bbox 1373 2327 1460 2380; x_wconf 87' lang='lat' dir='ltr'><strong>ea,</strong></span> <span class='ocrx_word' id='word_1_204' title='bbox 1521 2331 1546 2364; x_wconf 68' lang='grc' dir='ltr'><strong><em>ι</em></strong></span> <span class='ocrx_word' id='word_1_205' title='bbox 1598 2320 1703 2368; x_wconf 90' lang='lat' dir='ltr'><strong>etc.</strong></span> <span class='ocrx_word' id='word_1_206' title='bbox 1748 2311 1872 2367; x_wconf 87' lang='lat' dir='ltr'><strong>Non</strong></span> <span class='ocrx_word' id='word_1_207' title='bbox 1918 2322 2001 2370; x_wconf 89' lang='lat' dir='ltr'><strong>est</strong></span> 
     </span>
    </p>
   </div>
   <div class='ocr_carea' id='block_1_27' title="bbox 389 2399 2000 2476">
    <p class='ocr_par' dir='ltr' id='par_1_27' title="bbox 389 2399 2000 2476">
     <span class='ocr_line' id='line_1_27' title="bbox 389 2399 2000 2476; baseline -0.004 -16"><span class='ocrx_word' id='word_1_208' title='bbox 389 2405 683 2462; x_wconf 91' lang='lat' dir='ltr'><strong>dicendum</strong></span> <span class='ocrx_word' id='word_1_209' title='bbox 714 2403 859 2476; x_wconf 92' lang='lat' dir='ltr'><strong>quod</strong></span> <span class='ocrx_word' id='word_1_210' title='bbox 889 2402 960 2456; x_wconf 90' lang='lat' dir='ltr'><strong>ad</strong></span> <span class='ocrx_word' id='word_1_211' title='bbox 1024 2401 1260 2473; x_wconf 87' lang='lat' dir='ltr'><strong>priorem</strong></span> <span class='ocrx_word' id='word_1_212' title='bbox 1327 2416 1552 2457; x_wconf 90' lang='lat' dir='ltr'><strong>versum</strong></span> <span class='ocrx_word' id='word_1_213' title='bbox 1617 2399 1894 2471; x_wconf 87' lang='lat' dir='ltr'><strong>respiciat,</strong></span> <span class='ocrx_word' id='word_1_214' title='bbox 1937 2399 2000 2454; x_wconf 62' lang='lat' dir='ltr'><strong>ut</strong></span> 
     </span>
    </p>
   </div>
   <div class='ocr_carea' id='block_1_28' title="bbox 392 2488 2008 2560">
    <p class='ocr_par' dir='ltr' id='par_1_28' title="bbox 392 2488 2008 2560">
     <span class='ocr_line' id='line_1_28' title="bbox 392 2488 2008 2560; baseline -0.004 -12"><span class='ocrx_word' id='word_1_215' title='bbox 392 2493 627 2550; x_wconf 89' lang='lat' dir='ltr'><strong>mundus</strong></span> <span class='ocrx_word' id='word_1_216' title='bbox 682 2490 977 2546; x_wconf 89' lang='lat' dir='ltr'><strong>immundis</strong></span> <span class='ocrx_word' id='word_1_217' title='bbox 1000 2490 1151 2546; x_wconf 87' lang='lat' dir='ltr'><strong>vesci</strong></span> <span class='ocrx_word' id='word_1_218' title='bbox 1192 2489 1466 2560; x_wconf 89' lang='lat' dir='ltr'><strong>jubeatur,</strong></span> <span class='ocrx_word' id='word_1_219' title='bbox 1518 2488 1618 2545; x_wconf 90' lang='lat' dir='ltr'><strong>sed</strong></span> <span class='ocrx_word' id='word_1_220' title='bbox 1668 2488 1736 2544; x_wconf 89' lang='lat' dir='ltr'><strong>ad</strong></span> <span class='ocrx_word' id='word_1_221' title='bbox 1768 2503 2008 2559; x_wconf 77' lang='lat' dir='ltr'><strong>sequen-</strong></span> 
     </span>
    </p>
   </div>
   <div class='ocr_carea' id='block_1_29' title="bbox 397 2577 2006 2650">
    <p class='ocr_par' dir='ltr' id='par_1_29' title="bbox 397 2577 2006 2650">
     <span class='ocr_line' id='line_1_29' title="bbox 397 2577 2006 2650; baseline -0.004 -13"><span class='ocrx_word' id='word_1_222' title='bbox 397 2589 508 2638; x_wconf 87' lang='lat' dir='ltr'><strong>tem</strong></span> <span class='ocrx_word' id='word_1_223' title='bbox 537 2597 780 2650; x_wconf 90' lang='lat' dir='ltr'><strong>versum,</strong></span> <span class='ocrx_word' id='word_1_224' title='bbox 815 2589 871 2634; x_wconf 91' lang='lat' dir='ltr'><strong>ut</strong></span> <span class='ocrx_word' id='word_1_225' title='bbox 900 2579 1136 2634; x_wconf 92' lang='lat' dir='ltr'><strong>mundus</strong></span> <span class='ocrx_word' id='word_1_226' title='bbox 1166 2594 1229 2634; x_wconf 90' lang='lat' dir='ltr'><strong>ea</strong></span> <span class='ocrx_word' id='word_1_227' title='bbox 1259 2578 1437 2633; x_wconf 91' lang='lat' dir='ltr'><strong>hostia</strong></span> <span class='ocrx_word' id='word_1_228' title='bbox 1465 2585 1716 2634; x_wconf 87' lang='lat' dir='ltr'><strong>vescatur</strong></span> <span class='ocrx_word' id='word_1_229' title='bbox 1771 2592 1806 2632; x_wconf 93' lang='lat' dir='ltr'><strong>a</strong></span> <span class='ocrx_word' id='word_1_230' title='bbox 1851 2577 2006 2646; x_wconf 91' lang='lat' dir='ltr'><strong>cujus</strong></span> 
     </span>
    </p>
   </div>
   <div class='ocr_carea' id='block_1_30' title="bbox 400 2666 2010 2739">
    <p class='ocr_par' dir='ltr' id='par_1_30' title="bbox 400 2666 2010 2739">
     <span class='ocr_line' id='line_1_30' title="bbox 400 2666 2010 2739; baseline -0.004 -12"><span class='ocrx_word' id='word_1_231' title='bbox 400 2686 568 2728; x_wconf 85' lang='lat' dir='ltr'><strong>carne</strong></span> <span class='ocrx_word' id='word_1_232' title='bbox 596 2670 778 2726; x_wconf 90' lang='lat' dir='ltr'><strong>anima</strong></span> <span class='ocrx_word' id='word_1_233' title='bbox 808 2667 1088 2724; x_wconf 91' lang='lat' dir='ltr'><strong>immunda</strong></span> <span class='ocrx_word' id='word_1_234' title='bbox 1133 2667 1479 2739; x_wconf 88' lang='lat' dir='ltr'><strong>prohibetur.</strong></span> <span class='ocrx_word' id='word_1_235' title='bbox 1529 2666 1759 2739; x_wconf 90' lang='lat' dir='ltr'><strong>Indigne</strong></span> <span class='ocrx_word' id='word_1_236' title='bbox 1806 2680 2010 2736; x_wconf 81' lang='lat' dir='ltr'><strong>corpus</strong></span> 
     </span>
    </p>
   </div>
   <div class='ocr_carea' id='block_1_31' title="bbox 402 2753 2010 2830">
    <p class='ocr_par' dir='ltr' id='par_1_31' title="bbox 402 2753 2010 2830">
     <span class='ocr_line' id='line_1_31' title="bbox 402 2753 2010 2830; baseline -0.004 -15"><span class='ocrx_word' id='word_1_237' title='bbox 402 2759 604 2814; x_wconf 87' lang='lat' dir='ltr'><strong>Christi</strong></span> <span class='ocrx_word' id='word_1_238' title='bbox 633 2767 686 2815; x_wconf 91' lang='lat' dir='ltr'><strong>et</strong></span> <span class='ocrx_word' id='word_1_239' title='bbox 716 2757 1042 2830; x_wconf 88' lang='lat' dir='ltr'><strong>sanguinem</strong></span> <span class='ocrx_word' id='word_1_240' title='bbox 1073 2772 1292 2812; x_wconf 88' lang='lat' dir='ltr'><strong>sumere</strong></span> <span class='ocrx_word' id='word_1_241' title='bbox 1321 2755 1692 2826; x_wconf 87' lang='lat' dir='ltr'><strong>prohibemur,</strong></span> <span class='ocrx_word' id='word_1_242' title='bbox 1719 2762 1777 2810; x_wconf 91' lang='lat' dir='ltr'><strong>ut</strong></span> <span class='ocrx_word' id='word_1_243' title='bbox 1796 2753 1853 2808; x_wconf 90' lang='lat' dir='ltr'><strong>in</strong></span> <span class='ocrx_word' id='word_1_244' title='bbox 1871 2755 2010 2823; x_wconf 88' lang='lat' dir='ltr'><strong>Apo-</strong></span> 
     </span>
    </p>
   </div>
   <div class='ocr_carea' id='block_1_32' title="bbox 418 2843 2015 2919">
    <p class='ocr_par' dir='ltr' id='par_1_32' title="bbox 418 2843 2015 2919">
     <span class='ocr_line' id='line_1_32' title="bbox 418 2843 2015 2919; baseline -0.005 -15"><span class='ocrx_word' id='word_1_245' title='bbox 418 2849 560 2904; x_wconf 86' lang='lat' dir='ltr'><strong>stolo</strong></span> <span class='ocrx_word' id='word_1_246' title='bbox 589 2847 825 2919; x_wconf 90' lang='lat' dir='ltr'><strong>pleniter</strong></span> <span class='ocrx_word' id='word_1_247' title='bbox 851 2847 1096 2912; x_wconf 90' lang='lat' dir='ltr'><strong>docetur,</strong></span> <span class='ocrx_word' id='word_1_248' title='bbox 1131 2861 1251 2918; x_wconf 84' lang='lat' dir='ltr'><strong>qua</strong></span> <span class='ocrx_word' id='word_1_249' title='bbox 1271 2843 1490 2899; x_wconf 90' lang='lat' dir='ltr'><strong>mundis</strong></span> <span class='ocrx_word' id='word_1_250' title='bbox 1525 2844 1809 2900; x_wconf 89' lang='lat' dir='ltr'><strong>tractanda</strong></span> <span class='ocrx_word' id='word_1_251' title='bbox 1822 2843 2015 2912; x_wconf 89' lang='lat' dir='ltr'><strong>juben-</strong></span> 
     </span>
    </p>
   </div>
   <div class='ocr_carea' id='block_1_33' title="bbox 427 2932 2011 2993">
    <p class='ocr_par' dir='ltr' id='par_1_33' title="bbox 427 2932 2011 2993">
     <span class='ocr_line' id='line_1_33' title="bbox 427 2932 2011 2993; baseline -0.004 0"><span class='ocrx_word' id='word_1_252' title='bbox 427 2946 536 2993; x_wconf 87' lang='lat' dir='ltr'><strong>tur.</strong></span> <span class='ocrx_word' id='word_1_253' title='bbox 566 2937 740 2992; x_wconf 83' lang='lat' dir='ltr'><strong>Aliter</strong></span> <span class='ocrx_word' id='word_1_254' title='bbox 764 2954 777 2990; x_wconf 89' lang='lat'><strong>:</strong></span> <span class='ocrx_word' id='word_1_255' title='bbox 796 2935 1071 2990; x_wconf 90' lang='lat' dir='ltr'><strong>immunda</strong></span> <span class='ocrx_word' id='word_1_256' title='bbox 1090 2934 1267 2989; x_wconf 91' lang='lat' dir='ltr'><strong>anima</strong></span> <span class='ocrx_word' id='word_1_257' title='bbox 1287 2932 1618 2990; x_wconf 90' lang='lat' dir='ltr'><strong>sacriﬁcium</strong></span> <span class='ocrx_word' id='word_1_258' title='bbox 1635 2932 1854 2988; x_wconf 91' lang='lat' dir='ltr'><strong>Domini</strong></span> <span class='ocrx_word' id='word_1_259' title='bbox 1886 2946 2011 2988; x_wconf 90' lang='lat' dir='ltr'><strong>com</strong></span> 
     </span>
    </p>
   </div>
   <div class='ocr_carea' id='block_1_34' title="bbox 412 3019 2012 3096">
    <p class='ocr_par' dir='ltr' id='par_1_34' title="bbox 412 3019 2012 3096">
     <span class='ocr_line' id='line_1_34' title="bbox 412 3019 2012 3096; baseline -0.004 -15"><span class='ocrx_word' id='word_1_260' title='bbox 412 3026 523 3082; x_wconf 92' lang='lat' dir='ltr'><strong>edit</strong></span> <span class='ocrx_word' id='word_1_261' title='bbox 552 3025 682 3080; x_wconf 91' lang='lat' dir='ltr'><strong>dum</strong></span> <span class='ocrx_word' id='word_1_262' title='bbox 710 3024 936 3096; x_wconf 89' lang='lat' dir='ltr'><strong>quilibet</strong></span> <span class='ocrx_word' id='word_1_263' title='bbox 956 3039 1066 3078; x_wconf 92' lang='lat' dir='ltr'><strong>non</strong></span> <span class='ocrx_word' id='word_1_264' title='bbox 1098 3040 1164 3079; x_wconf 88' lang='lat' dir='ltr'><strong>ex</strong></span> <span class='ocrx_word' id='word_1_265' title='bbox 1206 3023 1348 3078; x_wconf 92' lang='lat' dir='ltr'><strong>bona</strong></span> <span class='ocrx_word' id='word_1_266' title='bbox 1399 3022 1673 3078; x_wconf 87' lang='lat' dir='ltr'><strong>voluntate</strong></span> <span class='ocrx_word' id='word_1_267' title='bbox 1728 3037 1866 3091; x_wconf 90' lang='lat' dir='ltr'><strong>opus</strong></span> <span class='ocrx_word' id='word_1_268' title='bbox 1911 3019 2012 3075; x_wconf 92' lang='lat' dir='ltr'><strong>Dei</strong></span> 
     </span>
    </p>
   </div>
   <div class='ocr_carea' id='block_1_35' title="bbox 405 3110 2014 3184">
    <p class='ocr_par' dir='ltr' id='par_1_35' title="bbox 405 3110 2014 3184">
     <span class='ocr_line' id='line_1_35' title="bbox 405 3110 2014 3184; baseline -0.005 -14"><span class='ocrx_word' id='word_1_269' title='bbox 405 3114 543 3170; x_wconf 86' lang='lat' dir='ltr'><strong>foris</strong></span> <span class='ocrx_word' id='word_1_270' title='bbox 569 3114 804 3183; x_wconf 88' lang='lat' dir='ltr'><strong>simulat,</strong></span> <span class='ocrx_word' id='word_1_271' title='bbox 836 3121 895 3168; x_wconf 90' lang='lat' dir='ltr'><strong>ut</strong></span> <span class='ocrx_word' id='word_1_272' title='bbox 927 3112 1018 3184; x_wconf 90' lang='lat' dir='ltr'><strong>qui</strong></span> <span class='ocrx_word' id='word_1_273' title='bbox 1052 3111 1290 3167; x_wconf 87' lang='lat' dir='ltr'><strong>seminat</strong></span> <span class='ocrx_word' id='word_1_274' title='bbox 1320 3111 1406 3167; x_wconf 91' lang='lat' dir='ltr'><strong>vel</strong></span> <span class='ocrx_word' id='word_1_275' title='bbox 1425 3127 1524 3166; x_wconf 90' lang='lat' dir='ltr'><strong>sua</strong></span> <span class='ocrx_word' id='word_1_276' title='bbox 1543 3110 1772 3184; x_wconf 87' lang='lat' dir='ltr'><strong>largitur</strong></span> <span class='ocrx_word' id='word_1_277' title='bbox 1789 3116 2014 3180; x_wconf 89' lang='lat' dir='ltr'><strong>propter</strong></span> 
     </span>
    </p>
   </div>
   <div class='ocr_carea' id='block_1_36' title="bbox 401 3197 2018 3276">
    <p class='ocr_par' dir='ltr' id='par_1_36' title="bbox 401 3197 2018 3276">
     <span class='ocr_line' id='line_1_36' title="bbox 401 3197 2018 3276; baseline -0.006 -16"><span class='ocrx_word' id='word_1_278' title='bbox 401 3203 769 3276; x_wconf 87' lang='lat' dir='ltr'><strong>arrogantiam</strong></span> <span class='ocrx_word' id='word_1_279' title='bbox 799 3209 852 3257; x_wconf 91' lang='lat' dir='ltr'><strong>et</strong></span> <span class='ocrx_word' id='word_1_280' title='bbox 881 3201 1112 3272; x_wconf 90' lang='lat' dir='ltr'><strong>plurima</strong></span> <span class='ocrx_word' id='word_1_281' title='bbox 1151 3200 1298 3255; x_wconf 86' lang='lat' dir='ltr'><strong>talia.</strong></span> <span class='ocrx_word' id='word_1_282' title='bbox 1336 3221 1358 3250; x_wconf 76' lang='grc' dir='ltr'><strong><em>α</em></strong></span> <span class='ocrx_word' id='word_1_283' title='bbox 1392 3201 1460 3254; x_wconf 90' lang='lat' dir='ltr'><strong>Et</strong></span> <span class='ocrx_word' id='word_1_284' title='bbox 1489 3216 1610 3271; x_wconf 89' lang='lat' dir='ltr'><strong>qua</strong></span> <span class='ocrx_word' id='word_1_285' title='bbox 1639 3198 1884 3271; x_wconf 87' lang='lat' dir='ltr'><strong>tetigerit</strong></span> <span class='ocrx_word' id='word_1_286' title='bbox 1921 3197 2018 3251; x_wconf 91' lang='lat' dir='ltr'><strong>im-</strong></span> 
     </span>
    </p>
   </div>
   <div class='ocr_carea' id='block_1_37' title="bbox 400 3286 2017 3360">
    <p class='ocr_par' dir='ltr' id='par_1_37' title="bbox 400 3286 2017 3360">
     <span class='ocr_line' id='line_1_37' title="bbox 400 3286 2017 3360; baseline -0.006 -12"><span class='ocrx_word' id='word_1_287' title='bbox 400 3291 724 3348; x_wconf 88' lang='lat' dir='ltr'><strong>munditiam</strong></span> <span class='ocrx_word' id='word_1_288' title='bbox 751 3290 1012 3355; x_wconf 91' lang='lat' dir='ltr'><strong>hominis,</strong></span> <span class='ocrx_word' id='word_1_289' title='bbox 1042 3309 1065 3339; x_wconf 74' lang='grc' dir='ltr'><strong>ι</strong></span> <span class='ocrx_word' id='word_1_290' title='bbox 1101 3297 1155 3344; x_wconf 92' lang='lat' dir='ltr'><strong>et</strong></span> <span class='ocrx_word' id='word_1_291' title='bbox 1201 3289 1430 3360; x_wconf 89' lang='lat' dir='ltr'><strong>reliqua.</strong></span> <span class='ocrx_word' id='word_1_292' title='bbox 1479 3286 1877 3342; x_wconf 89' lang='lat' dir='ltr'><strong>Immunditiam</strong></span> <span class='ocrx_word' id='word_1_293' title='bbox 1919 3286 2017 3340; x_wconf 90' lang='lat' dir='ltr'><strong>ho-</strong></span> 
     </span>
    </p>
   </div>
   <div class='ocr_carea' id='block_1_38' title="bbox 399 3376 2016 3449">
    <p class='ocr_par' dir='ltr' id='par_1_38' title="bbox 399 3376 2016 3449">
     <span class='ocr_line' id='line_1_38' title="bbox 399 3376 2016 3449; baseline -0.004 -13"><span class='ocrx_word' id='word_1_294' title='bbox 399 3381 584 3449; x_wconf 89' lang='lat' dir='ltr'><strong>minis,</strong></span> <span class='ocrx_word' id='word_1_295' title='bbox 616 3380 708 3436; x_wconf 92' lang='lat' dir='ltr'><strong>vel</strong></span> <span class='ocrx_word' id='word_1_296' title='bbox 737 3379 944 3433; x_wconf 90' lang='lat' dir='ltr'><strong>ﬂuxum</strong></span> <span class='ocrx_word' id='word_1_297' title='bbox 977 3377 1220 3446; x_wconf 89' lang='lat' dir='ltr'><strong>seminis,</strong></span> <span class='ocrx_word' id='word_1_298' title='bbox 1254 3377 1343 3432; x_wconf 92' lang='lat' dir='ltr'><strong>vel</strong></span> <span class='ocrx_word' id='word_1_299' title='bbox 1372 3384 1571 3432; x_wconf 87' lang='lat' dir='ltr'><strong>catera</strong></span> <span class='ocrx_word' id='word_1_300' title='bbox 1599 3391 1720 3447; x_wconf 89' lang='lat' dir='ltr'><strong>qua</strong></span> <span class='ocrx_word' id='word_1_301' title='bbox 1743 3376 1796 3431; x_wconf 90' lang='lat' dir='ltr'><strong>ei</strong></span> <span class='ocrx_word' id='word_1_302' title='bbox 1821 3389 2016 3430; x_wconf 90' lang='lat' dir='ltr'><strong>secun-</strong></span> 
     </span>
    </p>
   </div>
   <div class='ocr_carea' id='block_1_39' title="bbox 405 3464 2022 3541">
    <p class='ocr_par' dir='ltr' id='par_1_39' title="bbox 405 3464 2022 3541">
     <span class='ocr_line' id='line_1_39' title="bbox 405 3464 2022 3541; baseline -0.004 -16"><span class='ocrx_word' id='word_1_303' title='bbox 405 3470 540 3526; x_wconf 90' lang='lat' dir='ltr'><strong>dum</strong></span> <span class='ocrx_word' id='word_1_304' title='bbox 567 3469 750 3541; x_wconf 88' lang='lat' dir='ltr'><strong>legem</strong></span> <span class='ocrx_word' id='word_1_305' title='bbox 780 3468 848 3522; x_wconf 89' lang='lat' dir='ltr'><strong>ad</strong></span> <span class='ocrx_word' id='word_1_306' title='bbox 877 3466 1274 3522; x_wconf 89' lang='lat' dir='ltr'><strong>immunditiam</strong></span> <span class='ocrx_word' id='word_1_307' title='bbox 1316 3473 1656 3537; x_wconf 88' lang='lat' dir='ltr'><strong>reputantur.</strong></span> <span class='ocrx_word' id='word_1_308' title='bbox 1715 3464 1876 3520; x_wconf 81' lang='lat' dir='ltr'><strong>Vetat</strong></span> <span class='ocrx_word' id='word_1_309' title='bbox 1927 3479 2022 3518; x_wconf 92' lang='lat' dir='ltr'><strong>au-</strong></span> 
     </span>
    </p>
   </div>
   <div class='ocr_carea' id='block_1_40' title="bbox 408 3552 2015 3618">
    <p class='ocr_par' dir='ltr' id='par_1_40' title="bbox 408 3552 2015 3618">
     <span class='ocr_line' id='line_1_40' title="bbox 408 3552 2015 3618; baseline -0.006 -4"><span class='ocrx_word' id='word_1_310' title='bbox 408 3567 519 3614; x_wconf 89' lang='lat' dir='ltr'><strong>tem</strong></span> <span class='ocrx_word' id='word_1_311' title='bbox 548 3557 691 3613; x_wconf 86' lang='lat' dir='ltr'><strong>vitiis</strong></span> <span class='ocrx_word' id='word_1_312' title='bbox 720 3572 829 3612; x_wconf 91' lang='lat' dir='ltr'><strong>non</strong></span> <span class='ocrx_word' id='word_1_313' title='bbox 858 3554 1370 3612; x_wconf 90' lang='lat' dir='ltr'><strong>communicandum</strong></span> <span class='ocrx_word' id='word_1_314' title='bbox 1401 3554 1515 3610; x_wconf 92' lang='lat' dir='ltr'><strong>sive</strong></span> <span class='ocrx_word' id='word_1_315' title='bbox 1543 3552 1798 3618; x_wconf 89' lang='lat' dir='ltr'><strong>hominis,</strong></span> <span class='ocrx_word' id='word_1_316' title='bbox 1830 3552 1886 3606; x_wconf 92' lang='lat' dir='ltr'><strong>id</strong></span> <span class='ocrx_word' id='word_1_317' title='bbox 1931 3553 2015 3606; x_wconf 75' lang='lat' dir='ltr'><strong>est</strong></span> 
     </span>
    </p>
   </div>
   <div class='ocr_carea' id='block_1_41' title="bbox 401 3641 2010 3721">
    <p class='ocr_par' dir='ltr' id='par_1_41' title="bbox 401 3641 2010 3721">
     <span class='ocr_line' id='line_1_41' title="bbox 401 3641 2010 3721; baseline -0.004 -19"><span class='ocrx_word' id='word_1_318' title='bbox 401 3645 679 3721; x_wconf 88' lang='lat' dir='ltr'><strong>ingeniosi</strong></span> <span class='ocrx_word' id='word_1_319' title='bbox 706 3645 764 3700; x_wconf 92' lang='lat' dir='ltr'><strong>in</strong></span> <span class='ocrx_word' id='word_1_320' title='bbox 796 3645 964 3710; x_wconf 90' lang='lat' dir='ltr'><strong>malo,</strong></span> <span class='ocrx_word' id='word_1_321' title='bbox 1017 3644 1133 3699; x_wconf 89' lang='lat' dir='ltr'><strong>sive</strong></span> <span class='ocrx_word' id='word_1_322' title='bbox 1173 3643 1423 3713; x_wconf 89' lang='lat' dir='ltr'><strong>jumenti,</strong></span> <span class='ocrx_word' id='word_1_323' title='bbox 1466 3643 1521 3697; x_wconf 91' lang='lat' dir='ltr'><strong>id</strong></span> <span class='ocrx_word' id='word_1_324' title='bbox 1567 3641 1912 3719; x_wconf 11' lang='lat' dir='ltr'><strong>est&#39;hebetis</strong></span> <span class='ocrx_word' id='word_1_325' title='bbox 1959 3641 2010 3695; x_wconf 76' lang='lat' dir='ltr'><strong>et</strong></span> 
     </span>
    </p>
   </div>
   <div class='ocr_carea' id='block_1_42' title="bbox 399 3729 2011 3809">
    <p class='ocr_par' dir='ltr' id='par_1_42' title="bbox 399 3729 2011 3809">
     <span class='ocr_line' id='line_1_42' title="bbox 399 3729 2011 3809; baseline -0.006 -18"><span class='ocrx_word' id='word_1_326' title='bbox 399 3736 620 3809; x_wconf 88' lang='lat' dir='ltr'><strong>publice</strong></span> <span class='ocrx_word' id='word_1_327' title='bbox 649 3733 1036 3806; x_wconf 89' lang='lat' dir='ltr'><strong>delinquentis.</strong></span> <span class='ocrx_word' id='word_1_328' title='bbox 1091 3754 1114 3783; x_wconf 71' lang='grc' dir='ltr'><strong><em>α</em></strong></span> <span class='ocrx_word' id='word_1_329' title='bbox 1147 3732 1380 3802; x_wconf 90' lang='lat' dir='ltr'><strong>Adipem</strong></span> <span class='ocrx_word' id='word_1_330' title='bbox 1436 3731 1573 3796; x_wconf 89' lang='lat' dir='ltr'><strong>ovis,</strong></span> <span class='ocrx_word' id='word_1_331' title='bbox 1623 3739 1675 3786; x_wconf 92' lang='lat' dir='ltr'><strong>et</strong></span> <span class='ocrx_word' id='word_1_332' title='bbox 1731 3729 1906 3800; x_wconf 91' lang='lat' dir='ltr'><strong>bovis,</strong></span> <span class='ocrx_word' id='word_1_333' title='bbox 1959 3733 2011 3784; x_wconf 90' lang='lat' dir='ltr'><strong>et</strong></span> 
     </span>
    </p>
   </div>
   <div class='ocr_carea' id='block_1_43' title="bbox 402 3817 2008 3895">
    <p class='ocr_par' dir='ltr' id='par_1_43' title="bbox 402 3817 2008 3895">
     <span class='ocr_line' id='line_1_43' title="bbox 402 3817 2008 3895; baseline -0.006 -14"><span class='ocrx_word' id='word_1_334' title='bbox 402 3839 608 3895; x_wconf 86' lang='lat' dir='ltr'><strong>capra,</strong></span> <span class='ocrx_word' id='word_1_335' title='bbox 633 3844 654 3873; x_wconf 70' lang='grc' dir='ltr'>υ</span> <span class='ocrx_word' id='word_1_336' title='bbox 676 3831 729 3878; x_wconf 91' lang='lat' dir='ltr'><strong>et</strong></span> <span class='ocrx_word' id='word_1_337' title='bbox 749 3823 961 3894; x_wconf 90' lang='lat' dir='ltr'><strong>reliqua</strong></span> <span class='ocrx_word' id='word_1_338' title='bbox 984 3841 1000 3888; x_wconf 94' lang='lat'><strong>;</strong></span> <span class='ocrx_word' id='word_1_339' title='bbox 1023 3821 1078 3876; x_wconf 90' lang='lat' dir='ltr'><strong>id</strong></span> <span class='ocrx_word' id='word_1_340' title='bbox 1099 3827 1201 3887; x_wconf 93' lang='lat' dir='ltr'><strong>est,</strong></span> <span class='ocrx_word' id='word_1_341' title='bbox 1227 3819 1556 3876; x_wconf 86' lang='lat' dir='ltr'><strong>desiderium</strong></span> <span class='ocrx_word' id='word_1_342' title='bbox 1576 3819 1647 3874; x_wconf 89' lang='lat' dir='ltr'><strong>ad</strong></span> <span class='ocrx_word' id='word_1_343' title='bbox 1668 3820 1842 3874; x_wconf 89' lang='lat' dir='ltr'><strong>Deum</strong></span> <span class='ocrx_word' id='word_1_344' title='bbox 1872 3817 2008 3872; x_wconf 89' lang='lat' dir='ltr'><strong>sim-</strong></span> 
     </span>
    </p>
   </div>
   <div class='ocr_carea' id='block_1_44' title="bbox 407 3907 2006 3985">
    <p class='ocr_par' dir='ltr' id='par_1_44' title="bbox 407 3907 2006 3985">
     <span class='ocr_line' id='line_1_44' title="bbox 407 3907 2006 3985; baseline -0.003 -17"><span class='ocrx_word' id='word_1_345' title='bbox 407 3912 568 3985; x_wconf 92' lang='lat' dir='ltr'><strong>plicis</strong></span> <span class='ocrx_word' id='word_1_346' title='bbox 616 3920 668 3967; x_wconf 93' lang='lat' dir='ltr'><strong>et</strong></span> <span class='ocrx_word' id='word_1_347' title='bbox 712 3911 921 3967; x_wconf 81' lang='lat' dir='ltr'><strong>fortiter</strong></span> <span class='ocrx_word' id='word_1_348' title='bbox 963 3910 1233 3980; x_wconf 86' lang='lat' dir='ltr'><strong>Operantis</strong></span> <span class='ocrx_word' id='word_1_349' title='bbox 1281 3918 1334 3964; x_wconf 90' lang='lat' dir='ltr'><strong>et</strong></span> <span class='ocrx_word' id='word_1_350' title='bbox 1374 3908 1704 3979; x_wconf 64' lang='lat' dir='ltr'><strong>paenitentis,</strong></span> <span class='ocrx_word' id='word_1_351' title='bbox 1748 3923 1859 3962; x_wconf 91' lang='lat' dir='ltr'><strong>non</strong></span> <span class='ocrx_word' id='word_1_352' title='bbox 1898 3907 2006 3963; x_wconf 89' lang='lat' dir='ltr'><strong>alio</strong></span> 
     </span>
    </p>
   </div>
   <div class='ocr_carea' id='block_1_45' title="bbox 404 3997 2008 4073">
    <p class='ocr_par' dir='ltr' id='par_1_45' title="bbox 404 3997 2008 4073">
     <span class='ocr_line' id='line_1_45' title="bbox 404 3997 2008 4073; baseline -0.003 -16"><span class='ocrx_word' id='word_1_353' title='bbox 404 4010 582 4057; x_wconf 84' lang='lat' dir='ltr'><strong>vertas</strong></span> <span class='ocrx_word' id='word_1_354' title='bbox 613 4016 772 4073; x_wconf 89' lang='lat' dir='ltr'><strong>quam</strong></span> <span class='ocrx_word' id='word_1_355' title='bbox 800 3999 939 4055; x_wconf 91' lang='lat' dir='ltr'><strong>sicut</strong></span> <span class='ocrx_word' id='word_1_356' title='bbox 967 3999 1058 4054; x_wconf 90' lang='lat' dir='ltr'><strong>ille</strong></span> <span class='ocrx_word' id='word_1_357' title='bbox 1088 3999 1228 4053; x_wconf 90' lang='lat' dir='ltr'><strong>bene</strong></span> <span class='ocrx_word' id='word_1_358' title='bbox 1256 3997 1555 4068; x_wconf 88' lang='lat' dir='ltr'><strong>proposuit.</strong></span> <span class='ocrx_word' id='word_1_359' title='bbox 1592 4019 1615 4048; x_wconf 70' lang='grc' dir='ltr'><strong>α</strong></span> <span class='ocrx_word' id='word_1_360' title='bbox 1649 3997 1882 4066; x_wconf 87' lang='lat' dir='ltr'><strong>Adipem</strong></span> <span class='ocrx_word' id='word_1_361' title='bbox 1921 4011 2008 4052; x_wconf 88' lang='lat' dir='ltr'><strong>ca-</strong></span> 
     </span>
    </p>
   </div>
   <div class='ocr_carea' id='block_1_46' title="bbox 405 4085 2005 4158">
    <p class='ocr_par' dir='ltr' id='par_1_46' title="bbox 405 4085 2005 4158">
     <span class='ocr_line' id='line_1_46' title="bbox 405 4085 2005 4158; baseline -0.006 -11"><span class='ocrx_word' id='word_1_362' title='bbox 405 4090 628 4147; x_wconf 90' lang='lat' dir='ltr'><strong>daveris</strong></span> <span class='ocrx_word' id='word_1_363' title='bbox 657 4087 948 4156; x_wconf 90' lang='lat' dir='ltr'><strong>morticini,</strong></span> <span class='ocrx_word' id='word_1_364' title='bbox 986 4109 1009 4137; x_wconf 78' lang='grc' dir='ltr'><strong>ι</strong></span> <span class='ocrx_word' id='word_1_365' title='bbox 1066 4095 1120 4143; x_wconf 93' lang='lat' dir='ltr'><strong>et</strong></span> <span class='ocrx_word' id='word_1_366' title='bbox 1149 4085 1363 4158; x_wconf 90' lang='lat' dir='ltr'><strong>reliqua</strong></span> <span class='ocrx_word' id='word_1_367' title='bbox 1394 4105 1408 4154; x_wconf 90' lang='lat'><strong>;</strong></span> <span class='ocrx_word' id='word_1_368' title='bbox 1453 4085 1508 4140; x_wconf 92' lang='lat' dir='ltr'><strong>id</strong></span> <span class='ocrx_word' id='word_1_369' title='bbox 1543 4093 1628 4140; x_wconf 92' lang='lat' dir='ltr'><strong>est</strong></span> <span class='ocrx_word' id='word_1_370' title='bbox 1671 4085 2005 4141; x_wconf 88' lang='lat' dir='ltr'><strong>voluntatem</strong></span> 
     </span>
    </p>
   </div>
   <div class='ocr_carea' id='block_1_47' title="bbox 403 4175 1590 4252">
    <p class='ocr_par' dir='ltr' id='par_1_47' title="bbox 403 4175 1590 4252">
     <span class='ocr_line' id='line_1_47' title="bbox 403 4175 1590 4252; baseline -0.005 -17"><span class='ocrx_word' id='word_1_371' title='bbox 403 4197 506 4252; x_wconf 88' lang='lat' dir='ltr'><strong>per</strong></span> <span class='ocrx_word' id='word_1_372' title='bbox 536 4196 596 4234; x_wconf 89' lang='lat' dir='ltr'><strong>se</strong></span> <span class='ocrx_word' id='word_1_373' title='bbox 627 4177 864 4250; x_wconf 90' lang='lat' dir='ltr'><strong>peccatis</strong></span> <span class='ocrx_word' id='word_1_374' title='bbox 884 4175 1097 4243; x_wconf 90' lang='lat' dir='ltr'><strong>mortui,</strong></span> <span class='ocrx_word' id='word_1_375' title='bbox 1132 4183 1190 4231; x_wconf 91' lang='lat' dir='ltr'><strong>ut</strong></span> <span class='ocrx_word' id='word_1_376' title='bbox 1236 4175 1530 4246; x_wconf 83' lang='lat' dir='ltr'><strong>Apostolus</strong></span> <span class='ocrx_word' id='word_1_377' title='bbox 1575 4193 1590 4228; x_wconf 92' lang='lat'>:</span> 
     </span>
    </p>
   </div>
   <div class='ocr_carea' id='block_1_48' title="bbox 411 4262 2003 4336">
    <p class='ocr_par' dir='ltr' id='par_1_48' title="bbox 411 4262 2003 4336">
     <span class='ocr_line' id='line_1_48' title="bbox 411 4262 2003 4336; baseline -0.005 -12"><span class='ocrx_word' id='word_1_378' title='bbox 411 4268 624 4325; x_wconf 88' lang='lat' dir='ltr'><strong>deliciis</strong></span> <span class='ocrx_word' id='word_1_379' title='bbox 651 4268 840 4323; x_wconf 91' lang='lat' dir='ltr'><strong>vivens</strong></span> <span class='ocrx_word' id='word_1_380' title='bbox 869 4274 1082 4321; x_wconf 88' lang='lat' dir='ltr'><strong>mortua</strong></span> <span class='ocrx_word' id='word_1_381' title='bbox 1109 4273 1192 4320; x_wconf 91' lang='lat' dir='ltr'><strong>est</strong></span> <span class='ocrx_word' id='word_1_382' title='bbox 1221 4266 1272 4336; x_wconf 81' lang='grc' dir='ltr'><strong>(Ι</strong></span> <span class='ocrx_word' id='word_1_383' title='bbox 1297 4265 1432 4331; x_wconf 86' lang='lat' dir='ltr'><strong>Tim,</strong></span> <span class='ocrx_word' id='word_1_384' title='bbox 1482 4264 1542 4334; x_wconf 81' lang='grc' dir='ltr'><strong>ν)</strong></span> <span class='ocrx_word' id='word_1_385' title='bbox 1571 4283 1586 4330; x_wconf 90' lang='lat'><strong>;</strong></span> <span class='ocrx_word' id='word_1_386' title='bbox 1641 4283 1664 4313; x_wconf 68' lang='grc' dir='ltr'><strong>ιι</strong></span> <span class='ocrx_word' id='word_1_387' title='bbox 1727 4262 1842 4319; x_wconf 90' lang='lat' dir='ltr'><strong>sive</strong></span> <span class='ocrx_word' id='word_1_388' title='bbox 1886 4263 2003 4332; x_wconf 90' lang='lat' dir='ltr'><strong>ejus</strong></span> 
     </span>
    </p>
   </div>
   <div class='ocr_carea' id='block_1_49' title="bbox 407 4352 2002 4431">
    <p class='ocr_par' dir='ltr' id='par_1_49' title="bbox 407 4352 2002 4431">
     <span class='ocr_line' id='line_1_49' title="bbox 407 4352 2002 4431; baseline -0.004 -18"><span class='ocrx_word' id='word_1_389' title='bbox 407 4358 560 4431; x_wconf 90' lang='lat' dir='ltr'><strong>quia</strong></span> <span class='ocrx_word' id='word_1_390' title='bbox 606 4356 821 4412; x_wconf 90' lang='lat' dir='ltr'><strong>diabolo</strong></span> <span class='ocrx_word' id='word_1_391' title='bbox 869 4357 1129 4426; x_wconf 89' lang='lat' dir='ltr'><strong>deceptus</strong></span> <span class='ocrx_word' id='word_1_392' title='bbox 1175 4362 1277 4423; x_wconf 90' lang='lat' dir='ltr'><strong>est,</strong></span> <span class='ocrx_word' id='word_1_393' title='bbox 1321 4354 1392 4408; x_wconf 91' lang='lat' dir='ltr'><strong>ad</strong></span> <span class='ocrx_word' id='word_1_394' title='bbox 1434 4352 1792 4408; x_wconf 90' lang='lat' dir='ltr'><strong>imitationem</strong></span> <span class='ocrx_word' id='word_1_395' title='bbox 1855 4359 2002 4407; x_wconf 89' lang='lat' dir='ltr'><strong>tuam</strong></span> 
     </span>
    </p>
   </div>
   <div class='ocr_carea' id='block_1_50' title="bbox 1655 4173 2064 4230">
    <p class='ocr_par' dir='ltr' id='par_1_50' title="bbox 1655 4173 2064 4230">
     <span class='ocr_line' id='line_1_50' title="bbox 1655 4173 2064 4230; baseline 0.002 -5"><span class='ocrx_word' id='word_1_396' title='bbox 1655 4195 1680 4225; x_wconf 69' lang='grc' dir='ltr'><strong>α</strong></span> <span class='ocrx_word' id='word_1_397' title='bbox 1739 4174 1916 4230; x_wconf 90' lang='lat' dir='ltr'><strong>Vidua</strong></span> <span class='ocrx_word' id='word_1_398' title='bbox 1947 4173 2003 4227; x_wconf 88' lang='lat' dir='ltr'><strong>in</strong></span> <span class='ocrx_word' id='word_1_399' title='bbox 2059 4187 2064 4192; x_wconf 89' lang='lat'>&#39;</span> 
     </span>
    </p>
   </div>
   <div class='ocr_carea' id='block_1_51' title="bbox 2077 419 3674 497">
    <p class='ocr_par' dir='ltr' id='par_1_51' title="bbox 2077 419 3674 497">
     <span class='ocr_line' id='line_1_51' title="bbox 2077 419 3674 497; baseline -0.001 -18"><span class='ocrx_word' id='word_1_400' title='bbox 2077 425 2200 497; x_wconf 87' lang='lat' dir='ltr'><strong>quia</strong></span> <span class='ocrx_word' id='word_1_401' title='bbox 2229 423 2405 479; x_wconf 86' lang='lat' dir='ltr'><strong>elevat</strong></span> <span class='ocrx_word' id='word_1_402' title='bbox 2434 437 2536 478; x_wconf 91' lang='lat' dir='ltr'><strong>nos</strong></span> <span class='ocrx_word' id='word_1_403' title='bbox 2567 419 2738 488; x_wconf 85' lang='lat' dir='ltr'><strong>ﬁdes;</strong></span> <span class='ocrx_word' id='word_1_404' title='bbox 2783 420 2940 492; x_wconf 91' lang='lat' dir='ltr'><strong>quasi</strong></span> <span class='ocrx_word' id='word_1_405' title='bbox 2974 420 3184 477; x_wconf 92' lang='lat' dir='ltr'><strong>diceret</strong></span> <span class='ocrx_word' id='word_1_406' title='bbox 3227 439 3241 476; x_wconf 90' lang='lat'><strong>:</strong></span> <span class='ocrx_word' id='word_1_407' title='bbox 3293 421 3383 477; x_wconf 89' lang='lat' dir='ltr'><strong>hic</strong></span> <span class='ocrx_word' id='word_1_408' title='bbox 3415 430 3498 477; x_wconf 92' lang='lat' dir='ltr'><strong>est</strong></span> <span class='ocrx_word' id='word_1_409' title='bbox 3539 423 3674 478; x_wconf 86' lang='lat' dir='ltr'><strong>ritus</strong></span> 
     </span>
    </p>
   </div>
   <div class='ocr_carea' id='block_1_52' title="bbox 2077 510 3676 582">
    <p class='ocr_par' dir='ltr' id='par_1_52' title="bbox 2077 510 3676 582">
     <span class='ocr_line' id='line_1_52' title="bbox 2077 510 3676 582; baseline -0.002 -14"><span class='ocrx_word' id='word_1_410' title='bbox 2077 510 2368 570; x_wconf 90' lang='lat' dir='ltr'><strong>sacerdotii</strong></span> <span class='ocrx_word' id='word_1_411' title='bbox 2396 513 2579 567; x_wconf 81' lang='lat' dir='ltr'><strong>Aaron</strong></span> <span class='ocrx_word' id='word_1_412' title='bbox 2609 510 2680 566; x_wconf 90' lang='lat' dir='ltr'><strong>ad</strong></span> <span class='ocrx_word' id='word_1_413' title='bbox 2713 510 2859 582; x_wconf 90' lang='lat' dir='ltr'><strong>quod</strong></span> <span class='ocrx_word' id='word_1_414' title='bbox 2888 517 3084 566; x_wconf 92' lang='lat' dir='ltr'><strong>unctus</strong></span> <span class='ocrx_word' id='word_1_415' title='bbox 3129 517 3232 575; x_wconf 92' lang='lat' dir='ltr'><strong>est,</strong></span> <span class='ocrx_word' id='word_1_416' title='bbox 3277 517 3333 564; x_wconf 93' lang='lat' dir='ltr'><strong>ut</strong></span> <span class='ocrx_word' id='word_1_417' title='bbox 3391 526 3514 582; x_wconf 84' lang='lat' dir='ltr'><strong>qua</strong></span> <span class='ocrx_word' id='word_1_418' title='bbox 3562 511 3676 579; x_wconf 90' lang='lat' dir='ltr'><strong>jam</strong></span> 
     </span>
    </p>
   </div>
   <div class='ocr_carea' id='block_1_53' title="bbox 2077 597 3680 670">
    <p class='ocr_par' dir='ltr' id='par_1_53' title="bbox 2077 597 3680 670">
     <span class='ocr_line' id='line_1_53' title="bbox 2077 597 3680 670; baseline -0.001 -14"><span class='ocrx_word' id='word_1_419' title='bbox 2077 602 2222 658; x_wconf 91' lang='lat' dir='ltr'><strong>dicta</strong></span> <span class='ocrx_word' id='word_1_420' title='bbox 2250 608 2378 655; x_wconf 90' lang='lat' dir='ltr'><strong>sunt</strong></span> <span class='ocrx_word' id='word_1_421' title='bbox 2404 600 2476 655; x_wconf 92' lang='lat' dir='ltr'><strong>ad</strong></span> <span class='ocrx_word' id='word_1_422' title='bbox 2503 598 2658 654; x_wconf 90' lang='lat' dir='ltr'><strong>illum</strong></span> <span class='ocrx_word' id='word_1_423' title='bbox 2685 597 3012 670; x_wconf 91' lang='lat' dir='ltr'><strong>pertineant.</strong></span> <span class='ocrx_word' id='word_1_424' title='bbox 3044 599 3104 654; x_wconf 89' lang='lat' dir='ltr'><strong>In</strong></span> <span class='ocrx_word' id='word_1_425' title='bbox 3129 605 3314 654; x_wconf 89' lang='lat' dir='ltr'><strong>monte</strong></span> <span class='ocrx_word' id='word_1_426' title='bbox 3331 598 3497 654; x_wconf 89' lang='lat' dir='ltr'><strong>Sinai.</strong></span> <span class='ocrx_word' id='word_1_427' title='bbox 3529 597 3680 655; x_wconf 87' lang='lat' dir='ltr'><strong>Sinai</strong></span> 
     </span>
    </p>
   </div>
   <div class='ocr_carea' id='block_1_54' title="bbox 2077 686 3682 761">
    <p class='ocr_par' dir='ltr' id='par_1_54' title="bbox 2077 686 3682 761">
     <span class='ocr_line' id='line_1_54' title="bbox 2077 686 3682 761; baseline -0.002 -15"><span class='ocrx_word' id='word_1_428' title='bbox 2077 689 2470 761; x_wconf 88' lang='lat' dir='ltr'><strong>interpretatur</strong></span> <span class='ocrx_word' id='word_1_429' title='bbox 2512 688 2687 745; x_wconf 79' lang='lat' dir='ltr'><strong>rubus</strong></span> <span class='ocrx_word' id='word_1_430' title='bbox 2729 687 2817 744; x_wconf 90' lang='lat' dir='ltr'><strong>vel</strong></span> <span class='ocrx_word' id='word_1_431' title='bbox 2861 689 3103 744; x_wconf 77' lang='lat' dir='ltr'><strong>tentatio</strong></span> <span class='ocrx_word' id='word_1_432' title='bbox 3136 707 3154 754; x_wconf 87' lang='lat'><strong>_,-</strong></span> <span class='ocrx_word' id='word_1_433' title='bbox 3207 687 3478 760; x_wconf 82' lang='lat' dir='ltr'><strong>signiﬁcat</strong></span> <span class='ocrx_word' id='word_1_434' title='bbox 3534 686 3682 743; x_wconf 88' lang='lat' dir='ltr'><strong>istud</strong></span> 
     </span>
    </p>
   </div>
   <div class='ocr_carea' id='block_1_55' title="bbox 2079 773 3686 850">
    <p class='ocr_par' dir='ltr' id='par_1_55' title="bbox 2079 773 3686 850">
     <span class='ocr_line' id='line_1_55' title="bbox 2079 773 3686 850; baseline -0.002 -17"><span class='ocrx_word' id='word_1_435' title='bbox 2079 786 2292 850; x_wconf 90' lang='lat' dir='ltr'><strong>tempus</strong></span> <span class='ocrx_word' id='word_1_436' title='bbox 2321 777 2377 832; x_wconf 91' lang='lat' dir='ltr'><strong>in</strong></span> <span class='ocrx_word' id='word_1_437' title='bbox 2409 792 2516 848; x_wconf 92' lang='lat' dir='ltr'><strong>quo</strong></span> <span class='ocrx_word' id='word_1_438' title='bbox 2545 775 2969 832; x_wconf 86' lang='lat' dir='ltr'><strong>tentationiobus</strong></span> <span class='ocrx_word' id='word_1_439' title='bbox 2997 782 3050 830; x_wconf 90' lang='lat' dir='ltr'><strong>et</strong></span> <span class='ocrx_word' id='word_1_440' title='bbox 3078 773 3308 829; x_wconf 87' lang='lat' dir='ltr'><strong>stimulis</strong></span> <span class='ocrx_word' id='word_1_441' title='bbox 3335 782 3686 846; x_wconf 89' lang='lat' dir='ltr'><strong>peccatorum</strong></span> 
     </span>
    </p>
   </div>
   <div class='ocr_carea' id='block_1_56' title="bbox 2079 862 3687 938">
    <p class='ocr_par' dir='ltr' id='par_1_56' title="bbox 2079 862 3687 938">
     <span class='ocr_line' id='line_1_56' title="bbox 2079 862 3687 938; baseline -0.002 -15"><span class='ocrx_word' id='word_1_442' title='bbox 2079 868 2309 923; x_wconf 89' lang='lat' dir='ltr'><strong>terimur</strong></span> <span class='ocrx_word' id='word_1_443' title='bbox 2339 874 2392 922; x_wconf 91' lang='lat' dir='ltr'><strong>et</strong></span> <span class='ocrx_word' id='word_1_444' title='bbox 2421 865 2736 938; x_wconf 88' lang='lat' dir='ltr'><strong>indigemus</strong></span> <span class='ocrx_word' id='word_1_445' title='bbox 2765 864 2868 920; x_wconf 90' lang='lat' dir='ltr'><strong>Dei</strong></span> <span class='ocrx_word' id='word_1_446' title='bbox 2897 863 3188 928; x_wconf 86' lang='lat' dir='ltr'><strong>mandatis,</strong></span> <span class='ocrx_word' id='word_1_447' title='bbox 3221 880 3342 934; x_wconf 84' lang='lat' dir='ltr'><strong>qua</strong></span> <span class='ocrx_word' id='word_1_448' title='bbox 3386 871 3439 919; x_wconf 91' lang='lat' dir='ltr'><strong>et</strong></span> <span class='ocrx_word' id='word_1_449' title='bbox 3485 862 3687 936; x_wconf 84' lang='lat' dir='ltr'><strong>accipi-</strong></span> 
     </span>
    </p>
   </div>
   <div class='ocr_carea' id='block_1_57' title="bbox 2080 951 3682 1011">
    <p class='ocr_par' dir='ltr' id='par_1_57' title="bbox 2080 951 3682 1011">
     <span class='ocr_line' id='line_1_57' title="bbox 2080 951 3682 1011; baseline -0.001 -1"><span class='ocrx_word' id='word_1_450' title='bbox 2080 972 2222 1011; x_wconf 91' lang='lat' dir='ltr'><strong>mus.</strong></span> <span class='ocrx_word' id='word_1_451' title='bbox 2269 955 2352 1011; x_wconf 91' lang='lat' dir='ltr'><strong>De</strong></span> <span class='ocrx_word' id='word_1_452' title='bbox 2398 953 2810 1011; x_wconf 90' lang='lat' dir='ltr'><strong>consecratione</strong></span> <span class='ocrx_word' id='word_1_453' title='bbox 2851 955 3036 1009; x_wconf 83' lang='lat' dir='ltr'><strong>Aaron</strong></span> <span class='ocrx_word' id='word_1_454' title='bbox 3079 952 3134 1007; x_wconf 91' lang='lat' dir='ltr'><strong>in</strong></span> <span class='ocrx_word' id='word_1_455' title='bbox 3175 952 3368 1008; x_wconf 85' lang='lat' dir='ltr'><strong>Exodo</strong></span> <span class='ocrx_word' id='word_1_456' title='bbox 3424 951 3682 1009; x_wconf 85' lang='lat' dir='ltr'><strong>diximus.</strong></span> 
     </span>
    </p>
   </div>
   <div class='ocr_carea' id='block_1_58' title="bbox 2080 1040 3687 1117">
    <p class='ocr_par' dir='ltr' id='par_1_58' title="bbox 2080 1040 3687 1117">
     <span class='ocr_line' id='line_1_58' title="bbox 2080 1040 3687 1117; baseline -0.001 -17"><span class='ocrx_word' id='word_1_457' title='bbox 2080 1045 2299 1116; x_wconf 83' lang='lat' dir='ltr'><strong>Moyses</strong></span> <span class='ocrx_word' id='word_1_458' title='bbox 2330 1042 2604 1117; x_wconf 85' lang='lat' dir='ltr'><strong>signiﬁcat</strong></span> <span class='ocrx_word' id='word_1_459' title='bbox 2633 1043 2719 1098; x_wconf 91' lang='lat' dir='ltr'><strong>vel</strong></span> <span class='ocrx_word' id='word_1_460' title='bbox 2748 1041 2950 1114; x_wconf 83' lang='lat' dir='ltr'><strong>legem,</strong></span> <span class='ocrx_word' id='word_1_461' title='bbox 2985 1057 3104 1112; x_wconf 85' lang='lat' dir='ltr'><strong>qua</strong></span> <span class='ocrx_word' id='word_1_462' title='bbox 3133 1040 3332 1096; x_wconf 89' lang='lat' dir='ltr'><strong>Christi</strong></span> <span class='ocrx_word' id='word_1_463' title='bbox 3361 1041 3687 1098; x_wconf 88' lang='lat' dir='ltr'><strong>incarnatio-</strong></span> 
     </span>
    </p>
   </div>
   <div class='ocr_carea' id='block_1_59' title="bbox 2085 1129 3688 1203">
    <p class='ocr_par' dir='ltr' id='par_1_59' title="bbox 2085 1129 3688 1203">
     <span class='ocr_line' id='line_1_59' title="bbox 2085 1129 3688 1203; baseline -0.001 -15"><span class='ocrx_word' id='word_1_464' title='bbox 2085 1149 2210 1188; x_wconf 91' lang='lat' dir='ltr'><strong>nem</strong></span> <span class='ocrx_word' id='word_1_465' title='bbox 2239 1132 2506 1203; x_wconf 87' lang='lat' dir='ltr'><strong>pradixit,</strong></span> <span class='ocrx_word' id='word_1_466' title='bbox 2538 1132 2625 1188; x_wconf 90' lang='lat' dir='ltr'><strong>vel</strong></span> <span class='ocrx_word' id='word_1_467' title='bbox 2653 1131 2987 1188; x_wconf 89' lang='lat' dir='ltr'><strong>divinitatem</strong></span> <span class='ocrx_word' id='word_1_468' title='bbox 3017 1129 3231 1196; x_wconf 69' lang='lat' dir='ltr'><strong>Chrisri,</strong></span> <span class='ocrx_word' id='word_1_469' title='bbox 3277 1147 3398 1202; x_wconf 87' lang='lat' dir='ltr'><strong>qua</strong></span> <span class='ocrx_word' id='word_1_470' title='bbox 3428 1131 3545 1200; x_wconf 92' lang='lat' dir='ltr'><strong>ejus</strong></span> <span class='ocrx_word' id='word_1_471' title='bbox 3577 1131 3688 1186; x_wconf 90' lang='lat' dir='ltr'><strong>hu-</strong></span> 
     </span>
    </p>
   </div>
   <div class='ocr_carea' id='block_1_60' title="bbox 2084 1218 3689 1294">
    <p class='ocr_par' dir='ltr' id='par_1_60' title="bbox 2084 1218 3689 1294">
     <span class='ocr_line' id='line_1_60' title="bbox 2084 1218 3689 1294; baseline -0.001 -17"><span class='ocrx_word' id='word_1_472' title='bbox 2084 1222 2401 1277; x_wconf 89' lang='lat' dir='ltr'><strong>manitatem</strong></span> <span class='ocrx_word' id='word_1_473' title='bbox 2431 1221 2503 1277; x_wconf 89' lang='lat' dir='ltr'><strong>ad</strong></span> <span class='ocrx_word' id='word_1_474' title='bbox 2533 1229 2740 1276; x_wconf 88' lang='lat' dir='ltr'><strong>tantam</strong></span> <span class='ocrx_word' id='word_1_475' title='bbox 2762 1219 2997 1294; x_wconf 86' lang='lat' dir='ltr'><strong>gloriam</strong></span> <span class='ocrx_word' id='word_1_476' title='bbox 3043 1219 3312 1290; x_wconf 85' lang='lat' dir='ltr'><strong>provexit,</strong></span> <span class='ocrx_word' id='word_1_477' title='bbox 3369 1219 3511 1275; x_wconf 90' lang='lat' dir='ltr'><strong>sicut</strong></span> <span class='ocrx_word' id='word_1_478' title='bbox 3551 1218 3689 1275; x_wconf 90' lang='lat' dir='ltr'><strong>dici-</strong></span> 
     </span>
    </p>
   </div>
   <div class='ocr_carea' id='block_1_61' title="bbox 2087 1307 3684 1379">
    <p class='ocr_par' dir='ltr' id='par_1_61' title="bbox 2087 1307 3684 1379">
     <span class='ocr_line' id='line_1_61' title="bbox 2087 1307 3684 1379; baseline -0.001 -13"><span class='ocrx_word' id='word_1_479' title='bbox 2087 1319 2175 1366; x_wconf 94' lang='lat' dir='ltr'><strong>tur</strong></span> <span class='ocrx_word' id='word_1_480' title='bbox 2207 1329 2222 1368; x_wconf 88' lang='lat'><strong>:</strong></span> <span class='ocrx_word' id='word_1_481' title='bbox 2257 1332 2280 1362; x_wconf 73' lang='lat' dir='ltr'><strong>c</strong></span> <span class='ocrx_word' id='word_1_482' title='bbox 2315 1311 2480 1379; x_wconf 70' lang='lat' dir='ltr'><strong>Unxit</strong></span> <span class='ocrx_word' id='word_1_483' title='bbox 2510 1319 2561 1366; x_wconf 89' lang='lat' dir='ltr'><strong>te</strong></span> <span class='ocrx_word' id='word_1_484' title='bbox 2589 1311 2754 1378; x_wconf 92' lang='lat' dir='ltr'><strong>Deus,</strong></span> <span class='ocrx_word' id='word_1_485' title='bbox 2789 1311 2936 1365; x_wconf 90' lang='lat' dir='ltr'><strong>Deus</strong></span> <span class='ocrx_word' id='word_1_486' title='bbox 2950 1316 3089 1363; x_wconf 90' lang='lat' dir='ltr'><strong>.tuus</strong></span> <span class='ocrx_word' id='word_1_487' title='bbox 3119 1307 3261 1375; x_wconf 91' lang='lat' dir='ltr'><strong>oleo,</strong></span> <span class='ocrx_word' id='word_1_488' title='bbox 3298 1328 3322 1358; x_wconf 72' lang='grc' dir='ltr'><strong><em>ι</em></strong></span> <span class='ocrx_word' id='word_1_489' title='bbox 3355 1315 3460 1364; x_wconf 91' lang='lat' dir='ltr'><strong>etc.</strong></span> <span class='ocrx_word' id='word_1_490' title='bbox 3502 1308 3684 1379; x_wconf 69' lang='lat' dir='ltr'><strong>(Paul.</strong></span> 
     </span>
    </p>
   </div>
   <div class='ocr_carea' id='block_1_62' title="bbox 2083 1375 3687 1472">
    <p class='ocr_par' dir='ltr' id='par_1_62' title="bbox 2083 1375 3687 1472">
     <span class='ocr_line' id='line_1_62' title="bbox 2083 1375 3687 1472; baseline 0.002 -18"><span class='ocrx_word' id='word_1_491' title='bbox 2083 1400 2264 1472; x_wconf 80' lang='lat' dir='ltr'><strong>mv.)</strong></span> <span class='ocrx_word' id='word_1_492' title='bbox 2293 1375 2414 1457; x_wconf 66' lang='lat' dir='ltr'><strong>Filii</strong></span> <span class='ocrx_word' id='word_1_493' title='bbox 2429 1401 2616 1458; x_wconf 84' lang='lat' dir='ltr'><strong>Aaron</strong></span> <span class='ocrx_word' id='word_1_494' title='bbox 2631 1375 2864 1472; x_wconf 88' lang='lat' dir='ltr'><strong>apostoli</strong></span> <span class='ocrx_word' id='word_1_495' title='bbox 2889 1405 3016 1455; x_wconf 91' lang='lat' dir='ltr'><strong>sunt</strong></span> <span class='ocrx_word' id='word_1_496' title='bbox 3037 1397 3257 1467; x_wconf 80' lang='lat' dir='ltr'><strong>Christi,</strong></span> <span class='ocrx_word' id='word_1_497' title='bbox 3282 1375 3581 1470; x_wconf 82' lang='lat' dir='ltr'><strong>eorumque</strong></span> <span class='ocrx_word' id='word_1_498' title='bbox 3597 1412 3687 1458; x_wconf 78' lang='lat' dir='ltr'><strong>se-</strong></span> 
     </span>
    </p>
   </div>
   <div class='ocr_carea' id='block_1_63' title="bbox 2089 1504 2313 1562">
    <p class='ocr_par' dir='ltr' id='par_1_63' title="bbox 2089 1504 2313 1562">
     <span class='ocr_line' id='line_1_63' title="bbox 2089 1504 2313 1562; baseline 0.004 -18"><span class='ocrx_word' id='word_1_499' title='bbox 2089 1504 2313 1562; x_wconf 80' lang='lat' dir='ltr'><strong>quaeea.</strong></span> 
     </span>
    </p>
   </div>
   <div class='ocr_carea' id='block_1_64' title="bbox 2671 1629 3093 1688">
    <p class='ocr_par' dir='ltr' id='par_1_64' title="bbox 2671 1629 3093 1688">
     <span class='ocr_line' id='line_1_64' title="bbox 2671 1629 3093 1688; baseline 0 -2"><span class='ocrx_word' id='word_1_500' title='bbox 2671 1629 2896 1688; x_wconf 88' lang='lat' dir='ltr'><strong>CAPUT</strong></span> <span class='ocrx_word' id='word_1_501' title='bbox 2952 1629 3093 1688; x_wconf 90' lang='lat' dir='ltr'><strong>VIII.</strong></span> 
     </span>
    </p>
   </div>
   <div class='ocr_carea' id='block_1_65' title="bbox 2167 1779 3691 1854">
    <p class='ocr_par' dir='ltr' id='par_1_65' title="bbox 2167 1779 3691 1854">
     <span class='ocr_line' id='line_1_65' title="bbox 2167 1779 3691 1854; baseline 0.003 -21"><span class='ocrx_word' id='word_1_502' title='bbox 2167 1801 2190 1833; x_wconf 74' lang='grc' dir='ltr'>ι</span> <span class='ocrx_word' id='word_1_503' title='bbox 2224 1779 2603 1854; x_wconf 87' lang='lat' dir='ltr'><strong>Congregabis</strong></span> <span class='ocrx_word' id='word_1_504' title='bbox 2632 1795 2851 1837; x_wconf 90' lang='lat' dir='ltr'><strong>omnem</strong></span> <span class='ocrx_word' id='word_1_505' title='bbox 2880 1789 3102 1848; x_wconf 77' lang='lat' dir='ltr'><strong>coetum,</strong></span> <span class='ocrx_word' id='word_1_506' title='bbox 3139 1801 3163 1832; x_wconf 71' lang='grc' dir='ltr'><strong><em>ι</em></strong></span> <span class='ocrx_word' id='word_1_507' title='bbox 3210 1787 3264 1837; x_wconf 89' lang='lat' dir='ltr'><strong>et</strong></span> <span class='ocrx_word' id='word_1_508' title='bbox 3305 1780 3532 1854; x_wconf 89' lang='lat' dir='ltr'><strong>reliqua.</strong></span> <span class='ocrx_word' id='word_1_509' title='bbox 3583 1781 3691 1838; x_wconf 88' lang='lat' dir='ltr'><strong>Per</strong></span> 
     </span>
    </p>
   </div>
   <div class='ocr_carea' id='block_1_66' title="bbox 2091 1869 3690 1942">
    <p class='ocr_par' dir='ltr' id='par_1_66' title="bbox 2091 1869 3690 1942">
     <span class='ocr_line' id='line_1_66' title="bbox 2091 1869 3690 1942; baseline 0 -16"><span class='ocrx_word' id='word_1_510' title='bbox 2091 1870 2402 1942; x_wconf 85' lang='lat' dir='ltr'><strong>passionem</strong></span> <span class='ocrx_word' id='word_1_511' title='bbox 2433 1869 2630 1925; x_wconf 91' lang='lat' dir='ltr'><strong>Christi</strong></span> <span class='ocrx_word' id='word_1_512' title='bbox 2659 1878 3034 1942; x_wconf 85' lang='lat' dir='ltr'><strong>congregatur</strong></span> <span class='ocrx_word' id='word_1_513' title='bbox 3076 1869 3322 1926; x_wconf 89' lang='lat' dir='ltr'><strong>Ecclesia</strong></span> <span class='ocrx_word' id='word_1_514' title='bbox 3364 1871 3432 1924; x_wconf 91' lang='lat' dir='ltr'><strong>ad</strong></span> <span class='ocrx_word' id='word_1_515' title='bbox 3478 1870 3690 1927; x_wconf 89' lang='lat' dir='ltr'><strong>doctri-</strong></span> 
     </span>
    </p>
   </div>
   <div class='ocr_carea' id='block_1_67' title="bbox 2092 1959 3693 2031">
    <p class='ocr_par' dir='ltr' id='par_1_67' title="bbox 2092 1959 3693 2031">
     <span class='ocr_line' id='line_1_67' title="bbox 2092 1959 3693 2031; baseline 0.001 -17"><span class='ocrx_word' id='word_1_516' title='bbox 2092 1975 2222 2016; x_wconf 89' lang='lat' dir='ltr'><strong>nam</strong></span> <span class='ocrx_word' id='word_1_517' title='bbox 2250 1959 2643 2031; x_wconf 85' lang='lat' dir='ltr'><strong>evangelicam.</strong></span> <span class='ocrx_word' id='word_1_518' title='bbox 2677 1960 2757 2016; x_wconf 91' lang='lat' dir='ltr'><strong>De</strong></span> <span class='ocrx_word' id='word_1_519' title='bbox 2784 1959 3121 2015; x_wconf 89' lang='lat' dir='ltr'><strong>vestimentis</strong></span> <span class='ocrx_word' id='word_1_520' title='bbox 3166 1959 3528 2024; x_wconf 88' lang='lat' dir='ltr'><strong>sacerdotum,</strong></span> <span class='ocrx_word' id='word_1_521' title='bbox 3575 1959 3693 2016; x_wconf 90' lang='lat' dir='ltr'><strong>sive</strong></span> 
     </span>
    </p>
   </div>
   <div class='ocr_carea' id='block_1_68' title="bbox 2095 2047 3693 2120">
    <p class='ocr_par' dir='ltr' id='par_1_68' title="bbox 2095 2047 3693 2120">
     <span class='ocr_line' id='line_1_68' title="bbox 2095 2047 3693 2120; baseline -0.001 -16"><span class='ocrx_word' id='word_1_522' title='bbox 2095 2049 2165 2104; x_wconf 91' lang='lat' dir='ltr'><strong>ad</strong></span> <span class='ocrx_word' id='word_1_523' title='bbox 2195 2048 2466 2104; x_wconf 91' lang='lat' dir='ltr'><strong>Christum</strong></span> <span class='ocrx_word' id='word_1_524' title='bbox 2486 2049 2712 2117; x_wconf 85' lang='lat' dir='ltr'><strong>referas,</strong></span> <span class='ocrx_word' id='word_1_525' title='bbox 2737 2048 2852 2104; x_wconf 91' lang='lat' dir='ltr'><strong>sive</strong></span> <span class='ocrx_word' id='word_1_526' title='bbox 2881 2048 2951 2103; x_wconf 88' lang='lat' dir='ltr'><strong>ad</strong></span> <span class='ocrx_word' id='word_1_527' title='bbox 2973 2048 3268 2120; x_wconf 88' lang='lat' dir='ltr'><strong>quemlibet</strong></span> <span class='ocrx_word' id='word_1_528' title='bbox 3298 2055 3562 2116; x_wconf 89' lang='lat' dir='ltr'><strong>sanctum,</strong></span> <span class='ocrx_word' id='word_1_529' title='bbox 3577 2047 3693 2117; x_wconf 90' lang='lat' dir='ltr'><strong>jam</strong></span> 
     </span>
    </p>
   </div>
   <div class='ocr_carea' id='block_1_69' title="bbox 2098 2137 3694 2208">
    <p class='ocr_par' dir='ltr' id='par_1_69' title="bbox 2098 2137 3694 2208">
     <span class='ocr_line' id='line_1_69' title="bbox 2098 2137 3694 2208; baseline 0 -15"><span class='ocrx_word' id='word_1_530' title='bbox 2098 2153 2262 2208; x_wconf 90' lang='lat' dir='ltr'><strong>supra</strong></span> <span class='ocrx_word' id='word_1_531' title='bbox 2289 2137 2494 2194; x_wconf 89' lang='lat' dir='ltr'><strong>dictum</strong></span> <span class='ocrx_word' id='word_1_532' title='bbox 2525 2145 2626 2192; x_wconf 89' lang='lat' dir='ltr'><strong>est.</strong></span> <span class='ocrx_word' id='word_1_533' title='bbox 2660 2138 2868 2192; x_wconf 91' lang='lat' dir='ltr'><strong>Linitur</strong></span> <span class='ocrx_word' id='word_1_534' title='bbox 2897 2137 3305 2193; x_wconf 87' lang='lat' dir='ltr'><strong>tabernaculum</strong></span> <span class='ocrx_word' id='word_1_535' title='bbox 3333 2137 3475 2204; x_wconf 94' lang='lat' dir='ltr'><strong>oleo,</strong></span> <span class='ocrx_word' id='word_1_536' title='bbox 3509 2153 3694 2208; x_wconf 89' lang='lat' dir='ltr'><strong>asper-</strong></span> 
     </span>
    </p>
   </div>
   <div class='ocr_carea' id='block_1_70' title="bbox 2099 2225 3695 2300">
    <p class='ocr_par' dir='ltr' id='par_1_70' title="bbox 2099 2225 3695 2300">
     <span class='ocr_line' id='line_1_70' title="bbox 2099 2225 3695 2300; baseline 0.001 -20"><span class='ocrx_word' id='word_1_537' title='bbox 2099 2227 2243 2300; x_wconf 88' lang='lat' dir='ltr'><strong>gitur</strong></span> <span class='ocrx_word' id='word_1_538' title='bbox 2270 2225 2440 2282; x_wconf 88' lang='lat' dir='ltr'><strong>altare</strong></span> <span class='ocrx_word' id='word_1_539' title='bbox 2467 2242 2592 2283; x_wconf 92' lang='lat' dir='ltr'><strong>cum</strong></span> <span class='ocrx_word' id='word_1_540' title='bbox 2620 2226 2770 2281; x_wconf 87' lang='lat' dir='ltr'><strong>basis</strong></span> <span class='ocrx_word' id='word_1_541' title='bbox 2801 2235 2853 2281; x_wconf 90' lang='lat' dir='ltr'><strong>et</strong></span> <span class='ocrx_word' id='word_1_542' title='bbox 2880 2226 3114 2292; x_wconf 89' lang='lat' dir='ltr'><strong>labrum,</strong></span> <span class='ocrx_word' id='word_1_543' title='bbox 3149 2225 3272 2297; x_wconf 89' lang='lat' dir='ltr'><strong>quia</strong></span> <span class='ocrx_word' id='word_1_544' title='bbox 3303 2241 3465 2281; x_wconf 90' lang='lat' dir='ltr'><strong>omne</strong></span> <span class='ocrx_word' id='word_1_545' title='bbox 3497 2225 3695 2282; x_wconf 83' lang='lat' dir='ltr'><strong>instru-</strong></span> 
     </span>
    </p>
   </div>
   <div class='ocr_carea' id='block_1_71' title="bbox 2099 2313 3696 2386">
    <p class='ocr_par' dir='ltr' id='par_1_71' title="bbox 2099 2313 3696 2386">
     <span class='ocr_line' id='line_1_71' title="bbox 2099 2313 3696 2386; baseline -0.001 -16"><span class='ocrx_word' id='word_1_546' title='bbox 2099 2323 2341 2371; x_wconf 89' lang='lat' dir='ltr'><strong>mentum</strong></span> <span class='ocrx_word' id='word_1_547' title='bbox 2369 2315 2633 2372; x_wconf 85' lang='lat' dir='ltr'><strong>Ecclesia</strong></span> <span class='ocrx_word' id='word_1_548' title='bbox 2662 2322 2713 2370; x_wconf 89' lang='lat' dir='ltr'><strong>et</strong></span> <span class='ocrx_word' id='word_1_549' title='bbox 2741 2314 3013 2385; x_wconf 89' lang='lat' dir='ltr'><strong>baptismo</strong></span> <span class='ocrx_word' id='word_1_550' title='bbox 3043 2322 3096 2370; x_wconf 90' lang='lat' dir='ltr'><strong>et</strong></span> <span class='ocrx_word' id='word_1_551' title='bbox 3126 2314 3302 2386; x_wconf 86' lang='lat' dir='ltr'><strong>gratia</strong></span> <span class='ocrx_word' id='word_1_552' title='bbox 3329 2314 3503 2370; x_wconf 90' lang='lat' dir='ltr'><strong>sancti</strong></span> <span class='ocrx_word' id='word_1_553' title='bbox 3525 2313 3696 2385; x_wconf 89' lang='lat' dir='ltr'><strong>Spiri-</strong></span> 
     </span>
    </p>
   </div>
   <div class='ocr_carea' id='block_1_72' title="bbox 2100 2402 3698 2474">
    <p class='ocr_par' dir='ltr' id='par_1_72' title="bbox 2100 2402 3698 2474">
     <span class='ocr_line' id='line_1_72' title="bbox 2100 2402 3698 2474; baseline 0 -15"><span class='ocrx_word' id='word_1_554' title='bbox 2100 2412 2188 2459; x_wconf 91' lang='lat' dir='ltr'><strong>tus</strong></span> <span class='ocrx_word' id='word_1_555' title='bbox 2217 2402 2587 2459; x_wconf 88' lang='lat' dir='ltr'><strong>conﬁrmatur.</strong></span> <span class='ocrx_word' id='word_1_556' title='bbox 2619 2403 2852 2474; x_wconf 91' lang='lat' dir='ltr'><strong>Septena</strong></span> <span class='ocrx_word' id='word_1_557' title='bbox 2879 2403 3128 2473; x_wconf 89' lang='lat' dir='ltr'><strong>aspersio</strong></span> <span class='ocrx_word' id='word_1_558' title='bbox 3158 2403 3274 2471; x_wconf 90' lang='lat' dir='ltr'><strong>ejus</strong></span> <span class='ocrx_word' id='word_1_559' title='bbox 3323 2403 3698 2473; x_wconf 81' lang='lat' dir='ltr'><strong>septiformem</strong></span> 
     </span>
    </p>
   </div>
   <div class='ocr_carea' id='block_1_73' title="bbox 2103 2491 3695 2564">
    <p class='ocr_par' dir='ltr' id='par_1_73' title="bbox 2103 2491 3695 2564">
     <span class='ocr_line' id='line_1_73' title="bbox 2103 2491 3695 2564; baseline 0 -17"><span class='ocrx_word' id='word_1_560' title='bbox 2103 2491 2336 2564; x_wconf 85' lang='lat' dir='ltr'><strong>gratiam</strong></span> <span class='ocrx_word' id='word_1_561' title='bbox 2364 2492 2618 2548; x_wconf 91' lang='lat' dir='ltr'><strong>ostendit.</strong></span> <span class='ocrx_word' id='word_1_562' title='bbox 2645 2491 2856 2547; x_wconf 86' lang='lat' dir='ltr'><strong>Vitulus</strong></span> <span class='ocrx_word' id='word_1_563' title='bbox 2873 2492 3088 2546; x_wconf 90' lang='lat' dir='ltr'><strong>oblatus</strong></span> <span class='ocrx_word' id='word_1_564' title='bbox 3111 2491 3384 2546; x_wconf 89' lang='lat' dir='ltr'><strong>Christum</strong></span> <span class='ocrx_word' id='word_1_565' title='bbox 3402 2491 3695 2562; x_wconf 88' lang='lat' dir='ltr'><strong>signiﬁcat.</strong></span> 
     </span>
    </p>
   </div>
   <div class='ocr_carea' id='block_1_74' title="bbox 2106 2579 3698 2652">
    <p class='ocr_par' dir='ltr' id='par_1_74' title="bbox 2106 2579 3698 2652">
     <span class='ocr_line' id='line_1_74' title="bbox 2106 2579 3698 2652; baseline -0.001 -15"><span class='ocrx_word' id='word_1_566' title='bbox 2106 2582 2282 2652; x_wconf 89' lang='lat' dir='ltr'><strong>Super</strong></span> <span class='ocrx_word' id='word_1_567' title='bbox 2311 2582 2464 2651; x_wconf 86' lang='lat' dir='ltr'><strong>cujus</strong></span> <span class='ocrx_word' id='word_1_568' title='bbox 2493 2588 2655 2651; x_wconf 90' lang='lat' dir='ltr'><strong>caput</strong></span> <span class='ocrx_word' id='word_1_569' title='bbox 2683 2595 2877 2635; x_wconf 89' lang='lat' dir='ltr'><strong>manus</strong></span> <span class='ocrx_word' id='word_1_570' title='bbox 2899 2579 3171 2650; x_wconf 89' lang='lat' dir='ltr'><strong>ponimus,</strong></span> <span class='ocrx_word' id='word_1_571' title='bbox 3206 2579 3336 2634; x_wconf 91' lang='lat' dir='ltr'><strong>dum</strong></span> <span class='ocrx_word' id='word_1_572' title='bbox 3367 2581 3436 2635; x_wconf 92' lang='lat' dir='ltr'><strong>de</strong></span> <span class='ocrx_word' id='word_1_573' title='bbox 3466 2581 3581 2649; x_wconf 90' lang='lat' dir='ltr'><strong>ejus</strong></span> <span class='ocrx_word' id='word_1_574' title='bbox 3595 2581 3698 2635; x_wconf 90' lang='lat' dir='ltr'><strong>Di-</strong></span> 
     </span>
    </p>
   </div>
   <div class='ocr_carea' id='block_1_75' title="bbox 2104 2668 3702 2740">
    <p class='ocr_par' dir='ltr' id='par_1_75' title="bbox 2104 2668 3702 2740">
     <span class='ocr_line' id='line_1_75' title="bbox 2104 2668 3702 2740; baseline 0 -14"><span class='ocrx_word' id='word_1_575' title='bbox 2104 2669 2334 2726; x_wconf 88' lang='lat' dir='ltr'><strong>vinitate</strong></span> <span class='ocrx_word' id='word_1_576' title='bbox 2389 2669 2774 2740; x_wconf 76' lang='lat' dir='ltr'><strong>praedicamus.</strong></span> <span class='ocrx_word' id='word_1_577' title='bbox 2837 2669 3273 2724; x_wconf 89' lang='lat' dir='ltr'><strong>Fundamentum</strong></span> <span class='ocrx_word' id='word_1_578' title='bbox 3333 2668 3522 2724; x_wconf 91' lang='lat' dir='ltr'><strong>altaris</strong></span> <span class='ocrx_word' id='word_1_579' title='bbox 3584 2670 3702 2726; x_wconf 82' lang='lat' dir='ltr'><strong>Do-</strong></span> 
     </span>
    </p>
   </div>
   <div class='ocr_carea' id='block_1_76' title="bbox 2107 2757 3701 2829">
    <p class='ocr_par' dir='ltr' id='par_1_76' title="bbox 2107 2757 3701 2829">
     <span class='ocr_line' id='line_1_76' title="bbox 2107 2757 3701 2829; baseline -0.001 -14"><span class='ocrx_word' id='word_1_580' title='bbox 2107 2759 2278 2815; x_wconf 89' lang='lat' dir='ltr'><strong>ctrina</strong></span> <span class='ocrx_word' id='word_1_581' title='bbox 2306 2766 2388 2816; x_wconf 91' lang='lat' dir='ltr'><strong>est</strong></span> <span class='ocrx_word' id='word_1_582' title='bbox 2415 2758 2733 2829; x_wconf 88' lang='lat' dir='ltr'><strong>evangelica</strong></span> <span class='ocrx_word' id='word_1_583' title='bbox 2755 2758 2908 2827; x_wconf 86' lang='lat' dir='ltr'><strong>juxta</strong></span> <span class='ocrx_word' id='word_1_584' title='bbox 2937 2774 3096 2828; x_wconf 89' lang='lat' dir='ltr'><strong>quam</strong></span> <span class='ocrx_word' id='word_1_585' title='bbox 3118 2757 3304 2828; x_wconf 91' lang='lat' dir='ltr'><strong>passio</strong></span> <span class='ocrx_word' id='word_1_586' title='bbox 3323 2757 3521 2813; x_wconf 90' lang='lat' dir='ltr'><strong>Christi</strong></span> <span class='ocrx_word' id='word_1_587' title='bbox 3538 2765 3701 2828; x_wconf 87' lang='lat' dir='ltr'><strong>acta;</strong></span> 
     </span>
    </p>
   </div>
   <div class='ocr_carea' id='block_1_77' title="bbox 2107 2847 3704 2918">
    <p class='ocr_par' dir='ltr' id='par_1_77' title="bbox 2107 2847 3704 2918">
     <span class='ocr_line' id='line_1_77' title="bbox 2107 2847 3704 2918; baseline -0.001 -15"><span class='ocrx_word' id='word_1_588' title='bbox 2107 2855 2309 2904; x_wconf 67' lang='lat' dir='ltr'><strong>caetera</strong></span> <span class='ocrx_word' id='word_1_589' title='bbox 2339 2855 2397 2902; x_wconf 89' lang='lat' dir='ltr'><strong>ut</strong></span> <span class='ocrx_word' id='word_1_590' title='bbox 2428 2863 2615 2918; x_wconf 91' lang='lat' dir='ltr'><strong>supra.</strong></span> <span class='ocrx_word' id='word_1_591' title='bbox 2649 2847 2860 2902; x_wconf 90' lang='lat' dir='ltr'><strong>Arietes</strong></span> <span class='ocrx_word' id='word_1_592' title='bbox 2891 2847 3055 2902; x_wconf 88' lang='lat' dir='ltr'><strong>etiam</strong></span> <span class='ocrx_word' id='word_1_593' title='bbox 3076 2855 3263 2918; x_wconf 82' lang='lat' dir='ltr'><strong>typum</strong></span> <span class='ocrx_word' id='word_1_594' title='bbox 3281 2847 3480 2902; x_wconf 90' lang='lat' dir='ltr'><strong>Christi</strong></span> <span class='ocrx_word' id='word_1_595' title='bbox 3497 2853 3704 2916; x_wconf 90' lang='lat' dir='ltr'><strong>tenent,</strong></span> 
     </span>
    </p>
   </div>
   <div class='ocr_carea' id='block_1_78' title="bbox 2110 2935 3711 3008">
    <p class='ocr_par' dir='ltr' id='par_1_78' title="bbox 2110 2935 3711 3008">
     <span class='ocr_line' id='line_1_78' title="bbox 2110 2935 3711 3008; baseline 0 -18"><span class='ocrx_word' id='word_1_596' title='bbox 2110 2936 2204 3008; x_wconf 92' lang='lat' dir='ltr'><strong>qui</strong></span> <span class='ocrx_word' id='word_1_597' title='bbox 2233 2936 2342 2990; x_wconf 92' lang='lat' dir='ltr'><strong>duo</strong></span> <span class='ocrx_word' id='word_1_598' title='bbox 2369 2936 2642 3006; x_wconf 89' lang='lat' dir='ltr'><strong>dicuntur,</strong></span> <span class='ocrx_word' id='word_1_599' title='bbox 2676 2936 2799 3007; x_wconf 91' lang='lat' dir='ltr'><strong>quia</strong></span> <span class='ocrx_word' id='word_1_600' title='bbox 2829 2936 2937 2990; x_wconf 91' lang='lat' dir='ltr'><strong>duo</strong></span> <span class='ocrx_word' id='word_1_601' title='bbox 2967 2945 3313 2992; x_wconf 86' lang='lat' dir='ltr'><strong>sacramenta</strong></span> <span class='ocrx_word' id='word_1_602' title='bbox 3343 2935 3592 3007; x_wconf 88' lang='lat' dir='ltr'><strong>corporis</strong></span> <span class='ocrx_word' id='word_1_603' title='bbox 3621 2935 3711 2991; x_wconf 91' lang='lat' dir='ltr'><strong>sui</strong></span> 
     </span>
    </p>
   </div>
   <div class='ocr_carea' id='block_1_79' title="bbox 2113 3025 3711 3096">
    <p class='ocr_par' dir='ltr' id='par_1_79' title="bbox 2113 3025 3711 3096">
     <span class='ocr_line' id='line_1_79' title="bbox 2113 3025 3711 3096; baseline 0.001 -16"><span class='ocrx_word' id='word_1_604' title='bbox 2113 3025 2514 3081; x_wconf 89' lang='lat' dir='ltr'><strong>commendant.</strong></span> <span class='ocrx_word' id='word_1_605' title='bbox 2545 3025 2807 3096; x_wconf 88' lang='lat' dir='ltr'><strong>Tangitur</strong></span> <span class='ocrx_word' id='word_1_606' title='bbox 2833 3032 3136 3080; x_wconf 89' lang='lat' dir='ltr'><strong>extremum</strong></span> <span class='ocrx_word' id='word_1_607' title='bbox 3178 3025 3433 3080; x_wconf 88' lang='lat' dir='ltr'><strong>auricula</strong></span> <span class='ocrx_word' id='word_1_608' title='bbox 3485 3033 3711 3096; x_wconf 83' lang='lat' dir='ltr'><strong>propter</strong></span> 
     </span>
    </p>
   </div>
   <div class='ocr_carea' id='block_1_80' title="bbox 2119 3113 3714 3186">
    <p class='ocr_par' dir='ltr' id='par_1_80' title="bbox 2119 3113 3714 3186">
     <span class='ocr_line' id='line_1_80' title="bbox 2119 3113 3714 3186; baseline 0.001 -17"><span class='ocrx_word' id='word_1_609' title='bbox 2119 3113 2504 3180; x_wconf 88' lang='lat' dir='ltr'><strong>obedientiam,</strong></span> <span class='ocrx_word' id='word_1_610' title='bbox 2538 3114 2666 3186; x_wconf 90' lang='lat' dir='ltr'><strong>quia</strong></span> <span class='ocrx_word' id='word_1_611' title='bbox 2696 3122 2749 3169; x_wconf 93' lang='lat' dir='ltr'><strong>et</strong></span> <span class='ocrx_word' id='word_1_612' title='bbox 2777 3114 2895 3184; x_wconf 89' lang='lat' dir='ltr'><strong>ipse</strong></span> <span class='ocrx_word' id='word_1_613' title='bbox 2931 3134 2953 3164; x_wconf 76' lang='grc' dir='ltr'>ι</span> <span class='ocrx_word' id='word_1_614' title='bbox 2989 3114 3233 3169; x_wconf 88' lang='lat' dir='ltr'><strong>Christus</strong></span> <span class='ocrx_word' id='word_1_615' title='bbox 3275 3113 3449 3170; x_wconf 82' lang='lat' dir='ltr'><strong>factus</strong></span> <span class='ocrx_word' id='word_1_616' title='bbox 3482 3122 3565 3169; x_wconf 90' lang='lat' dir='ltr'><strong>est</strong></span> <span class='ocrx_word' id='word_1_617' title='bbox 3586 3114 3714 3171; x_wconf 88' lang='lat' dir='ltr'><strong>obe-</strong></span> 
     </span>
    </p>
   </div>
   <div class='ocr_carea' id='block_1_81' title="bbox 2116 3203 3712 3274">
    <p class='ocr_par' dir='ltr' id='par_1_81' title="bbox 2116 3203 3712 3274">
     <span class='ocr_line' id='line_1_81' title="bbox 2116 3203 3712 3274; baseline 0.001 -16"><span class='ocrx_word' id='word_1_618' title='bbox 2116 3203 2274 3258; x_wconf 90' lang='lat' dir='ltr'><strong>diens</strong></span> <span class='ocrx_word' id='word_1_619' title='bbox 2304 3203 2453 3258; x_wconf 90' lang='lat' dir='ltr'><strong>Patri</strong></span> <span class='ocrx_word' id='word_1_620' title='bbox 2482 3219 2656 3274; x_wconf 90' lang='lat' dir='ltr'><strong>usque</strong></span> <span class='ocrx_word' id='word_1_621' title='bbox 2686 3203 2758 3257; x_wconf 91' lang='lat' dir='ltr'><strong>ad</strong></span> <span class='ocrx_word' id='word_1_622' title='bbox 2800 3211 3033 3258; x_wconf 90' lang='lat' dir='ltr'><strong>mortem</strong></span> <span class='ocrx_word' id='word_1_623' title='bbox 3077 3203 3250 3272; x_wconf 83' lang='lat' dir='ltr'><strong>(Phil.</strong></span> <span class='ocrx_word' id='word_1_624' title='bbox 3299 3203 3381 3274; x_wconf 83' lang='grc' dir='ltr'><strong>ιι).</strong></span> <span class='ocrx_word' id='word_1_625' title='bbox 3434 3224 3456 3254; x_wconf 68' lang='grc' dir='ltr'><strong><em>ι</em></strong></span> <span class='ocrx_word' id='word_1_626' title='bbox 3504 3204 3712 3260; x_wconf 84' lang='lat' dir='ltr'><strong>Caetera</strong></span> 
     </span>
    </p>
   </div>
   <div class='ocr_carea' id='block_1_82' title="bbox 2115 3291 3712 3364">
    <p class='ocr_par' dir='ltr' id='par_1_82' title="bbox 2115 3291 3712 3364">
     <span class='ocr_line' id='line_1_82' title="bbox 2115 3291 3712 3364; baseline 0.003 -18"><span class='ocrx_word' id='word_1_627' title='bbox 2115 3292 2300 3346; x_wconf 89' lang='lat' dir='ltr'><strong>omnia</strong></span> <span class='ocrx_word' id='word_1_628' title='bbox 2346 3308 2467 3364; x_wconf 84' lang='lat' dir='ltr'><strong>qua</strong></span> <span class='ocrx_word' id='word_1_629' title='bbox 2507 3291 2735 3346; x_wconf 87' lang='lat' dir='ltr'><strong>inferius</strong></span> <span class='ocrx_word' id='word_1_630' title='bbox 2776 3293 3172 3362; x_wconf 88' lang='lat' dir='ltr'><strong>comprehensa</strong></span> <span class='ocrx_word' id='word_1_631' title='bbox 3219 3299 3362 3358; x_wconf 87' lang='lat' dir='ltr'><strong>sunt,</strong></span> <span class='ocrx_word' id='word_1_632' title='bbox 3411 3292 3712 3350; x_wconf 86' lang='lat' dir='ltr'><strong>secundum</strong></span> 
     </span>
    </p>
   </div>
   <div class='ocr_carea' id='block_1_83' title="bbox 2113 3380 3710 3452">
    <p class='ocr_par' dir='ltr' id='par_1_83' title="bbox 2113 3380 3710 3452">
     <span class='ocr_line' id='line_1_83' title="bbox 2113 3380 3710 3452; baseline 0.003 -19"><span class='ocrx_word' id='word_1_633' title='bbox 2113 3396 2334 3436; x_wconf 89' lang='lat' dir='ltr'><strong>sensum</strong></span> <span class='ocrx_word' id='word_1_634' title='bbox 2365 3397 2527 3452; x_wconf 91' lang='lat' dir='ltr'><strong>quem</strong></span> <span class='ocrx_word' id='word_1_635' title='bbox 2550 3380 2803 3450; x_wconf 90' lang='lat' dir='ltr'><strong>superius</strong></span> <span class='ocrx_word' id='word_1_636' title='bbox 2833 3381 3071 3451; x_wconf 87' lang='lat' dir='ltr'><strong>sparsim</strong></span> <span class='ocrx_word' id='word_1_637' title='bbox 3093 3381 3162 3437; x_wconf 93' lang='lat' dir='ltr'><strong>de</strong></span> <span class='ocrx_word' id='word_1_638' title='bbox 3190 3380 3474 3437; x_wconf 85' lang='lat' dir='ltr'><strong>sacriﬁciis</strong></span> <span class='ocrx_word' id='word_1_639' title='bbox 3517 3381 3710 3452; x_wconf 87' lang='lat' dir='ltr'><strong>posui-</strong></span> 
     </span>
    </p>
   </div>
   <div class='ocr_carea' id='block_1_84' title="bbox 2111 3467 3709 3542">
    <p class='ocr_par' dir='ltr' id='par_1_84' title="bbox 2111 3467 3709 3542">
     <span class='ocr_line' id='line_1_84' title="bbox 2111 3467 3709 3542; baseline 0.002 -19"><span class='ocrx_word' id='word_1_640' title='bbox 2111 3485 2254 3535; x_wconf 89' lang='lat' dir='ltr'><strong>mus,</strong></span> <span class='ocrx_word' id='word_1_641' title='bbox 2287 3468 2402 3526; x_wconf 89' lang='lat' dir='ltr'><strong>sive</strong></span> <span class='ocrx_word' id='word_1_642' title='bbox 2431 3469 2499 3523; x_wconf 92' lang='lat' dir='ltr'><strong>de</strong></span> <span class='ocrx_word' id='word_1_643' title='bbox 2529 3467 2764 3533; x_wconf 90' lang='lat' dir='ltr'><strong>Christo,</strong></span> <span class='ocrx_word' id='word_1_644' title='bbox 2798 3469 2913 3524; x_wconf 90' lang='lat' dir='ltr'><strong>sive</strong></span> <span class='ocrx_word' id='word_1_645' title='bbox 2943 3469 3011 3524; x_wconf 93' lang='lat' dir='ltr'><strong>de</strong></span> <span class='ocrx_word' id='word_1_646' title='bbox 3059 3470 3177 3538; x_wconf 90' lang='lat' dir='ltr'><strong>ejus</strong></span> <span class='ocrx_word' id='word_1_647' title='bbox 3225 3469 3488 3524; x_wconf 88' lang='lat' dir='ltr'><strong>membris</strong></span> <span class='ocrx_word' id='word_1_648' title='bbox 3531 3469 3709 3542; x_wconf 90' lang='lat' dir='ltr'><strong>accipi</strong></span> 
     </span>
    </p>
   </div>
   <div class='ocr_carea' id='block_1_85' title="bbox 2111 3556 3713 3627">
    <p class='ocr_par' dir='ltr' id='par_1_85' title="bbox 2111 3556 3713 3627">
     <span class='ocr_line' id='line_1_85' title="bbox 2111 3556 3713 3627; baseline 0.001 -15"><span class='ocrx_word' id='word_1_649' title='bbox 2111 3557 2330 3623; x_wconf 89' lang='lat' dir='ltr'><strong>debent,</strong></span> <span class='ocrx_word' id='word_1_650' title='bbox 2364 3564 2422 3610; x_wconf 88' lang='lat' dir='ltr'><strong>ut</strong></span> <span class='ocrx_word' id='word_1_651' title='bbox 2450 3563 2632 3611; x_wconf 90' lang='lat' dir='ltr'><strong>tamen</strong></span> <span class='ocrx_word' id='word_1_652' title='bbox 2662 3556 2810 3611; x_wconf 90' lang='lat' dir='ltr'><strong>omni</strong></span> <span class='ocrx_word' id='word_1_653' title='bbox 2839 3572 3021 3612; x_wconf 85' lang='lat' dir='ltr'><strong>causa</strong></span> <span class='ocrx_word' id='word_1_654' title='bbox 3065 3558 3211 3627; x_wconf 93' lang='lat' dir='ltr'><strong>quod</strong></span> <span class='ocrx_word' id='word_1_655' title='bbox 3257 3558 3360 3612; x_wconf 91' lang='lat' dir='ltr'><strong>sibi</strong></span> <span class='ocrx_word' id='word_1_656' title='bbox 3420 3560 3713 3615; x_wconf 85' lang='lat' dir='ltr'><strong>conveniat</strong></span> 
     </span>
    </p>
   </div>
   <div class='ocr_carea' id='block_1_86' title="bbox 2113 3645 3710 3718">
    <p class='ocr_par' dir='ltr' id='par_1_86' title="bbox 2113 3645 3710 3718">
     <span class='ocr_line' id='line_1_86' title="bbox 2113 3645 3710 3718; baseline 0.003 -19"><span class='ocrx_word' id='word_1_657' title='bbox 2113 3645 2463 3718; x_wconf 88' lang='lat' dir='ltr'><strong>adjungatur.</strong></span> <span class='ocrx_word' id='word_1_658' title='bbox 2501 3666 2523 3695; x_wconf 74' lang='grc' dir='ltr'><strong><em>α</em></strong></span> <span class='ocrx_word' id='word_1_659' title='bbox 2557 3645 2775 3700; x_wconf 90' lang='lat' dir='ltr'><strong>Tollens</strong></span> <span class='ocrx_word' id='word_1_660' title='bbox 2813 3645 2884 3698; x_wconf 90' lang='lat' dir='ltr'><strong>de</strong></span> <span class='ocrx_word' id='word_1_661' title='bbox 2935 3645 3177 3700; x_wconf 88' lang='lat' dir='ltr'><strong>canistro</strong></span> <span class='ocrx_word' id='word_1_662' title='bbox 3217 3661 3553 3717; x_wconf 82' lang='lat' dir='ltr'><strong>azymorum,</strong></span> <span class='ocrx_word' id='word_1_663' title='bbox 3579 3668 3602 3697; x_wconf 69' lang='grc' dir='ltr'>ι</span> <span class='ocrx_word' id='word_1_664' title='bbox 3653 3654 3710 3703; x_wconf 84' lang='lat' dir='ltr'><strong>et</strong></span> 
     </span>
    </p>
   </div>
   <div class='ocr_carea' id='block_1_87' title="bbox 2109 3732 3704 3804">
    <p class='ocr_par' dir='ltr' id='par_1_87' title="bbox 2109 3732 3704 3804">
     <span class='ocr_line' id='line_1_87' title="bbox 2109 3732 3704 3804; baseline 0.002 -16"><span class='ocrx_word' id='word_1_665' title='bbox 2109 3733 2337 3804; x_wconf 88' lang='lat' dir='ltr'><strong>reliqua.</strong></span> <span class='ocrx_word' id='word_1_666' title='bbox 2371 3734 2547 3788; x_wconf 90' lang='lat' dir='ltr'><strong>Panes</strong></span> <span class='ocrx_word' id='word_1_667' title='bbox 2575 3733 2708 3787; x_wconf 89' lang='lat' dir='ltr'><strong>varii</strong></span> <span class='ocrx_word' id='word_1_668' title='bbox 2735 3732 2790 3786; x_wconf 90' lang='lat' dir='ltr'><strong>in</strong></span> <span class='ocrx_word' id='word_1_669' title='bbox 2809 3732 3046 3788; x_wconf 89' lang='lat' dir='ltr'><strong>canistro</strong></span> <span class='ocrx_word' id='word_1_670' title='bbox 3065 3732 3340 3803; x_wconf 83' lang='lat' dir='ltr'><strong>sapientia</strong></span> <span class='ocrx_word' id='word_1_671' title='bbox 3361 3743 3442 3789; x_wconf 90' lang='lat' dir='ltr'><strong>est</strong></span> <span class='ocrx_word' id='word_1_672' title='bbox 3464 3735 3704 3791; x_wconf 87' lang='lat' dir='ltr'><strong>varietas</strong></span> 
     </span>
    </p>
   </div>
   <div class='ocr_carea' id='block_1_88' title="bbox 2105 3821 3697 3896">
    <p class='ocr_par' dir='ltr' id='par_1_88' title="bbox 2105 3821 3697 3896">
     <span class='ocr_line' id='line_1_88' title="bbox 2105 3821 3697 3896; baseline 0.001 -20"><span class='ocrx_word' id='word_1_673' title='bbox 2105 3821 2163 3876; x_wconf 91' lang='lat' dir='ltr'><strong>in</strong></span> <span class='ocrx_word' id='word_1_674' title='bbox 2189 3831 2377 3877; x_wconf 89' lang='lat' dir='ltr'><strong>sancta</strong></span> <span class='ocrx_word' id='word_1_675' title='bbox 2414 3821 2710 3892; x_wconf 89' lang='lat' dir='ltr'><strong>Scriptura.</strong></span> <span class='ocrx_word' id='word_1_676' title='bbox 2761 3821 2912 3877; x_wconf 90' lang='lat' dir='ltr'><strong>Sicut</strong></span> <span class='ocrx_word' id='word_1_677' title='bbox 2952 3821 3098 3876; x_wconf 89' lang='lat' dir='ltr'><strong>enim</strong></span> <span class='ocrx_word' id='word_1_678' title='bbox 3134 3821 3265 3876; x_wconf 91' lang='lat' dir='ltr'><strong>illud</strong></span> <span class='ocrx_word' id='word_1_679' title='bbox 3311 3822 3378 3876; x_wconf 94' lang='lat' dir='ltr'><strong>de</strong></span> <span class='ocrx_word' id='word_1_680' title='bbox 3428 3823 3697 3896; x_wconf 87' lang='lat' dir='ltr'><strong>virgultis,</strong></span> 
     </span>
    </p>
   </div>
   <div class='ocr_carea' id='block_1_89' title="bbox 2103 3909 3702 3981">
    <p class='ocr_par' dir='ltr' id='par_1_89' title="bbox 2103 3909 3702 3981">
     <span class='ocr_line' id='line_1_89' title="bbox 2103 3909 3702 3981; baseline 0.002 -16"><span class='ocrx_word' id='word_1_681' title='bbox 2103 3910 2183 3966; x_wconf 91' lang='lat' dir='ltr'><strong>sic</strong></span> <span class='ocrx_word' id='word_1_682' title='bbox 2211 3911 2330 3966; x_wconf 90' lang='lat' dir='ltr'><strong>hac</strong></span> <span class='ocrx_word' id='word_1_683' title='bbox 2357 3911 2426 3966; x_wconf 91' lang='lat' dir='ltr'><strong>de</strong></span> <span class='ocrx_word' id='word_1_684' title='bbox 2475 3909 2678 3965; x_wconf 90' lang='lat' dir='ltr'><strong>sanctis</strong></span> <span class='ocrx_word' id='word_1_685' title='bbox 2719 3910 2964 3966; x_wconf 89' lang='lat' dir='ltr'><strong>setentiis</strong></span> <span class='ocrx_word' id='word_1_686' title='bbox 3007 3911 3403 3981; x_wconf 88' lang='lat' dir='ltr'><strong>compaginata,</strong></span> <span class='ocrx_word' id='word_1_687' title='bbox 3450 3911 3702 3968; x_wconf 88' lang='lat' dir='ltr'><strong>ﬁdelibus</strong></span> 
     </span>
    </p>
   </div>
   <div class='ocr_carea' id='block_1_90' title="bbox 2102 3999 3702 4058">
    <p class='ocr_par' dir='ltr' id='par_1_90' title="bbox 2102 3999 3702 4058">
     <span class='ocr_line' id='line_1_90' title="bbox 2102 3999 3702 4058; baseline 0.001 -3"><span class='ocrx_word' id='word_1_688' title='bbox 2102 4000 2330 4055; x_wconf 89' lang='lat' dir='ltr'><strong>verbum</strong></span> <span class='ocrx_word' id='word_1_689' title='bbox 2358 4001 2482 4055; x_wconf 79' lang='lat' dir='ltr'><strong>vita</strong></span> <span class='ocrx_word' id='word_1_690' title='bbox 2505 3999 2787 4054; x_wconf 86' lang='lat' dir='ltr'><strong>ministrat.</strong></span> <span class='ocrx_word' id='word_1_691' title='bbox 2813 4000 2952 4054; x_wconf 90' lang='lat' dir='ltr'><strong>Nam</strong></span> <span class='ocrx_word' id='word_1_692' title='bbox 2977 4009 3029 4054; x_wconf 92' lang='lat' dir='ltr'><strong>et</strong></span> <span class='ocrx_word' id='word_1_693' title='bbox 3054 4000 3124 4056; x_wconf 90' lang='lat' dir='ltr'><strong>de</strong></span> <span class='ocrx_word' id='word_1_694' title='bbox 3148 4000 3361 4056; x_wconf 91' lang='lat' dir='ltr'><strong>Christo</strong></span> <span class='ocrx_word' id='word_1_695' title='bbox 3403 4002 3702 4058; x_wconf 89' lang='lat' dir='ltr'><strong>secundum</strong></span> 
     </span>
    </p>
   </div>
   <div class='ocr_carea' id='block_1_91' title="bbox 2102 4087 3694 4161">
    <p class='ocr_par' dir='ltr' id='par_1_91' title="bbox 2102 4087 3694 4161">
     <span class='ocr_line' id='line_1_91' title="bbox 2102 4087 3694 4161; baseline 0.003 -19"><span class='ocrx_word' id='word_1_696' title='bbox 2102 4088 2488 4143; x_wconf 88' lang='lat' dir='ltr'><strong>humanitatem</strong></span> <span class='ocrx_word' id='word_1_697' title='bbox 2513 4087 2709 4143; x_wconf 88' lang='lat' dir='ltr'><strong>dicitur</strong></span> <span class='ocrx_word' id='word_1_698' title='bbox 2735 4105 2748 4142; x_wconf 93' lang='lat'>:</span> <span class='ocrx_word' id='word_1_699' title='bbox 2777 4089 2917 4142; x_wconf 92' lang='lat' dir='ltr'><strong>Puer</strong></span> <span class='ocrx_word' id='word_1_700' title='bbox 2939 4089 3098 4143; x_wconf 83' lang='lat' dir='ltr'><strong>Jesus</strong></span> <span class='ocrx_word' id='word_1_701' title='bbox 3122 4088 3440 4160; x_wconf 84' lang='lat' dir='ltr'><strong>proficiebat</strong></span> <span class='ocrx_word' id='word_1_702' title='bbox 3479 4090 3694 4161; x_wconf 86' lang='lat' dir='ltr'><strong>sapien-</strong></span> 
     </span>
    </p>
   </div>
   <div class='ocr_carea' id='block_1_92' title="bbox 2103 4176 3698 4250">
    <p class='ocr_par' dir='ltr' id='par_1_92' title="bbox 2103 4176 3698 4250">
     <span class='ocr_line' id='line_1_92' title="bbox 2103 4176 3698 4250; baseline 0.003 -20"><span class='ocrx_word' id='word_1_703' title='bbox 2103 4176 2196 4244; x_wconf 89' lang='lat' dir='ltr'><strong>tia,</strong></span> <span class='ocrx_word' id='word_1_704' title='bbox 2222 4185 2274 4234; x_wconf 90' lang='lat' dir='ltr'><strong>et</strong></span> <span class='ocrx_word' id='word_1_705' title='bbox 2297 4184 2476 4243; x_wconf 88' lang='lat' dir='ltr'><strong>atate,</strong></span> <span class='ocrx_word' id='word_1_706' title='bbox 2507 4184 2560 4231; x_wconf 90' lang='lat' dir='ltr'><strong>et</strong></span> <span class='ocrx_word' id='word_1_707' title='bbox 2584 4176 2764 4249; x_wconf 89' lang='lat' dir='ltr'><strong>gratia</strong></span> <span class='ocrx_word' id='word_1_708' title='bbox 2793 4177 2949 4247; x_wconf 83' lang='lat' dir='ltr'><strong>(Luc.</strong></span> <span class='ocrx_word' id='word_1_709' title='bbox 2977 4177 3059 4247; x_wconf 81' lang='grc' dir='ltr'><strong>ιι).</strong></span> <span class='ocrx_word' id='word_1_710' title='bbox 3088 4179 3168 4233; x_wconf 94' lang='lat' dir='ltr'><strong>De</strong></span> <span class='ocrx_word' id='word_1_711' title='bbox 3198 4195 3397 4249; x_wconf 88' lang='lat' dir='ltr'><strong>panum</strong></span> <span class='ocrx_word' id='word_1_712' title='bbox 3427 4177 3698 4250; x_wconf 87' lang='lat' dir='ltr'><strong>signiﬁca-</strong></span> 
     </span>
    </p>
   </div>
   <div class='ocr_carea' id='block_1_93' title="bbox 2099 4265 3698 4337">
    <p class='ocr_par' dir='ltr' id='par_1_93' title="bbox 2099 4265 3698 4337">
     <span class='ocr_line' id='line_1_93' title="bbox 2099 4265 3698 4337; baseline 0.001 -17"><span class='ocrx_word' id='word_1_713' title='bbox 2099 4266 2244 4322; x_wconf 90' lang='lat' dir='ltr'><strong>tione</strong></span> <span class='ocrx_word' id='word_1_714' title='bbox 2271 4267 2327 4321; x_wconf 91' lang='lat' dir='ltr'><strong>in</strong></span> <span class='ocrx_word' id='word_1_715' title='bbox 2353 4266 2729 4337; x_wconf 90' lang='lat' dir='ltr'><strong>superioribus</strong></span> <span class='ocrx_word' id='word_1_716' title='bbox 2761 4265 3108 4337; x_wconf 89' lang='lat' dir='ltr'><strong>digessimus.</strong></span> <span class='ocrx_word' id='word_1_717' title='bbox 3137 4266 3272 4336; x_wconf 83' lang='lat' dir='ltr'><strong>Qua</strong></span> <span class='ocrx_word' id='word_1_718' title='bbox 3326 4267 3383 4321; x_wconf 89' lang='lat' dir='ltr'><strong>in</strong></span> <span class='ocrx_word' id='word_1_719' title='bbox 3426 4267 3598 4335; x_wconf 88' lang='lat' dir='ltr'><strong>altari,</strong></span> <span class='ocrx_word' id='word_1_720' title='bbox 3640 4267 3698 4322; x_wconf 91' lang='lat' dir='ltr'><strong>id</strong></span> 
     </span>
    </p>
   </div>
   <div class='ocr_carea' id='block_1_94' title="bbox 2100 4355 3699 4426">
    <p class='ocr_par' dir='ltr' id='par_1_94' title="bbox 2100 4355 3699 4426">
     <span class='ocr_line' id='line_1_94' title="bbox 2100 4355 3699 4426; baseline 0 -16"><span class='ocrx_word' id='word_1_721' title='bbox 2100 4364 2184 4410; x_wconf 89' lang='lat' dir='ltr'><strong>est</strong></span> <span class='ocrx_word' id='word_1_722' title='bbox 2206 4355 2261 4409; x_wconf 91' lang='lat' dir='ltr'><strong>in</strong></span> <span class='ocrx_word' id='word_1_723' title='bbox 2287 4355 2555 4410; x_wconf 90' lang='lat' dir='ltr'><strong>memoria</strong></span> <span class='ocrx_word' id='word_1_724' title='bbox 2594 4355 2869 4425; x_wconf 88' lang='lat' dir='ltr'><strong>passionis</strong></span> <span class='ocrx_word' id='word_1_725' title='bbox 2911 4355 3110 4410; x_wconf 86' lang='lat' dir='ltr'><strong>Christi</strong></span> <span class='ocrx_word' id='word_1_726' title='bbox 3153 4357 3269 4410; x_wconf 91' lang='lat' dir='ltr'><strong>Deo</strong></span> <span class='ocrx_word' id='word_1_727' title='bbox 3307 4363 3534 4426; x_wconf 88' lang='lat' dir='ltr'><strong>accepta</strong></span> <span class='ocrx_word' id='word_1_728' title='bbox 3569 4355 3699 4411; x_wconf 91' lang='lat' dir='ltr'><strong>red-</strong></span> 
     </span>
    </p>
   </div>
   <div class='ocr_carea' id='block_1_95' title="bbox 402 4419 3697 4516">
    <p class='ocr_par' dir='ltr' id='par_1_95' title="bbox 402 4419 3697 4516">
     <span class='ocr_line' id='line_1_95' title="bbox 402 4419 3697 4516; baseline -0.001 -13"><span class='ocrx_word' id='word_1_729' title='bbox 402 4454 714 4503; x_wconf 90' lang='lat' dir='ltr'><strong>convertas.</strong></span> <span class='ocrx_word' id='word_1_730' title='bbox 752 4466 774 4496; x_wconf 81' lang='grc'><strong>‹</strong></span> <span class='ocrx_word' id='word_1_731' title='bbox 811 4442 1146 4516; x_wconf 90' lang='lat' dir='ltr'><strong>Sanguinem</strong></span> <span class='ocrx_word' id='word_1_732' title='bbox 1175 4443 1351 4498; x_wconf 91' lang='lat' dir='ltr'><strong>omnis</strong></span> <span class='ocrx_word' id='word_1_733' title='bbox 1382 4441 1631 4498; x_wconf 89' lang='lat' dir='ltr'><strong>animalis</strong></span> <span class='ocrx_word' id='word_1_734' title='bbox 1661 4457 1770 4496; x_wconf 93' lang='lat' dir='ltr'><strong>non</strong></span> <span class='ocrx_word' id='word_1_735' title='bbox 1810 4457 1999 4496; x_wconf 89' lang='lat' dir='ltr'><strong>sume-</strong></span> <span class='ocrx_word' id='word_1_736' title='bbox 2019 4419 2072 4479; x_wconf 84' lang='lat' dir='ltr'><strong>D</strong></span> <span class='ocrx_word' id='word_1_737' title='bbox 2103 4445 2323 4500; x_wconf 87' lang='lat' dir='ltr'><strong>duntur.</strong></span> <span class='ocrx_word' id='word_1_738' title='bbox 2351 4444 2730 4500; x_wconf 90' lang='lat' dir='ltr'><strong>Pectusculum</strong></span> <span class='ocrx_word' id='word_1_739' title='bbox 2753 4445 2821 4499; x_wconf 94' lang='lat' dir='ltr'><strong>de</strong></span> <span class='ocrx_word' id='word_1_740' title='bbox 2852 4443 3022 4498; x_wconf 90' lang='lat' dir='ltr'><strong>ariete</strong></span> <span class='ocrx_word' id='word_1_741' title='bbox 3053 4444 3108 4498; x_wconf 92' lang='lat' dir='ltr'><strong>in</strong></span> <span class='ocrx_word' id='word_1_742' title='bbox 3136 4451 3348 4514; x_wconf 89' lang='lat' dir='ltr'><strong>partem</strong></span> <span class='ocrx_word' id='word_1_743' title='bbox 3385 4452 3467 4499; x_wconf 91' lang='lat' dir='ltr'><strong>est</strong></span> <span class='ocrx_word' id='word_1_744' title='bbox 3493 4447 3697 4515; x_wconf 87' lang='lat' dir='ltr'><strong>Aaron,</strong></span> 
     </span>
    </p>
   </div>
   <div class='ocr_carea' id='block_1_96' title="bbox 409 4530 2000 4601">
    <p class='ocr_par' dir='ltr' id='par_1_96' title="bbox 409 4530 2000 4601">
     <span class='ocr_line' id='line_1_96' title="bbox 409 4530 2000 4601; baseline -0.004 -10"><span class='ocrx_word' id='word_1_745' title='bbox 409 4537 479 4591; x_wconf 90' lang='lat' dir='ltr'><strong>tis</strong></span> <span class='ocrx_word' id='word_1_746' title='bbox 508 4535 565 4590; x_wconf 93' lang='lat' dir='ltr'><strong>in</strong></span> <span class='ocrx_word' id='word_1_747' title='bbox 595 4535 737 4601; x_wconf 91' lang='lat' dir='ltr'><strong>cibo,</strong></span> <span class='ocrx_word' id='word_1_748' title='bbox 774 4554 798 4584; x_wconf 69' lang='grc' dir='ltr'><strong>ν</strong></span> <span class='ocrx_word' id='word_1_749' title='bbox 830 4541 976 4599; x_wconf 89' lang='lat' dir='ltr'><strong>etc.;</strong></span> <span class='ocrx_word' id='word_1_750' title='bbox 1023 4532 1077 4588; x_wconf 90' lang='lat' dir='ltr'><strong>id</strong></span> <span class='ocrx_word' id='word_1_751' title='bbox 1123 4540 1224 4601; x_wconf 89' lang='lat' dir='ltr'><strong>est,</strong></span> <span class='ocrx_word' id='word_1_752' title='bbox 1265 4531 1388 4587; x_wconf 79' lang='lat' dir='ltr'><strong>vita</strong></span> <span class='ocrx_word' id='word_1_753' title='bbox 1447 4531 1648 4586; x_wconf 91' lang='lat' dir='ltr'><strong>nullius</strong></span> <span class='ocrx_word' id='word_1_754' title='bbox 1691 4530 1935 4586; x_wconf 88' lang='lat' dir='ltr'><strong>invideas</strong></span> <span class='ocrx_word' id='word_1_755' title='bbox 1985 4548 2000 4597; x_wconf 93' lang='lat'><strong>;</strong></span> 
     </span>
    </p>
   </div>
   <div class='ocr_carea' id='block_1_97' title="bbox 407 4619 2002 4696">
    <p class='ocr_par' dir='ltr' id='par_1_97' title="bbox 407 4619 2002 4696">
     <span class='ocr_line' id='line_1_97' title="bbox 407 4619 2002 4696; baseline -0.004 -16"><span class='ocrx_word' id='word_1_756' title='bbox 407 4623 705 4696; x_wconf 83' lang='lat' dir='ltr'><strong>Apostolus</strong></span> <span class='ocrx_word' id='word_1_757' title='bbox 733 4621 879 4678; x_wconf 91' lang='lat' dir='ltr'><strong>enim</strong></span> <span class='ocrx_word' id='word_1_758' title='bbox 908 4620 1038 4677; x_wconf 91' lang='lat' dir='ltr'><strong>dicit</strong></span> <span class='ocrx_word' id='word_1_759' title='bbox 1070 4638 1084 4675; x_wconf 90' lang='lat'>:</span> <span class='ocrx_word' id='word_1_760' title='bbox 1123 4642 1145 4671; x_wconf 77' lang='grc' dir='ltr'><strong><em>α</em></strong></span> <span class='ocrx_word' id='word_1_761' title='bbox 1180 4619 1370 4676; x_wconf 84' lang='lat' dir='ltr'><strong>Videte</strong></span> <span class='ocrx_word' id='word_1_762' title='bbox 1400 4637 1470 4676; x_wconf 91' lang='lat' dir='ltr'><strong>ne</strong></span> <span class='ocrx_word' id='word_1_763' title='bbox 1500 4620 1546 4675; x_wconf 90' lang='lat' dir='ltr'><strong>si</strong></span> <span class='ocrx_word' id='word_1_764' title='bbox 1575 4619 1804 4675; x_wconf 89' lang='lat' dir='ltr'><strong>invicem</strong></span> <span class='ocrx_word' id='word_1_765' title='bbox 1847 4635 2002 4674; x_wconf 90' lang='lat' dir='ltr'><strong>mor-</strong></span> 
     </span>
    </p>
   </div>
   <div class='ocr_carea' id='block_1_98' title="bbox 412 4706 2006 4781">
    <p class='ocr_par' dir='ltr' id='par_1_98' title="bbox 412 4706 2006 4781">
     <span class='ocr_line' id='line_1_98' title="bbox 412 4706 2006 4781; baseline -0.005 -13"><span class='ocrx_word' id='word_1_766' title='bbox 412 4713 570 4779; x_wconf 92' lang='lat' dir='ltr'><strong>detis,</strong></span> <span class='ocrx_word' id='word_1_767' title='bbox 603 4712 671 4766; x_wconf 90' lang='lat' dir='ltr'><strong>ab</strong></span> <span class='ocrx_word' id='word_1_768' title='bbox 700 4710 931 4768; x_wconf 90' lang='lat' dir='ltr'><strong>invicem</strong></span> <span class='ocrx_word' id='word_1_769' title='bbox 960 4709 1356 4766; x_wconf 88' lang='lat' dir='ltr'><strong>consumamini</strong></span> <span class='ocrx_word' id='word_1_770' title='bbox 1384 4709 1529 4781; x_wconf 83' lang='lat' dir='ltr'><strong>(Gal.</strong></span> <span class='ocrx_word' id='word_1_771' title='bbox 1576 4707 1655 4779; x_wconf 88' lang='lat' dir='ltr'><strong>v),</strong></span> <span class='ocrx_word' id='word_1_772' title='bbox 1692 4728 1715 4758; x_wconf 73' lang='grc' dir='ltr'><strong><em>ι</em></strong></span> <span class='ocrx_word' id='word_1_773' title='bbox 1764 4708 1879 4763; x_wconf 90' lang='lat' dir='ltr'><strong>sive</strong></span> <span class='ocrx_word' id='word_1_774' title='bbox 1934 4706 2006 4761; x_wconf 88' lang='lat' dir='ltr'><strong>sit</strong></span> 
     </span>
    </p>
   </div>
   <div class='ocr_carea' id='block_1_99' title="bbox 412 4795 2008 4873">
    <p class='ocr_par' dir='ltr' id='par_1_99' title="bbox 412 4795 2008 4873">
     <span class='ocr_line' id='line_1_99' title="bbox 412 4795 2008 4873; baseline -0.003 -18"><span class='ocrx_word' id='word_1_775' title='bbox 412 4799 709 4873; x_wconf 88' lang='lat' dir='ltr'><strong>spiritualis</strong></span> <span class='ocrx_word' id='word_1_776' title='bbox 773 4801 956 4866; x_wconf 89' lang='lat' dir='ltr'><strong>homo,</strong></span> <span class='ocrx_word' id='word_1_777' title='bbox 1003 4799 1118 4854; x_wconf 90' lang='lat' dir='ltr'><strong>sive</strong></span> <span class='ocrx_word' id='word_1_778' title='bbox 1156 4798 1386 4870; x_wconf 90' lang='lat' dir='ltr'><strong>simplex</strong></span> <span class='ocrx_word' id='word_1_779' title='bbox 1430 4806 1482 4852; x_wconf 94' lang='lat' dir='ltr'><strong>et</strong></span> <span class='ocrx_word' id='word_1_780' title='bbox 1525 4797 1776 4854; x_wconf 89' lang='lat' dir='ltr'><strong>carnalis.</strong></span> <span class='ocrx_word' id='word_1_781' title='bbox 1828 4817 1850 4847; x_wconf 73' lang='grc' dir='ltr'>κ</span> <span class='ocrx_word' id='word_1_782' title='bbox 1901 4795 2008 4864; x_wconf 87' lang='lat' dir='ltr'><strong>Qui</strong></span> 
     </span>
    </p>
   </div>
   <div class='ocr_carea' id='block_1_100' title="bbox 411 4884 2008 4959">
    <p class='ocr_par' dir='ltr' id='par_1_100' title="bbox 411 4884 2008 4959">
     <span class='ocr_line' id='line_1_100' title="bbox 411 4884 2008 4959; baseline -0.004 -14"><span class='ocrx_word' id='word_1_783' title='bbox 411 4890 568 4946; x_wconf 77' lang='lat' dir='ltr'><strong>oﬂ&#39;ert</strong></span> <span class='ocrx_word' id='word_1_784' title='bbox 594 4889 864 4945; x_wconf 89' lang='lat' dir='ltr'><strong>victimam</strong></span> <span class='ocrx_word' id='word_1_785' title='bbox 892 4886 1268 4959; x_wconf 88' lang='lat' dir='ltr'><strong>paciﬁcorum,</strong></span> <span class='ocrx_word' id='word_1_786' title='bbox 1320 4907 1342 4937; x_wconf 67' lang='grc' dir='ltr'><strong><em>ι</em></strong></span> <span class='ocrx_word' id='word_1_787' title='bbox 1394 4895 1497 4943; x_wconf 92' lang='lat' dir='ltr'><strong>etc.</strong></span> <span class='ocrx_word' id='word_1_788' title='bbox 1559 4885 1664 4955; x_wconf 92' lang='lat' dir='ltr'><strong>Qui</strong></span> <span class='ocrx_word' id='word_1_789' title='bbox 1711 4884 2008 4959; x_wconf 89' lang='lat' dir='ltr'><strong>gratiarum</strong></span> 
     </span>
    </p>
   </div>
   <div class='ocr_carea' id='block_1_101' title="bbox 413 4974 2008 5043">
    <p class='ocr_par' dir='ltr' id='par_1_101' title="bbox 413 4974 2008 5043">
     <span class='ocr_line' id='line_1_101' title="bbox 413 4974 2008 5043; baseline -0.004 -9"><span class='ocrx_word' id='word_1_790' title='bbox 413 4978 685 5035; x_wconf 87' lang='lat' dir='ltr'><strong>actionem</strong></span> <span class='ocrx_word' id='word_1_791' title='bbox 711 4977 943 5033; x_wconf 90' lang='lat' dir='ltr'><strong>Domino</strong></span> <span class='ocrx_word' id='word_1_792' title='bbox 973 4975 1150 5042; x_wconf 88' lang='lat' dir='ltr'><strong>solvit,</strong></span> <span class='ocrx_word' id='word_1_793' title='bbox 1199 4976 1438 5031; x_wconf 89' lang='lat' dir='ltr'><strong>libamen</strong></span> <span class='ocrx_word' id='word_1_794' title='bbox 1488 4974 1764 5031; x_wconf 88' lang='lat' dir='ltr'><strong>charitatis</strong></span> <span class='ocrx_word' id='word_1_795' title='bbox 1811 4974 2008 5043; x_wconf 90' lang='lat' dir='ltr'><strong>adjun-</strong></span> 
     </span>
    </p>
   </div>
   <div class='ocr_carea' id='block_1_102' title="bbox 412 5061 2010 5142">
    <p class='ocr_par' dir='ltr' id='par_1_102' title="bbox 412 5061 2010 5142">
     <span class='ocr_line' id='line_1_102' title="bbox 412 5061 2010 5142; baseline -0.004 -19"><span class='ocrx_word' id='word_1_796' title='bbox 412 5075 523 5142; x_wconf 87' lang='lat' dir='ltr'><strong>gat,</strong></span> <span class='ocrx_word' id='word_1_797' title='bbox 556 5067 674 5123; x_wconf 89' lang='lat' dir='ltr'><strong>sine</strong></span> <span class='ocrx_word' id='word_1_798' title='bbox 703 5083 811 5139; x_wconf 91' lang='lat' dir='ltr'><strong>qua</strong></span> <span class='ocrx_word' id='word_1_799' title='bbox 840 5066 972 5120; x_wconf 86' lang='lat' dir='ltr'><strong>nihil</strong></span> <span class='ocrx_word' id='word_1_800' title='bbox 1002 5065 1182 5137; x_wconf 88' lang='lat' dir='ltr'><strong>placet</strong></span> <span class='ocrx_word' id='word_1_801' title='bbox 1226 5065 1363 5120; x_wconf 93' lang='lat' dir='ltr'><strong>Deo.</strong></span> <span class='ocrx_word' id='word_1_802' title='bbox 1402 5064 1784 5120; x_wconf 90' lang='lat' dir='ltr'><strong>Pectusculum</strong></span> <span class='ocrx_word' id='word_1_803' title='bbox 1834 5061 2010 5134; x_wconf 87' lang='lat' dir='ltr'><strong>signi-</strong></span> 
     </span>
    </p>
   </div>
   <div class='ocr_carea' id='block_1_103' title="bbox 415 5151 2014 5224">
    <p class='ocr_par' dir='ltr' id='par_1_103' title="bbox 415 5151 2014 5224">
     <span class='ocr_line' id='line_1_103' title="bbox 415 5151 2014 5224; baseline -0.004 -13"><span class='ocrx_word' id='word_1_804' title='bbox 415 5155 544 5214; x_wconf 89' lang='lat' dir='ltr'><strong>ﬁcat</strong></span> <span class='ocrx_word' id='word_1_805' title='bbox 569 5155 734 5211; x_wconf 83' lang='lat' dir='ltr'><strong>ﬁdem</strong></span> <span class='ocrx_word' id='word_1_806' title='bbox 763 5163 816 5210; x_wconf 89' lang='lat' dir='ltr'><strong>et</strong></span> <span class='ocrx_word' id='word_1_807' title='bbox 837 5154 1236 5222; x_wconf 86' lang='lat' dir='ltr'><strong>constantiam;</strong></span> <span class='ocrx_word' id='word_1_808' title='bbox 1282 5170 1484 5219; x_wconf 90' lang='lat' dir='ltr'><strong>armus,</strong></span> <span class='ocrx_word' id='word_1_809' title='bbox 1508 5153 1706 5208; x_wconf 92' lang='lat' dir='ltr'><strong>bonam</strong></span> <span class='ocrx_word' id='word_1_810' title='bbox 1743 5151 2014 5224; x_wconf 91' lang='lat' dir='ltr'><strong>operatio-</strong></span> 
     </span>
    </p>
   </div>
   <div class='ocr_carea' id='block_1_104' title="bbox 413 5241 2014 5316">
    <p class='ocr_par' dir='ltr' id='par_1_104' title="bbox 413 5241 2014 5316">
     <span class='ocr_line' id='line_1_104' title="bbox 413 5241 2014 5316; baseline -0.002 -15"><span class='ocrx_word' id='word_1_811' title='bbox 413 5261 564 5312; x_wconf 91' lang='lat' dir='ltr'><strong>nem,</strong></span> <span class='ocrx_word' id='word_1_812' title='bbox 597 5243 953 5316; x_wconf 84' lang='lat' dir='ltr'><strong>quaproprie</strong></span> <span class='ocrx_word' id='word_1_813' title='bbox 981 5243 1050 5298; x_wconf 91' lang='lat' dir='ltr'><strong>ad</strong></span> <span class='ocrx_word' id='word_1_814' title='bbox 1091 5243 1267 5298; x_wconf 91' lang='lat' dir='ltr'><strong>Deum</strong></span> <span class='ocrx_word' id='word_1_815' title='bbox 1309 5259 1531 5299; x_wconf 88' lang='lat' dir='ltr'><strong>servare</strong></span> <span class='ocrx_word' id='word_1_816' title='bbox 1575 5241 1856 5298; x_wconf 90' lang='lat' dir='ltr'><strong>debemus.</strong></span> <span class='ocrx_word' id='word_1_817' title='bbox 1899 5242 2014 5297; x_wconf 91' lang='lat' dir='ltr'><strong>Hoc</strong></span> 
     </span>
    </p>
   </div>
   <div class='ocr_carea' id='block_1_105' title="bbox 415 5331 2014 5406">
    <p class='ocr_par' dir='ltr' id='par_1_105' title="bbox 415 5331 2014 5406">
     <span class='ocr_line' id='line_1_105' title="bbox 415 5331 2014 5406; baseline -0.004 -17"><span class='ocrx_word' id='word_1_818' title='bbox 415 5341 500 5390; x_wconf 87' lang='lat' dir='ltr'><strong>est</strong></span> <span class='ocrx_word' id='word_1_819' title='bbox 532 5333 678 5406; x_wconf 90' lang='lat' dir='ltr'><strong>quod</strong></span> <span class='ocrx_word' id='word_1_820' title='bbox 706 5333 777 5387; x_wconf 91' lang='lat' dir='ltr'><strong>ait</strong></span> <span class='ocrx_word' id='word_1_821' title='bbox 813 5352 825 5388; x_wconf 92' lang='lat'><strong>:</strong></span> <span class='ocrx_word' id='word_1_822' title='bbox 859 5333 1013 5388; x_wconf 90' lang='lat' dir='ltr'><strong>Cedit</strong></span> <span class='ocrx_word' id='word_1_823' title='bbox 1045 5331 1101 5386; x_wconf 91' lang='lat' dir='ltr'><strong>in</strong></span> <span class='ocrx_word' id='word_1_824' title='bbox 1131 5340 1349 5403; x_wconf 89' lang='lat' dir='ltr'><strong>partem</strong></span> <span class='ocrx_word' id='word_1_825' title='bbox 1378 5334 1581 5398; x_wconf 89' lang='lat' dir='ltr'><strong>Aaron,</strong></span> <span class='ocrx_word' id='word_1_826' title='bbox 1634 5353 1656 5382; x_wconf 72' lang='grc' dir='ltr'><strong>α</strong></span> <span class='ocrx_word' id='word_1_827' title='bbox 1700 5331 1806 5400; x_wconf 92' lang='lat' dir='ltr'><strong>Qui</strong></span> <span class='ocrx_word' id='word_1_828' title='bbox 1850 5331 2014 5386; x_wconf 91' lang='lat' dir='ltr'><strong>ohtu-</strong></span> 
     </span>
    </p>
   </div>
   <div class='ocr_carea' id='block_1_106' title="bbox 415 5419 2016 5495">
    <p class='ocr_par' dir='ltr' id='par_1_106' title="bbox 415 5419 2016 5495">
     <span class='ocr_line' id='line_1_106' title="bbox 415 5419 2016 5495; baseline -0.004 -15"><span class='ocrx_word' id='word_1_829' title='bbox 415 5423 542 5480; x_wconf 93' lang='lat' dir='ltr'><strong>lerit</strong></span> <span class='ocrx_word' id='word_1_830' title='bbox 572 5422 895 5495; x_wconf 90' lang='lat' dir='ltr'><strong>sanguinem</strong></span> <span class='ocrx_word' id='word_1_831' title='bbox 929 5428 982 5476; x_wconf 90' lang='lat' dir='ltr'><strong>et</strong></span> <span class='ocrx_word' id='word_1_832' title='bbox 1025 5420 1263 5492; x_wconf 89' lang='lat' dir='ltr'><strong>adipem,</strong></span> <span class='ocrx_word' id='word_1_833' title='bbox 1317 5443 1340 5473; x_wconf 65' lang='grc' dir='ltr'><strong>ι</strong></span> <span class='ocrx_word' id='word_1_834' title='bbox 1389 5429 1442 5478; x_wconf 94' lang='lat' dir='ltr'><strong>et</strong></span> <span class='ocrx_word' id='word_1_835' title='bbox 1489 5419 1721 5493; x_wconf 88' lang='lat' dir='ltr'><strong>reliqua.</strong></span> <span class='ocrx_word' id='word_1_836' title='bbox 1780 5420 1860 5474; x_wconf 93' lang='lat' dir='ltr'><strong>De</strong></span> <span class='ocrx_word' id='word_1_837' title='bbox 1906 5434 2016 5474; x_wconf 90' lang='lat' dir='ltr'><strong>uno</strong></span> 
     </span>
    </p>
   </div>
   <div class='ocr_carea' id='block_1_107' title="bbox 419 5505 2020 5583">
    <p class='ocr_par' dir='ltr' id='par_1_107' title="bbox 419 5505 2020 5583">
     <span class='ocr_line' id='line_1_107' title="bbox 419 5505 2020 5583; baseline -0.004 -14"><span class='ocrx_word' id='word_1_838' title='bbox 419 5512 639 5579; x_wconf 89' lang='lat' dir='ltr'><strong>dicitur,</strong></span> <span class='ocrx_word' id='word_1_839' title='bbox 670 5519 723 5566; x_wconf 93' lang='lat' dir='ltr'><strong>et</strong></span> <span class='ocrx_word' id='word_1_840' title='bbox 750 5510 876 5565; x_wconf 93' lang='lat' dir='ltr'><strong>ideo</strong></span> <span class='ocrx_word' id='word_1_841' title='bbox 905 5510 976 5565; x_wconf 92' lang='lat' dir='ltr'><strong>ad</strong></span> <span class='ocrx_word' id='word_1_842' title='bbox 1005 5526 1174 5566; x_wconf 89' lang='lat' dir='ltr'><strong>unum</strong></span> <span class='ocrx_word' id='word_1_843' title='bbox 1201 5511 1438 5583; x_wconf 90' lang='lat' dir='ltr'><strong>pertinet</strong></span> <span class='ocrx_word' id='word_1_844' title='bbox 1466 5509 1736 5566; x_wconf 88' lang='lat' dir='ltr'><strong>Christum</strong></span> <span class='ocrx_word' id='word_1_845' title='bbox 1780 5505 1918 5565; x_wconf 86' lang='lat' dir='ltr'><strong>ﬁdes</strong></span> <span class='ocrx_word' id='word_1_846' title='bbox 1963 5514 2020 5564; x_wconf 90' lang='lat' dir='ltr'><strong>et</strong></span> 
     </span>
    </p>
   </div>
   <div class='ocr_carea' id='block_1_108' title="bbox 562 5606 1034 5667">
    <p class='ocr_par' dir='ltr' id='par_1_108' title="bbox 562 5606 1034 5667">
     <span class='ocr_line' id='line_1_108' title="bbox 562 5606 1034 5667; baseline -0.004 -1"><span class='ocrx_word' id='word_1_847' title='bbox 562 5611 804 5667; x_wconf 64' lang='lat' dir='ltr'><strong>Paraon.</strong></span> <span class='ocrx_word' id='word_1_848' title='bbox 845 5606 1034 5666; x_wconf 80' lang='lat' dir='ltr'><strong>CXIV.</strong></span> 
     </span>
    </p>
   </div>
   <div class='ocr_carea' id='block_1_109' title="bbox 2102 4531 3699 4606">
    <p class='ocr_par' dir='ltr' id='par_1_109' title="bbox 2102 4531 3699 4606">
     <span class='ocr_line' id='line_1_109' title="bbox 2102 4531 3699 4606; baseline 0.001 -18"><span class='ocrx_word' id='word_1_849' title='bbox 2102 4534 2226 4606; x_wconf 91' lang='lat' dir='ltr'><strong>quia</strong></span> <span class='ocrx_word' id='word_1_850' title='bbox 2253 4541 2457 4589; x_wconf 88' lang='lat' dir='ltr'><strong>rectam</strong></span> <span class='ocrx_word' id='word_1_851' title='bbox 2480 4532 2644 4588; x_wconf 87' lang='lat' dir='ltr'><strong>ﬁdem</strong></span> <span class='ocrx_word' id='word_1_852' title='bbox 2672 4533 2742 4588; x_wconf 94' lang='lat' dir='ltr'><strong>de</strong></span> <span class='ocrx_word' id='word_1_853' title='bbox 2773 4549 2832 4588; x_wconf 89' lang='lat' dir='ltr'><strong>se</strong></span> <span class='ocrx_word' id='word_1_854' title='bbox 2861 4531 3108 4587; x_wconf 90' lang='lat' dir='ltr'><strong>Christus</strong></span> <span class='ocrx_word' id='word_1_855' title='bbox 3137 4532 3238 4587; x_wconf 88' lang='lat' dir='ltr'><strong>sibi</strong></span> <span class='ocrx_word' id='word_1_856' title='bbox 3271 4533 3516 4588; x_wconf 89' lang='lat' dir='ltr'><strong>exhiberi</strong></span> <span class='ocrx_word' id='word_1_857' title='bbox 3557 4551 3699 4606; x_wconf 83' lang='lat' dir='ltr'><strong>qua-</strong></span> 
     </span>
    </p>
   </div>
   <div class='ocr_carea' id='block_1_110' title="bbox 2104 4622 3706 4694">
    <p class='ocr_par' dir='ltr' id='par_1_110' title="bbox 2104 4622 3706 4694">
     <span class='ocr_line' id='line_1_110' title="bbox 2104 4622 3706 4694; baseline 0.002 -18"><span class='ocrx_word' id='word_1_858' title='bbox 2104 4623 2192 4677; x_wconf 91' lang='lat' dir='ltr'><strong>rit.</strong></span> <span class='ocrx_word' id='word_1_859' title='bbox 2225 4643 2248 4672; x_wconf 75' lang='lat' dir='ltr'><strong>a</strong></span> <span class='ocrx_word' id='word_1_860' title='bbox 2282 4624 2690 4693; x_wconf 87' lang='lat' dir='ltr'><strong>Assumensque</strong></span> <span class='ocrx_word' id='word_1_861' title='bbox 2719 4629 3054 4693; x_wconf 88' lang='lat' dir='ltr'><strong>unguentum</strong></span> <span class='ocrx_word' id='word_1_862' title='bbox 3084 4629 3135 4676; x_wconf 93' lang='lat' dir='ltr'><strong>et</strong></span> <span class='ocrx_word' id='word_1_863' title='bbox 3177 4622 3521 4694; x_wconf 89' lang='lat' dir='ltr'><strong>sanguinem,</strong></span> <span class='ocrx_word' id='word_1_864' title='bbox 3573 4643 3597 4674; x_wconf 68' lang='grc' dir='ltr'><strong><em>ι</em></strong></span> <span class='ocrx_word' id='word_1_865' title='bbox 3649 4630 3706 4679; x_wconf 83' lang='lat' dir='ltr'><strong>et</strong></span> 
     </span>
    </p>
   </div>
   <div class='ocr_carea' id='block_1_111' title="bbox 2104 4708 3701 4783">
    <p class='ocr_par' dir='ltr' id='par_1_111' title="bbox 2104 4708 3701 4783">
     <span class='ocr_line' id='line_1_111' title="bbox 2104 4708 3701 4783; baseline 0.001 -17"><span class='ocrx_word' id='word_1_866' title='bbox 2104 4711 2334 4783; x_wconf 90' lang='lat' dir='ltr'><strong>reliqua.</strong></span> <span class='ocrx_word' id='word_1_867' title='bbox 2364 4713 2545 4768; x_wconf 86' lang='lat' dir='ltr'><strong>Aaron</strong></span> <span class='ocrx_word' id='word_1_868' title='bbox 2575 4725 2701 4766; x_wconf 91' lang='lat' dir='ltr'><strong>cum</strong></span> <span class='ocrx_word' id='word_1_869' title='bbox 2728 4710 2970 4766; x_wconf 90' lang='lat' dir='ltr'><strong>vestibus</strong></span> <span class='ocrx_word' id='word_1_870' title='bbox 2992 4718 3045 4765; x_wconf 93' lang='lat' dir='ltr'><strong>et</strong></span> <span class='ocrx_word' id='word_1_871' title='bbox 3073 4708 3216 4776; x_wconf 87' lang='lat' dir='ltr'><strong>ﬁliis,</strong></span> <span class='ocrx_word' id='word_1_872' title='bbox 3249 4711 3306 4766; x_wconf 91' lang='lat' dir='ltr'><strong>id</strong></span> <span class='ocrx_word' id='word_1_873' title='bbox 3335 4720 3416 4767; x_wconf 92' lang='lat' dir='ltr'><strong>est</strong></span> <span class='ocrx_word' id='word_1_874' title='bbox 3452 4712 3701 4768; x_wconf 88' lang='lat' dir='ltr'><strong>Christus</strong></span> 
     </span>
    </p>
   </div>
   <div class='ocr_carea' id='block_1_112' title="bbox 2104 4799 3708 4872">
    <p class='ocr_par' dir='ltr' id='par_1_112' title="bbox 2104 4799 3708 4872">
     <span class='ocr_line' id='line_1_112' title="bbox 2104 4799 3708 4872; baseline 0.002 -17"><span class='ocrx_word' id='word_1_875' title='bbox 2104 4801 2162 4856; x_wconf 90' lang='lat' dir='ltr'><strong>in</strong></span> <span class='ocrx_word' id='word_1_876' title='bbox 2191 4800 2394 4856; x_wconf 90' lang='lat' dir='ltr'><strong>sanctis</strong></span> <span class='ocrx_word' id='word_1_877' title='bbox 2421 4800 2698 4868; x_wconf 88' lang='lat' dir='ltr'><strong>membris,</strong></span> <span class='ocrx_word' id='word_1_878' title='bbox 2732 4799 2984 4856; x_wconf 90' lang='lat' dir='ltr'><strong>videlicet</strong></span> <span class='ocrx_word' id='word_1_879' title='bbox 3009 4799 3142 4866; x_wconf 91' lang='lat' dir='ltr'><strong>suis,</strong></span> <span class='ocrx_word' id='word_1_880' title='bbox 3163 4800 3341 4872; x_wconf 88' lang='lat' dir='ltr'><strong>gratia</strong></span> <span class='ocrx_word' id='word_1_881' title='bbox 3360 4809 3413 4856; x_wconf 91' lang='lat' dir='ltr'><strong>et</strong></span> <span class='ocrx_word' id='word_1_882' title='bbox 3433 4800 3708 4859; x_wconf 82' lang='lat' dir='ltr'><strong>infusione</strong></span> 
     </span>
    </p>
   </div>
   <div class='ocr_carea' id='block_1_113' title="bbox 2109 4889 3701 4961">
    <p class='ocr_par' dir='ltr' id='par_1_113' title="bbox 2109 4889 3701 4961">
     <span class='ocr_line' id='line_1_113' title="bbox 2109 4889 3701 4961; baseline 0 -15"><span class='ocrx_word' id='word_1_883' title='bbox 2109 4889 2341 4961; x_wconf 89' lang='lat' dir='ltr'><strong>Spiritus</strong></span> <span class='ocrx_word' id='word_1_884' title='bbox 2371 4889 2545 4944; x_wconf 92' lang='lat' dir='ltr'><strong>sancti</strong></span> <span class='ocrx_word' id='word_1_885' title='bbox 2575 4897 2624 4944; x_wconf 91' lang='lat' dir='ltr'><strong>et</strong></span> <span class='ocrx_word' id='word_1_886' title='bbox 2676 4889 2730 4942; x_wconf 92' lang='lat' dir='ltr'><strong>in</strong></span> <span class='ocrx_word' id='word_1_887' title='bbox 2779 4904 2878 4942; x_wconf 92' lang='lat' dir='ltr'><strong>sua</strong></span> <span class='ocrx_word' id='word_1_888' title='bbox 2926 4889 3300 4960; x_wconf 90' lang='lat' dir='ltr'><strong>redemptione</strong></span> <span class='ocrx_word' id='word_1_889' title='bbox 3345 4890 3636 4946; x_wconf 90' lang='lat' dir='ltr'><strong>decoratur</strong></span> <span class='ocrx_word' id='word_1_890' title='bbox 3681 4911 3701 4959; x_wconf 89' lang='lat'><strong>;</strong></span> 
     </span>
    </p>
   </div>
   <div class='ocr_carea' id='block_1_114' title="bbox 2109 4975 3703 5050">
    <p class='ocr_par' dir='ltr' id='par_1_114' title="bbox 2109 4975 3703 5050">
     <span class='ocr_line' id='line_1_114' title="bbox 2109 4975 3703 5050; baseline 0.002 -17"><span class='ocrx_word' id='word_1_891' title='bbox 2109 4994 2234 5033; x_wconf 89' lang='lat' dir='ltr'><strong>nam</strong></span> <span class='ocrx_word' id='word_1_892' title='bbox 2263 4985 2317 5033; x_wconf 88' lang='lat' dir='ltr'><strong>et</strong></span> <span class='ocrx_word' id='word_1_893' title='bbox 2346 4978 2402 5031; x_wconf 92' lang='lat' dir='ltr'><strong>in</strong></span> <span class='ocrx_word' id='word_1_894' title='bbox 2422 4977 2599 5047; x_wconf 87' lang='lat' dir='ltr'><strong>ipsum</strong></span> <span class='ocrx_word' id='word_1_895' title='bbox 2625 4975 2858 5047; x_wconf 90' lang='lat' dir='ltr'><strong>Spiritus</strong></span> <span class='ocrx_word' id='word_1_896' title='bbox 2879 4984 3100 5032; x_wconf 90' lang='lat' dir='ltr'><strong>sanctus</strong></span> <span class='ocrx_word' id='word_1_897' title='bbox 3115 4977 3314 5050; x_wconf 91' lang='lat' dir='ltr'><strong>legitur</strong></span> <span class='ocrx_word' id='word_1_898' title='bbox 3328 4979 3703 5036; x_wconf 87' lang='lat' dir='ltr'><strong>descendisse.</strong></span> 
     </span>
    </p>
   </div>
   <div class='ocr_carea' id='block_1_115' title="bbox 2111 5065 3712 5135">
    <p class='ocr_par' dir='ltr' id='par_1_115' title="bbox 2111 5065 3712 5135">
     <span class='ocr_line' id='line_1_115' title="bbox 2111 5065 3712 5135; baseline 0.001 -12"><span class='ocrx_word' id='word_1_899' title='bbox 2111 5068 2192 5123; x_wconf 93' lang='lat' dir='ltr'><strong>De</strong></span> <span class='ocrx_word' id='word_1_900' title='bbox 2221 5066 2545 5123; x_wconf 89' lang='lat' dir='ltr'><strong>vestimento</strong></span> <span class='ocrx_word' id='word_1_901' title='bbox 2573 5081 2702 5120; x_wconf 89' lang='lat' dir='ltr'><strong>vero</strong></span> <span class='ocrx_word' id='word_1_902' title='bbox 2734 5066 2850 5135; x_wconf 89' lang='lat' dir='ltr'><strong>ejus</strong></span> <span class='ocrx_word' id='word_1_903' title='bbox 2897 5065 3093 5122; x_wconf 90' lang='lat' dir='ltr'><strong>dicitur</strong></span> <span class='ocrx_word' id='word_1_904' title='bbox 3136 5067 3385 5122; x_wconf 91' lang='lat' dir='ltr'><strong>omnibus</strong></span> <span class='ocrx_word' id='word_1_905' title='bbox 3430 5068 3516 5123; x_wconf 92' lang='lat' dir='ltr'><strong>his</strong></span> <span class='ocrx_word' id='word_1_906' title='bbox 3562 5070 3712 5126; x_wconf 90' lang='lat' dir='ltr'><strong>velut</strong></span> 
     </span>
    </p>
   </div>
   <div class='ocr_carea' id='block_1_116' title="bbox 2113 5154 3712 5230">
    <p class='ocr_par' dir='ltr' id='par_1_116' title="bbox 2113 5154 3712 5230">
     <span class='ocr_line' id='line_1_116' title="bbox 2113 5154 3712 5230; baseline 0.001 -17"><span class='ocrx_word' id='word_1_907' title='bbox 2113 5163 2431 5213; x_wconf 88' lang='lat' dir='ltr'><strong>ornamento</strong></span> <span class='ocrx_word' id='word_1_908' title='bbox 2461 5154 2666 5222; x_wconf 89' lang='lat' dir='ltr'><strong>vestiri,</strong></span> <span class='ocrx_word' id='word_1_909' title='bbox 2694 5154 2947 5211; x_wconf 89' lang='lat' dir='ltr'><strong>videlicet</strong></span> <span class='ocrx_word' id='word_1_910' title='bbox 2977 5157 3408 5230; x_wconf 87' lang='lat' dir='ltr'><strong>congregatione</strong></span> <span class='ocrx_word' id='word_1_911' title='bbox 3447 5159 3712 5214; x_wconf 81' lang='lat' dir='ltr'><strong>Ecclesia</strong></span> 
     </span>
    </p>
   </div>
   <div class='ocr_carea' id='block_1_117' title="bbox 2115 5243 3716 5315">
    <p class='ocr_par' dir='ltr' id='par_1_117' title="bbox 2115 5243 3716 5315">
     <span class='ocr_line' id='line_1_117' title="bbox 2115 5243 3716 5315; baseline 0.001 -15"><span class='ocrx_word' id='word_1_912' title='bbox 2115 5245 2182 5301; x_wconf 90' lang='lat' dir='ltr'><strong>de</strong></span> <span class='ocrx_word' id='word_1_913' title='bbox 2212 5243 2357 5314; x_wconf 90' lang='lat' dir='ltr'><strong>ﬁliis,</strong></span> <span class='ocrx_word' id='word_1_914' title='bbox 2389 5245 2460 5300; x_wconf 90' lang='lat' dir='ltr'><strong>ita</strong></span> <span class='ocrx_word' id='word_1_915' title='bbox 2486 5265 2509 5296; x_wconf 75' lang='grc' dir='ltr'><strong><em>οι</em></strong></span> <span class='ocrx_word' id='word_1_916' title='bbox 2549 5243 2698 5298; x_wconf 89' lang='lat' dir='ltr'><strong>dedit</strong></span> <span class='ocrx_word' id='word_1_917' title='bbox 2740 5244 2819 5299; x_wconf 91' lang='lat' dir='ltr'><strong>eis</strong></span> <span class='ocrx_word' id='word_1_918' title='bbox 2868 5252 3190 5315; x_wconf 88' lang='lat' dir='ltr'><strong>potestatem</strong></span> <span class='ocrx_word' id='word_1_919' title='bbox 3237 5245 3376 5303; x_wconf 78' lang='lat' dir='ltr'><strong>ﬁlios</strong></span> <span class='ocrx_word' id='word_1_920' title='bbox 3452 5247 3552 5302; x_wconf 90' lang='lat' dir='ltr'><strong>Dei</strong></span> <span class='ocrx_word' id='word_1_921' title='bbox 3595 5245 3716 5301; x_wconf 87' lang='lat' dir='ltr'><strong>ﬁeri</strong></span> 
     </span>
    </p>
   </div>
   <div class='ocr_carea' id='block_1_118' title="bbox 2117 5332 3712 5407">
    <p class='ocr_par' dir='ltr' id='par_1_118' title="bbox 2117 5332 3712 5407">
     <span class='ocr_line' id='line_1_118' title="bbox 2117 5332 3712 5407; baseline -0.002 -16"><span class='ocrx_word' id='word_1_922' title='bbox 2117 5335 2298 5407; x_wconf 83' lang='lat' dir='ltr'><strong>(Joan.</strong></span> <span class='ocrx_word' id='word_1_923' title='bbox 2331 5333 2393 5404; x_wconf 80' lang='grc' dir='ltr'><strong>ι).</strong></span> <span class='ocrx_word' id='word_1_924' title='bbox 2433 5353 2456 5383; x_wconf 64' lang='grc' dir='ltr'><strong>ι</strong></span> <span class='ocrx_word' id='word_1_925' title='bbox 2495 5355 2517 5383; x_wconf 76' lang='grc' dir='ltr'>α</span> <span class='ocrx_word' id='word_1_926' title='bbox 2544 5333 2772 5406; x_wconf 90' lang='lat' dir='ltr'><strong>Coquite</strong></span> <span class='ocrx_word' id='word_1_927' title='bbox 2791 5348 2989 5390; x_wconf 89' lang='lat' dir='ltr'><strong>carnes</strong></span> <span class='ocrx_word' id='word_1_928' title='bbox 3016 5343 3140 5390; x_wconf 90' lang='lat' dir='ltr'><strong>ante</strong></span> <span class='ocrx_word' id='word_1_929' title='bbox 3170 5334 3313 5391; x_wconf 85' lang='lat' dir='ltr'><strong>fores</strong></span> <span class='ocrx_word' id='word_1_930' title='bbox 3361 5332 3712 5401; x_wconf 88' lang='lat' dir='ltr'><strong>tabernaculi,</strong></span> 
     </span>
    </p>
   </div>
   <div class='ocr_carea' id='block_1_119' title="bbox 2119 5421 3716 5495">
    <p class='ocr_par' dir='ltr' id='par_1_119' title="bbox 2119 5421 3716 5495">
     <span class='ocr_line' id='line_1_119' title="bbox 2119 5421 3716 5495; baseline -0.001 -16"><span class='ocrx_word' id='word_1_931' title='bbox 2119 5431 2171 5479; x_wconf 90' lang='lat' dir='ltr'><strong>et</strong></span> <span class='ocrx_word' id='word_1_932' title='bbox 2199 5421 2426 5494; x_wconf 89' lang='lat' dir='ltr'><strong>reliqua.</strong></span> <span class='ocrx_word' id='word_1_933' title='bbox 2458 5423 2591 5495; x_wconf 91' lang='lat' dir='ltr'><strong>Igne</strong></span> <span class='ocrx_word' id='word_1_934' title='bbox 2623 5423 2796 5478; x_wconf 90' lang='lat' dir='ltr'><strong>sancti</strong></span> <span class='ocrx_word' id='word_1_935' title='bbox 2813 5423 3066 5495; x_wconf 89' lang='lat' dir='ltr'><strong>Spiritus,</strong></span> <span class='ocrx_word' id='word_1_936' title='bbox 3079 5425 3234 5494; x_wconf 90' lang='lat' dir='ltr'><strong>juxta</strong></span> <span class='ocrx_word' id='word_1_937' title='bbox 3249 5423 3549 5479; x_wconf 87' lang='lat' dir='ltr'><strong>doctrinam</strong></span> <span class='ocrx_word' id='word_1_938' title='bbox 3579 5437 3684 5492; x_wconf 90' lang='lat' dir='ltr'><strong>apo</strong></span> <span class='ocrx_word' id='word_1_939' title='bbox 3711 5449 3716 5454; x_wconf 90' lang='lat'><em>-</em></span> 
     </span>
    </p>
   </div>
   <div class='ocr_carea' id='block_1_120' title="bbox 2120 5510 3710 5582">
    <p class='ocr_par' dir='ltr' id='par_1_120' title="bbox 2120 5510 3710 5582">
     <span class='ocr_line' id='line_1_120' title="bbox 2120 5510 3710 5582; baseline -0.003 -13"><span class='ocrx_word' id='word_1_940' title='bbox 2120 5511 2734 5579; x_wconf 86' lang='lat' dir='ltr'><strong>stolicam,sacramenta</strong></span> <span class='ocrx_word' id='word_1_941' title='bbox 2750 5511 3133 5570; x_wconf 89' lang='lat' dir='ltr'><strong>incarnationis</strong></span> <span class='ocrx_word' id='word_1_942' title='bbox 3149 5520 3202 5568; x_wconf 93' lang='lat' dir='ltr'><strong>et</strong></span> <span class='ocrx_word' id='word_1_943' title='bbox 3219 5510 3492 5582; x_wconf 77' lang='lat' dir='ltr'><strong>passionis</strong></span> <span class='ocrx_word' id='word_1_944' title='bbox 3513 5510 3710 5576; x_wconf 69' lang='lat' dir='ltr'><strong>Christi</strong></span> 
     </span>
    </p>
   </div>
  </div>
