3998 6188
349 291 445 342 811
970 282 1376 338 WALAFRIDI
1402 280 1646 338 STRABI
1673 280 1876 338 FULD.
1907 280 1943 334 Μ

2046 279 2082 336 l.
2113 279 2266 341 OPP.
2289 280 2466 339 PARS
2495 282 2537 338 Ι.
2564 280 3126 339 -ΤΗΕΟΕΟϐΙΟΑ.
3544 287 3651 341 812

357 407 609 465 ﬁdelibus
652 407 721 461 ad
769 407 892 463 vita
942 405 1372 462 sustentaculum
1420 406 1815 462 ministrantur.
1873 405 1954 461 De
1980 406 2038 467 A
2067 405 2150 461 cio
2168 405 2477 475 libamenta,
2505 427 2530 456 ι
2554 405 2609 461 id
2626 414 2709 462 est
2729 406 3006 478 sapientia:
3027 405 3319 478 spiritualis
3335 405 3392 461 in
3412 406 3666 462 omnibus

359 498 600 554 canistro
631 504 686 552 et
717 496 948 567 panibus
980 512 1126 567 sape
1150 495 1261 565 jam
1287 494 1491 551 dictum
1520 503 1622 551 est.
1662 517 1684 546 ε
1707 498 1886 550 Aaron
1906 502 1962 550 et
2060 493 2440 551 instrumenta.
2479 516 2502 547 ι
2528 494 2748 567 Absque
2775 495 3115 551 casremoniis
3137 493 3440 552 holocausti
3485 505 3662 550 matu-

359 585 455 640 ﬁlii
481 587 599 656 ejus
627 585 916 641 comedent
960 600 1076 640 eos.
1134 605 1155 635 ι
1208 587 1410 652 Aaron,
1463 585 1519 639 id
1567 592 1651 640 est
1692 584 1953 651 Christus,
2060 583 2175 650 tini,
2212 604 2234 635 ι
2269 583 2324 639 id
2355 591 2437 639 est
2466 585 2615 655 agni,
2647 599 2810 655 quem
2840 584 3079 656 quotidie
3109 600 3268 642 mane
3315 583 3659 640 oﬁ'erendum

358 675 651 730 comedere
681 673 894 740 dicitur,
926 672 1056 744 quia
1083 673 1241 728 nobis
1287 687 1388 729 sua
1437 681 1780 730 sacramenta
1825 688 1956 744 per-
2059 673 2336 743 praecepit.
2373 671 2622 728 Oﬂ'erunt
2653 671 2746 727 ﬁlii
2767 675 2950 727 Aaron
2981 672 3324 746 sanguinem,
3358 672 3472 746 qui,
3527 674 3663 730 sicut

358 761 613 820 fectibilia
643 761 789 818 facit.
826 783 849 814 ι
884 761 1157 834 Quidquid
1188 770 1368 818 autem
1400 762 1668 834 reliquum
1713 761 1898 829 fuerit,
1928 779 1951 814 ι
2055 759 2350 832 Apostolus
2392 760 2670 832 praecepit,
2721 761 3150 833 quotiescunque
3200 759 3398 818 faciunt
3445 761 3656 828 ﬁdeles,

358 859 414 906 et
440 852 670 923 reliqua.
705 850 981 922 Quidquid
1011 867 1077 906 ex
1105 850 1192 906 his
1228 851 1387 906 nobis
1429 852 1685 923 supersit,
1734 849 1956 921 Spiritui
2055 848 2111 904 in
2141 850 2257 920 ejus
2288 847 2488 907 faciunt
2547 848 3144 906 commemorationem.
3165 871 3189 902 α
3223 850 3457 921 Adipem
3479 851 3656 916 bovis,

358 949 567 1005 sancto,
601 939 691 1011 qui
722 947 804 994 est
851 939 1105 995 conscius
1148 948 1505 1006 secretorum,
1560 940 1951 1011 relinquamus.
2055 946 2110 994 et
2138 937 2387 1006 caudam,
2421 955 2596 1012 usque
2625 947 2928 1010 posuerunt
2956 955 3123 1009 super
3167 946 3410 1010 pectora,
3455 959 3478 991 ι
3533 939 3658 1010 quia

359 1048 382 1080 α
414 1029 495 1085 De
523 1028 662 1083 ostio
690 1043 904 1101 quoque
932 1028 1268 1085 tabernaculi
1298 1044 1406 1084 non
1428 1028 1663 1096 exibitis,
1691 1049 1715 1079 ι
1742 1035 1794 1084 et
1826 1027 1954 1083 reli-
2055 1041 2217 1083 omne
2244 1027 2574 1084 desiderium
2603 1037 2655 1084 et
2681 1027 3152 1099 perseverantiam
3180 1043 3280 1098 per
3306 1026 3471 1083 ﬁdem
3491 1034 3546 1082 et
3602 1026 3660 1082 in

355 1133 482 1189 qua.
517 1116 641 1174 Sive
671 1117 818 1172 omni
851 1126 1098 1189 tempore
1128 1117 1253 1173 vita;
1305 1118 1554 1189 praecipit
1600 1117 1654 1174 in
1703 1116 1956 1173 Ecclesia

352 1205 586 1261 Domino
616 1205 982 1272 serviendum,
1015 1207 1130 1262 sive
1158 1205 1288 1261 illud
1317 1206 1588 1280 signiﬁcat
1617 1204 1761 1278 quod
1789 1204 1953 1262 disci-

350 1295 494 1366 pulis
523 1303 648 1366 post
674 1294 985 1366 passionem
999 1295 1162 1363 jussit
1192 1311 1347 1350 suam
1381 1311 1395 1351 :
1434 1317 1456 1346 ι
1492 1295 1602 1351 Vos
1631 1303 1830 1360 autem,
1861 1294 1950 1350 in-

351 1383 564 1456 quiens,
599 1383 785 1438 sedete
812 1383 869 1437 in
897 1382 1172 1439 civitatem
1203 1382 1378 1440 donec
1408 1383 1702 1439 induamini
1733 1400 1798 1440 ex
1841 1383 1950 1440 alto

351 1471 498 1542 (Act.
533 1473 602 1542 1),
627 1492 650 1522 ι
683 1480 787 1528 etc.
819 1471 960 1528 Nam
987 1473 1057 1527 de
1092 1471 1488 1528 resurrectione
1501 1471 1718 1528 Domini
1740 1480 1950 1544 septem

347 1559 721 1616 hebdomades
750 1569 894 1626 sunt,
939 1561 1043 1616 hoe
1083 1569 1166 1616 est
1212 1560 1414 1632 septies
1463 1569 1670 1633 septem
1713 1561 1850 1624 dies,
1898 1569 1952 1617 et

349 1649 585 1706 efficiunt
617 1649 734 1704 dies
765 1649 1125 1722 quadraginta
1153 1666 1368 1716 novem,
1393 1649 1463 1705 ad
1486 1667 1646 1722 quem
1667 1666 1949 1705 numerum

2054 1113 2162 1172 ﬁde
2191 1115 2390 1173 offerre
2419 1115 2702 1173 debemus.
2739 1138 2762 1170 ι
2798 1114 3113 1173 Extendens
3141 1131 3358 1181 manus,
3397 1137 3420 1167 ι
3461 1123 3518 1172 et
3563 1131 3658 1172 re-

2052 1203 2216 1277 liqua.
2264 1204 2523 1262 Extensio
2571 1220 2827 1261 manuum
2869 1203 3128 1260 intentam
3145 1205 3448 1260 orationem
3488 1203 3661 1277 signi-

2051 1290 2196 1361 ﬁcat,
2231 1301 2291 1348 ut
2320 1293 2496 1351 David
2535 1294 2665 1350 dicit
2708 1309 2723 1351 :
2771 1317 2795 1346 ‹
2837 1293 3086 1351 Elevatio
3127 1310 3384 1350 manuum
3412 1309 3661 1349 mearum

2052 1382 2386 1454 (Psalmn),
2408 1403 2430 1434 ι
2455 1391 2589 1441 etc.«
2601 1383 2800 1455 Sicque
2811 1381 3095 1454 completis
3107 1383 3297 1439 hostiis
3315 1381 3656 1439 descendita

2050 1471 2350 1528 Descensio
2395 1469 2664 1544 signiﬁcat
2707 1471 2855 1544 quod
2893 1472 3088 1528 doctor
3137 1471 3424 1543 aliquando
3472 1486 3658 1537 orare,

2051 1559 2344 1630 aliquando
2374 1561 2445 1616 ad
2475 1559 2783 1618 docendum
2808 1559 2930 1615 aliis
2975 1559 3137 1616 debet
3189 1559 3656 1630 condescendere,

2049 1656 2104 1704 ut
2137 1649 2332 1704 Paulus
2363 1648 2492 1705 dicit
2523 1665 2536 1705 :
2575 1669 2599 1701 ι
2636 1649 2764 1706 Sive
2790 1647 3106 1706 excedimus
3136 1649 3273 1714 Deo,
3323 1649 3439 1704 sive
3482 1649 3655 1704 sobrii

346 1737 859 1827 quinquagesimum
887 1738 1058 1794 addes
1089 1739 1254 1806 diem,
1308 1739 1401 1812 qui
1450 1739 1697 1795 revoluto
1745 1739 1947 1809 septies
1977 1767 2030 1827 B
2053 1754 2242 1793 sumus
2270 1738 2427 1794 vobis
2455 1739 2532 1810 (II
2557 1739 2677 1796 Cor.
2712 1740 2792 1809 v).
2831 1757 2853 1790 ι
2887 1737 3022 1795 Vel:
3048 1736 3287 1794 extendit
3306 1754 3501 1827 manus
3525 1737 3658 1792 dum

347 1827 553 1884 circulo
577 1825 684 1882 diei
714 1827 1122 1883 resurrectionis
1155 1829 1408 1893 occurrit,
1455 1845 1615 1900 quem
1639 1827 1693 1882 in
1715 1844 1955 1900 sequen-
1977 1823 2021 1827 ”
2061 1843 2121 1883 se
2151 1828 2205 1882 in
2235 1836 2448 1884 secreto
2476 1827 2811 1885 orationibus
2840 1834 3090 1894 exercet;
3135 1823 3415 1883 descendit
3473 1836 3661 1882 autem

346 1916 492 1970 tibus
522 1923 781 1972 octavum
808 1916 1072 1982 nominat,
1106 1915 1232 1988 quia
1279 1916 1550 1987 prioribus
1578 1933 1680 1988 per
1699 1925 1954 1988 septena-
2055 1915 2186 1971 dum
2224 1915 2416 1973 iterum
2474 1915 2546 1972 ad
2594 1933 2691 1972 sua
2753 1914 2895 1972 facta
2964 1915 3305 1972 discutienda
3348 1916 3655 1973 revertitur.

347 2005 484 2060 rium
501 2005 804 2075 absumptis
828 2005 944 2074 ipse
965 2013 1046 2059 est
1067 2005 1327 2076 septenis,
1377 2013 1430 2060 et
1461 2004 1518 2060 ﬁt
1555 2005 1702 2061 idem
1746 2005 1955 2077 primus
2059 2025 2082 2056 α
2118 2005 2359 2079 Ingressi
2388 2014 2571 2063 autem
2604 2007 2823 2077 Moyses
2852 2013 2906 2060 et
2943 2007 3148 2071 Aaron,
3199 2022 3374 2079 usque
3419 2006 3656 2078 egressi,

346 2101 398 2150 et
427 2103 668 2149 octavus.
706 2115 729 2145 ι
757 2093 855 2148 Die
884 2109 947 2148 ac
975 2102 1131 2149 nocte
1166 2094 1474 2161 manebitis,
1511 2116 1532 2145 »
1563 2103 1615 2150 et
1645 2095 1872 2166 reliqua.
1895 2094 1956 2152 Id
2054 2093 2741 2166 benedixeruntpOpulum.
2767 2116 2790 2144 ι
2815 2095 3016 2150 Coram
3038 2093 3254 2150 Domini
3285 2093 3480 2161 oculis,
3527 2110 3660 2166 qua-

345 2191 428 2239 est
455 2182 510 2236 in
539 2181 818 2252 prosperis
846 2190 900 2236 et
929 2182 1139 2254 asperis
1166 2181 1223 2238 in
1272 2183 1563 2251 Ecclesia;
1599 2183 1954 2240 observantes
2053 2182 2100 2238 si
2145 2183 2202 2238 in
2245 2200 2494 2257 egressu,
2542 2184 2596 2239 in
2641 2191 2854 2239 secreto
2905 2182 3082 2238 oratio
3129 2181 3407 2238 fundenda
3452 2191 3556 2248 est,
3601 2191 3663 2238 ut

345 2271 644 2338 custodias,
677 2279 728 2326 et
760 2271 1010 2344 reliqua:
1044 2271 1387 2328 intendentes
1407 2273 1526 2343 ejus
1564 2274 1834 2330 mandatis
1897 2280 1955 2329 ut
2052 2271 2180 2328 inde
2209 2274 2365 2344 quasi
2393 2273 2448 2329 in
2484 2289 2714 2347 egressu
2762 2271 3070 2328 benedictio
3116 2271 3465 2342 suscipiatur.
3514 2273 3655 2326 Pau-

343 2361 452 2417 vita
499 2368 700 2418 eterna
751 2358 904 2435 digni
946 2359 1273 2418 eﬁiciamini.

959 2590 1186 2648 CAPUT
1245 2589 1341 2645 IX.

413 2771 437 2801 ι
473 2749 638 2807 Facto
667 2756 858 2806 octavo
888 2749 998 2819 die,
1035 2769 1058 2798 ι
1091 2756 1146 2805 et
1173 2748 1402 2821 reliqua.
1435 2749 1495 2804 In
1525 2748 1614 2804 die
1633 2747 1778 2804 enim
1799 2748 1948 2803 Pen-

337 2847 571 2896 tecostes
601 2839 866 2895 credendi
897 2845 1022 2894 sunt
1065 2839 1297 2908 apostoli
1345 2837 1645 2894 ministeria
1706 2837 1949 2908 corporis

333 2928 532 2984 ChriSti
561 2928 895 2996 celebrasse,
931 2928 1037 2984 hoc
1068 2936 1152 2982 est
1180 2928 1408 2983 vitulum
1427 2927 1766 2983 immolasse.
1792 2926 1948 2982 Aries

330 3015 388 3071 in
419 3017 817 3083 holocaustum,
848 3017 917 3071 ad
938 3016 1120 3087 ipsum
1152 3016 1406 3086 pertinet,
1440 3016 1564 3088 quia
1594 3015 1702 3070 dux
1733 3015 1943 3087 gregis,

330 3114 384 3162 et
415 3113 523 3161 tota
554 3106 736 3177 passio
765 3105 885 3174 ejus
917 3105 1016 3160 Dei
1049 3105 1459 3175 dispensatione
1506 3112 1631 3160 acta
1687 3111 1788 3159 est.
1823 3103 1942 3158 Filii
1972 3129 2022 3193 α

331 3195 500 3249 Israel
531 3195 725 3266 quibus
753 3193 1050 3264 imponitur
1080 3192 1269 3249 ﬁdeles
1301 3201 1443 3259 sunt,
1496 3192 1588 3264 qui
1633 3208 1754 3249 cum
1803 3208 1940 3264 apo-

226 3271 230 3275 ’
331 3283 484 3338 stolis
515 3281 747 3337 fuerunt.
781 3283 923 3336 Nam
953 3289 1169 3337 centum
1198 3289 1252 3336 et
1281 3282 1471 3354 viginti
1514 3281 1588 3336 ibi
1643 3280 1812 3338 fuisse
1859 3281 1941 3336 di-

329 3379 543 3428 cuntur.
589 3370 911 3427 Obtulerunt
971 3370 1204 3437 hircum,
1270 3371 1356 3426 vel
1419 3370 1618 3426 Christi
1670 3370 1941 3442 passionis

325 3459 560 3532 gloriam
592 3459 968 3530 praedicantes,
1003 3459 1096 3531 qui
1126 3475 1224 3530 pro
1243 3460 1478 3530 peccatis
1499 3460 1704 3516 nostris
1721 3460 1938 3516 oblatus

328 3556 444 3615 est;
480 3549 566 3604 vel
604 3547 728 3620 quia
759 3549 952 3603 Petrus
985 3547 1180 3604 eadem
1213 3549 1300 3603 die
1331 3549 1652 3620 praedicavit
1669 3549 1940 3620 poeniten-

328 3636 476 3692 tiam.
523 3640 739 3710 Agnum
769 3637 1114 3694 innocentem
1161 3638 1406 3694 viventes
1464 3637 1529 3711 [Γ.
1582 3638 1711 3694 add.
1765 3637 1938 3712 recte]

328 3725 638 3782 obtulerunt
681 3745 696 3792 ;
758 3725 974 3794 bovem,
1023 3726 1077 3782 id
1135 3735 1220 3782 est
1275 3725 1440 3782 fortia
1496 3743 1666 3798 opera
1733 3725 1942 3782 fortiter

325 3831 425 3886 pro
436 3815 648 3871 Christo
667 3823 958 3882 certantes,
981 3815 1264 3882 arientem,
1288 3824 1345 3871 ut
1366 3831 1554 3886 supra.
1583 3837 1606 3867 ι
1633 3817 1694 3870 In
1721 3814 1935 3872 sacriﬁ-

328 3903 414 3960 cio
443 3904 802 3978 singulorum,
840 3924 863 3956 ι
897 3913 952 3960 et
978 3904 1206 3976 reliqua.
1241 3905 1302 3959 In
1348 3904 1577 3976 singulis
1617 3905 1941 3975 sapientiam

329 3991 571 4049 divinam
601 3993 978 4060 exhibuerunt,
1014 3993 1152 4049 sicut
1182 3993 1380 4048 dicitur
1415 4010 1430 4049 :
1467 4014 1489 4044 κ
1521 3994 1816 4064 Coeperunt
1859 3993 1940 4048 lo-

332 4081 426 4154 qui
467 4083 631 4138 variis
685 4083 906 4155 linguis,
971 4091 1134 4154 prout
1201 4082 1435 4153 Spiritus
1497 4090 1716 4137 sanctus
1776 4082 1941 4137 dabat

331 4171 514 4242 eloqui
543 4170 649 4225 illis
678 4172 941 4242 (Actxu).
980 4191 1002 4222 υ
1051 4193 1074 4222 ι
1110 4171 1283 4226 Hodie
1310 4171 1452 4225 enim
1497 4170 1779 4241 apparebit
1823 4171 1940 4227 Do-

332 4256 514 4315 minus
543 4259 720 4326 vobis,
758 4281 780 4310 »
806 4259 945 4315 sicut
974 4260 1238 4330 scriptum
1269 4267 1351 4314 est
1387 4276 1400 4313 ε
1435 4281 1456 4311 ι
1503 4259 1677 4315 factus
1725 4267 1807 4314 est
1844 4275 1940 4314 re-

335 4357 497 4420 pente
527 4349 596 4404 de
625 4349 764 4406 coelo
794 4364 981 4412 sonus,
1022 4369 1045 4398 ι
1080 4357 1184 4404 etc.
1220 4348 1404 4420 (Ibid.)
1434 4349 1498 4403 Et
1524 4355 1647 4419 post
1696 4364 1872 4420 pauca
1921 4365 1936 4403 :

339 4461 362 4489 α
398 4441 776 4509 Apparuerunt
805 4438 911 4492 illis
941 4438 1453 4509 dispertitaalinguze
1484 4438 1693 4510 (lbid.),
1718 4457 1740 4488 in
1763 4445 1815 4492 et
1831 4453 1938 4494 caa-

338 4535 454 4583 tera
483 4544 605 4599 quae
635 4535 975 4600 sequuntur:
1011 4527 1244 4598 Spiritus
1275 4535 1493 4581 sanctus
1537 4527 1680 4581 enim
1705 4528 1853 4582 Deus
1884 4534 1938 4582 et

340 4617 606 4672 Dominus
635 4625 736 4672 est.
777 4639 798 4667 ι
836 4616 1090 4689 Dixitque
1119 4617 1335 4688 Moyses
1363 4615 1641 4689 ad_Aaron
1674 4631 1690 4670 :
1724 4615 1938 4671 Accede

341 4707 411 4761 ad
437 4706 628 4773 altare,
663 4727 686 4757 ι
720 4713 775 4762 et
803 4684 1030 4778 reliqua,
1065 4721 1128 4761 ac
1145 4684 1366 4777 deiceps
1391 4726 1413 4757 ι
1441 4684 1492 4761 et
1513 4705 1807 4776 deprecare
1841 4721 1939 4775 pro

343 4803 416 4850 te.
454 4815 478 4846 ι
513 4795 756 4851 Christus
784 4811 881 4866 pro
913 4812 971 4851 se
1001 4810 1161 4852 orare
1190 4803 1241 4850 et
1291 4793 1482 4850 offerre
1523 4793 1740 4860 dicitur,
1795 4793 1940 4865 quod

344 4883 473 4941 facit
500 4901 600 4956 pro
631 4899 860 4957 corpore
893 4900 1026 4950 suo;
1059 4884 1144 4940 vel
1189 4884 1352 4939 etiam
1387 4899 1490 4954 pro
1535 4899 1593 4939 se
1642 4883 1941 4939 secundum

346 4973 734 5030 humanitatem
762 4973 978 5030 oravit:
1015 4994 1036 5022 ι
1086 4974 1267 5038 Pater,
1314 4971 1585 5044 inquiens,
1636 4971 1692 5026 in
1746 4986 1942 5026 manus

340 5071 465 5119 tuas
493 5063 818 5120 commendo
844 5062 1093 5133 spiritum
1122 5077 1302 5116 meum
1331 5059 1551 5131 (Matth.
1586 5060 1793 5132 xxvn),
1835 5081 1858 5110 ν
1889 5066 1944 5116 et

348 5151 516 5207 multa
554 5152 770 5207 similia.
820 5151 923 5206 Pro
952 5148 1154 5221 populo
1205 5157 1387 5205 autem
1434 5148 1581 5204 fideli
1631 5157 1768 5220 orat,
1815 5148 1944 5220 quia

349 5256 537 5298 eorum
567 5249 693 5295 vota
747 5239 887 5294 Patri
929 5237 1106 5304 oﬁ‘ert,
1153 5245 1206 5293 et
1253 5247 1337 5293 est
1376 5237 1650 5308 propiatio
1679 5255 1781 5309 pro
1808 5255 1943 5310 pec-

349 5331 486 5389 catis
516 5344 724 5385 eorum.
757 5327 995 5383 Vitulum
1023 5327 1232 5383 obtulit.
1267 5327 1323 5382 Si
1349 5327 1416 5382 ad
1447 5327 1716 5382 Christum
1747 5327 1942 5395 flectis,

351 5420 545 5477 obtulit
573 5434 633 5474 se
653 5433 752 5490 pro
781 5417 975 5484 nobis;
1011 5416 1057 5471 si
1084 5416 1153 5471 ad
1182 5414 1402 5487 aliquod
1431 5415 1629 5470 summi
1676 5415 1944 5486 pontificis

349 5511 676 5576 membrum,
711 5515 835 5563 tunc
851 5506 1046 5561 vitulus
1059 5504 1330 5579 signiﬁcat
1349 5505 1508 5560 fortia
1527 5521 1696 5577 Opera
1708 5522 1826 5577 quae
1845 5521 1947 5577 per

348 5600 618 5655 Christum
647 5596 940 5653 offerimus.
956 5594 1088 5665 Quae
1101 5603 1394 5665 sequuntur
1405 5595 1473 5650 de
1489 5595 1656 5650 vitulo
1677 5612 1836 5666 supra
1855 5596 1945 5650 di:

352 5695 439 5744 cta
469 5697 612 5756 sunt,
641 5686 948 5742 similiteret
963 5685 1034 5741 de
1053 5683 1387 5741 holocausto.
1410 5704 1435 5736 α
1455 5683 1676 5741 Addens
1689 5684 1746 5739 in
1773 5683 1946 5740 sariﬁa

2049 2359 2136 2416 lus
2165 2362 2312 2418 enim
2340 2362 2470 2420 dicit
2501 2378 2517 2420 :
2553 2384 2575 2413 ι
2601 2362 2926 2418 Benedictus
2950 2363 3118 2427 Deus,
3142 2361 3235 2433 qui
3251 2360 3531 2416 benedixit
3554 2377 3658 2415 nos

2050 2448 2108 2504 in
2154 2449 2301 2505 omni
2357 2449 2736 2507 benedictione
2799 2449 3064 2521 spirituali
3119 2448 3178 2504 in
3226 2448 3543 2505 coelestibus
3599 2449 3658 2504 in

2052 2537 2270 2594 Christo
2297 2539 2522 2612 (Ephes.
2554 2540 2615 2610 ι).
2656 2558 2678 2592 ο
2711 2538 2895 2594 Primo
2943 2539 3090 2593 enim
3133 2537 3282 2608 dicit,
3328 2537 3384 2592 id
3424 2546 3510 2594 est
3539 2537 3658 2594 lau-

2049 2625 2144 2681 dat
2175 2629 2369 2694 Deum,
2400 2637 2454 2684 et
2480 2627 2832 2700 postmodum
2869 2627 3052 2682 datam
3089 2634 3269 2683 narrat
3306 2626 3655 2683 benedictio-

2050 2731 2196 2771 nem.
2235 2737 2257 2767 ι
2283 2717 2656 2790 Apparuitque
2681 2716 2860 2788 gloria
2888 2715 3104 2772 Domini
3159 2734 3182 2769 ι
3233 2715 3290 2770 id
3319 2725 3403 2772 est
3451 2715 3510 2770 in
3565 2715 3655 2772 die

2049 2804 2400 2862 Pentecostes
2427 2806 2694 2862 adventus
2724 2805 2955 2878 Spiritus
2987 2803 3174 2861 sancti.
3211 2825 3235 2857 ι
3278 2807 3347 2860 Ει
3390 2821 3654 2877 egressus

2048 2891 2192 2964 ignis
2215 2909 2248 2950 a
2277 2895 2528 2964 Domino,
2557 2916 2580 2947 ι
2615 2905 2670 2951 et
2696 2896 2921 2968 reliqua.
2949 2895 3183 2967 Spiritus
3213 2903 3434 2952 sanctus
3464 2911 3496 2950 a
3536 2897 3652 2951 Deo

2047 2983 2294 3052 veniens,
2325 2993 2447 3042 vota
2476 2992 2530 3041 et
2559 2985 2831 3042 desideria
2855 2994 3169 3042 sanctorum
3198 2983 3432 3040 Domino
3461 3000 3656 3041 conse-

2048 3073 2242 3128 cravit.
2299 3095 2321 3125 ι
2375 3073 2536 3142 Quod
2581 3091 2706 3132 cum
2751 3074 3014 3130 vidissent
3056 3075 3247 3140 turbae,
3295 3072 3677 3129 laudaverunt'

2043 3162 2356 3229 Dominum,
2392 3172 2614 3220 ruentes
2658 3163 2715 3218 in
2762 3163 2929 3220 facies
2960 3181 3106 3219 suas.
3145 3181 3168 3216 υ
3221 3163 3355 3218 Cum
3383 3162 3652 3218 vidissent

2040 3250 2213 3306 Judaei
2243 3252 2474 3324 gratiam
2503 3252 2560 3307 in
2589 3253 2869 3324 apostolis,
2890 3262 2943 3308 et
2964 3253 3138 3308 verba
3165 3251 3311 3308 Petri
3341 3232 3647 3320 audissent,

2041 3348 2098 3394 ut
2124 3341 2299 3398 Lucas
2329 3341 2492 3396 refert
2520 3342 2666 3411 (Act.
2695 3342 2780 3414 ιι),
2809 3341 3121 3413 compuncti
3167 3341 3335 3397 corde
3378 3339 3641 3412 baptizati

2043 3438 2188 3497 sunt,
2221 3438 2274 3487 et
2297 3431 2562 3502 appositae
2591 3438 2716 3486 sunt
2743 3431 2940 3488 animat
2959 3430 3174 3487 circiter
3194 3438 3430 3503 quatuor
3456 3429 3648 3485 millia.

2043 3518 2202 3586 Quod
2244 3520 2459 3586 dicitur,
2515 3540 2538 3572 ε
2589 3527 2810 3575 ruentes
2851 3519 2908 3574 in
2955 3519 3125 3576 facies
3172 3535 3297 3574 suas
3328 3561 3343 3586 ,
3389 3539 3414 3570 ι
3466 3519 3652 3590 signat

2043 3623 2232 3665 eorum
2261 3609 2620 3666 humilitatem
2647 3609 2717 3665 ad
2761 3608 3137 3681 paenitendum
3179 3623 3430 3681 pronam.

2703 3823 2931 3882 CAPUT
2989 3824 3064 3880 Χ.

2111 3993 2306 4049 Nadab
2327 4001 2380 4050 et
2407 3993 2548 4050 Abiu
2577 3983 2762 4068 ignem
2789 3995 3028 4052 alienum
3057 3995 3346 4053 offerentes
3375 3995 3506 4068 igne
3559 3997 3646 4053 dl-

2040 4082 2170 4138 vino
2203 4083 2551 4139 damnantur.
2586 4084 2676 4140 Sic
2704 4085 2761 4139 in
2791 4085 3042 4141 Ecclesia
3075 4086 3260 4156 ignem
3297 4085 3506 4140 erroris
3563 4083 3649 4139 vel

2041 4171 2348 4242 cupiditatis
2379 4172 2754 4239 incendentes,
2807 4174 2993 4229 divina
3039 4175 3244 4231 ultione
3278 4174 3645 4240 condemnati,

2041 4259 2179 4316 sicut
2209 4261 2470 4331 haeretici,
2505 4270 2557 4317 et
2587 4262 2675 4318 hic
2704 4263 3240 4332 anathematizantur,
3273 4271 3327 4318 et
3363 4263 3420 4318 in
3467 4263 3646 4318 futuro

2040 4348 2257 4422 ignibus
2288 4359 2662 4406 reservantur.
2701 4373 2723 4402 α
2759 4352 3150 4408 Sanctiﬁcabor
3182 4352 3236 4407 in
3261 4352 3350 4418 iis,
3385 4373 3409 4403 ι
3444 4359 3500 4408 et
3520 4352 3647 4408 reli-

2043 4455 2166 4510 qua.
2202 4440 2318 4496 Hoc
2349 4447 2431 4494 est
2464 4456 2477 4496 :
2511 4449 2731 4496 sanctus
2760 4457 3000 4512 appareo
3041 4441 3168 4496 dum
3211 4458 3322 4497 non
3367 4449 3521 4497 recte
3550 4457 3646 4512 ap-

2041 4527 2474 4599 propinquantes
2499 4530 2646 4599 justa
2685 4529 3031 4586 damnatione
3073 4530 3287 4600 dejicio.
3343 4552 3366 4581 ι
3420 4529 3645 4586 Vocatis

2040 4626 2221 4672 autem
2251 4619 2467 4690 Moyses
2497 4619 2741 4690 Misahel,
2779 4641 2801 4669 ι
2836 4628 2888 4676 et
2918 4620 3143 4692 reliqua.
3190 4618 3418 4674 Misahel
3459 4624 3645 4675 attre-

2041 4707 2216 4762 ctatio
2267 4707 2711 4779 Dei;Elsapham
2741 4710 2845 4764 Dei
2887 4710 3180 4782 speculum
3225 4708 3646 4779 interpretatur;

2040 4796 2218 4850 Aaron
2248 4796 2351 4852 hoc
2379 4795 2500 4854 loco
2530 4804 2716 4868 typum
2764 4796 2907 4870 legis
2952 4805 3127 4871 gestat
3175 4797 3406 4862 ;Ozibel
3454 4798 3646 4852 Evan—

2042 4883 2298 4956 gelii,qui
2315 4893 2427 4941 erat
2443 4893 2665 4956 patruus
2685 4887 2891 4953 Aaron,
2939 4886 3066 4958 quia
3097 4884 3354 4941 afﬁnitate
3410 4885 3650 4957 quadam

2042 4972 2192 5027 etlex
2220 4973 2387 5028 tendit
2409 4974 2479 5028 ad
2495 4974 2875 5045 Evangelium,
2890 4983 2944 5030 et
2977 4975 3234 5047 adlegem
3247 4974 3610 5048 Evangelium
3635 4992 3648 5028 :

2043 5061 2194 5131 cujus
2237 5060 2349 5128 ﬁlii,
2400 5062 2457 5118 id
2503 5072 2587 5118 est
2638 5063 2778 5119 Novi
2825 5063 3514 5126 Testamentisectatores,
3551 5064 3643 5136 qui

2043 5159 2336 5207 attractant
2367 5153 2561 5222 Deum,
2595 5153 2650 5207 id
2680 5159 2764 5208 est
2794 5153 2951 5208 bonis
2981 5153 3238 5225 operibus
3267 5160 3538 5226 quaerunt,
3592 5159 3646 5208 et

2045 5241 2162 5310 ejus
2191 5241 2530 5310 majestatem
2563 5259 2700 5313 pura
2728 5251 2906 5298 mente
2929 5243 3292 5314 speculantur,
3327 5242 3640 5308 haereticos,

2043 5327 2100 5384 in
2129 5330 2242 5384 suis
2272 5331 2510 5401 peccatis
2557 5339 2823 5398 tacentes,
2855 5333 2926 5388 ab
2955 5333 3159 5388 unitate
3189 5331 3505 5404 propellunt
3543 5331 3650 5387 Ec-

2045 5418 2247 5474 clesiae.
2279 5420 2413 5476 Cum
2441 5419 2633 5476 tunicis
2662 5421 2841 5489 lineis,
2892 5421 3019 5494 quia
3059 5423 3381 5493 deceptores
3402 5420 3646 5492 speciem

2043 5506 2272 5564 induunt
2299 5510 2514 5581 pietatis
2545 5526 2651 5582 quo
2683 5510 2893 5568 facilius
2923 5511 3150 5583 laqueos
3194 5510 3438 5566 tendant.
3477 5532 3502 5561 ι
3552 5510 3648 5565 Ca-

2043 5597 2153 5668 pita
2181 5607 2361 5654 vestra
2389 5599 2554 5656 nolite
2582 5600 2807 5668 nudare,
2873 5621 2894 5652 ι
2957 5608 3009 5656 et
3073 5600 3299 5673 reliqua.
3365 5599 3646 5655 Christum

2044 5685 2297 5746 videlicet
2320 5703 2432 5746 non
2453 5687 2729 5758 dividatis,
2762 5687 2855 5762 qui
2883 5697 2967 5747 est
3012 5698 3171 5762 caput
3217 5687 3506 5747 Ecclesiae.
3557 5687 3644 5743 Pi-
