4002 6184
297 329 403 383 813

1263 325 1574 383 EPITOME
1611 322 1981 382 COMMENT.
2009 321 2272 380 BABANI
2306 323 2381 380 IN
2410 322 2634 379 LEVIT.

3494 325 3595 378 81‘

298 453 452 510 leum
481 452 630 524 quod
657 451 727 506 de
759 451 934 522 capite
963 457 1109 507 vetat
1125 451 1358 518 auferre,
1381 451 1687 507 humanitas
1703 449 1908 506 Christi
1926 446 1984 508 A
2011 448 2264 504 ruminat.
2292 449 2430 503 Nam
2462 447 2701 503 camelus
2748 462 2845 502 eos
2887 445 3155 518 signiﬁcat
3204 445 3315 517 qui,
3368 445 3602 502 scientes

300 551 406 611 est,
439 541 496 596 in
530 557 638 613 qua
667 541 874 595 latebat
902 540 1165 596 Divinitas
1198 557 1211 597 :
1247 540 1301 596 in
1335 541 1549 595 duabus
1581 541 1726 596 enim
1754 549 1910 596 natu-

304 631 385 686 ris
415 647 584 685 unum
601 629 924 686 conﬁtemur
940 630 1234 685 Christum.
1259 651 1281 680 ¢
1306 631 1377 686 Et
1395 629 1718 686 vestimenta
1743 631 1910 686 nolite

305 719 583 785 scindere,
621 739 644 769 ι
677 719 734 774 id
766 727 848 774 est
878 719 1142 775 Ecclesiae
1158 719 1438 774 unitatem.
1479 740 1502 769 ι
1528 721 1595 775 Et
1612 735 1776 790 super
1801 736 1911 776 om-

301 825 434 865 nem
455 815 675 874 castum,
717 826 734 859 ι
763 817 817 864 et
861 808 1093 880 reliqua.
1129 808 1285 880 Saepe
1316 825 1414 880 pro
1446 809 1688 880 peccatis
1717 809 1911 882 praela-

304 905 488 953 torum
516 897 573 952 in
604 897 881 967 subjectos
912 897 990 952 ira
1037 907 1386 968 provocatur.
1419 920 1447 951 ι
1473 899 1689 954 Fratres
1746 899 1912 955 vestri

305 985 572 1060 plangant
597 985 926 1053 incendium,
946 1007 969 1036 ι
991 993 1043 1042 et
1062 987 1290 1059 reliqua.
1332 987 1460 1043 Com
1465 988 1646 1060 passio
1659 987 1913 1043 habenda

309 1082 394 1131 est
415 1083 640 1147 propter
660 1074 1029 1146 equalitatem
1060 1084 1288 1144 naturae,
1340 1092 1449 1132 non
1478 1084 1656 1132 tamen
1688 1085 1912 1148 propter

309 1178 434 1220 eam
466 1163 610 1236 quod
640 1164 813 1234 majus
837 1171 920 1220 est
961 1164 1295 1221 violandum.
1335 1186 1357 1216 ι
1402 1165 1598 1222 Vinum
1646 1174 1702 1222 et
1749 1182 1911 1222 omne

307 1253 460 1325 quod
489 1252 761 1308 inebriare
783 1260 1009 1324 postest,
1039 1274 1062 1304 »
1098 1262 1150 1309 et
1179 1253 1410 1326 reliqua.
1445 1255 1525 1308 Illi
1545 1263 1790 1326 tempore
1811 1255 1913 1309 mi-

307 1341 523 1396 nisterii
553 1357 585 1396 a
615 1341 825 1412 poculis
855 1342 1231 1413 prohibentur,
1263 1343 1422 1398 nobis
1452 1360 1728 1415 nunquam
1777 1344 1911 1398 sub-

308 1429 470 1501 ripiat
501 1430 761 1497 ebrietas,
795 1431 924 1502 quia
953 1431 1174 1487 assidue
1203 1431 1257 1485 in
1278 1439 1466 1488 sancta
1496 1433 1912 1490 conversatione

307 1511 606 1590 persistere
649 1519 932 1575 debemus.
964 1541 986 1571 (
1038 1521 1108 1576 Ut
1153 1520 1396 1576 habeatis
1440 1521 1743 1587 scientiam,
1785 1543 1806 1572 ι
1860 1529 1914 1577 et

309 1608 542 1680 reliqua,
575 1607 630 1663 id
663 1617 764 1675 est,
798 1609 964 1664 nolite
995 1609 1216 1682 gravari
1245 1610 1489 1681 crapula,
1520 1620 1579 1666 ut
1594 1611 1912 1667 discernen—

312 1695 369 1751 di
397 1695 538 1752 inter
559 1698 766 1767 justum
800 1705 852 1754 et
897 1698 1176 1766 injustum,
1231 1696 1414 1754 ﬁctum
1459 1707 1511 1754 et
1550 1717 1759 1768 verum,
1810 1701 1913 1755 ha-

2011 537 2227 592 Domini
2257 536 2456 608 legem,
2489 536 2744 592 oneribus
2773 535 2957 591 saeculi
2989 550 3048 590 se
3089 534 3345 601 subdunt,
3398 541 3452 588 et
3498 534 3602 588 dis-

2010 627 2308 682 cretionem
2337 642 2447 681 non
2468 633 2786 697 sequuntur,
2819 623 3077 680 contrarii
3095 623 3354 694 Apostolo
3367 622 3602 678 dicenti:

2016 736 2039 766 ι
2073 716 2249 772 Nemo
2279 715 2514 770 militans
2543 717 2658 770 Deo
2687 714 2926 784 implicet
2957 729 3017 768 se
3055 713 3290 786 negotiis
3320 709 3603 767 saeculari-

2011 803 2114 860 bus
2143 805 2163 876 (
2189 806 2242 861 II
2271 805 2408 862 Tim.
2444 804 2524 874 η).
2563 824 2586 854 1
2621 801 3029 876 (Ξὴεει-οεῐνίιίαε,
3073 800 3272 856 animal
3302 801 3600 871 spinosum,

2010 894 2187 963 majus
2217 909 2378 965 quam
2409 892 2626 959 ericius,
2653 893 2871 947 tardum
2899 890 3138 962 quidem,
3177 889 3274 945 sed
3328 904 3497 959 rapax
3555 895 3610 943 et

2011 982 2256 1052 bestiale,
2287 989 2339 1038 et
2369 997 2464 1038 eos
2492 981 2746 1054 designat
2769 979 2880 1053 qui,
2915 979 3163 1051 quamvis
3191 977 3463 1034 modicam
3509 978 3606 1031 ha-

2011 1070 2178 1126 beant
2205 1070 2576 1142 capacitatem,
2612 1078 2786 1125 totum
2836 1068 2982 1140 quod
3027 1067 3335 1138 intelligunt
3382 1066 3436 1120 in
3484 1080 3607 1120 ma-

2011 1159 2124 1216 lum
2151 1167 2382 1215 vertunt.
2417 1160 2594 1230 Lepus
2640 1167 2722 1214 est
2765 1157 2963 1212 animal
3009 1157 3167 1213 velox
3211 1164 3264 1212 et
3309 1154 3602 1209 timidum:

2013 1249 2191 1320 signat
2220 1256 2499 1319 promptos
2527 1247 2595 1302 ad
2624 1247 2846 1311 malum,
2880 1247 2951 1302 ad
2979 1246 3182 1302 bonum
3229 1253 3410 1300 autem
3463 1241 3606 1298 difﬁ-

2013 1338 2164 1402 ciles,
2199 1337 2337 1392 sicut
2364 1337 2555 1402 Judmi,
2580 1337 2647 1390 ad
2682 1337 2956 1392 Christum
2997 1334 3357 1391 occidendum
3401 1331 3601 1403 parati,

2013 1426 2084 1482 ad
2106 1425 2537 1497 resipiscendum
2568 1434 2718 1480 erant
2761 1424 3064 1480 meticulosi
3113 1425 3241 1478 dum
3298 1422 3552 1478 dicebant
3585 1436 3599 1476 :

2017 1536 2040 1566 ι
2069 1515 2126 1572 Si
2154 1515 2473 1570 dimittimus
2495 1532 2638 1579 eum,
2659 1514 2736 1570 sic
2756 1513 2973 1569 venient
2993 1513 3222 1569 Romani
3243 1514 3426 1583 (Joan.
3451 1509 3555 1579 xl),
3576 1529 3599 1561 ι

2013 1611 2117 1660 etc.
2157 1626 2180 1656 ‹
2210 1605 2325 1660 Illic
2353 1605 2757 1676 trepidaverunt
2786 1604 2980 1658 timore
3008 1603 3101 1658 ubi
3139 1618 3249 1657 non
3291 1608 3408 1656 erat
3441 1599 3606 1654 timor

2013 1694 2186 1764 (Psal.
2220 1695 2336 1765 ιιι).
2375 1715 2398 1744 ι
2435 1694 2558 1760 Sus,
2590 1709 2699 1748 non
2727 1693 3025 1759 ruminans,
3077 1691 3175 1746 sed
3223 1688 3482 1762 ungulam
3521 1686 3603 1741 di-

311 1784 492 1841 beatis
523 1801 646 1842 cum
669 1787 816 1856 justo
859 1787 1064 1856 judicio
1095 1786 1393 1842 scientiam.
1432 1789 1723 1859 Apostolus
1760 1805 1904 1844 nam-
1929 1804 1984 1864 B
2015 1783 2226 1851 videns,
2258 1798 2448 1838 eorum
2479 1790 2663 1854 typum
2694 1790 2842 1838 tenet
2870 1781 2982 1852 qui,
3018 1781 3198 1852 legem
3252 1775 3468 1833 Domini
3496 1791 3608 1831 non

319 1891 425 1946 que
441 1883 625 1930 monet
649 1893 661 1929 :
691 1897 713 1926 ι
738 1875 916 1931 Nolite
932 1875 1192 1930 inebriari
1213 1875 1359 1944 vino,
1380 1884 1482 1933 etc.
1508 1878 1731 1951 (Ephes.
1761 1879 1820 1949 ν)
1845 1899 1858 1946 ;
1888 1900 1910 1931 ι

313 1962 370 2017 in
391 1979 499 2036 quo
529 1963 852 2037 intelligitur
884 1964 1269 2020 necessitatem
1318 1966 1564 2037 corporis
1602 1983 1711 2022 non
1761 1967 1918 2023 abdi-

316 2065 462 2121 care,
499 2052 591 2124 qui
620 2053 902 2108 Timotheo
931 2053 1061 2110 dicit
1087 2070 1099 2109 :
1129 2076 1150 2104 α
1177 2054 1391 2110 Modico
1411 2055 1538 2110 vino
1558 2063 1727 2122 utere,
1755 2077 1778 2108 ι
1806 2064 1912 2114 etc.

314 2140 488 2212 (Tim.
508 2141 588 2211 v),
623 2142 720 2197 sed
751 2141 1087 2209 ebrietatem,
1122 2159 1242 2215 qua:
1278 2143 1554 2200 hominem
1585 2153 1798 2202 mortuo
1829 2146 1917 2202 vel

314 2229 519 2285 amenti
551 2229 782 2285 similem
813 2230 960 2296 facit,
997 2232 1122 2303 quia
1148 2254 1170 2283 α
1198 2233 1381 2289 vinum
1433 2242 1739 2304 apotastare
1789 2233 1916 2290 facit

315 2319 482 2374 etiam
514 2320 792 2390 sapientes
821 2320 1018 2392 (Eccli.
1053 2321 1200 2392 xix).
1240 2343 1262 2374 ›
1301 2343 1324 2373 ι
1351 2321 1486 2390 Quae
1507 2322 1720 2379 locutus
1742 2334 1825 2379 est
1845 2323 1918 2380 ad

316 2423 415 2463 eos
445 2424 545 2479 per
573 2424 796 2463 manum
827 2409 1020 2482 Moysi.
1060 2431 1082 2460 ι
1119 2411 1381 2466 Dominus
1411 2412 1554 2466 enim
1599 2413 1820 2468 dictavit
1864 2422 1918 2469 et

315 2496 598 2568 pracepit,
631 2498 849 2569 Moyses
883 2498 1172 2554 scribendo
1201 2499 1621 2564 transfudit;sic
1651 2509 1703 2557 et
1724 2501 1917 2557 hacte-

320 2601 426 2640 nus
457 2585 650 2651 sancti,
683 2603 805 2657 quaa
833 2586 976 2641 intus
1007 2587 1210 2658 Spiritu
1233 2589 1507 2645 revelante
1535 2591 1913 2662 cognoverint,

316 2673 454 2730 foris
485 2673 772 2730 scribendo
800 2673 870 2730 ad
900 2674 1192 2731 multorum
1233 2677 1516 2733 utilitatem
1545 2679 1914 2750 promulgant.

317 2763 584 2834 Praecepit
612 2761 737 2819 ﬁliis
766 2765 972 2832 Aaron,
997 2764 1052 2820 id
1081 2773 1163 2822 est
1183 2766 1520 2836 doctoribus,
1554 2776 1610 2822 ut
1639 2776 1920 2824 assumant

319 2851 582 2923 mysteria
635 2869 754 2924 quae
814 2863 1192 2909 remanserunt
1250 2855 1318 2912 de
1381 2854 1647 2911 sacriﬁcio
1695 2856 1749 2910 in
1798 2857 1919 2913 loco

320 2949 524 2997 sancta
551 2941 814 2998 Ecclesia
838 2943 995 3012 juxta
1025 2943 1217 3014 altare,
1252 2943 1307 2998 in
1349 2945 1617 3000 memoria
1645 2945 1920 3016 passionis

317 3030 540 3100 Christi,
575 3039 702 3098 etc.,
733 3039 790 3087 ut
821 3048 1006 3103 supra.
1041 3033 1160 3087 Filii
1187 3040 1239 3088 et
1270 3032 1410 3099 ﬁlias,
1447 3034 1502 3090 id
1553 3043 1634 3090 est
1679 3035 1819 3090 ﬁrmi
1868 3043 1922 3091 et

318 3119 524 3174 infirmi
572 3119 764 3177 eadem
813 3120 1239 3179 sanctiﬁcatione
1302 3123 1533 3178 salvent.
1586 3124 1782 3180 Hircus
1829 3124 1921 3197 qui

320 3207 535 3264 oblatus
564 3217 647 3264 est
673 3225 774 3282 pro
803 3219 1030 3281 peccato
1063 3219 1283 3266 exustus
1304 3210 1591 3277 invenitur,
1626 3213 1753 3267 dum
1783 3229 1919 3284 pec-

320 3306 494 3366 cator,
540 3298 668 3352 dum
715 3315 844 3354 vere
883 3299 1152 3370 pmnitens
1196 3300 1252 3354 in
1296 3309 1644 3371 peccatorum
1699 3318 1924 3358 suorum

319 3394 476 3458 peste
506 3385 703 3452 finitur,
739 3388 806 3442 de
836 3405 1069 3460 quorum
1098 3388 1314 3444 interitu
1347 3391 1474 3444 dum
1525 3390 1786 3446 Dominus
1818 3392 1922 3447 do-

320 3484 505 3533 ctores
532 3476 796 3547 increpat,
830 3476 934 3546 ipsi
965 3477 1156 3534 dicunt
1190 3495 1204 3533 :
1239 3477 1520 3534 Manifesta
1547 3495 1735 3534 coram
1765 3480 1923 3534 nobis

321 3565 377 3618 in
404 3565 642 3634 peccatis
671 3564 1004 3633 ceciderunt,
1058 3565 1265 3622 idcirco
1312 3566 1685 3638 pmnitentiam
1734 3584 1924 3624 eorum

321 3653 605 3724 suscipere
634 3669 744 3709 non
773 3655 1044 3725 potuimus
1132 3656 1260 3727 quia
1291 3657 1513 3729 sanguis
1553 3673 1659 3711 non
1682 3665 1762 3711 est
1799 3657 1924 3712 illa-

321 3749 410 3796 tus
437 3741 494 3796 in
523 3750 729 3807 sancta,
766 3741 821 3796 id
851 3751 931 3798 est
971 3745 1076 3798 vita
1128 3759 1318 3799 eorum
1365 3745 1435 3800 ad
1482 3744 1775 3800 Dominum
1815 3761 1926 3802 non

320 3829 695 3886 inclinabatur.
730 3831 929 3903 Sicque
960 3831 1222 3888 Dominus
1252 3833 1446 3904 recipit
1469 3833 1918 3902 satisfactionem,

324 3935 438 3976 non
468 3919 614 3991 quod
643 3920 854 3976 laztetur
881 3921 936 3975 in
964 3921 1271 3992 perditione
1303 3922 1592 3992 malorum,
1628 3923 1725 3981 sed
1777 3924 1924 3998 quod

328 4007 502 4083 digna
531 4008 646 4066 suis
676 4008 835 4066 factis
856 4010 1143 4082 recipiunt.

950 4164 1178 4222 CAPUT
1215 4165 1312 4222 XI.

403 4328 426 4358 ι
461 4305 638 4364 Omne
668 4307 813 4379 quod
843 4307 1006 4363 habet
1034 4307 1264 4364 divisam
1293 4316 1572 4382 ungutam,
1606 4315 1662 4365 et
1691 4309 1927 4366 ruminat

321 4395 381 4451 in
410 4396 723 4467 pecoribus,
759 4397 1080 4452 comedetis.
1120 4418 1142 4448 ι
1180 4396 1552 4466 Quaerendum
1581 4413 1678 4454 cur
1706 4399 1927 4470 aliquod

326 4485 665 4540 immundum
685 4485 982 4542 decernant
999 4501 1124 4542 cum
1143 4486 1196 4540 in
1211 4486 1413 4542 Genesi
1429 4487 1641 4542 dicatur
1665 4505 1678 4542 :
1708 4509 1729 4537 ι
1754 4488 1924 4542 Erant

325 4583 525 4630 cuncta
541 4573 700 4629 valde
724 4575 868 4629 bona
885 4576 1046 4646 (Gen.
1072 4574 1134 4646 ι),
1165 4597 1186 4626 α
1214 4583 1266 4630 et
1293 4575 1359 4630 ad
1379 4576 1497 4631 Noe
1517 4576 1780 4633 Dominus
1801 4586 1924 4647 post

325 4663 718 4734 cataclysmum
747 4663 877 4718 dicit
909 4681 924 4718 :
961 4685 984 4715 «
1018 4664 1192 4718 Erunt
1219 4664 1403 4720 omnia
1433 4664 1588 4720 vobis
1636 4665 1693 4720 in
1742 4666 1922 4722 cibum

325 4751 486 4824 quasi
516 4752 664 4807 olera
695 4751 942 4807 virentia.
973 4752 1135 4824 (Gen.
1170 4753 1274 4821 xx).
1315 4774 1337 4804 ι
1371 4752 1493 4808 Νοη
1533 4753 1676 4809 enim
1704 4764 1926 4826 pr0pter

322 4840 728 4896 immunditiam
758 4849 1024 4898 creaturae
1072 4843 1325 4914 quaadam
1367 4842 1656 4913 prohibuit,
1705 4843 1803 4899 sed
1853 4844 1925 4898 ob

324 4929 632 4986 doctrinam
663 4947 822 5003 quam
843 4929 898 4984 in
927 4930 1013 4985 his
1033 4929 1223 5001 ﬁguris
1253 4931 1408 4986 nobis
1437 4933 1752 4990 reservavit.
1787 4931 1925 4988 Om-

325 5017 416 5072 nis
447 5019 591 5074 enim
622 5018 714 5091 qui
744 5019 1004 5093 ungulam
1032 5018 1206 5087 ﬁndit,
1239 5019 1292 5074 id
1320 5029 1400 5076 est
1445 5037 1569 5078 cum
1600 5022 1926 5078 discretione

329 5107 666 5178 Scripturam
700 5116 942 5164 sanctam
975 5108 1247 5182 intelligit,
1281 5117 1338 5164 ut
1370 5107 1502 5166 sciat
1523 5111 1814 5183 mysticum
1833 5129 1926 5168 se-

324 5211 524 5267 parare
557 5183 779 5252 sensum
811 5213 842 5251 a
869 5196 1068 5265 littera,
1101 5197 1240 5254 sicut
1259 5199 1510 5256 Jeremim
1538 5199 1739 5256 dicitur
1772 5219 1786 5257 :
1823 5222 1845 5252 α
1871 5201 1929 5257 Si

323 5283 671 5357 separaveris
698 5283 998 5356 pretiosum
1028 5300 1063 5340 a
1109 5285 1221 5353 vili,
1269 5286 1426 5358 quasi
1477 5302 1540 5343 os
1589 5305 1774 5344 meum
1822 5287 1928 5344 eris

328 5371 470 5443 (Jer.
502 5374 624 5446 xv).
662 5394 685 5424 ι
717 5375 786 5428 Et
815 5373 908 5446 qui
937 5374 1190 5445 ruminat,
1223 5374 1278 5429 id
1307 5383 1390 5430 est
1434 5375 1528 5447 qui
1557 5377 1778 5433 assidue
1806 5394 1928 5433 me-

324 5461 530 5518 ditatur
558 5461 615 5516 in
644 5461 767 5534 lege
802 5463 1038 5530 Domini,
1071 5463 1233 5532 hujus
1254 5465 1512 5520 utendum
1531 5473 1614 5520 est
1643 5466 1925 5537 exemplis.

327 5549 437 5620 Qui
464 5559 644 5607 autem
673 5550 905 5606 ruminat
935 5560 987 5607 et
1018 5552 1276 5623 ungulam
1323 5570 1433 5608 non
1481 5554 1691 5621 dividit,
1737 5555 1794 5610 id
1847 5562 1930 5610 est

328 5639 424 5712 qui
455 5639 584 5696 facit
614 5641 831 5696 Domini
857 5640 1192 5698 voluntatem
1222 5650 1274 5698 et
1300 5642 1440 5699 bene
1478 5659 1587 5698 non
1644 5643 1925 5714 discernit,

323 5729 661 5800 rejiciendus
691 5737 777 5786 est
807 5745 821 5786 :
855 5730 1106 5788 similiter
1131 5731 1222 5805 qui
1251 5731 1516 5805 ungulam
1553 5731 1707 5789 ﬁndit
1735 5741 1790 5790 et
1819 5749 1932 5790 non

2015 1879 2334 1938 scrutantes,
2367 1871 2531 1926 vitam
2560 1871 2765 1928 ducunt
2794 1869 3145 1925 immundam.
3183 1889 3205 1918 ¢
3240 1868 3444 1922 Horum
3474 1881 3603 1921 car-

2013 1961 2174 2016 nibus
2204 1977 2314 2016 non
2342 1959 2659 2026 vescemini,
2697 1980 2720 2010 »
2756 1966 2806 2014 et
2835 1958 3064 2030 reliqua.
3091 1959 3170 2013 Ac
3191 1957 3237 2010 si
3265 1955 3602 2027 proclamet:

2014 2050 2220 2105 Talium
2248 2049 2526 2104 simulatas
2555 2049 2782 2106 virtutes
2812 2065 2921 2103 non
2951 2046 3234 2101 imitamini
3267 2052 3320 2100 et
3350 2043 3607 2114 operibus

2013 2139 2174 2194 morti
2205 2137 2452 2193 obnoxiis
2482 2154 2590 2193 non
2622 2136 3055 2193 communicatis.
3093 2158 3115 2187 ι
3153 2134 3327 2190 Omne
3345 2133 3491 2205 quod
3512 2133 3607 2186 ha-

2016 2226 2107 2282 bet
2134 2227 2388 2298 pinnulas
2418 2233 2471 2281 et
2501 2243 2756 2298 squamas
2786 2224 3103 2281 comedetis.
3145 2244 3167 2273 ι
3203 2223 3308 2292 Qui
3339 2237 3463 2277 cum
3511 2235 3608 2276 re-

2014 2315 2123 2370 nati
2154 2315 2209 2369 in
2252 2315 2549 2386 baSptismo
2596 2313 2873 2370 caelestem
2921 2319 3202 2368 sectantur
3239 2308 3612 2366 conversatio-

2015 2421 2161 2474 nem,
2193 2411 2247 2460 et
2271 2412 2478 2459 tantum
2534 2402 2833 2459 levioribus
2880 2400 3120 2473 peccatis
3149 2407 3373 2470 propter
3400 2396 3611 2470 fragili-

2013 2499 2178 2548 tatem
2207 2493 2390 2549 carnis
2433 2492 2798 2561 involvuntur,
2855 2507 3046 2546 eorum
3095 2489 3341 2559 exempla
3414 2501 3612 2558 sequa-

2013 2582 2150 2637 mini
2181 2600 2196 2650 ;
2228 2582 2320 2654 qui
2351 2581 2434 2637 his
2464 2596 2573 2636 non
2604 2588 2842 2649 utuntur,
2876 2580 2975 2634 sed
2996 2577 3340 2652 gravioribus
3383 2575 3612 2645 subjecti

2018 2678 2142 2726 sunt
2169 2671 2428 2743 peccatis,
2457 2678 2511 2727 et
2530 2685 2770 2742 superna
2797 2677 3054 2742 appetere
3070 2667 3338 2736 nesciunt,
3360 2665 3614 2736 rejicien-

2016 2767 2131 2816 tur.

2093 2905 2116 2935 ι
2153 2883 2282 2939 Haac
2301 2889 2567 2954 suntquae
2587 2882 2655 2938 de
2676 2883 2866 2938 avibus
2889 2881 3178 2939 comedere
3195 2897 3306 2937 non
3325 2880 3556 2939 debetis.
3589 2902 3612 2934 ι

2017 2972 2142 3027 Non
2171 2972 2243 3026 ita
2272 2972 2341 3028 de
2378 2971 2569 3026 avibus
2613 2971 2845 3028 vitandis
2895 2973 3184 3043 quamdam
3231 2972 3617 3028 discretionem

2018 3061 2298 3132 proposuit
2328 3061 2465 3118 sicut
2496 3062 2564 3117 de
2596 3061 2992 3132 superioribus,
3027 3062 3124 3117 sed
3153 3061 3474 3117 nominatim
3522 3077 3615 3116 ex-

1951 3170 2000 3233 α
2021 3151 2242 3221 pressit,
2275 3151 2398 3222 quia
2429 3151 2582 3205 multi
2614 3149 2892 3206 cmlestem
2923 3151 3216 3206 metiuntur
3245 3149 3616 3208 conversatio-

2023 3255 2170 3308 nem,
2195 3247 2248 3294 et
2284 3240 2408 3295 ideo
2435 3239 2493 3294 in
2522 3240 2688 3296 variis
2703 3249 3112 3313 cognoscuntur
3141 3240 3447 3311 speciebus.
3481 3239 3624 3310 Gry-

2024 3330 2162 3400 phes
2191 3327 2392 3383 animal
2423 3337 2504 3383 est
2534 3337 2831 3400 pennatum
2853 3337 2906 3384 et
2939 3331 3248 3401 quadrupes
3283 3346 3294 3386 :
3328 3331 3432 3386 hoc
3453 3346 3627 3403 genus

2025 3415 2266 3472 ferarum
2295 3417 2351 3474 in
2382 3418 2742 3488 hyperboreis
2772 3419 3015 3473 nascitur
3046 3419 3341 3486 montibus,
3366 3419 3456 3490 qui
3474 3425 3630 3490 parte

2025 3506 2276 3577 corporis
2317 3506 2508 3560 leones
2555 3515 2699 3572 sunt,
2743 3507 2846 3560 alis
2891 3516 2944 3562 et
2972 3507 3114 3563 facie
3157 3508 3350 3580 aquilis
3393 3508 3624 3574 similes,

2025 3595 2178 3666 equis
2224 3595 2578 3650 vehementer
2623 3595 2850 3649 infesti:
2898 3596 3148 3652 homines
3209 3597 3358 3652 visos
3413 3597 3631 3652 discer-

2025 3692 2178 3755 punt.
2212 3683 2525 3753 Haliaeetus,
2560 3683 2754 3738 similis
2792 3684 3009 3755 aquilae,
3056 3685 3230 3753 major
3273 3685 3411 3754 avis,
3447 3693 3632 3740 tamen

2024 3773 2206 3828 minor
2235 3771 2464 3828 vulture.
2498 3772 2696 3844 Aquila
2726 3781 2903 3827 autem
2935 3780 2989 3828 et
3027 3775 3269 3846 gryphes
3300 3781 3353 3830 et
3402 3773 3627 3828 haliaee-

2026 3870 2132 3932 tus,
2164 3861 2218 3916 id
2247 3869 2350 3932 est,
2384 3861 2633 3932 quamvis
2660 3861 2864 3931 volent,
2897 3869 3079 3917 tamen
3122 3861 3405 3934 rapacitati
3444 3862 3634 3918 deser-

2025 3951 2176 4007 viunt
2208 3969 2222 4017 ;
2259 3949 2336 4006 sic
2367 3951 2589 4021 quidam
2620 3949 2939 4006 simulantes
2971 3968 3031 4006 se
3060 3950 3116 4007 in
3174 3950 3630 4022 contemplatione

2025 4039 2230 4106 vivere,
2265 4037 2474 4095 lucrum
2496 4048 2754 4111 appetunt
2770 4040 3089 4112 iniquitatis.
3114 4041 3308 4098 Vultur
3334 4049 3629 4114 strageoc-

2025 4127 2267 4184 cisorum
2296 4128 2613 4195 delectatur,
2639 4137 2691 4184 et
2721 4146 2817 4185 eos
2834 4130 3089 4202 designat
3110 4130 3202 4202 qui
3223 4130 3522 4186 discordias
3541 4146 3628 4186 se-

2024 4217 2232 4271 minant
2260 4225 2316 4274 et
2356 4218 2794 4274 contentionibus
2843 4219 3176 4276 deserviunt.
3223 4220 3420 4276 Milvus
3474 4218 3627 4276 circa

2026 4305 2222 4361 domus
2251 4308 2498 4377 praedam
2525 4308 2657 4380 agit,
2692 4325 2881 4364 eorum
2913 4318 3096 4380 typum
3130 4317 3319 4364 tenens
3354 4329 3376 4358 ι
3402 4307 3495 4380 qui
3526 4307 3625 4363 cir-

2026 4403 2282 4451 cumeunt
2295 4396 2569 4461 domus,et
2582 4396 2822 4468 captivas
2839 4397 3043 4452 ducunt
3053 4397 3405 4453 mulierculas
3421 4411 3620 4452 onera-

2028 4491 2112 4538 tas
2124 4485 2454 4554 peccatis(II
2466 4487 2600 4542 Tim.
2626 4486 2731 4556 ιιι).
2751 4508 2774 4538 ι
2791 4487 3001 4542 Corvus
3017 4487 3069 4540 in
3094 4502 3294 4559 genere
3323 4502 3422 4541 suo
3445 4486 3628 4559 nigre-

1949 4533 2007 4597 D
2024 4533 2206 4628 dinam
2225 4533 2522 4629 inﬁdelium
2545 4575 2600 4630 in
2621 4533 2861 4645 peccatis
2888 4533 3159 4647 designgt.
3201 4575 3464 4642 Struthio,
3492 4533 3620 4646 Sen-

2017 4677 2118 4717 nas
2131 4663 2486 4730 habens,'non
2498 4664 2663 4728 volat,
2680 4672 2732 4718 et
2751 4680 2847 4720 eos
2859 4665 3113 4734 designat
3131 4665 3231 4736 qui
3246 4665 3428 4736 specie
3461 4671 3620 4721 tenus

2023 4751 2223 4807 bonam
2237 4751 2490 4807 simulant
2505 4752 2795 4819 actionem,
2815 4761 2868 4807 et
2885 4762 3064 4808 tamen
3088 4755 3322 4809 terrenis
3351 4753 3620 4810 inhaerent

2023 4840 2332 4896 desideriis.
2354 4841 2584 4906 Noctua,
2594 4857 2713 4912 quia
2734 4840 2789 4895 in
2809 4841 3044 4896 tenebris
3062 4841 3207 4898 clare
3225 4842 3410 4899 videre
3421 4850 3618 4913 potest,

2025 4945 2133 4984 non
2155 4938 2335 4984 autem
2352 4937 2472 4984 orto
2493 4929 2628 4995 sole,
2655 4929 2791 4986 sicut
2808 4929 2864 4983 hi
2882 4929 2973 5002 qui
2990 4930 3278 4987 manifeste
3306 4939 3535 5002 peccant
3567 4940 3620 4988 et

2024 5018 2310 5090 Evangelii
2339 5019 2522 5074 lumen
2551 5018 2802 5089 accipere
2832 5019 3099 5075 nesciunt.
3119 5020 3292 5075 Larus
3314 5028 3366 5076 et
3385 5020 3440 5076 in
3463 5022 3620 5094 aquis

2027 5115 2079 5162 et
2103 5115 2254 5162 extra
2281 5124 2475 5179 aquam
2501 5116 2878 5175 conversatur,
2913 5124 3007 5165 eos
3036 5109 3335 5183 designans
3382 5111 3474 5183 qui
3523 5111 3622 5168 ba-

2026 5197 2222 5268 ptisma
2251 5204 2305 5252 et
2332 5197 2805 5253 circumcisionem
2834 5215 2989 5269 aeque
3017 5199 3306 5270 accipiunt.
3341 5201 3618 5273 Accipiter

2021 5284 2172 5354 juxta
2201 5302 2376 5358 genus
2405 5303 2584 5354 suum,
2617 5286 2771 5355 cujus
2809 5303 3008 5357 genera
3037 5289 3241 5344 Plinius
3271 5290 3512 5346 sedecim
3541 5289 3624 5344 di-

2028 5374 2120 5441 cit,
2155 5375 2246 5446 qui
2275 5374 2622 5431 mansueﬁeri
2653 5376 2811 5442 solet,
2845 5376 2942 5431 sed
2972 5377 3176 5448 rapinis
3197 5381 3419 5450 gaudet,
3443 5388 3496 5434 et
3515 5379 3622 5432 illis

2029 5464 2360 5519 assimilatur
2391 5485 2413 5515 ι
2447 5464 2561 5535 qui,
2595 5464 2734 5520 sicut
2762 5466 3026 5522 Dominus
3071 5468 3198 5523 dicit
3229 5467 3449 5539 (Matth.
3497 5466 3616 5536 vn),

2030 5553 2252 5608 veniunt
2296 5553 2353 5607 in
2397 5553 2732 5610 vestimentis
2781 5554 3003 5622 ovium,
3050 5555 3376 5611 intrinsecus
3436 5561 3620 5609 autem

2030 5651 2154 5697 sunt
2180 5641 2290 5712 lupi
2311 5657 2558 5714 rapaces.
2591 5664 2611 5694 ι
2639 5644 2810 5711 Bubo,
2829 5652 2887 5699 ut
2917 5645 3120 5700 Plinius
3137 5643 3284 5712 dicit,
3315 5659 3370 5698 1n
3396 5643 3630 5698 urbibus:

2028 5746 2120 5795 aut
2146 5737 2367 5796 omnino
2395 5739 2454 5797 in
2481 5739 2602 5798 luce
2635 5740 2806 5810 visus,
2838 5740 3018 5796 dirum
3063 5747 3344 5796 ostensum
3391 5748 3494 5812 est,
3526 5741 3622 5814 qui
