4002 6184
430 271 535 325 815

1046 261 1450 318 WALAFRIDI
1479 259 1723 316 STRABI
1752 259 1954 319 πω.
1984 256 2158 314 MON.
2191 256 2344 315 OPP.
2384 259 2562 316 PARS
2591 259 2633 314 Ι.
2673 287 2737 303 -
2765 256 3238 315 THEOLOGICA.

3618 265 3718 318 816

430 391 650 466 quando
678 395 895 462 pastum
925 386 1135 460 quaerit,
1161 402 1282 442 eum
1332 385 1506 440 innuit
1553 385 1644 458 qui
1682 384 1738 440 in
1781 382 2092 445 tenebrisA
2120 391 2228 440 tem
2257 399 2475 455 semper
2493 383 2728 452 laborat,
2749 383 3127 439 eosdenotans
3156 383 3248 455 qui
3268 383 3565 457 ingluviem
3578 402 3716 442 ven-

431 488 776 554 peccatorum
822 483 1070 533 versatur
1115 482 1168 530 et
1213 474 1471 546 pascitur.
1521 474 1818 547 Mergulus,
1867 474 2025 547 nigra

428 571 566 636 avis,
599 567 796 639 mergit
825 582 886 621 se
943 564 1044 619 sub
1066 579 1236 635 aquas
1256 563 1439 634 pisces
1462 579 1726 635 quaerere.
1759 562 2021 618 Dubfusal

430 659 518 716 vel
545 656 742 713 alacfra
761 655 848 711 vel
878 661 934 708 tu
963 651 1062 707 afri
1090 661 1114 688 δ
1145 668 1240 708 eos
1269 651 1522 723 designat
1550 651 1641 724 qui
1668 651 1724 706 in
1755 651 2025 723 baptismo

429 746 604 804 renati
633 752 774 814 sunt,
807 742 907 800 sed
955 740 1140 796 infima
1183 741 1458 797 desideria
1505 747 1765 812 appetunt
1811 740 2017 797 mundi.

430 836 568 902 Ibin,
601 834 716 890 avis
745 833 800 887 in
827 829 1008 887 Africa
1038 830 1263 902 longum
1301 838 1536 886 rostrum
1581 829 1810 884 habens.
1861 830 2022 885 Jose-

424 925 565 997 phus
595 940 609 978 :
634 921 744 978 Ibis
773 928 855 976 est
875 919 1079 975 animal
1106 919 1448 990 serpentibus
1469 917 1747 973 inimicum
1771 936 1786 984 ;
1809 916 2024 990 fugiunt

424 1013 569 1069 enim
599 1011 678 1067 eis
726 1008 1141 1066 advenientibus
1190 1016 1243 1064 et
1291 1024 1351 1063 se
1399 1007 1578 1063 celare
1619 1006 1825 1076 volunt,
1875 1005 2023 1062 velut

427 1102 555 1156 ﬂatu
603 1114 891 1156 cervorum
929 1097 1165 1168 abreptae
1228 1097 1605 1152 devorantur:
1663 1094 1783 1150 ibes
1839 1103 2022 1152 autem

422 1190 580 1246 valde
618 1195 745 1243 sunt
791 1193 1089 1242 mansuetae
1104 1185 1160 1239 in
1206 1201 1429 1258 genere,
1477 1191 1659 1241 tamen
1706 1184 2020 1257 serpentino

423 1279 654 1336 feroces.
688 1276 890 1332 Plinius
923 1291 935 1331 :
969 1275 1230 1330 Invocant
1259 1282 1312 1330 et
1340 1274 1562 1346 Egyptii
1583 1275 1700 1331 ibes
1731 1291 1855 1331 suas
1883 1289 2019 1330 con-

417 1375 507 1423 tra
537 1364 870 1437 serpentium
902 1363 1214 1429 adventum,
1250 1371 1303 1418 et
1335 1362 1455 1418 Elei
1511 1364 1854 1438 Musagorem
1883 1363 2016 1435 [Al.,

422 1453 728 1528 Myiagron]
759 1454 940 1523 deum,
973 1467 1280 1508 muscarum
1300 1451 1639 1508 multitudine
1659 1451 2022 1524 pestilentiam

429 1545 712 1611 aﬂ'erente,
747 1558 866 1615 quae
894 1541 1145 1613 protinus
1173 1542 1443 1597 intereunt
1481 1557 1642 1613 quam
1689 1543 1895 1597 litatum
1943 1548 2025 1597 est

425 1635 474 1691 ei
505 1635 629 1690 deo.
665 1633 884 1704 Cygnus
915 1639 969 1686 et
996 1629 1360 1697 onocrotalus,
1396 1647 1516 1701 quae
1554 1631 1786 1686 sonitum
1817 1629 2022 1686 faciunt

417 1725 474 1779 in
495 1738 655 1796 aqua,
690 1729 814 1776 sunt
844 1720 880 1774 ii
911 1719 1004 1791 qui
1033 1720 1088 1773 in
1119 1718 1299 1790 quiete
1327 1719 1490 1774 vitam
1520 1719 1718 1776 ducere
1735 1719 2002 1790 nesciunt,
2030 1743 2085 1804 B

421 1813 548 1869 licet
595 1810 702 1866 sint
743 1809 801 1863 in
845 1808 1119 1878 baptismo
1163 1807 1427 1862 mundati.
1479 1808 1685 1863 Plinius
1739 1824 1870 1864 vero
1899 1808 2015 1864 ita:

425 1899 655 1956 Olorum
679 1896 1085 1952 similitudinem
1114 1896 1414 1952 onocrotali
1444 1896 1664 1962 habent,
1689 1911 1792 1954 nec
1813 1897 2018 1953 distare

424 1989 822 2046 aestimarentur
868 1984 1108 2054 omnino,
1159 1983 1265 2038 nisi
1310 1983 1553 2040 faucibus
1599 1984 1771 2056 ipsius
1817 1985 2018 2041 inesset

423 2077 644 2133 alterius
689 2072 830 2130 uteri
901 2089 1096 2146 genus.
1164 2073 1280 2127 Huc
1327 2072 1506 2127 omnia
1544 2071 1870 2144 inexplebile
1901 2074 2018 2129 ani-

423 2164 536 2221 mal
591 2161 858 2234 congerit,
920 2161 1062 2216 mira
1115 2167 1174 2214 ut
1201 2159 1270 2214 sit
1302 2159 1598 2232 capacitas.
1620 2163 1742 2216 Mox
1771 2161 2017 2232 perfecta

422 2255 609 2327 rapina
637 2251 842 2308 sensim
874 2249 929 2304 in
984 2265 1046 2305 os
1073 2249 1300 2318 reddita,
1323 2249 1380 2303 in
1417 2265 1605 2304 veram
1632 2249 1811 2306 alvum
1840 2251 2016 2306 rumi-

420 2342 598 2399 nantis
625 2355 776 2395 more
802 2337 986 2394 refert.
1020 2337 1197 2394 Gallia
1216 2339 1315 2392 hos
1338 2337 1757 2409 Septentrionali
1769 2340 2016 2410 proxima

422 2431 642 2489 Oceano
672 2427 850 2482 mittit.
883 2425 1205 2498 Porphyrio,
1239 2426 1541 2481 secundum
1579 2427 1830 2494 Plinium,
1865 2428 2014 2484 solus

420 2537 609 2577 morsu
637 2517 792 2584 bibit,
828 2516 882 2571 id
913 2523 992 2571 est
1024 2514 1250 2586 preprio
1298 2531 1520 2587 genere,
1567 2530 1785 2572 omnem
1832 2517 2013 2572 cibum

418 2625 562 2683 aqua
593 2605 823 2662 subinde
871 2605 1148 2677 tinguens,
1202 2604 1399 2659 deinde
1445 2604 1587 2675 pede
1635 2606 1706 2660 ad
1753 2613 2010 2674 rostrum,

416 2697 582 2756 veluti
609 2712 794 2760 manu,
829 2692 1084 2748 efferens.
1118 2692 1377 2761 Herodio,
1410 2692 1573 2760 falco,
1623 2693 1692 2748 de
1733 2693 1827 2749 illo
1875 2695 2014 2751 sicut

417 2789 487 2844 de
517 2784 775 2856 accipitre
806 2782 1021 2838 dicitur.
1057 2781 1356 2836 Caradrion
1383 2780 1600 2852 quidam
1631 2782 1818 2838 dicunt
1868 2784 2014 2840 lera-

417 2879 543 2935 cha.
574 2876 788 2945 Upupa,
821 2871 937 2927 sive
969 2886 1163 2941 opopa,
1216 2885 1338 2940 quae
1380 2868 1611 2925 aedificat
1647 2869 1703 2924 in
1749 2872 2012 2927 stercori-

416 2967 520 3022 bus
548 2962 915 3035 gemitumque
945 2960 1001 3014 in
1043 2966 1204 3014 cantu
1250 2958 1479 3025 simulat,
1534 2974 1724 3013 eorum
1771 2959 2011 3029 speciem

415 3063 608 3110 tenens
638 3051 748 3122 qui,
781 3047 1009 3104 terrenis
1037 3047 1382 3112 inhmrentes,
1415 3046 1632 3101 tristitia
1681 3048 1868 3104 saeculi
1912 3066 2007 3120 pe-

2126 473 2223 527 tris
2253 481 2571 545 sequuntur,
2606 481 2659 529 et
2692 493 2714 523 ι
2751 487 2983 543 quorum
3011 474 3161 528 Deus
3199 481 3389 528 venter
3427 482 3509 529 est
3549 477 3716 547 (Phil.

2124 561 2229 634 in).
2258 582 2280 613 ι
2315 563 2397 618 De
2426 561 2698 618 crocodilo
2724 561 2851 616 dicit
2880 561 3086 616 Plinius
3119 577 3132 618 :
3166 562 3515 618 Crocodilum
3559 564 3719 621 habet

2122 650 2297 720 Nilus,
2332 651 2643 722 quadrupes
2672 649 2892 717 malum,
2927 658 2980 706 et
3003 658 3142 706 terra
3163 651 3369 721 pariter
3396 668 3460 707 ac
3499 651 3715 709 ﬂumine

2123 739 2398 795 infestum.
2431 741 2609 796 Unum
2629 740 2735 795 hoc
2765 739 2966 794 animal
2995 747 3254 796 terrestre
3282 740 3485 812 linguae
3503 757 3608 796 usu
3633 758 3718 796 ca-

2123 836 2226 884 ret.
2261 829 2439 884 Unum
2469 827 2737 899 superiori
2774 827 2962 884 mobili
3009 829 3228 884 maxilia
3271 829 3529 900 imprimit
3574 845 3716 886 mor-

2123 933 2263 985 sum,
2297 916 2431 972 alias
2457 915 2681 972 terribili
2731 915 2829 989 [aL
2876 912 3216 990 terribilem],
3258 918 3579 988 pectinatim
3622 918 3719 974 sti-

2120 1013 2286 1076 pante
2324 1022 2384 1062 se
2422 1005 2666 1062 dentium
2715 1004 2878 1060 serie.
2925 1005 3298 1078 Magnitudine
3347 1008 3564 1063 excedit
3601 1007 3718 1078 ple-

2121 1110 2348 1166 rumque
2396 1093 2767 1164 duodeviginti
2795 1093 3026 1150 cubitos.
3058 1095 3202 1150 Parit
3233 1111 3334 1151 ova
3365 1103 3573 1167 quanta
3630 1111 3721 1152 an-

2120 1198 2290 1238 seres.
2322 1182 2609 1255 Unguibus
2637 1191 2820 1239 autem
2839 1191 3074 1238 armatus
3094 1192 3182 1239 est
3206 1192 3395 1240 contra
3423 1201 3620 1240 omnes
3650 1184 3722 1241 ic-

2121 1278 2206 1326 tus
2237 1279 2358 1327 cute
2388 1270 2608 1327 invicta.
2642 1271 2772 1326 Dies
2801 1272 2857 1326 in
2879 1281 3022 1328 terra
3050 1273 3179 1346 agit,
3217 1283 3407 1330 noctes
3438 1273 3493 1328 in
3554 1288 3717 1346 aqua.

2120 1361 2324 1416 Eorum
2354 1360 2495 1433 gerit
2524 1357 2755 1431 ﬁguram
2782 1360 2875 1432 qui
2904 1377 2970 1416 ex
3000 1362 3146 1416 omni
3174 1371 3325 1433 parte
3367 1363 3577 1419 saevitia
3623 1380 3720 1419 ve-

2121 1448 2367 1518 stiuntur,
2402 1464 2634 1521 quorum
2665 1449 2917 1504 duritiam
2941 1449 3109 1506 divini
3141 1450 3304 1504 Verbi
3340 1451 3587 1520 jaculum
3616 1467 3721 1508 nou

2120 1545 2388 1608 penetrat,
2420 1545 2547 1602 etc.,
2583 1554 2705 1610 quae
2733 1536 2910 1593 forma
2940 1538 3097 1607 hujus
3135 1539 3323 1594 bestiae
3351 1540 3712 1597 demonstrat.

2121 1625 2465 1683 Cliamelaeon
2493 1642 2603 1682 non
2637 1627 2798 1682 habet
2838 1644 3007 1682 unum
3054 1627 3315 1698 colorem,
3362 1629 3460 1682 sed
3502 1629 3722 1686 diversa

2119 1722 2202 1771 est
2240 1715 2497 1770 varietate
2545 1731 2878 1786 conspersus
2921 1724 2979 1770 ut
3025 1716 3247 1786 pardus.
3293 1717 3481 1773 Dictus
3540 1727 3722 1774 autem

2119 1803 2216 1872 ita,
2247 1804 2391 1876 quod
2418 1804 2577 1873 hujus
2606 1803 3010 1861 chamelaaontis
3050 1805 3434 1876 corpusculum
3465 1806 3535 1861 ad
3569 1807 3722 1863 colo-

2118 1908 2211 1948 res
2257 1891 2508 1949 diversos
2555 1892 2816 1948 facillima
2857 1893 3213 1950 conversione
3261 1895 3524 1962 variatur,
3577 1895 3720 1968 quod

2117 1980 2344 2036 aliorum
2375 1980 2692 2036 animalium
2720 1997 2830 2036 non
2860 1989 2942 2036 est
2970 1981 3073 2036 ista
3094 1981 3162 2038 ad
3190 1983 3615 2039 conversionem
3635 1984 3718 2040 fa-

2117 2069 2237 2125 cilis
2265 2069 2623 2142 corpulentia.
2657 2069 2938 2143 Significat
2967 2080 3144 2127 autem
3193 2072 3495 2140 instabiles,
3531 2073 3631 2144 qui
3665 2073 3717 2128 in

2117 2158 2358 2213 omnium
2380 2158 2636 2214 vitiorum
2679 2159 2840 2215 devia
2888 2168 3190 2230 raptantur.
3235 2161 3452 2232 Mygale
3493 2162 3718 2234 quidam

2115 2245 2299 2303 dicunt
2330 2249 2582 2304 haramo.
2619 2247 2827 2316 Stellio,
2852 2249 3027 2304 bestia
3043 2258 3331 2317 venenata,
3364 2251 3422 2306 id
3443 2260 3526 2306 est
3542 2268 3717 2325 genus

2114 2334 2334 2392 lacertae
2360 2335 2448 2391 vel
2475 2338 2632 2405 moll,
2657 2344 2716 2391 ut
2745 2336 2837 2392 alii
2867 2337 3072 2392 volunt.
3106 2338 3240 2407 Quae
3268 2347 3522 2412 utraque,
3548 2341 3610 2397 id
3638 2349 3716 2396 est

2115 2424 2333 2496 mygale
2362 2433 2445 2496 est
2467 2425 2662 2492 stellio,
2697 2426 2943 2498 quamvis
2973 2427 3078 2481 sint
3108 2427 3339 2497 infirma,
3374 2437 3564 2484 tamen
3594 2437 3718 2485 sunt

2114 2513 2407 2568 malitiosa.
2438 2513 2667 2586 Signant
2701 2531 2796 2570 eos
2847 2515 2940 2587 qui
2977 2515 3154 2586 ipsum
3193 2517 3337 2589 quod
3379 2528 3618 2589 possunt
3662 2519 3718 2574 in

2113 2601 2315 2656 malum
2347 2611 2562 2658 vertunt
2592 2611 2645 2658 et
2665 2603 2841 2659 ventri
2870 2605 3200 2661 deserviunt.
3232 2607 3372 2662 Nam
3393 2609 3618 2681 mygale
3637 2608 3717 2664 di-

2113 2689 2249 2746 citur
2273 2691 2429 2763 quasi
2459 2708 2578 2746 mus
2608 2693 2854 2765 gulosus.
2886 2694 3111 2750 Lacerta
3131 2704 3184 2750 et
3212 2695 3327 2766 ipsa
3347 2697 3507 2770 agilis
3527 2705 3587 2753 et
3605 2714 3717 2753 ma-

2113 2777 2310 2834 litiosa.
2347 2780 2534 2851 Talpa,
2571 2799 2693 2852 qua;
2738 2782 2935 2838 dicitur
2963 2784 3111 2839 nasci
3141 2800 3209 2840 ex
3255 2785 3439 2856 pluvia
3473 2796 3527 2841 et
3574 2787 3707 2854 luto,

2114 2875 2279 2923 caecat
2308 2877 2366 2922 ut
2387 2868 2557 2924 fodiat
2580 2877 2801 2938 terram,
2834 2887 2959 2926 eum
2987 2873 3256 2928 denotans
3286 2873 3377 2946 qui
3407 2876 3712 2931 secundum

2111 2957 2444 3028 voluptatem
2473 2959 2655 3014 carnis
2684 2969 2864 3016 mente
2894 2970 3145 3029 caecatus,
3165 2965 3411 3032 terrenis
3456 2964 3708 3023 inhaeret.

2117 3067 2138 3096 α
2176 3046 2350 3117 Super
2375 3048 2519 3120 quod
2551 3048 2809 3104 ceciderit
2839 3050 3132 3122 quidquam
3173 3052 3240 3107 de
3283 3054 3588 3110 morticinis
3619 3072 3711 3112 eo-

414 3150 592 3198 reunt.
626 3136 949 3208 Vespertilio
977 3151 1184 3205 pennas
1227 3135 1403 3200 habet,
1464 3135 1561 3190 sed
1605 3135 1706 3191 etsi
1751 3136 1807 3190 in
1854 3145 2008 3194 tene-
2039 3135 2088 3165 ⁸³
2109 3150 2228 3190 rum
2257 3136 2544 3206 polluetur,
2580 3159 2603 3189 ι
2638 3146 2690 3194 et
2719 3138 2929 3211 reliqua
2958 3140 3221 3196 Distantia
3265 3151 3347 3196 est
3393 3144 3533 3200 inter
3582 3162 3708 3202 eum

411 3230 596 3286 nebris
624 3227 786 3290 volat,
807 3225 1132 3296 plerumque
1163 3231 1306 3278 terra
1336 3223 1603 3296 graditur,
1637 3223 1776 3280 sicut
1807 3225 1862 3280 hi
1882 3242 2010 3298 quo-

413 3335 534 3373 rum
566 3315 791 3372 scientia
820 3311 1137 3368 obfuscatur
1165 3312 1406 3367 tenebris
1446 3321 1818 3384 peccatorum,
1867 3331 2006 3386 quo-

410 3422 636 3477 rumque
663 3421 789 3474 spes
824 3403 880 3457 in
908 3399 1109 3455 infimis
1135 3401 1298 3470 jacet.

484 3518 506 3546 α
543 3493 718 3551 Omne
744 3492 811 3548 de
841 3490 1156 3548 volucribus
1197 3488 1343 3560 quod
1385 3489 1633 3561 graditur
1664 3507 1830 3562 super
1863 3507 2004 3564 qua-

405 3593 532 3640 tuor
560 3582 748 3654 pedes,
788 3603 810 3631 »
843 3588 896 3635 et
916 3578 1123 3650 reliqua
1149 3578 1260 3633 Eos
1289 3579 1418 3634 dicit
1447 3578 1539 3650 qui
1561 3587 1792 3650 quatuor
1815 3580 2003 3635 Evan-

406 3673 675 3747 geliorum
705 3669 948 3725 doctrina
976 3683 1086 3722 non
1115 3675 1263 3723 recte
1292 3675 1528 3735 utuntur,
1551 3667 1637 3724 vel
1659 3684 1754 3724 eos
1772 3668 1863 3740 qui
1880 3685 2003 3724 cor-

403 3762 554 3834 poris
583 3758 950 3830 voluptatibus
979 3756 1294 3821 innituntur,
1327 3755 1472 3828 quod
1507 3772 1571 3811 ex
1621 3765 1850 3828 quatuor
1892 3757 2004 3813 ele-

403 3850 600 3907 mentis
656 3855 882 3904 constat.
944 3845 1205 3910 Bruchus,
1259 3844 1452 3898 similis
1497 3845 1770 3912 locustae;
1821 3845 1997 3916 aliter,

402 3939 663 4004 bruchus,
697 3944 749 3991 et
778 3936 1010 4000 locusta,
1043 3941 1096 3988 et
1128 3948 1294 3988 eruca
1322 3949 1488 3987 unum
1515 3941 1615 3987 est.
1673 3936 1899 3989 Attacus
1920 3943 2001 3990 at-

403 4043 509 4099 que
523 4022 1269 4096 ophiomachus,contrarius
1283 4021 1654 4093 serpentibus.
1674 4022 1712 4076 0
1713 4023 1841 4094 phis
1855 4023 2000 4078 enim

400 4113 598 4172 dicitur
628 4128 873 4183 serpens,
907 4111 1130 4166 machus
1159 4117 1359 4176 autem,
1388 4127 1671 4181 pugnans,
1697 4111 1852 4181 quasi
1869 4129 1999 4168 cum

399 4206 955 4277 serpentepugnans,
988 4198 1126 4254 sicut
1151 4197 1207 4252 hi
1236 4197 1328 4269 qui
1376 4205 1568 4252 contra
1613 4197 1812 4253 diaboli
1859 4199 1998 4255 insi-

398 4292 519 4349 dias
548 4297 780 4348 certant.
814 4287 974 4357 Quod
1003 4286 1226 4352 locusta,
1270 4285 1511 4341 bruchus
1560 4293 1613 4342 et
1660 4295 1864 4343 attacus
1905 4305 1997 4345 sa-

2109 3223 2200 3294 qui
2222 3224 2394 3297 tangit
2425 3235 2477 3281 et
2502 3243 2627 3281 eum
2656 3244 2818 3298 super
2847 3245 3008 3300 quem
3030 3230 3195 3286 cadit.
3237 3231 3431 3304 Tangit
3459 3250 3591 3288 eum
3617 3235 3708 3308 qui

2106 3328 2204 3382 per
2232 3329 2291 3368 se
2321 3313 2576 3384 polluitur
2606 3335 2619 3382 ;
2653 3332 2820 3386 super
2851 3333 2975 3372 eum
3004 3318 3168 3385 cadit,
3217 3320 3306 3390 qui
3353 3337 3482 3376 casu
3519 3322 3706 3396 aliquo

2105 3400 2394 3472 decipitur,
2427 3411 2484 3457 ut
2508 3403 2681 3459 David
2711 3404 3067 3461 deambulans
3092 3407 3147 3461 in
3167 3408 3365 3463 solario
3395 3411 3578 3467 subito
3592 3429 3708 3467 mu-

2103 3487 2252 3544 lieris
2283 3498 2469 3562 captus
2499 3501 2581 3547 est
2599 3491 2996 3563 pulchritudine
3027 3497 3104 3566 (II
3145 3499 3273 3568 Reg.
3316 3497 3422 3570 xx).
3473 3499 3586 3554 Vas
3631 3501 3702 3556 li-

2104 3593 2308 3650 gneum
2385 3579 2566 3651 signat
2611 3581 2940 3649 lenitatem;
2986 3585 3390 3656 vestimentum,
3452 3587 3702 3644 habitum

2101 3681 2360 3734 morum;
2406 3668 2591 3738 pellis,
2639 3670 3112 3727 mortificationem
3159 3674 3384 3741 carnis;
3439 3676 3698 3748 cilicium,

2100 3755 2511 3826 paenitudinem.
2546 3758 2602 3814 Si
2633 3759 2828 3814 horum
2850 3760 3140 3834 quidquam
3156 3762 3210 3817 in
3231 3764 3450 3820 homine
3479 3765 3703 3823 alterius

2099 3844 2288 3900 vitium
2328 3847 2822 3919 commaculaverit,
2901 3853 3224 3907 emundatur
3269 3868 3409 3926 aqua
3443 3871 3702 3928 compun-

2099 3932 2292 3988 ctionis
2321 3952 2495 4006 usque
2524 3936 2593 3991 ad
2623 3936 3008 4008 perfectionem
3037 3941 3384 4011 poenitentiae.
3421 3966 3445 3995 ε
3473 3945 3583 4000 Vas
3612 3962 3702 4002 au-

2099 4028 2209 4077 tem
2239 4021 2422 4089 fictile,
2462 4045 2484 4074 ι
2520 4033 2573 4080 et
2616 4026 2825 4098 reliqua
2869 4028 2974 4082 Vas
3016 4028 3178 4086 fictile
3221 4032 3292 4086 ad
3330 4048 3390 4087 se
3434 4033 3698 4090 humores

2097 4110 2274 4165 trahit.
2304 4111 2445 4167 Dicit
2475 4121 2655 4169 autem
2690 4132 2703 4168 :
2736 4115 2791 4170 Si
2823 4115 2942 4186 quis
2971 4117 3115 4173 vitiis
3162 4119 3355 4174 alienis
3385 4123 3697 4179 communi-

2098 4213 2246 4265 cans,
2279 4199 2333 4253 in
2379 4199 2842 4274 augmentatione'
2871 4221 3056 4260 eorum
3099 4209 3411 4278 perstiterit,
3464 4229 3566 4282 per
3606 4230 3698 4268 ex-

2096 4289 2644 4346 communicationem
2677 4291 2882 4348 fortiter
2911 4294 3258 4366 corripiatur,
3283 4306 3338 4352 ut
3355 4298 3488 4355 dicit
3519 4304 3696 4373 Apos-

392 4378 494 4436 lire
523 4379 794 4442 dicuntur,
829 4377 931 4431 hos
959 4374 1214 4447 designat
1246 4373 1337 4446 qui
1361 4374 1622 4444 operibus
1647 4375 1870 4444 justitiae
1900 4394 1995 4432 so-
2095 4375 2237 4430 tolus
2270 4394 2284 4431 :
2315 4377 2597 4434 Traditum
2639 4381 2952 4449 hujusmodi
2998 4383 3272 4440 hominem
3317 4387 3373 4441 in
3410 4387 3695 4446 interitum

391 4468 564 4537 lidati,
597 4466 810 4538 spineta
840 4465 1091 4520 vitiorum
1113 4471 1512 4533 transcurrunt,
1536 4464 1775 4518 etherba
1794 4464 1991 4521 divinae
2019 4459 2078 4524 D
2100 4465 2298 4536 carnis,
2332 4474 2434 4523 etc.
2469 4469 2521 4537 (Ι
2540 4469 2659 4524 Cor.
2687 4469 2767 4540 v).
2805 4492 2828 4522 α
2865 4470 3056 4527 Omnis
3100 4473 3252 4530 cibus
3297 4493 3459 4548 quem
3511 4494 3696 4536 come—

397 4555 690 4626 Scripturae
719 4562 1037 4625 pascuntur.
1063 4552 1273 4607 Talium
1301 4551 1562 4622 exemplis
1592 4553 1995 4610 communicare
2095 4552 2253 4620 detis,
2290 4555 2336 4608 si
2364 4554 2485 4610 fusa
2513 4555 2677 4612 fuerit
2707 4575 2874 4630 super
2902 4577 3024 4616 eum
3055 4578 3212 4634 aqua,
3251 4584 3274 4614 ι
3307 4550 3364 4620 id
3413 4575 3499 4622 est
3543 4585 3610 4624 ea
3636 4569 3693 4624 in

396 4645 680 4710 debemus,
715 4643 1054 4713 superiorum
1084 4655 1216 4696 vero
1234 4641 1476 4712 quisquis
1505 4641 1651 4696 vitiis
1701 4643 1993 4698 attamina-
2094 4657 2203 4714 qua
2230 4643 2474 4699 lavantur
2502 4646 2623 4702 haec
2642 4663 2773 4702 vasa
2803 4666 2923 4719 qua
2951 4650 3152 4720 polluta
3184 4669 3347 4723 supra
3377 4655 3512 4712 dixit
3535 4675 3550 4712 :
3575 4679 3598 4708 α
3623 4658 3692 4713 Et

397 4741 507 4803 tur,
545 4754 567 4784 α
602 4732 915 4787 immundus
944 4738 1026 4786 θεῖ
1065 4745 1240 4800 usque
1271 4729 1341 4784 ad
1379 4745 1688 4800 vesperam,
1717 4751 1739 4780 κ
1790 4731 1846 4785 id
1887 4739 1989 4798 est,
2092 4757 2253 4798 omne
2281 4742 2494 4814 liquens
2540 4745 2688 4816 quod
2729 4746 2931 4803 bibitur
2972 4749 3041 4805 de
3079 4751 3333 4808 universo
3380 4770 3533 4824 vase,
3575 4776 3598 4806 a
3641 4762 3696 4812 et

398 4822 594 4878 noxius
623 4836 795 4893 usque
815 4820 882 4874 ad
913 4818 1205 4890 perfectam
1235 4817 1626 4888 paenitentiam.
1662 4839 1685 4869 α
1719 4820 1788 4874 Et
1816 4819 1861 4910 si
1889 4837 1991 4875 ne-
2092 4829 2227 4900 νει,
2260 4846 2446 4887 eorum
2475 4833 2730 4890 videlicet
2759 4852 2881 4907 quae
2909 4836 3187 4893 immunda
3205 4841 3320 4910 jam
3350 4843 3484 4897 dixit
3519 4817 3692 4900 'ame.

395 4926 551 4966 cesse
581 4909 738 4966 fuerit
767 4917 825 4963 ut
853 4915 1029 4979 portet
1058 4906 1330 5003 quippiam
1363 4923 1568 5003 eorum,
1606 4928 1629 4956 ι
1680 4915 1733 5003 et
1780 4908 1878 4963 rel.
1917 4910 1993 5003 .ld
2091 4935 2254 4990 quam
2283 4921 2629 4977 mundemur,
2663 4906 2828 4980 Cibus
2857 4933 2910 4980 et
2941 4935 3098 4996 potus
3145 4906 3397 4986 ἀόοιιπίηε,
3436 4932 3692 5003 Spir-inm-

397 4998 550 5065 est,si
580 4996 873 5070 contigerit
895 4996 1130 5068 aliquem
1159 4995 1359 5049 talibus
1377 4995 1662 5064 subjacere
1690 4995 1989 5052 immundi-

395 5085 507 5149 tiis,
543 5107 566 5136 ι
618 5085 816 5140 levabit
850 5106 872 5135 in
926 5084 1167 5139 habitum
1211 5099 1425 5140 morum
1475 5100 1694 5139 suorum
1732 5085 1988 5157 lacrymis

397 5171 743 5243 poenitentiae,
788 5180 841 5226 et
882 5189 1004 5228 reus
1040 5179 1252 5227 tenetur
1293 5172 1469 5227 donec
1513 5173 1757 5243 quiescat
1803 5173 1989 5230 fervor

391 5259 550 5317 malae
570 5259 876 5316 voluntatis.
911 5281 934 5310 ι
970 5261 1128 5328 Quod
1156 5261 1398 5316 ambulat
1428 5277 1591 5332 super
1619 5277 1835 5331 manus,
1873 5284 1896 5314 ι
1935 5271 1988 5319 et

391 5350 614 5422 reliqua.
640 5345 745 5416 Qui
761 5347 1126 5417 operationem
1146 5349 1203 5402 in
1231 5348 1479 5403 sordibus
1498 5348 1688 5419 polluit
1706 5351 1981 5406 vitiorum.

386 5438 618 5495 Mustela
648 5435 805 5508 quasi
851 5452 973 5491 mus
1019 5436 1206 5510 longa,
1256 5436 1588 5492 malitiosum
1631 5438 1833 5494 animal
1878 5447 1979 5508 est,

385 5527 757 5585 fraudulentos
785 5533 840 5582 et
867 5525 1090 5581 dolosos
1122 5525 1442 5597 designans.
1480 5527 1600 5582 Mus
1639 5528 1710 5584 ob
1741 5528 1981 5588 edacita-

436 5670 456 5696 ³
476 5665 592 5716 nec
609 5665 738 5717 torte
757 5674 819 5716 ex
839 5663 1010 5724 classa
1029 5661 1084 5715 tn
1103 5662 1296 5714 textum
1316 5659 1642 5721 irrepserunt.

2088 5007 2155 5062 lis
2186 5008 2272 5066 vel
2301 5009 2459 5067 bonae
2489 5013 2818 5082 Operationis
2855 5014 3231 5089 intelliguntur
3259 5038 3272 5084 ;
3325 5037 3448 5091 quae
3497 5023 3545 5076 si
3593 5023 3691 5078 im-

2087 5097 2407 5152 munditiam
2455 5100 2885 5170 supradictorum
2924 5105 3261 5174 admiserint,
3294 5123 3404 5163 non
3427 5111 3543 5178 jam
3592 5127 3692 5168 ac-

2085 5193 2242 5256 ceptu
2263 5187 2570 5258 suntdigna
2603 5206 2616 5242 :
2642 5211 2665 5240 α
2701 5191 2826 5247 Sive
2847 5192 3063 5261 clibani,
3094 5195 3210 5250 sive
3240 5197 3628 5269 chytropodes,
3653 5222 3677 5250 ι

2085 5282 2137 5329 et
2167 5274 2267 5329 rel.
2302 5275 2673 5347 Chytropodes
2701 5296 2831 5335 vasa
2851 5291 2974 5336 sunt
2992 5281 3174 5338 ﬁctilia
3203 5286 3374 5355 pedes
3403 5287 3686 5346 habentia.

2085 5369 2294 5425 Clibani
2325 5379 2501 5426 autem
2519 5381 2571 5428 et
2587 5375 2968 5449 chytropodes,
2993 5379 3044 5432 in
3070 5380 3266 5451 quibus
3285 5398 3458 5452 panes
3479 5393 3533 5440 ct
3581 5386 3690 5441 cibi

2081 5465 2482 5530 temperantur,
2541 5464 2789 5536 magistri
2837 5476 2978 5536 sunt,
3012 5470 3103 5540 qui
3131 5469 3252 5525 aliis
3304 5481 3522 5542 pastum
3565 5475 3689 5532 vita:

2079 5556 2280 5629 debent
2327 5576 2559 5630 parare;
2592 5562 2638 5616 si
2676 5562 2754 5618 illi
2801 5567 3064 5637 exemplis
3091 5569 3362 5625 malorum
3395 5573 3685 5631 maculen-

2078 5660 2187 5728 tur,
2209 5657 2528 5732 magisterio
2541 5660 2845 5734 priventur.
2868 5683 2893 5718 α
2916 5664 3118 5726 Fontes
3135 5682 3270 5744 vero
3293 5676 3345 5727 et
3355 5670 3634 5744 cisternae,
3656 5691 3683 5724 ι
