4002 6184
349 254 455 308 817

1337 243 1647 306 EPITOME
1677 247 2037 307 COMMENT.
2077 249 2337 306 RABANI
2365 251 2440 307 IN
2467 249 2692 307 LEVIT.

3551 256 3656 312 818

349 381 404 430 et
423 372 525 428 rel.
551 370 612 426 Id
642 378 744 441 est,
768 370 893 427 licet
911 368 1062 425 multi
1082 368 1416 426 deviaverint
1444 385 1477 425 a
1504 370 1689 426 divina
1709 371 1955 440 scientia,
1986 377 2043 439 Α
2060 389 2342 430 numerum
2372 374 2427 428 in
2454 373 2668 443 majori,
2701 381 2756 429 et
2783 373 2994 430 videbis
3022 383 3355 446 praeceptum
3384 390 3507 432 esse
3524 383 3648 432 tan-

347 470 535 517 tamen
575 470 628 516 et
677 459 814 515 ﬁdes
865 459 1133 514 catholica
1189 459 1413 530 ejusque
1470 459 1717 515 doctrina
1771 468 1955 516 manet

348 548 811 620 inexpugnabilis.
850 570 873 598 ι
901 547 958 603 Si
973 547 1232 603 ceciderit
1249 563 1415 618 super
1432 555 1751 617 sementem,
1788 568 1810 597 ι
1846 556 1950 604 etc.

347 639 412 694 Id
442 647 526 694 est
555 638 600 692 si
631 639 1105 704 catechumenum,
1141 637 1233 707 qui
1256 643 1338 691 est
1359 636 1416 690 in
1446 635 1714 706 baptismo
1754 651 1954 692 conse-

346 727 639 799 peliendus
669 726 884 781 Christo
913 733 969 779 ut
1011 722 1332 791 viviﬁcetur,
1362 724 1605 793 ejusdem
1635 724 1785 779 modi
1813 725 1954 780 mala

350 815 606 886 exempla
635 814 934 887 attigerint,
967 813 1313 867 mundabitur
1358 813 1414 866 in
1461 813 1759 883 baptismo.
1801 834 1823 864 α
1859 813 1953 870 Sin

345 913 533 960 autem
582 903 854 975 quispiam
904 909 1204 956 sementem
1264 915 1408 972 aqua
1452 901 1769 971 perfuderit,
1834 923 1857 953 ι
1901 910 1954 958 et

346 994 477 1061 rel.,
509 993 565 1046 id
594 999 694 1062 est,
727 999 1016 1062 postquam
1066 989 1362 1061 baptizatus
1404 989 1586 1060 fuerit,
1647 992 1695 1046 si
1750 1007 1810 1046 se
1837 992 1953 1061 jam

343 1081 508 1138 dictis
537 1080 844 1148 involverit,
879 1095 1007 1134 reus
1037 1079 1159 1133 erit.
1198 1099 1220 1129 α
1249 1078 1305 1134 Si
1334 1072 1606 1133 fnortuum
1632 1079 1793 1136 fuerit
1827 1081 1950 1136 ani-

342 1170 462 1225 mal
493 1169 639 1241 quod
671 1168 795 1224 licet
817 1168 1110 1223 comedere
1142 1165 1316 1236 vobis,
1357 1187 1379 1216 »
1424 1174 1477 1222 et
1507 1168 1607 1222 rel.
1642 1169 1697 1223 Si
1728 1169 1952 1240 quilibet

333 1259 543 1328 justus,
575 1258 728 1326 cujus
760 1257 1009 1327 exempla
1029 1255 1184 1327 sequi
1215 1263 1422 1310 rectum
1463 1256 1696 1323 videtur,
1748 1274 1850 1328 per
1891 1274 1950 1314 se

344 1347 556 1418 lapsus,
589 1354 842 1413 mortem,
875 1346 1069 1401 animae
1097 1343 1401 1413 incurrerit,
1453 1345 1545 1416 qui
1575 1347 1950 1402 communica-

344 1436 488 1491 verit
515 1435 642 1491 vitae
662 1436 780 1503 ejus
797 1434 883 1490 vel
905 1444 1125 1490 secutus
1148 1432 1310 1487 fuerit
1330 1433 1576 1504 exempla
1597 1435 1733 1504 ejus,
1754 1445 1950 1507 purget

342 1539 407 1579 se
438 1523 585 1578 fonte
631 1524 999 1595 lacrymarum
1029 1541 1200 1596 usque
1231 1527 1301 1581 ad
1350 1524 1645 1598 perfectam
1680 1524 1949 1595 poeniten-

339 1612 495 1666 tiam.
533 1634 555 1662 ι
591 1611 767 1667 Omne
796 1613 936 1684 quod
957 1621 1133 1684 reptat
1153 1631 1320 1685 super
1349 1624 1570 1680 terram,
1597 1634 1620 1662 ι
1655 1620 1710 1668 et
1738 1613 1862 1679 rel.,
1892 1613 1948 1669 id
1989 1661 2003 1669 .

2053 462 2121 517 tis
2141 479 2281 534 pene
2311 463 2502 517 diebus
2532 463 2806 518 hominem
2835 464 3086 518 mundari
3116 463 3332 535 quantis
3382 462 3649 520 formatur

2053 551 2110 606 in
2138 559 2294 606 utero
2327 568 2340 605 :
2373 551 2498 606 licet
2526 550 2615 606 hic
2638 551 3106 623 quadragenarius
3136 552 3206 606 ad
3235 551 3499 620 majorem
3525 561 3648 608 ten-

2055 639 2146 694 dat
2175 639 2528 694 intellectum.
2564 641 2712 694 Deus
2761 640 2906 694 enim
2962 639 3237 695 hominem
3277 639 3527 696 formavit
3581 641 3654 697 ad

2054 727 2351 801 imaginem
2383 743 2558 798 suam,
2595 728 2687 799 qui
2713 728 2819 784 hac
2849 728 3158 784 conditione
3202 727 3429 784 formari
3456 729 3656 786 dicitur

2053 816 2110 871 in
2138 824 2311 883 utero,
2345 816 2462 888 ipse
2491 816 2685 871 Filium
2714 834 2868 872 suum
2899 819 3003 873 hac
3043 817 3168 890 lege
3197 818 3460 872 nascendi
3488 833 3658 888 opere

2056 904 2288 975 Spiritus
2318 905 2488 960 sancti
2535 905 2830 960 destinavit
2886 905 2942 959 in
2999 914 3212 961 uterum
3245 905 3504 978 Virginis,
3544 928 3566 957 α
3601 906 3658 962 in

2051 1009 2160 1064 quo
2191 993 2394 1048 habitat
2421 994 2598 1049 omnis
2627 994 2906 1064 plenitudo
2953 993 3260 1049 Divinitatis
3293 994 3653 1065 corporaliter

2053 1082 2282 1154 (Coloss.
2307 1082 2390 1153 ιι),
2420 1103 2442 1131 ι
2467 1091 2686 1153 quaeest
2715 1083 2900 1155 imago
2930 1083 3030 1137 Dei
3050 1083 3356 1151 invisibilis;
3381 1083 3492 1154 qui,
3516 1100 3651 1154 per-

2050 1179 2173 1226 acta
2228 1171 2634 1241 dispensatione
2692 1171 3103 1237 incarnationis,
3170 1180 3296 1243 post
3359 1172 3653 1243 passionis.

2051 1259 2357 1328 victoriam,
2393 1261 2816 1331 quadragesimo
2847 1262 2936 1317 die
2966 1261 3136 1316 coelos
3192 1260 3438 1317 ascendit
3494 1268 3548 1316 et
3589 1261 3658 1316 ad

2051 1348 2298 1404 dextram
2329 1349 2429 1403 Dei
2451 1349 2626 1404 victor
2653 1350 2919 1417 consedit,
2958 1358 3017 1404 ut
3048 1366 3148 1405 nos
3178 1367 3280 1422 pro
3304 1366 3538 1422 quorum
3582 1349 3655 1405 li-

2047 1437 2330 1493 beratione
2361 1438 2633 1494 nascendo
2663 1446 2721 1492 ut
2761 1439 2924 1492 homo
2985 1439 3226 1508 advenit,
3289 1455 3518 1510 quorum
3565 1455 3653 1493 na-

2066 1534 2202 1582 turae
2231 1527 2567 1582 consortium
2593 1527 2842 1598 accipere
2873 1543 2982 1582 non
3011 1527 3204 1594 timuit,
3239 1536 3362 1598 post
3403 1537 3655 1598 tempora

2063 1615 2224 1684 hujus
2252 1615 2392 1681 vitae,
2429 1616 2622 1686 quibus
2651 1616 3122 1688 quadragenarius
3162 1617 3434 1682 convenit,
3476 1625 3529 1672 et
3584 1616 3653 1670 ad

341 1709 426 1756 est
455 1701 768 1773 quicunque
812 1701 1097 1757 desideriis
1135 1704 1356 1760 caducis
1404 1703 1666 1758 innititur.
1710 1723 1732 1753 α
1769 1701 1946 1770 Quid-
1974 1736 2028 1796 Β
2054 1703 2512 1759 immortalitatem
2545 1720 2668 1759 cum
2688 1705 2788 1761 Dei
2819 1705 3037 1772 auxilio,
3063 1705 3292 1761 victoria
3316 1714 3505 1761 contra
3525 1704 3649 1760 dia-

342 1789 476 1863 quid
504 1806 672 1860 super
699 1798 890 1860 pectus
919 1791 1233 1862 quadrupes
1263 1792 1533 1864 graditur,
1571 1813 1592 1841 ι
1616 1798 1670 1846 et
1708 1791 1810 1846 rel.
1843 1789 1949 1860 Qui

339 1885 454 1934 tota
486 1876 816 1934 conﬁdentia
843 1879 900 1933 in
946 1881 1179 1935 terrenis
1211 1880 1453 1947 conlidit,
1493 1888 1728 1952 quatuor
1759 1881 1947 1935 Evan-

337 1968 616 2042 geliorum
645 1968 804 2023 dictis
845 1977 898 2023 et
944 1969 1307 2040 plurimorum
1357 1970 1590 2026 aliorum
1621 1969 1948 2024 testimoniis

335 2057 604 2113 librorum
635 2072 787 2111 suam
831 2057 1018 2111 nititur
1046 2058 1376 2130 confirmare
1414 2058 1790 2129 pertinaciam,
1843 2059 1948 2114 hoc

338 2146 489 2218 quod
520 2145 783 2200 Dominus
813 2162 914 2216 pro
947 2146 1320 2202 misericordia
1351 2147 1475 2205 fecit
1509 2147 1612 2201 sibi
1643 2147 1697 2200 in
1731 2147 1946 2202 deside-

332 2235 544 2290 riorum
566 2235 899 2305 voluptatem
931 2235 1236 2303 vindicans,
1271 2237 1317 2290 si
1347 2236 1605 2291 invitatus
1643 2236 1712 2290 ad
1744 2235 1941 2292 convi-

333 2323 427 2379 via
473 2331 823 2394 peccatorum
851 2325 1104 2394 assensit,
1148 2333 1200 2380 et
1222 2324 1657 2397 caeterasimilia.
1705 2346 1728 2376 «
1761 2324 1944 2380 Sancti

337 2420 533 2476 estote,
597 2412 853 2485 quoniam
906 2429 1011 2486 ego
1067 2422 1288 2470 sanctus
1338 2429 1478 2483 sum,
1545 2433 1568 2464 »
1611 2421 1664 2468 et
1709 2413 1835 2480 rel.,
1886 2421 1945 2467 ut

330 2501 482 2570 justo
504 2501 655 2570 justi,
689 2510 880 2558 sancto
911 2503 1104 2570 sancti,
1140 2503 1284 2558 bono
1331 2503 1478 2572 boni,
1513 2502 1706 2558 famuli
1762 2501 1942 2558 famu-

341 2589 544 2647 lentur.

949 2741 1172 2800 CAPUT
1211 2742 1334 2798 XII.

407 2907 430 2936 ι
463 2884 660 2940 Mulier
681 2885 727 2940 si
748 2892 1002 2956 suscepto
1024 2885 1230 2940 semine
1241 2883 1550 2957 perpererit
1564 2884 1870 2941 masculum
1887 2904 1935 2956 ι»,

335 2983 390 3032 et
417 2974 520 3030 rel.
555 2976 614 3029 In
645 2976 751 3031 hoc
780 2975 1014 3045 capitulo
1057 2974 1251 3047 primm
1305 2975 1766 3046 przevaricationis
1815 2972 1940 3029 facit

335 3064 931 3131 commemorationem,
964 3071 1022 3118 ut
1053 3065 1182 3136 quia
1237 3064 1400 3119 homo
1451 3064 1506 3118 in
1563 3063 1937 3135 iniquitatibus
1967 3096 2016 3160 C

335 3153 642 3224 concipitur
669 3161 721 3208 et
750 3153 806 3207 in
827 3153 1066 3224 peccatis
1093 3161 1425 3223 procreatur,
1479 3152 1614 3208 sciat
1659 3153 1934 3224 quomodo

339 3257 374 3298 a
412 3242 587 3297 veteri
619 3242 1001 3298 maledictione
1036 3242 1380 3296 mundandus
1428 3241 1516 3296 sit.
1569 3242 1738 3297 Porro
1777 3249 1939 3297 natus

333 3331 500 3386 homo
540 3331 642 3385 sub
689 3331 784 3385 tali
841 3331 1148 3386 conditione
1205 3330 1540 3384 immundam
1588 3330 1754 3385 habet
1808 3345 1931 3386 ma-

331 3428 510 3486 trem;
543 3429 753 3490 septem
773 3420 985 3485 diebus,
1005 3420 1059 3474 id
1081 3427 1164 3475 est
1186 3426 1296 3475 toto
1325 3426 1572 3490 tempore
1595 3419 1755 3488 hujus
1783 3419 1926 3485 vita},

331 3510 434 3565 sub
462 3509 707 3582 ingenita
736 3507 1023 3578 fragilitate
1044 3525 1104 3563 se
1133 3508 1347 3564 noverit
1365 3508 1687 3582 obligatum.
1716 3529 1739 3558 α
1772 3505 1932 3563 Juxta

330 3597 477 3653 diem
507 3597 872 3668 separationis
902 3605 1216 3663 menstruae,
1256 3618 1278 3648 ι
1312 3596 1369 3652 id
1399 3605 1481 3652 est
1512 3613 1633 3671 quae
1664 3597 1930 3668 sanguine

329 3686 444 3741 ﬂuit
475 3687 593 3742 sive
624 3695 746 3758 post
774 3694 1010 3757 partum,
1045 3687 1160 3742 sive
1191 3686 1247 3741 in
1275 3694 1457 3759 partu,
1492 3695 1701 3756 septem
1731 3686 1926 3742 diebus

327 3775 609 3831 immunda
625 3783 725 3830 est.
753 3797 775 3825 α
803 3775 902 3830 Die
922 3785 1116 3831 octavo
1133 3775 1556 3832 circumcidetur
1576 3773 1923 3842 infantulus,»

329 3865 458 3937 quia
481 3865 614 3935 justi
644 3865 700 3918 in
745 3864 834 3920 die
891 3865 1329 3928 resurrectionis,
1392 3864 1538 3920 omni
1586 3863 1926 3920 mortalitatis

325 3953 451 4010 labe
471 3953 736 4024 deposita,
769 3969 802 4007 a
821 3953 1092 4024 primmvm
1108 3953 1472 4009 damnationis
1493 3953 1720 4010 vinculis
1744 3954 1925 4009 absol-

325 4052 543 4100 ventur.
571 4064 592 4093 ε
619 4044 744 4114 Ipsa
775 4059 904 4098 vero
935 4043 1159 4116 triginta
1189 4043 1362 4097 tribus
1383 4043 1575 4098 diebus
1596 4043 1839 4098 manebit
1866 4043 1924 4098 in

325 4132 613 4205 sanguine,
652 4152 674 4182 υ
701 4139 753 4186 et
783 4131 883 4186 rel.
907 4131 1150 4204 Triginta
1189 4131 1363 4186 tribus
1382 4132 1729 4198 transcursis,
1763 4131 1819 4187 id
1841 4139 1924 4187 est

322 4219 661 4296 perfectione
691 4221 960 4277 bonorum
1009 4236 1237 4293 operum
1266 4221 1322 4275 in
1343 4220 1618 4276 Trinitatis
1655 4220 1764 4276 ﬁde
1785 4237 1921 4276 con-

325 4317 619 4376 summata,
651 4309 720 4365 ad
744 4310 1022 4381 templum,
1046 4309 1102 4365 id
1123 4318 1205 4366 est
1229 4310 1298 4366 ad
1319 4309 1558 4366 caelestis
1578 4309 1923 4366 Hierusalem

320 4400 734 4465 habitationem,
769 4415 893 4456 cum
936 4399 1238 4474 gratiarum
1285 4399 1499 4455 actione
1539 4415 1916 4471 properamus,

323 4491 448 4565 quia
479 4491 657 4546 donec
695 4489 981 4561 originalis
1009 4490 1220 4560 peccati
1268 4489 1510 4545 foeditate
1550 4489 1916 4557 absolvamur,

322 4581 395 4635 ad
418 4579 804 4636 Sanctuarium
828 4580 1093 4636 accedere
1123 4595 1230 4634 non
1251 4579 1516 4635 valemus.
1549 4577 1709 4648 Quod
1739 4586 1921 4634 autem

321 4677 532 4742 septem
580 4669 805 4742 triginta
833 4676 946 4724 tres
977 4669 1343 4741 quadraginta
1390 4667 1646 4735 efﬁciunt,
1696 4669 1821 4725 ideo
1860 4668 1921 4725 ﬁt

318 4767 378 4814 ut
410 4758 628 4830 quantis
657 4758 856 4813 diebus
894 4759 1058 4814 homo
1096 4758 1364 4815 formatur
1418 4759 1472 4813 in
1531 4766 1704 4826 utero,
1754 4758 1918 4814 tantis

315 4847 574 4920 purgatio
595 4849 911 4920 peragatur.
955 4847 1163 4904 Dicitur
1192 4847 1336 4903 enim
1370 4847 1656 4919 conceptio
1686 4848 1918 4903 humana

316 4937 398 4993 sic
442 4937 748 5008 procedere
777 4945 830 4992 et
856 4935 1066 5008 perfici,
1119 4945 1176 4992 ut
1231 4937 1421 5008 primis
1470 4945 1678 5009 septem
1725 4937 1918 4993 diebus

315 5026 471 5099 quasi
499 5025 654 5082 lactis
693 5027 892 5082 habeat
938 5025 1366 5093 similitudinem,
1421 5027 1773 5100 sequentibus
1818 5041 1915 5082 no-

315 5132 441 5171 vem
472 5115 667 5171 diebus
694 5123 1044 5172 convertatur
1073 5115 1129 5170 in
1160 5115 1504 5189 sanguinem,
1533 5116 1731 5172 deinde
1773 5115 1915 5173 duo-

316 5204 499 5261 decim
528 5204 722 5260 diebus
745 5205 1026 5273 solidetur,
1061 5205 1286 5278 reliquis
1335 5205 1528 5262 decem
1559 5213 1612 5261 et
1641 5213 1764 5262 octo
1798 5206 1913 5262 die-
2001 5250 2007 5257 .

313 5293 418 5349 bus
447 5293 714 5349 formatur
741 5312 918 5368 usque
948 5296 1018 5351 ad
1057 5294 1300 5367 perfecta
1353 5295 1685 5351 lineamenta
1734 5311 1912 5352 mem-

314 5382 560 5449 brorum,
591 5392 644 5440 et
672 5384 798 5440 hinc
821 5385 937 5454 jam
957 5385 1170 5457 reliquo
1201 5392 1446 5456 tempore
1474 5401 1649 5457 usque
1679 5384 1750 5440 ad
1778 5393 1913 5441 tem-

311 5483 414 5538 pus
447 5477 638 5538 partus
666 5469 1038 5542 magnitudine
1068 5479 1354 5542 augeatur.
1388 5470 1608 5540 Septem
1637 5476 1836 5536 autem,
1861 5476 1914 5525 et

312 5573 532 5623 novem,
567 5567 620 5612 et
649 5559 956 5625 duodecim,
992 5566 1043 5613 et
1065 5559 1257 5615 decem
1288 5568 1339 5614 et
1359 5567 1503 5624 octo,
1531 5559 1586 5613 in
1615 5574 1782 5614 unum
1813 5575 1910 5615 co-

313 5645 420 5705 acti
448 5646 655 5705 faciunt
669 5648 1029 5721 quadraginta
1048 5665 1161 5705 sex.
1196 5649 1474 5708 Conclude
1494 5664 1630 5723 ergo
1643 5649 1912 5709 minorem

2059 1791 2242 1846 bolum
2275 1799 2518 1862 peracta,
2572 1792 2626 1846 in
2656 1809 2890 1864 regnum
2922 1793 3145 1848 caeleste
3194 1793 3560 1862 sublevemur,
3605 1800 3658 1849 et

2049 1880 2192 1935 inter
2221 1895 2354 1935 oves
2385 1895 2507 1935 cum
2539 1881 2754 1935 Christo
2785 1889 3112 1952 regnaturas
3139 1897 3170 1934 a
3213 1881 3416 1936 dextris
3455 1897 3650 1937 nume-

2045 1969 2155 2023 rari
2193 1983 2520 2023 mereamur.
2561 1990 2584 2019 α
2617 1969 2712 2023 Sin
2770 1975 2952 2023 autem
2999 1968 3259 2024 feminam
3297 1969 3522 2040 peperit,
3545 1968 3646 2023 im-

2048 2057 2252 2111 munda
2264 2057 2366 2112 erit
2380 2057 2593 2111 duabus
2605 2056 3058 2126 hebdomadibus,
3077 2077 3098 2107 ν
3117 2065 3169 2112 et
3186 2057 3286 2112 rel.
3303 2056 3441 2126 Quia
3452 2057 3654 2113 femina

2045 2146 2283 2217 primum
2308 2145 2546 2217 seipsam
2566 2153 2619 2200 et
2653 2145 2830 2201 virum
2851 2145 3079 2216 decepta
3098 2146 3333 2217 decepit,
3368 2146 3491 2202 ideo
3531 2161 3650 2201 ma-

2039 2234 2148 2304 jori
2182 2234 2423 2302 subjacet
2453 2233 2863 2302 maledictioni;
2897 2235 3016 2289 viro
3065 2234 3213 2290 enim
3273 2235 3476 2290 dictum
3525 2241 3644 2290 est:

2049 2344 2072 2374 ι
2093 2322 2608 2378 Maledictaterrain
2625 2331 2913 2394 operetuo,
2938 2344 2960 2373 ι
2983 2331 3087 2378 etc.
3116 2342 3131 2390 ;
3162 2331 3216 2378 et
3233 2323 3449 2378 iterum:
3469 2345 3491 2374 ε
3510 2323 3647 2379 Cum

2043 2427 2167 2468 eam
2195 2419 2450 2482 operatus
2480 2409 2670 2479 fueris,
2697 2431 2719 2461 »
2756 2420 2884 2478 etc.;
2919 2419 2972 2467 et
3002 2429 3016 2466 :
3053 2433 3076 2462 α
3125 2413 3184 2466 In
3214 2412 3417 2468 sudore
3463 2411 3645 2468 vultus

2043 2499 2307 2566 vesceris,
2335 2520 2357 2550 ι
2384 2507 2512 2567 etc.;
2544 2499 2761 2555 mulieri
2798 2508 2981 2555 autem
3015 2517 3027 2553 :
3068 2521 3090 2551 α
3128 2501 3189 2554 In
3235 2499 3422 2556 dolore
3462 2501 3646 2571 paries

2046 2587 2208 2655 ﬁlios,
2242 2596 2298 2643 et
2327 2587 2427 2642 sub
2458 2587 2564 2642 viri
2593 2595 2860 2658 potestate
2883 2587 2990 2644 eris
3012 2587 3284 2659 (Geram).
3324 2609 3346 2638 ι
3382 2588 3467 2643 Illi
3486 2588 3645 2644 labor

2043 2676 2369 2748 forinsecus,
2390 2677 2479 2731 isti
2509 2677 2828 2748 praedicitur
2855 2677 3201 2733 intrinsecus.
3241 2677 3439 2733 Dicunt
3477 2677 3642 2733 etiam

2039 2764 2243 2822 ﬂuxum
2274 2765 2558 2839 sanguinis
2588 2783 2689 2836 pro
2718 2766 2961 2822 masculo
2991 2774 3203 2836 septem
3249 2782 3374 2821 esse
3401 2766 3638 2834 dierum,

2037 2871 2140 2928 pro
2169 2854 2368 2910 femina
2405 2871 2536 2910 vero
2566 2855 2779 2910 dierum
2836 2855 3286 2928 quatuordecim;
3337 2863 3391 2910 et
3437 2864 3638 2926 quanto

2039 2951 2122 3000 est
2143 2961 2276 2999 sexu
2301 2942 2589 3010 inﬁrmior,
2623 2951 2773 2999 tanto
2805 2945 2873 2998 sit
2903 2952 3031 2999 natu
3063 2943 3410 3014 inquinatior.
3463 2945 3636 3000 Porro

2040 3033 2454 3106 quatuordecim
2484 3041 2537 3088 et
2566 3033 2849 3106 sexaginta
2877 3048 2972 3088 sex
3003 3033 3280 3104 octoginta
3309 3031 3532 3100 faciunt,
3578 3032 3635 3086 in

2035 3138 2142 3196 quo
2165 3138 2426 3177 numerus
2457 3121 2705 3193 superior
2733 3121 3061 3192 duplicatur,
3097 3121 3220 3193 quia
3265 3121 3462 3176 mulier
3507 3137 3630 3176 ser-

2033 3212 2212 3283 pentis
2240 3210 2587 3282 persuasioni
2635 3210 2914 3267 consensit
2958 3217 3009 3266 et
3057 3210 3236 3265 virum
3294 3211 3638 3282 persuasioni

2034 3317 2147 3356 suae
2175 3301 2484 3356 consentire
2513 3299 2694 3373 coegit
2719 3318 2733 3367 ;
2767 3300 2852 3355 vir
2880 3307 3062 3356 autem
3093 3299 3196 3355 soli
3224 3291 3502 3356 consensit
3520 3316 3633 3354 mu-

2030 3389 2172 3446 lieri.
2206 3391 2389 3445 Potest
2419 3389 2580 3444 etiam
2625 3387 2744 3459 ipse
2799 3389 3190 3460 octogenarius
3251 3405 3510 3445 numerus
3563 3389 3631 3444 ad

2031 3478 2450 3535 resurrectionis
2505 3477 2717 3533 deﬂecti
2776 3475 3233 3549 signiﬁcationem
3282 3478 3628 3534 :dicendum

2032 3583 2248 3639 quoque
2281 3566 2427 3638 quod
2458 3573 2660 3638 quanto
2686 3563 2954 3621 inﬁrmior
2983 3573 3066 3620 est
3096 3567 3279 3632 homo,
3313 3574 3465 3622 tanto
3509 3581 3626 3622 ma-

2023 3655 2146 3726 jore
2174 3654 2382 3727 indiget
2411 3653 2791 3710 emendatione
2819 3669 2834 3708 :
2873 3675 2895 3704 «
2931 3653 3154 3710 Deferet
3180 3670 3386 3726 agnum
3415 3663 3468 3711 et
3502 3655 3623 3726 pul-

2027 3744 2140 3800 lum
2168 3743 2435 3801 columbae
2455 3743 2571 3798 sive
2591 3749 2875 3811 turturem,
2914 3761 2936 3792 ι
2970 3742 3025 3796 id
3074 3751 3157 3797 est
3202 3742 3326 3799 vita;
3361 3743 3622 3799 innocen-

2026 3834 2155 3888 tiam
2187 3839 2239 3888 et
2266 3832 2666 3904 simplicitatem
2693 3847 2758 3886 ac
2787 3830 3093 3887 castitatem
3121 3833 3236 3887 Deo
3283 3829 3497 3898 oﬁ‘erat,
3531 3831 3624 3902 qui

2026 3921 2317 3978 mundatus
2362 3938 2392 3976 a
2433 3921 2672 3994 peccatis
2700 3919 2885 3976 induci
2929 3920 3063 3976 velit
3115 3920 3171 3974 in
3217 3920 3615 3976 Sanctuarium.

2027 4012 2298 4069 Sacerdos
2328 4011 2574 4066 Christus
2603 4019 2704 4081 est,
2735 4018 2794 4065 ut
2832 4025 2978 4082 saepe
3027 4010 3232 4066 dictum
3260 4017 3362 4064 est.
3400 4031 3423 4061 ι
3458 4008 3617 4079 Quod

2026 4101 2073 4156 si
2101 4116 2210 4157 non
2239 4100 2508 4157 invenerit
2534 4116 2731 4155 manus
2760 4102 2896 4171 ejus,
2922 4122 2945 4151 »
2971 4108 3023 4157 et
3050 4099 3152 4156 rel.
3186 4098 3336 4155 Sicut
3365 4098 3421 4154 in
3449 4098 3620 4155 omni-

2025 4191 2127 4246 bus
2168 4189 2504 4262 providentia
2516 4189 2617 4246 Dei
2635 4190 2848 4262 pietatis
2870 4189 3106 4246 consulit
3134 4189 3370 4244 humano
3398 4187 3610 4260 generi,

2022 4278 2099 4334 ita
2126 4285 2181 4335 et
2208 4278 2298 4335 hic
2323 4295 2626 4351 pauperum
2671 4279 2936 4336 relevavit
2983 4279 3243 4350 inopiam.
3303 4276 3409 4346 Qui
3465 4277 3612 4333 enim

2023 4383 2135 4424 non
2161 4375 2340 4439 potest
2395 4384 2619 4440 agnum,
2677 4368 2734 4423 id
2791 4377 2875 4424 est
2925 4367 3292 4424 innocentiam
3337 4366 3611 4440 integram

1936 4459 1990 4521 D
2020 4457 2222 4514 ducere
2252 4498 2266 4527 ,
2326 4466 2504 4512 sumet
2539 4457 2677 4513 duos
2736 4465 2975 4513 turtures
3035 4457 3119 4512 vel
3173 4456 3355 4528 pullos
3401 4456 3611 4513 colum-

2017 4547 2120 4614 hae,
2181 4547 2238 4602 id
2268 4554 2352 4603 est
2388 4545 2860 4617 compunctionem
2916 4554 2969 4602 et
3023 4545 3421 4602 castimoniam.
3469 4543 3612 4614 Quia

2016 4636 2108 4692 isti
2135 4635 2290 4692 alites
2320 4635 2581 4708 gemitum
2609 4651 2710 4706 pro
2741 4642 2904 4691 cantu
2934 4633 3156 4701 habent,
3189 4633 3299 4690 duo
3331 4634 3607 4701 dicuntur,

2019 4726 2147 4798 quia
2190 4725 2299 4781 duo
2354 4733 2478 4780 sunt
2531 4740 2741 4796 genera
2789 4722 3266 4795 compunctionis:
3313 4723 3609 4796 aliquando

2015 4831 2169 4872 mens
2198 4815 2583 4886 compungitur
2609 4821 2838 4885 propter
2894 4820 3100 4869 metum
3137 4813 3423 4887 gehennae,
3459 4814 3607 4886 quod

2015 4911 2100 4960 est
2151 4920 2318 4959 unum
2341 4901 2537 4958 offerre
2595 4919 2695 4975 pro
2740 4909 2966 4974 peccato
3007 4919 3021 4956 :
3055 4902 3341 4974 aliquando
3384 4909 3610 4974 propter

2013 4992 2342 5048 desiderium
2369 4991 2528 5063 regni
2555 4991 2814 5059 ccelestis,
2847 4993 2951 5047 hoc
2971 4999 3055 5047 est
3074 4991 3175 5048 Dei
3194 4991 3440 5061 visionis,
3461 4991 3608 5064 quod

2015 5090 2097 5138 est
2124 5081 2288 5137 alium
2317 5081 2373 5136 in
2404 5081 2787 5138 holocaustum
2813 5081 3115 5138 immolare.

2598 5296 2822 5354 CAPUT
2858 5297 3009 5354 XIII.

2086 5489 2109 5521 ι
2142 5469 2377 5525 Locutus
2409 5478 2488 5525 est
2517 5469 2780 5527 Dominus
2825 5473 2892 5528 ad
2922 5473 3144 5544 Moysen
3173 5480 3224 5528 et
3251 5474 3453 5538 Aaron,
3493 5488 3514 5518 υ
3553 5478 3606 5524 et

2010 5558 2240 5630 reliqua.
2275 5559 2385 5615 Cur
2413 5561 2485 5615 ad
2513 5569 2802 5634 utrumque
2822 5563 3056 5636 loquitur
3082 5577 3203 5618 cum
3223 5560 3278 5614 in
3298 5558 3486 5614 Exodo
3507 5573 3606 5628 per

2011 5649 2237 5721 Moysen
2266 5649 2337 5706 ad
2364 5652 2552 5709 Aaron
2581 5667 2640 5710 se
2660 5651 2968 5710 locuturum
2985 5647 3344 5726 promiserit?
3363 5646 3462 5704 sed
3477 5646 3606 5719 quia
