3998 6188
334 211 436 264 819

868 205 1274 261 WALAFRIDI
1300 203 1544 261 STRABI
1576 204 1780 262 FULD.
1812 203 1984 262 MON.
2017 203 2170 262 OPP.
2203 206 2380 264 PARS
2408 207 2452 264 Ι.
2485 237 2555 251 -
2581 206 3053 265 THEOLOGICA.

3526 214 3633 269 820

351 331 566 389 duobus
593 331 772 387 modis
801 331 949 386 Deus
971 329 1208 401 loquitur
1232 329 1303 384 ad
1345 329 1614 399 homines,
1647 329 1704 384 id
1733 337 1815 385 est
1844 314 1945 401 per
1971 333 2029 395 Α
2057 331 2220 402 cabit,
2261 330 2408 403 quia,
2441 338 2501 386 ut
2530 331 2825 402 Apostolus
2853 332 2929 387 ait
2961 349 2975 387 :
3011 351 3035 384 ι
3070 331 3128 388 Si
3156 324 3649 408 circumcidamini,

349 421 612 477 internam
677 419 1089 492 inspirationem
1146 426 1199 474 et
1254 433 1356 488 per
1419 418 1794 490 evangelicum
1855 418 1942 475 vel

356 510 517 566 etiam
563 508 793 564 aliorum
837 507 1115 562 hominum
1158 505 1558 574 ministerium;
1607 507 1677 561 ad
1719 509 1944 580 Moysen

355 614 568 664 secrete
595 605 915 677 loquebatur
935 603 1199 660 Dominus
1220 610 1272 658 et
1291 603 1362 659 ad
1381 606 1560 659 Aaron
1579 621 1680 675 per
1697 605 1944 676 Moysen.

360 716 385 748 ι
417 697 593 751 Homo
622 695 676 749 in
705 696 858 762 cujus
887 709 1055 749 carne
1083 701 1134 748 et
1165 702 1306 763 cute,
1331 712 1355 744 ι
1389 701 1442 747 et
1469 694 1698 764 reliqua.
1728 694 1948 749 Iudaeus

358 784 628 850 videlicet,
659 783 753 853 qui
774 790 1104 853 praeceptum
1125 781 1343 837 Domini
1361 781 1524 837 fuerit
1542 782 1942 853 praevaricatus,

358 873 446 930 vel
495 870 830 928 Christianus
877 870 1102 942 quilibet
1129 870 1184 925 in
1250 872 1406 940 cujus
1453 886 1617 927 carne
1660 879 1715 927 et
1756 879 1879 927 cute
1914 887 1949 927 a

351 961 456 1016 vita
504 967 554 1015 et
601 960 858 1031 operibus
905 968 1216 1030 apparuerit
1262 959 1516 1032 iniquitas
1565 968 1618 1016 et
1663 968 1947 1032 peccatum

351 1048 608 1116 notabile,
645 1068 668 1100 α
703 1048 817 1104 sive
841 1049 1078 1119 pustula,
1118 1068 1142 1099 ι
1176 1050 1348 1117 majus
1378 1056 1431 1104 et
1461 1049 1639 1104 minus
1668 1049 1944 1120 delictum,

355 1157 380 1189 ι
431 1145 520 1192 aut
562 1137 716 1209 quasi
751 1137 942 1193 lucens
998 1137 1295 1210 quippiam,
1334 1158 1358 1187 ι
1407 1137 1465 1193 id
1521 1145 1605 1192 est
1661 1137 1949 1194 manifesta

351 1234 596 1299 peccata,
647 1227 716 1282 de
764 1227 962 1298 quibus
1005 1227 1298 1297 Apostolus
1329 1243 1344 1280 :
1382 1245 1405 1277 ι
1438 1226 1826 1295 Quorumdam,
1859 1227 1948 1282 in-

352 1316 483 1387 quit,
518 1314 798 1370 hominum
824 1321 1046 1386 peccata
1075 1314 1361 1371 manifesta
1399 1323 1541 1381 sunt,
1590 1316 1951 1386 praecedentia

349 1404 420 1459 ad
459 1403 728 1474 judicium
774 1405 826 1474 (Ι
854 1406 992 1460 Tim.
1041 1403 1120 1473 v).
1159 1423 1183 1454 ι
1239 1425 1262 1456 ι
1298 1404 1608 1459 Adducatur
1655 1405 1723 1459 ad
1766 1408 1950 1460 Aaron

351 1493 711 1559 sacerdotem,
742 1511 765 1542 ι
801 1493 857 1547 id
886 1500 968 1547 est
995 1491 1308 1548 doctoribus
1341 1493 1703 1563 spiritualibus
1734 1493 1802 1548 ad
1832 1510 1949 1548 exa-

349 1581 668 1636 minandum
717 1581 1044 1652 publicetur,
1081 1603 1103 1632 ε
1141 1581 1234 1653 qui
1261 1582 1389 1636 dum
1430 1581 1628 1636 viderit
1663 1582 1865 1652 lepram
1895 1583 1949 1637 in

349 1677 480 1726 cute
508 1677 562 1724 et
587 1671 730 1741 pilos
761 1669 816 1725 in
845 1671 1026 1724 album
1057 1670 1295 1726 colorem
1327 1678 1584 1740 mutatos,
1611 1689 1635 1721 ι
1669 1679 1720 1726 et
1749 1671 1870 1736 rel.,
1895 1671 2009 1758 idB

354 1767 438 1815 est
464 1767 750 1830 peccatum
794 1760 848 1814 in
894 1759 1157 1828 moribus,
1189 1769 1244 1814 et
1272 1760 1632 1832 cogitationes
1679 1760 1748 1816 de
1778 1760 1948 1816 recti-

349 1848 536 1903 tudine
566 1856 738 1904 status
768 1848 850 1903 sui
880 1856 1130 1913 mutatas,
1173 1849 1458 1920 ipsamque
1502 1849 1769 1904 actionem
1798 1858 1949 1906 ante-

363 1945 500 1993 actaa
528 1937 654 1992 vitae
701 1937 992 2006 turpiorem
1044 1945 1096 1992 et
1141 1937 1505 2003 humiliorem,
1538 1938 1593 1992 id
1622 1944 1707 1994 est
1734 1939 1932 2009 prioris

346 2047 371 2078 ι
407 2035 462 2081 et
490 2025 560 2080 ad
605 2025 895 2080 arbitrium
948 2025 1064 2094 ejus
1113 2026 1468 2096 separabitur,
1506 2045 1530 2076 ι
1565 2026 1621 2081 id
1649 2035 1750 2094 est,
1784 2027 1830 2082 si
1859 2027 1947 2082 di-

346 2129 490 2188 gnus
518 2113 700 2180 fuerit,
752 2113 1328 2169 excommunicabitur.
1364 2135 1387 2166 ι
1423 2114 1517 2169 Sin
1545 2123 1726 2175 autem
1756 2116 1946 2171 lucens

343 2204 552 2261 candor
578 2203 679 2258 erit
708 2201 765 2257 in
793 2210 936 2273 cute,
965 2222 988 2252 ι
1014 2211 1066 2258 et
1088 2203 1311 2274 reliqua.
1362 2203 1419 2259 Si
1439 2204 1815 2260 manifestatur
1834 2204 1952 2276 qui-

343 2293 470 2350 dem
497 2300 802 2363 peccatum,
837 2292 934 2347 sed
963 2299 1142 2348 tamen
1173 2307 1283 2348 non
1312 2308 1346 2348 a
1373 2300 1514 2347 statu
1560 2293 1758 2365 prioris
1799 2293 1944 2361 vitae,

338 2382 432 2440 ille
462 2381 554 2454 qui
583 2388 773 2453 peccat
803 2381 1045 2452 dilapsus
1066 2389 1168 2448 est,
1197 2397 1300 2438 nec
1332 2383 1689 2453 cogitationes
1718 2383 1787 2437 ad
1814 2399 1946 2454 per-

342 2470 642 2526 sistendum
690 2470 747 2524 in
775 2479 999 2541 peccato
1047 2471 1135 2527 vel
1192 2471 1599 2542 desperandum
1653 2471 1939 2543 convertit,

341 2560 588 2616 recludet
613 2561 979 2632 cum'septem
1030 2559 1245 2630 diebus,
1293 2560 1350 2616 id
1394 2569 1479 2616 est
1522 2576 1622 2632 per
1666 2562 1944 2634 paeniten-

341 2649 469 2706 tiam
516 2656 570 2704 et
618 2648 852 2720 Spiritus
907 2648 1078 2706 sancti
1134 2649 1382 2720 gratiam,
1443 2650 1537 2722 qui
1585 2651 1639 2705 in
1686 2659 1944 2721 septena-

337 2739 422 2795 rio
451 2754 683 2794 numero
733 2738 1079 2806 describitur,
1129 2739 1207 2794 illi
1246 2738 1625 2794 remissionem
1662 2739 1950 2810 promittat

335 2836 703 2901 peccatorum.
755 2827 884 2883 Ideo
934 2843 1064 2884 vero
1109 2827 1206 2899 pili
1252 2828 1407 2897 cujus
1454 2827 1562 2882 sint
1608 2827 1806 2884 coloris
1861 2827 1947 2883 in-

333 2917 472 2989 spici
496 2917 775 2987 jubentur,
809 2916 940 2989 quia
987 2914 1237 2990 diligenti
1281 2915 1680 2972 examinatione
1710 2917 1942 2972 investi-

333 3023 466 3081 gare
496 3007 749 3063 convenit
778 3013 956 3061 utrum
984 3013 1274 3077 peccatum
1322 3023 1388 3061 ex
1437 3006 1692 3061 diuturna
1720 3006 1939 3063 malitia;

327 3094 797 3169 praemeditatione
827 3093 1092 3167 prodierit
1122 3109 1192 3149 an
1233 3109 1361 3150 casu
1391 3094 1695 3150 secundum
1721 3093 1934 3167 fragili-

331 3192 500 3241 tatem
542 3185 792 3239 humana
838 3191 1047 3238 natura:
1095 3183 1402 3256 contigerit.
1441 3203 1465 3236 ι
1498 3183 1556 3240 Si
1599 3199 1731 3240 vero
1781 3184 1937 3256 lepra

333 3273 475 3330 ultra
504 3289 614 3329 non
663 3272 915 3339 creverit,
955 3290 978 3324 ι
1012 3271 1066 3326 id
1096 3278 1198 3338 est,
1235 3272 1282 3328 si
1308 3272 1364 3328 in
1392 3273 1784 3330 consuetudine
1811 3291 1940 3346 pec-

333 3362 442 3419 cati
469 3364 633 3418 homo
676 3376 786 3418 non
829 3361 1220 3433 perduraverit,
1259 3382 1283 3416 s
1315 3376 1419 3418 nec
1467 3363 1729 3419 terminos
1759 3371 1940 3420 trans-

331 3451 477 3518 ierit,
515 3470 538 3501 ι
600 3449 656 3506 id
713 3459 796 3506 est
850 3449 987 3506 alios
1052 3465 1236 3506 mores
1309 3465 1440 3507 suos
1471 3467 1581 3507 non
1636 3452 1936 3520 violaverit,

334 3560 358 3592 ι
392 3555 587 3595 rursus
615 3538 858 3596 includet
901 3554 1026 3595 eum
1076 3547 1286 3612 septem
1335 3540 1528 3596 diebus
1574 3540 1716 3596 aliis.
1745 3561 1768 3593 ι
1804 3542 1940 3598 Pro-

333 3636 456 3702 pter
485 3628 801 3702 diligentem
831 3629 1284 3685 examinationem
1315 3629 1401 3685 bis
1431 3646 1557 3686 eum
1576 3629 1777 3687 includi
1796 3646 1941 3702 prae-

335 3718 498 3790 cepit,
551 3726 729 3773 tamen
761 3718 810 3773 ei
840 3733 1056 3790 semper
1104 3734 1206 3791 per
1254 3718 1516 3790 Spiritum
1569 3727 1817 3776 sanctum
1846 3734 1942 3777 re-

331 3807 524 3864 missio
554 3807 918 3879 promittatur.
953 3828 977 3860 ι
1011 3807 1068 3863 Si
1096 3808 1384 3864 obscurior
1413 3807 1576 3864 fuerit
1618 3808 1792 3882 lepra,
1833 3829 1856 3860 ι
1889 3817 1944 3868 et

320 3897 444 3964 rel.,
479 3897 526 3952 si
570 3913 668 3969 per
705 3896 1079 3968 paenitentiam
1128 3897 1370 3953 deletum
1423 3897 1584 3952 fuerit
1631 3905 1936 3968 peccatum,

343 4007 366 4039 α
399 3986 680 4042 mundabit
709 4001 854 4053 eum,
890 4005 914 4038 ι
948 3985 1004 4040 id
1035 3994 1118 4042 est
1162 3987 1426 4042 mundum
1461 3986 1721 4056 judicabit
1756 4004 1771 4042 :
1809 4008 1830 4041 ι
1867 3987 1949 4044 la-

338 4076 595 4147 vabitque
633 4076 798 4130 homo
844 4075 1182 4142 vestimenta,
1221 4095 1244 4126 ι
1275 4075 1332 4131 id
1369 4082 1453 4131 est
1488 4075 1744 4147 lacrymis
1791 4090 1934 4133 com-

341 4163 650 4236 punctionis
681 4163 1011 4220 conscientia
1053 4164 1425 4220 mandabitur.
1463 4185 1486 4216 ι
1520 4163 1680 4234 Quod
1711 4164 1757 4220 si
1785 4174 1943 4236 post-

341 4269 501 4326 quam
534 4270 564 4308 a
593 4253 876 4310 sacerdote
902 4253 1052 4309 visus
1090 4262 1190 4320 est,
1220 4273 1242 4304 ι
1266 4261 1320 4310 et
1353 4253 1583 4325 reliqua.
1609 4253 1666 4310 Si
1686 4253 1942 4312 videlicet

337 4351 563 4414 peracta
576 4342 910 4414 poenitentia,
931 4341 1255 4414 remissione
1274 4351 1512 4414 accepta,
1532 4359 1720 4399 rursus
1741 4344 1934 4400 iterare

2055 418 2302 475 Christus
2331 420 2488 475 vobis
2511 420 2646 474 nihil
2674 420 2919 492 proderit
2948 420 3093 492 (Gal.
3125 422 3223 494 v);
3257 442 3280 472 ι
3315 431 3365 477 et
3395 423 3593 480 iterum
3628 441 3644 480 :

2047 529 2070 560 ι
2104 509 2432 565 Haereticum
2459 509 2737 565 hominem
2765 518 2889 581 post
2917 525 3082 566 unam
3112 518 3167 566 et
3193 512 3490 568 secundam
3517 527 3645 568 cor-

2043 597 2350 669 reptionem
2378 598 2579 669 devita,
2611 599 2792 654 sciens
2830 598 2959 670 quia
3009 599 3308 656 subversas
3338 609 3420 656 est
3448 600 3643 670 hujus-

2044 687 2194 741 modi
2223 687 2359 759 (Tit.
2390 687 2492 758 In).
2531 707 2554 737 ι
2591 707 2616 738 ι
2649 687 2744 742 Sin
2774 695 2956 743 autem
2986 687 3282 743 eﬁloruerit
3324 689 3645 746 discurrens

2045 775 2218 846 lepra,
2255 794 2279 826 ι
2314 784 2368 831 et
2411 776 2514 832 rel.
2567 776 2881 832 Secundum
2916 777 3223 848 historiam,
3271 793 3382 833 non
3426 778 3646 834 videtur

2047 877 2393 937 consequens
2446 871 2506 919 ut
2559 865 2794 919 mundus
2852 864 2940 935 sit,
3000 866 3154 936 cujus
3201 874 3371 922 totam
3417 881 3648 924 carnem

2049 953 2226 1024 Operit
2252 953 2427 1024 lepra,
2460 961 2513 1009 et
2531 953 2623 1008 ille
2653 954 2967 1010 immundus
2997 955 3085 1010 cui
3113 955 3169 1010 in
3198 971 3306 1010 uno
3336 956 3458 1012 loco
3487 957 3647 1028 lepra

2050 1043 2263 1099 videtur
2312 1042 2514 1097 inesse.
2563 1042 2872 1115 Allegorice
2928 1052 3155 1100 autem:
3204 1060 3427 1100 carnem
3476 1053 3648 1102 totam

2050 1138 2282 1202 occupat
2310 1130 2484 1202 lepra,
2508 1131 2638 1186 dum
2669 1132 2755 1186 vel
2783 1140 3064 1203 peccator,
3113 1131 3378 1189 conﬁtens
3424 1149 3647 1190 omnem

2048 1221 2219 1277 vitam
2245 1235 2401 1275 suam
2428 1220 2810 1292 peccatricem,
2842 1221 3049 1276 malum
3074 1238 3233 1277 suum
3263 1238 3375 1277 non
3403 1223 3647 1280 abscon-

2050 1309 2166 1378 dit;
2194 1310 2283 1365 vel
2314 1317 2427 1365 toto
2456 1317 2704 1380 tempore
2741 1310 2865 1366 vitae
2910 1310 3126 1380 publice
3172 1311 3462 1383 pcenitens,
3496 1312 3652 1367 Chri-

2051 1398 2122 1453 sti
2167 1399 2348 1471 gratia
2393 1413 2454 1453 se
2501 1398 2694 1470 quaerit
2741 1399 3006 1467 dealbari,
3045 1420 3068 1450 ι
3099 1400 3333 1455 mundus
3370 1400 3494 1467 erit,
3533 1421 3556 1450 ι
3590 1401 3648 1456 id

2050 1495 2135 1543 est
2165 1487 2324 1542 saluti
2353 1487 2654 1559 proximus.
2692 1505 2715 1539 ε
2748 1486 2978 1557 Quando
3014 1503 3147 1544 vero
3196 1505 3326 1544 caro
3369 1489 3560 1545 vivens
3589 1489 3650 1545 in

2051 1591 2117 1632 eo
2148 1577 2484 1648 apparuerit,
2521 1596 2543 1626 ι
2579 1583 2634 1632 et
2660 1576 2786 1647 rel.,
2835 1577 2892 1632 id
2922 1584 3006 1632 est
3045 1577 3284 1634 carnalis
3330 1579 3648 1650 superstitio

2049 1664 2210 1738 legis,
2255 1665 2461 1734 judicio
2507 1666 2857 1722 sacerdotum
2912 1667 3259 1738 perquiratur
3304 1676 3488 1723 utrum
3534 1676 3649 1724 tam

2047 1756 2294 1826 pertinax
2342 1754 2439 1824 sit,
2497 1762 2554 1809 ut
2594 1755 2720 1825 jure
2765 1756 3203 1812 condemnetur:
3256 1776 3278 1808 α
3314 1757 3455 1812 Caro
3498 1758 3648 1814 enim

2045 1845 2171 1900 viva
2200 1843 2246 1898 si
2275 1843 2429 1914 lepra
2457 1851 2803 1916 aspergatur,
2835 1844 3117 1900 immunda
3143 1852 3245 1916 est,
3281 1864 3304 1896 ι
3339 1845 3396 1901 id
3425 1854 3511 1902 est
3537 1847 3643 1902 ob-

2049 1933 2285 1989 servatio
2306 1932 2466 2006 legis,
2490 1933 2538 1988 si
2557 1934 2614 1987 in
2635 1949 2817 1989 errore
2837 1934 2926 2002 sit,
2957 1951 3069 1990 non
3096 1935 3340 2006 prodest.
3374 1933 3481 2004 Qui
3501 1935 3647 1992 enim

2046 2022 2222 2079 credit
2247 2021 2365 2078 sine
2392 2021 2534 2095 legis
2563 2022 2914 2079 observantia
2949 2039 3061 2079 non
3103 2039 3228 2080 esse
3277 2023 3513 2081 salutem
3541 2027 3644 2080 sub

2047 2112 2248 2185 gratia,
2282 2127 2472 2166 errore
2515 2111 2862 2184 illaqueatur.
2899 2133 2922 2167 ι
2957 2112 3118 2183 Quod
3155 2112 3199 2169 si
3230 2130 3454 2170 rursum
3481 2129 3646 2170 versa

2047 2201 2211 2256 fuerit
2256 2200 2314 2256 in
2358 2201 2625 2268 alborem,
2665 2217 2688 2253 ι
2735 2208 2790 2258 et
2837 2201 2936 2258 rel.
2983 2202 3040 2258 Si
3086 2209 3211 2274 post
3261 2204 3647 2260 remissionem

2045 2291 2244 2348 iterum
2284 2306 2317 2348 a
2363 2300 2514 2349 recto
2572 2290 2888 2361 deviaverit,
2965 2290 3277 2348 immundus
3343 2293 3644 2363 judicatur,

2048 2401 2073 2434 ι
2110 2396 2238 2436 caro
2266 2388 2321 2436 et
2349 2381 2488 2437 cutis
2506 2382 2562 2436 in
2583 2396 2692 2453 qua
2719 2380 2875 2437 ulcus
2905 2387 2987 2436 est
3015 2389 3205 2438 natum
3233 2389 3287 2437 et
3316 2391 3589 2450 sanatum,
3619 2401 3642 2434 ι

2045 2475 2102 2526 et
2129 2469 2228 2526 rel.
2260 2470 2430 2526 Ulcus
2459 2476 2545 2526 est
2587 2470 2735 2542 quod
2782 2466 2850 2526 de
2898 2470 3044 2526 intus
3091 2471 3326 2542 erumpit
3367 2471 3567 2527 vulnus
3594 2479 3649 2528 et

2043 2558 2212 2632 plaga
2258 2558 2566 2616 forinsecus
2610 2559 2892 2616 inﬂictum.
2943 2559 3001 2616 Si
3043 2568 3224 2616 autem
3270 2559 3338 2615 de
3365 2560 3649 2618 voluntate

2043 2647 2280 2703 hominis
2326 2656 2612 2720 peccatum
2653 2648 2938 2720 prodierit,
2988 2663 3100 2705 non
3144 2665 3212 2705 ex
3259 2663 3411 2718 casu,
3463 2658 3518 2705 et
3547 2666 3648 2721 per

2043 2737 2421 2808 paenitentiam
2467 2746 2721 2794 sanatum
2771 2737 2954 2805 fuerit,
3005 2758 3030 2792 ι
3067 2745 3122 2793 et
3169 2738 3481 2810 apparuerit
3525 2738 3648 2794 alba

2041 2826 2283 2894 cicatrix,
2307 2845 2330 2877 ι
2355 2826 2408 2881 id
2425 2833 2507 2882 est
2527 2826 2761 2882 carnalis
2789 2827 3123 2894 Judaismus,
3152 2847 3176 2882 ι
3202 2827 3317 2883 sive
3346 2827 3596 2896 subrufa,
3621 2846 3645 2880 ι

2041 2915 2098 2972 id
2125 2924 2228 2983 est,
2259 2923 2386 2989 post
2415 2915 2648 2990 gratiam
2686 2916 2995 2990 Evangelii,
3045 2915 3186 2972 facta
3227 2917 3646 2988 praevaricatio;

2042 3004 2387 3061 humiliorem
2437 3020 2605 3062 carne
2652 3005 2883 3078 reliqua,
2933 3005 2990 3062 id
3036 3013 3118 3061 est
3175 3006 3422 3078 pejorem
3470 3005 3646 3078 priori

2032 3093 2162 3161 vita,
2197 3102 2325 3162 etc.,
2357 3102 2418 3150 ut
2449 3108 2632 3166 supra.
2670 3115 2694 3147 ι
2729 3093 2892 3165 Quod
2921 3095 2968 3150 si
2991 3094 3137 3167 pilus
3183 3094 3386 3151 coloris
3417 3104 3504 3151 est
3534 3096 3645 3168 pri-

2034 3182 2179 3251 stini,
2215 3203 2238 3233 ιι
2273 3182 2329 3238 id
2357 3190 2440 3238 est
2469 3183 2694 3240 intentio
2724 3182 3118 3257 cogitationum
3157 3184 3402 3256 priorem
3433 3192 3640 3241 statum

2035 3286 2146 3328 non
2183 3271 2523 3345 relinquens,
2573 3279 2628 3329 et
2674 3272 2722 3329 si
2776 3273 3106 3330 continuerit
3144 3289 3176 3330 a
3221 3281 3470 3347 peccato,
3519 3291 3647 3347 pro-

2039 3361 2284 3418 mittatur
2338 3360 2416 3417 illi
2482 3377 2582 3435 per
2647 3361 2909 3435 Spiritum
2963 3371 3208 3419 sanctum
3262 3363 3562 3420 remissio:
3598 3364 3651 3420 si

2040 3458 2220 3506 autem
2261 3449 2562 3523 perstiterit
2589 3450 2645 3507 in
2686 3451 2863 3519 malis,
2910 3451 3321 3508 condemnetur.
3360 3473 3383 3504 ι
3419 3453 3562 3510 Caro
3589 3461 3646 3510 et

2043 3539 2182 3596 cutis
2231 3556 2395 3612 quam
2443 3539 2588 3613 ignis
2631 3540 2918 3610 exusserit,
2957 3561 2978 3592 ι
3014 3548 3068 3597 et
3096 3541 3221 3609 rel.,
3254 3541 3312 3598 id
3343 3550 3425 3597 est
3457 3543 3568 3598 vita
3596 3550 3650 3602 et

2042 3629 2391 3685 conversatio
2422 3646 2544 3706 quae
2574 3629 2775 3686 invidia
2802 3637 2856 3686 et
2883 3629 3010 3686 odio
3038 3629 3372 3699 vulneratur,
3397 3632 3444 3687 si
3465 3647 3650 3690 emen-

2043 3717 2182 3774 dans
2204 3717 2293 3774 vel
2323 3718 2760 3790 superstitionem
2785 3719 2924 3793 legis
2955 3728 3212 3791 sectatur,
3235 3719 3323 3776 vel
3346 3728 3648 3793 transgres-

2045 3822 2166 3863 sum
2194 3807 2481 3881 Evangelii
2528 3816 2581 3865 et
2621 3824 2766 3865 sana:
2809 3808 3073 3866 doctrinm
3117 3818 3290 3866 status
3338 3810 3644 3880 admiserit,

2045 3897 2530 3964 condemnabitur;
2562 3897 2610 3952 si
2638 3913 2768 3953 vero
2797 3897 2939 3953 bona
2986 3898 3212 3956 intentio
3242 3915 3353 3955 non
3380 3908 3644 3971 mutatur,

2045 3983 2138 4040 ﬁat
2168 3993 2227 4040 ut
2257 4000 2445 4057 supra.
2479 3985 2534 4041 Si
2565 3994 2690 4058 post
2718 3986 3055 4060 diligentiam
3085 3988 3504 4044 examinationis
3533 3989 3648 4061 ple-

2013 4088 2174 4154 lnam
2220 4073 2378 4147 quasi
2429 4083 2640 4147 septem
2687 4075 2901 4131 dierum
2951 4078 3412 4150 exspectationem
3468 4078 3647 4135 errori

2046 4162 2314 4219 obnoxius
2340 4163 2503 4219 homo
2519 4163 2841 4230 inveniatur,
2866 4164 3276 4221 condemnetur.
3307 4166 3478 4238 Plaga
3498 4182 3646 4223 com-

2045 4252 2283 4308 busturas
2332 4260 2417 4308 est
2463 4253 2700 4324 suspicio
2737 4253 2974 4324 invidiae,
3020 4271 3131 4310 non
3169 4255 3309 4327 ipsa,
3361 4256 3493 4328 quia
3554 4257 3646 4330 qui

2045 4341 2242 4412 injuste
2271 4341 2434 4398 alicui
2459 4342 2734 4399 invidebat
2759 4353 2882 4400 ante
2912 4344 3366 4415 emendationem,
3411 4346 3458 4400 si
3487 4354 3643 4418 post-

337 4440 619 4503 peccatum
667 4431 1094 4502 prasumpserit,
1155 4432 1551 4488 contaminatus
1590 4432 1936 4501 judicabitur,
1964 4427 2260 4488 Dmodum
2323 4432 2472 4502 juste
2542 4449 2706 4504 quem
2778 4433 3078 4508 redarguit,
3109 4450 3210 4506 per
3265 4434 3485 4492 invidia:
3543 4436 3645 4492 hoc

338 4528 392 4576 et
429 4521 476 4576 si
518 4521 836 4592 perstiterit,
885 4528 968 4576 est
1011 4521 1369 4593 separandus.
1426 4542 1450 4573 ι
1483 4521 1653 4596 Plaga
1696 4522 1862 4594 lepraa
1899 4522 1948 4578 si

344 4607 504 4666 fuerit
534 4611 589 4664 in
619 4610 858 4678 homine,
897 4630 920 4660 ι
954 4617 1009 4666 et
1037 4610 1162 4676 rel.,
1195 4609 1252 4666 id
1299 4618 1383 4666 est
1429 4611 1628 4667 erroris
1658 4618 1711 4668 et
1738 4612 1950 4683 peccati

342 4698 674 4773 contagium,
718 4699 1019 4756 adducetur
1071 4699 1138 4755 ad
1184 4701 1547 4767 sacerdotem,
1578 4699 1635 4756 id
1662 4709 1745 4758 est
1791 4701 1946 4757 Chri-

339 4797 482 4844 stum
513 4789 600 4845 vel
628 4789 973 4864 magistrum,
1005 4789 1098 4862 qui
1127 4790 1245 4859 ejus
1295 4789 1472 4846 vicem
1515 4797 1680 4846 tenet.
1719 4811 1742 4842 ι
1777 4790 1945 4846 Cum-

329 4895 434 4951 que
463 4879 618 4936 color
645 4879 801 4935 albus
855 4879 1037 4946 fuerit,
1078 4897 1102 4931 ι
1138 4886 1191 4935 et
1222 4878 1346 4944 rel.,
1382 4879 1438 4935 id
1471 4887 1554 4936 est
1600 4877 1946 4953 refrigeratio

341 4969 646 5040 charitatis,
677 4985 803 5024 nam
831 4975 1059 5041 propter
1106 4967 1282 5042 frigus
1327 4983 1475 5040 saepe
1523 4967 1682 5025 albor
1716 4969 1946 5025 incane-

340 5057 462 5126 scit,
499 5078 521 5108 α
559 5065 614 5112 et
643 5057 967 5128 capillorum
1012 5064 1187 5114 mutat
1228 5065 1531 5130 aspectum,
1567 5079 1589 5108 υ
1622 5058 1679 5114 id
1708 5065 1792 5115 est
1835 5067 1946 5114 sta-

342 5153 459 5200 tum
488 5144 838 5217 c0gitationis
871 5164 885 5201 :
917 5147 1101 5220 capilli
1115 5146 1370 5202 dicuntur
1398 5146 1555 5219 quasi
1582 5146 1775 5219 capitis
1804 5147 1938 5218 pili;

349 5253 371 5285 ι
396 5232 627 5305 ipsaque
660 5247 792 5288 caro
821 5234 944 5290 viva
974 5235 1308 5308 apparuerit,
1337 5255 1360 5286 ι
1393 5235 1451 5291 id
1471 5242 1555 5290 est
1583 5237 1822 5293 carnalis
1843 5236 1942 5292 ob-

342 5330 584 5388 servatio
612 5330 753 5404 legis
777 5348 791 5384 :
832 5352 854 5381 α
879 5331 1038 5403 lepra
1063 5333 1431 5389 vetustissima
1454 5334 1810 5406 judicabitur,
1838 5354 1862 5386 ι
1887 5334 1942 5390 id

346 5430 430 5478 est
473 5420 676 5478 veteris
734 5419 969 5476 hominis
1029 5437 1168 5493 Opus
1215 5430 1268 5478 et
1310 5423 1644 5496 inquinatio;
1699 5444 1721 5476 ι
1756 5423 1947 5481 inolita

348 5510 478 5581 cuti,
499 5530 522 5562 ι
537 5511 643 5568 hoc
659 5517 742 5567 est
761 5510 816 5567 in
827 5512 1044 5568 haerens
1063 5512 1485 5569 conversationi.
1506 5533 1529 5565 ι
1547 5513 1948 5570 Contaminabit

347 5623 470 5666 eum
499 5611 781 5683 sacerdos,
821 5632 843 5662 »
878 5617 934 5669 et
961 5610 1061 5668 rel.
1095 5609 1386 5684 Indignum
1411 5613 1794 5671 communione
1805 5612 1947 5683 judi-

2048 4521 2333 4577 iteratione
2380 4537 2545 4594 agere
2600 4529 2835 4593 putatur,
2888 4521 3034 4596 quod
3081 4539 3112 4578 a
3155 4523 3400 4590 doctore,
3460 4532 3644 4581 utrum

2048 4609 2135 4678 sit,
2169 4609 2463 4683 diligenter
2491 4611 2931 4681 perspiciendum
2980 4620 3083 4668 est.
3121 4633 3145 4663 ι
3181 4612 3277 4668 Vir
3305 4613 3422 4670 sive
3448 4614 3647 4671 mulier

2046 4699 2102 4753 in
2133 4699 2289 4768 cujus
2320 4699 2496 4770 capite
2526 4698 2612 4754 vel
2641 4699 2812 4755 barba
2841 4700 3172 4772 germinabit
3199 4700 3370 4774 lepra,
3400 4723 3423 4754 ι
3456 4712 3512 4759 et
3541 4703 3644 4760 rel.

2045 4788 2221 4846 Fortis
2268 4789 2383 4844 sive
2429 4786 2697 4855 infirmus,
2749 4789 2966 4860 sapiens
3014 4791 3132 4846 sive
3176 4791 3358 4846 minus
3404 4793 3643 4864 sapiens,

2054 4878 2146 4951 qui
2176 4879 2232 4933 in
2261 4877 2368 4933 fide
2397 4877 2704 4934 Divinitatis
2750 4877 2952 4934 Christi
2999 4879 3085 4935 vel
3133 4879 3478 4936 humanitatis
3527 4883 3646 4950 ejus

2047 4983 2234 5024 errore
2262 4967 2582 5034 maculatur,
2619 4987 2643 5018 α
2679 4967 2726 5022 si
2753 4967 2980 5040 capillus
3017 4967 3182 5024 fuerit
3229 4969 3400 5025 flavus
3449 4969 3643 5028 solito-

2047 5073 2155 5130 que
2185 5056 2448 5124 subtilior,
2487 5077 2511 5107 ι
2546 5057 2650 5113 hoc
2679 5065 2762 5112 est
2807 5057 3034 5114 intentio
3081 5058 3469 5133 cogitationum
3514 5075 3645 5133 pro-

2045 5145 2224 5218 prium
2253 5154 2454 5201 statum
2489 5145 2789 5218 reliquerit,
2835 5147 2908 5203 ad
2949 5145 3266 5220 malumque
3301 5148 3642 5222 investigan-

2045 5235 2176 5291 dum
2196 5233 2356 5290 fuerit
2384 5235 2654 5309 sagacior,
2676 5235 3088 5292 condemnetur.
3127 5258 3150 5288 ι
3178 5237 3273 5292 Sin
3288 5245 3470 5293 autem
3492 5239 3645 5294 vide-

2045 5324 2114 5379 rit
2139 5324 2322 5380 locum
2348 5325 2583 5381 maculae
2624 5325 2893 5398 aqualem
2939 5326 3132 5383 vicina
3173 5325 3347 5392 carni,
3385 5347 3408 5377 ι
3459 5327 3515 5382 id
3562 5335 3646 5384 est

2045 5428 2156 5469 non
2182 5413 2413 5470 multum
2431 5429 2462 5468 a
2481 5413 2708 5470 veritate
2730 5414 3127 5471 exorbitantem
3147 5430 3412 5488 errorem,
3435 5425 3490 5474 et
3513 5438 3538 5468 α
3562 5431 3646 5474 ca-

2045 5510 2236 5583 pillum
2264 5512 2481 5584 nigrum
2515 5533 2538 5564 ι
2577 5513 2878 5570 secundum
2913 5513 3272 5587 cogitationes
3303 5521 3480 5572 status
3535 5515 3637 5583 sui,

2052 5631 2076 5666 ι
2109 5611 2358 5671 recludet
2385 5628 2511 5671 eum
2541 5619 2750 5686 septem
2779 5612 2995 5686 diebus,
3015 5612 3072 5672 id
3094 5621 3177 5672 est
3205 5629 3306 5688 per
3334 5613 3640 5673 doctrinam
