3998 6188
369 260 471 316 821

373 381 446 438 ab
474 377 680 451 Spiritu
709 380 898 431 sancto
928 376 1258 444 praeceptam
1304 365 1578 422 examinet
1610 382 1625 430 ;
1661 382 1686 414 ι
1723 367 1777 418 et
1805 359 1975 416 rade-
1996 361 2054 424 Α

374 478 465 525 tur
501 449 667 523 homo
712 464 919 534 absque
964 460 1089 516 loco
1131 455 1375 522 maculae,
1414 474 1436 509 ι
1484 452 1541 509 id
1588 458 1669 507 est
1705 449 1976 507 examinet

378 559 497 628 ejus
536 555 666 612 vitia
711 552 940 623 reliqua.
996 547 1132 603 [llud
1181 545 1328 602 enim
1370 543 1517 616 quod
1567 538 1851 598 confessus
1892 543 1977 592 est

377 645 725 703 manifestum
771 656 883 696 non
922 636 1179 710 indigens
1226 631 1622 705 inquisitione:
1674 635 1872 685 caetera
1918 633 1977 681 ut

378 751 544 806 supra
577 752 592 788 :
624 731 1050 795 Snbobscurum,
1082 725 1139 781 id
1169 731 1251 780 est
1280 738 1392 777 non
1423 719 1581 776 valde
1601 716 1974 788 perspicuum.

385 805 512 879 «Vir
541 822 611 878 de
623 821 778 890 cujus
809 817 984 888 capite
997 813 1179 886 Capilli
1209 811 1429 876 fluent,»
1447 815 1500 864 et
1511 806 1737 877 reliqua.
1760 805 1878 859 Hoc
1897 809 1981 858 est

376 913 463 970 cui
492 909 770 984 sagacitas
793 895 1184 978 cogitationum
1216 908 1268 956 et
1287 898 1446 970 agilis
1472 912 1667 951 sensus
1688 893 1756 949 ad
1776 892 1976 947 riman-

377 1002 509 1058 dum
537 983 806 1070 profunda
825 991 1107 1057 defecerit,
1143 985 1478 1058 simplicitati
1527 983 1774 1049 studens,
1816 996 1979 1034 mun-

380 1091 485 1146 dus
539 1068 672 1144 _esse
728 1082 1036 1140 decernitur
1084 1098 1100 1148 ;
1168 1078 1326 1147 cujus
1375 1072 1749 1145 simplicitates
1832 1068 1982 1124 modi

384 1185 509 1234 sunt
539 1177 647 1232 duo
679 1192 693 1229 :
724 1189 862 1228 unus
894 1171 947 1225 in
977 1168 1084 1224 illis
1117 1167 1210 1240 qui
1237 1165 1536 1237 prudentes
1569 1169 1693 1216 sunt
1714 1174 1784 1216 ne
1832 1156 1981 1213 deci-

384 1269 616 1340 piantur,
652 1270 704 1320 et
734 1260 1010 1332 simplices
1026 1266 1084 1312 ut
1112 1256 1320 1312 nullum
1339 1251 1615 1323 decipiant
1639 1267 1655 1318 ;
1686 1248 1824 1303 alter
1845 1247 1902 1302 in
1922 1245 1982 1300 i1-

380 1333 450 1412 lis
464 1369 697 1428 quorum
718 1366 893 1415 mens,
912 1346 1242 1402 hebetudine
1262 1350 1438 1414 capta,
1461 1339 1591 1395 boni
1611 1353 1645 1394 a
1655 1335 1863 1391 malitia
1878 1333 1986 1390 dis-

383 1426 672 1517 tinguendi
699 1454 871 1510 capax
898 1452 1006 1491 non
1035 1443 1137 1504 est,
1172 1431 1300 1504 quia
1329 1446 1362 1486 a
1393 1428 1600 1485 Gracis
1645 1426 1928 1482 moriones
1957 1431 1983 1458 ι

384 1514 667 1591 vocantur.
702 1528 909 1584 Caetera
937 1524 1006 1579 de
1037 1521 1255 1578 calvitio
1285 1519 1426 1574 sicut
1463 1531 1646 1587 supra.
1682 1514 1776 1570 Sin
1805 1519 1986 1568 autem

384 1617 760 1695 praevaricatio
779 1617 834 1670 in
851 1610 1192 1683 simplicitate
1208 1605 1516 1680 contigerit,
1539 1605 1657 1675 ipse
1675 1601 1849 1658 factor
1868 1601 1985 1669 ejus

1351 236 1664 298 EPITOME
1701 233 2064 294 COMMENT.
2105 230 2369 289 RABANI
2413 228 2488 286 IN
2532 226 2759 285 LEVIT.

3569 222 3673 278 823

2666 348 2893 408 CAPUT
2929 347 3076 406 XIV.

2151 500 2174 530 ι
2191 478 2298 550 Qui
2318 491 2579 552 egressus
2600 491 2631 531 e
2647 473 2888 540 castris;
2910 481 2964 530 et
2983 471 3215 544 reliqua.
3231 468 3474 526 Christus
3491 481 3670 526 sacer-

2075 569 2176 625 dos
2204 584 2371 624 verus
2399 565 2548 622 venit
2586 564 2645 619 in
2672 563 2936 619 mundum
2963 576 3220 633 egressus
3266 575 3299 614 a
3354 559 3534 626 Patre,
3565 572 3678 613 non

2076 659 2392 730 relinquens
2421 656 2658 720 Patrem,
2682 669 2784 724 per
2813 651 2969 720 cujus
2997 649 3433 720 redemptionem
3481 662 3676 703 emun-

2078 747 2236 803 datur
2263 751 2538 816 peccator,
2573 742 2620 798 si
2648 751 2833 796 tamen
2861 740 2918 794 in
2947 737 3055 794 ﬁde
3081 745 3226 794 recta
3255 735 3511 794 obtulerit
3557 749 3681 807 quas

2077 834 2466 907 praecipiuntur
2496 849 2511 887 :
2547 851 2572 884 ι
2606 831 2744 886 duos
2763 843 3020 901 passeres
3050 827 3224 896 vivos,
3260 845 3282 876 ι
3319 825 3454 880 duas
3476 823 3676 882 videli-

2080 932 2165 981 cet
2184 924 2241 977 in
2268 923 2484 978 Christo
2511 927 2755 985 naturas,
2781 918 2898 973 sine
2927 916 3254 987 contagione
3285 914 3514 986 peccati.
3544 933 3566 964 ι
3591 912 3677 968 Li-

2082 1027 2253 1086 gnum
2284 1010 2584 1075 cedrinum,
2623 1027 2646 1059 ι
2682 1022 2906 1063 crucem
2935 1006 3053 1074 ejus
3081 1005 3351 1076 designat.
3389 1000 3680 1058 Vermicu-

2081 1103 2166 1158 lus
2214 1099 2536 1172 sanguinem
2598 1097 2891 1168 paSsionis.
2951 1095 3256 1166 Hyssopus,
3301 1090 3429 1146 boni
3472 1090 3680 1155 odoris,

2082 1189 2399 1264 pulmonem
2440 1201 2706 1258 purgans,
2757 1184 2990 1255 Spiritus
3054 1181 3225 1237 sancti
3269 1180 3545 1245 virtutem,
3591 1177 3684 1250 qui

2082 1285 2310 1351 peccata
2330 1283 2552 1349 purgat.
2589 1275 2767 1331 Unum
2800 1288 2866 1329 ex
2923 1272 3237 1343 passeribus
3281 1267 3587 1324 immolabit
3628 1268 3684 1322 in

2084 1382 2214 1424 vase
2258 1365 2412 1421 ﬁctili
2459 1378 2626 1434 super
2664 1376 2837 1433 aquas
2895 1360 3070 1416 vivas.
3119 1357 3521 1413 Humanitatem
3566 1355 3685 1424 ejus

2085 1470 2309 1528 passam
2335 1453 2565 1508 ﬁrmiter
2593 1451 2782 1506 credat
2824 1449 2879 1505 in
2909 1463 3070 1504 carne
3125 1446 3368 1514 mortali,
3414 1452 3537 1517 post
3581 1443 3688 1500 ba-

2085 1543 2272 1616 ptismi
2299 1539 2790 1597 consecrationem.
2814 1559 2837 1590 ‹
2863 1537 3046 1594 Alium
3070 1543 3250 1592 autem
3262 1534 3445 1590 vivum
3476 1548 3598 1589 cum
3615 1531 3687 1586 li-

2088 1647 2200 1706 gno
2230 1629 2472 1695 cedrino,
2505 1636 2558 1684 et
2587 1643 2751 1684 cocco
2782 1634 2835 1682 et
2864 1627 3104 1698 hyssopo
3133 1624 3304 1696 tinget
3331 1623 3388 1678 in
3422 1619 3690 1694 sanguine

385 1718 609 1783 peccato
633 1708 780 1778 justo
803 1702 1010 1773 judicio
1041 1697 1384 1789 discmiauii'
1413 1715 1436 1745 ί
1471 1692 1812 1789 Qilicumque
1846 1705 1984 1789 fugo
2014 1728 2067 1789 Β
2089 1692 2353 1776 immolati
2379 1692 2637 1789 passeris,
2670 1731 2777 1789 quo
2808 1692 3067 1787 aspergat
3109 1692 3261 1769 illum
3310 1712 3404 1783 qui
3449 1692 3687 1766 munda-

388 1779 692 1856 maculatus
721 1793 879 1850 fuerit
907 1792 1079 1862 lepra,
1116 1806 1140 1838 ι
1174 1794 1227 1843 et
1256 1784 1490 1856 reliqua,
1522 1783 1628 1837 hoc
1658 1789 1740 1836 est
1770 1779 1863 1851 qui
1882 1793 1984 1850 pro

391 1897 546 1945 reatu
575 1901 674 1941 suo
696 1885 842 1954 juste
872 1884 1245 1953 sequestratur
1271 1891 1304 1930 a
1341 1871 1724 1929 communione
1756 1887 1773 1935 ;
1811 1888 1834 1922 ι
1882 1869 1985 1922 ha-

389 1977 538 2034 bebit
554 1974 876 2032 vestimenta
895 1969 1124 2035 dissuta,
1159 1963 1255 2019 uid
1288 1969 1370 2018 est
1399 1961 1588 2039 suisse
1615 1957 1824 2015 viribus
1853 1970 1987 2027 pro—

392 2066 598 2123 nuntiet
627 2061 953 2128 desolatum,
991 2077 1014 2108 ι
1049 2061 1211 2126 caput
1239 2051 1464 2118 nudum,
1503 2066 1526 2101 ι
1562 2045 1618 2102 id
1666 2054 1750 2102 est
1800 2043 1988 2099 salutis

392 2171 453 2212 se
484 2153 638 2229 galea
667 2150 949 2223 indignum
996 2142 1309 2217 pronuntiat
1340 2157 1356 2206 ς
1393 2159 1416 2193 ι
1451 2152 1515 2193 os
1561 2143 1716 2192 veste
1763 2140 1988 2190 contec-

389 2221 529 2311 tum,
548 2263 572 2293 ι
607 2240 661 2296 id
690 2221 818 2296 esta
845 2234 1176 2308 loquacitate
1204 2225 1492 2303 pravitatis
1512 2223 1647 2280 illud
1679 2221 1986 2288 refrenans,

389 2341 446 2390 et
474 2309 622 2388 omni
652 2337 894 2398 tempore
925 2341 984 2381 se
1013 2329 1360 2396 peccatorem
1406 2312 1741 2390 pronuntiet,
1774 2309 1993 2398 publice

393 2422 684 2496 pcenitens,
718 2397 778 2472 ut
805 2431 835 2470 a
864 2413 1096 2470 Domino
1137 2407 1464 2480 justiﬁcetur
1496 2422 1512 2473 ;
1549 2423 1572 2458 ι
1608 2401 1758 2458 solus
1784 2397 1993 2495 habita-

395 2484 473 2567 bit
502 2516 650 2565 extra
680 2512 878 2571 castra,
915 2523 938 2553 ι
970 2502 1026 2558 in
1053 2497 1315 2570 disposita
1363 2493 1467 2550 sibi
1513 2490 1766 2549 videlicet
1811 2484 1993 2560 poeni-

395 2598 564 2655 tentia
589 2592 918 2651 unanimiter
943 2587 1263 2663 persistens,
1313 2585 1488 2640 donec
1532 2597 1565 2637 a
1611 2577 1845 2636 Domino
1891 2590 1994 2630 ve-

395 2689 542 2745 niam
561 2662 960 2755 consequatur.
989 2697 1012 2728 cz
1064 2675 1244 2733 Vestis
1289 2672 1451 2729 lanea
1497 2671 1614 2726 sive
1661 2667 1826 2732 linea,
1883 2683 1904 2714 ι
1937 2662 1995 2718 id

397 2785 482 2833 est
508 2775 680 2832 virtus
711 2754 923 2827 summa
951 2775 1007 2822 et
1031 2763 1279 2830 inferior,
1312 2761 1453 2817 sicut
1491 2759 1651 2814 lanea
1678 2754 1847 2812 vestis
1876 2768 1996 2826 pre-

395 2864 590 2922 tiosior
617 2869 701 2918 est
729 2868 782 2915 et
808 2857 1071 2926 majorem
1098 2857 1317 2925 praestat
1345 2848 1606 2911 colorem,
1639 2853 1692 2901 et
1721 2843 1866 2898 linea
1915 2839 1998 2896 vi-

400 2955 506 3010 lior
534 2951 823 3007 minorem.
855 2947 982 3001 Non
1010 2950 1094 2999 est
1122 2941 1265 2997 enim
1295 2954 1450 3010 aequa
1485 2933 1807 3008 virginitati,
1854 2944 1998 2986 mare

399 3042 562 3116 tyrio,
594 3035 910 3096 substantia:
941 3041 990 3090 et
1018 3029 1206 3088 mundi
1238 3025 1594 3098 despectioni,
1628 3021 1887 3094 pudicitia
1915 3019 1996 3075 vi-

401 3090 580 3187 dJuali's
607 3136 661 3184 et
685 3122 990 3197 conjugalis
1021 3139 1037 3187 ;
1069 3090 1383 3192 praedicatio
1431 3114 1548 3169 sine
1581 3090 1994 3185 persecutione,
2016 3090 2064 3156 C

400 3219 621 3294 largitio
649 3217 1011 3284 eleemosynaa
1039 3209 1164 3263 licet
1194 3204 1413 3277 singula
1427 3203 1622 3257 horum
1652 3200 1795 3256 bona
1809 3197 1914 3252 sint
1945 3203 1998 3253 et

399 3286 570 3375 utilia,
595 3315 806 3364 stamen
835 3316 986 3369 vero,
1021 3297 1168 3372 quod
1199 3300 1396 3351 caetera
1427 3296 1710 3355 sustentat,
1740 3286 1843 3344 Dei
1887 3300 1996 3341 nu-

399 3409 534 3466 tum,
570 3397 914 3468 subtegmen,
944 3395 1191 3444 nostram
1220 3382 1574 3439 intentionem
1603 3384 1783 3452 potest
1811 3375 1998 3446 expri-

400 3464 573 3552 mere,
607 3486 675 3542 de
706 3464 899 3556 quibus
927 3477 1030 3534 Dei
1071 3473 1273 3531 auxilio
1304 3479 1354 3528 et
1403 3468 1577 3543 gratia
1633 3464 2000 3539 praeveniente

401 3578 673 3641 virtutum,
704 3568 1009 3629 contexitur
1037 3564 1289 3621 amictus.
1324 3559 1488 3616 Pellis
1524 3557 1773 3612 laborum
1819 3559 2000 3641 tenta-

403 3668 605 3723 tionem
633 3639 1140 3728 tribulationemque
1169 3648 1454 3726 signiﬁcat,
1478 3645 1670 3719 quain
1686 3641 1906 3712 jejuniis
1921 3639 2001 3728 vi-

404 3755 550 3830 giliis
580 3761 633 3808 et
660 3751 783 3808 aliis
811 3727 1288 3805 exercitationibus
1317 3737 1475 3794 nobis
1505 3732 1827 3808 ingerimus.
1859 3730 1920 3784 In
1934 3727 2003 3784 iis

405 3819 712 3906 virtutibus,
741 3857 765 3889 ι
800 3837 846 3892 si
866 3836 989 3891 alba
1019 3841 1072 3889 et
1091 3829 1211 3887 rufa
1233 3827 1393 3884 fuerit
1420 3823 1654 3888 macula,
1674 3842 1699 3869 ι
1724 3819 1782 3875 id
1810 3824 1892 3873 est
1913 3832 2004 3872 su-

404 3931 618 4003 breptio
648 3925 920 3999 superbiae
947 3923 1034 3978 vel
1061 3917 1350 3992 jactantiae,
1392 3935 1416 3969 ι
1448 3912 1696 3970 recludet
1742 3923 1863 3964 eam
1907 3919 2003 3960 sa-

406 4002 600 4078 cerdos
631 4025 840 4088 septem
869 4011 1060 4067 diebus
1094 4030 1116 4060 »
1148 4016 1206 4064 ut
1235 4017 1440 4077 supra;
1489 4002 1537 4058 si
1564 4014 1693 4056 vero
1720 4003 1846 4070 post
1874 4009 2004 4052 exa-

408 4087 723 4167 minationis
752 4100 1090 4176 diligentiam
1119 4095 1310 4152 vitium
1339 4091 1521 4149 virtuti
1542 4087 1827 4146 inhmsisse
1840 4100 2005 4158 repe-

410 4200 604 4268 riatur,
641 4217 664 4248 ι
699 4171 1055 4251 comburatur
1083 4183 1335 4248 ﬂammis,
1373 4202 1396 4232 ι
1431 4179 1487 4236 id
1512 4187 1596 4236 est
1642 4171 2007 4233 excommuni-

411 4265 639 4347 cationis
667 4278 1137 4341 condemnatione,
1171 4273 1259 4328 vel
1286 4286 1464 4344 pransae
1491 4265 1815 4344 gehennalis
1830 4272 2010 4320 terror

412 4377 729 4434 exhibeatur
755 4390 770 4429 :
805 4371 849 4426 si
865 4383 998 4424 vero
1016 4367 1072 4420 in
1091 4361 1271 4436 poenis
1291 4374 1401 4416 non
1421 4356 1730 4430 profecerit,
1753 4351 2006 4425 lacrymis

2079 1818 2168 1866 tus
2197 1817 2298 1876 est,
2333 1807 2558 1878 septies,
2591 1813 2650 1861 ut
2675 1805 2801 1874 jure
2831 1809 3097 1876 purgetur
3129 1818 3144 1856 :
3169 1810 3221 1856 et
3241 1801 3473 1856 dimittet
3501 1813 3687 1871 passe-

2079 1915 2198 1955 rem
2222 1897 2404 1953 vivum
2431 1903 2492 1949 ut
2519 1895 2574 1949 in
2597 1909 2790 1965 agrum
2819 1893 3020 1948 avolet.
3058 1909 3082 1942 ι
3117 1891 3313 1945 Passer
3327 1889 3518 1945 vivens
3529 1886 3686 1943 Divi-

2081 1986 2304 2042 nitatem
2336 1984 2454 2053 ejus
2502 1983 2772 2055 designat.
2821 1982 3024 2036 Passer
3064 1979 3220 2035 vivus
3269 1993 3393 2034 cum
3441 1977 3590 2048 ligno
3634 1983 3690 2031 et

2083 2076 2346 2146 hyssopo,
2378 2071 2604 2144 tingitur
2633 2070 2690 2125 in
2711 2069 2977 2143 sanguine
2991 2066 3257 2123 immolati
3273 2065 3538 2137 passeris,
3565 2063 3689 2136 quia

2083 2162 2350 2221 Divinitas
2379 2161 2434 2215 in
2464 2175 2531 2216 eo
2559 2174 2692 2214 vera
2721 2157 2841 2229 fuit,
2890 2157 2980 2229 qui
3025 2172 3225 2229 passus
3267 2162 3352 2210 est
3395 2153 3450 2208 in
3497 2167 3682 2221 cruce,

2091 2251 2341 2308 Christus
2371 2247 2627 2304 videlicet
2655 2248 2804 2302 Deus
2834 2254 2888 2302 et
2916 2247 3101 2312 homo,
3133 2243 3429 2300 Divinitate
3475 2240 3692 2312 passio-

2089 2357 2215 2396 nem
2261 2354 2372 2394 non
2412 2336 2744 2410 perferente.
2797 2334 2932 2389 Cum
2978 2334 3238 2405 hyssopo,
3288 2331 3419 2403 quia
3457 2328 3691 2400 Spiritus

2093 2435 2310 2485 sanctus
2338 2427 2394 2482 in
2417 2427 2675 2500 passione
2705 2425 2823 2493 ejus
2853 2439 2978 2478 eum
3014 2437 3125 2477 non
3166 2419 3424 2476 deseruit.
3477 2417 3693 2489 Septies

2094 2517 2408 2589 aspergitur
2453 2515 2545 2587 qui
2592 2513 2938 2568 mundandus
2989 2519 3092 2579 est,
3139 2509 3268 2582 quia
3312 2524 3412 2580 per
3457 2506 3690 2579 Spiritus

2095 2605 2269 2662 sancti
2299 2603 2532 2677 gratiam
2557 2609 2905 2674 peccatorum
2936 2598 3094 2656 venia
3133 2597 3466 2655 conceditur.
3501 2596 3695 2650 Passer

2095 2695 2252 2751 vivus
2279 2693 2336 2748 in
2372 2707 2567 2765 agrum
2614 2689 2914 2754 dimittitur,
2967 2687 3096 2760 quia
3130 2685 3396 2742 Divinitas
3443 2683 3617 2740 libera
3662 2697 3695 2738 a

2097 2783 2350 2855 passione
2381 2778 2752 2852 cognoscitur.
2789 2797 2812 2828 ι
2848 2777 3094 2848 Cumque
3119 2776 3282 2831 homo
3303 2772 3494 2830 laverit
3534 2770 3695 2827 vesti-

2096 2880 2276 2926 menta
2295 2885 2411 2936 sua,
2431 2890 2454 2918 ι
2474 2869 2530 2924 id
2544 2875 2626 2924 est
2645 2866 2989 2922 mundaverit
3003 2859 3188 2920 mores
3203 2879 3350 2930 suos,
3371 2883 3394 2914 ι
3410 2861 3566 2917 radet
3587 2877 3698 2916 om-

2097 2976 2199 3018 nes
2217 2959 2358 3033 pilos
2390 2958 2657 3030 corporis,
2695 2976 2718 3006 s
2739 2955 2793 3010 id
2815 2963 2916 3022 est,
2941 2953 3301 3027 cogitationes
3318 2966 3448 3006 suas
3480 2949 3698 3006 illicitas

2097 3048 2380 3106 abscindet
2413 3063 2427 3104 :
2465 3066 2488 3098 ι
2523 3044 2795 3101 lavabitur
2823 3059 2977 3110 aqua,
3019 3063 3041 3092 ι
3076 3041 3132 3098 id
3164 3050 3247 3097 est
3275 3039 3534 3112 lacrymis
3553 3054 3698 3094 com-

2094 3137 2426 3212 punctionis,
2463 3157 2485 3186 ι
2518 3133 2944 3206 puriﬁcatusque
2973 3131 3275 3203 ingreditur
3320 3130 3375 3183 in
3426 3136 3630 3196 castra,
3668 3146 3691 3177 ι

2094 3227 2389 3284 mundatus
2418 3223 2622 3280 scilicet
2645 3238 2677 3278 a
2703 3219 3264 3294 praevaricationibus,
3289 3217 3480 3272 unitati
3509 3216 3693 3272 eccle-

2096 3316 2332 3373 siasticae
2361 3311 2866 3371 communicationis
2897 3309 3172 3365 reddatur.
3211 3327 3234 3359 ι
3265 3308 3335 3363 Ut
3350 3313 3564 3361 maneat
3593 3321 3693 3361 ex-

2095 3412 2178 3462 tra
2205 3401 2614 3460 tabernaculum
2642 3416 2800 3456 suum
2829 3407 3037 3470 septem
3067 3398 3282 3464 diebus,
3321 3417 3344 3447 ι
3378 3396 3434 3451 id
3465 3403 3547 3450 est
3593 3410 3694 3449 us-

2099 3510 2207 3566 que
2237 3492 2306 3548 ad
2335 3490 2629 3564 perfectam
2665 3487 3058 3561 paenitentiam,
3108 3486 3393 3558 indignum
3432 3500 3493 3539 se
3540 3489 3698 3539 cete-

2098 3589 2336 3638 terorum
2364 3577 2639 3636 consortio
2658 3576 2940 3646 judicabit.
2980 3597 3003 3626 ι
3036 3575 3213 3631 Radet
3229 3573 3461 3644 capillos
3478 3571 3691 3642 capitis,

2099 3669 2435 3741 barbamque
2465 3674 2518 3723 et
2541 3665 2853 3737 supercilia,
2890 3682 2914 3714 ι
2947 3663 3000 3719 id
3021 3671 3106 3718 est
3125 3661 3383 3717 emundet
3403 3660 3695 3733 cogitatio-

2100 3775 2200 3814 nes
2216 3758 2503 3813 intertores
2523 3763 2576 3811 et
2592 3753 2892 3810 exteriores
2913 3752 3109 3824 quibus
3129 3758 3224 3806 aut
3243 3749 3441 3806 mentis
3457 3755 3692 3814 secreto,

2101 3854 2194 3903 aut
2221 3846 2388 3901 rebus
2419 3844 2720 3900 forinsecus
2751 3840 2945 3913 positis
2973 3839 3184 3895 animus
3231 3837 3514 3910 delinquit,
3570 3837 3697 3892 lotis

2102 3951 2316 3992 rursum
2345 3933 2588 3990 vestibus
2617 3940 2672 3989 et
2701 3945 2952 4001 corpore,
2987 3927 3044 3984 id
3071 3935 3172 3994 est,
3206 3927 3446 3982 moribus
3482 3934 3536 3981 et
3564 3925 3695 3980 vita.

2107 4046 2131 4078 ι
2164 4025 2266 4081 Die
2294 4031 2506 4090 octavo,
2540 4042 2564 4072 ι
2595 4029 2647 4077 et
2672 4019 2901 4091 reliqua.
2931 4018 3061 4075 Dies
3088 4025 3312 4074 octavus
3342 4015 3460 4087 ipse
3490 4021 3543 4070 et
3574 4012 3696 4084 pri-

2103 4131 2224 4172 mus
2255 4121 2357 4180 est,
2388 4128 2513 4167 nam
2542 4118 2767 4167 octavus
2795 4107 2992 4164 dicitur
3023 4123 3089 4163 eo
3118 4106 3264 4179 quod
3291 4105 3581 4176 septimum
3611 4118 3698 4158 se-

2106 4211 2321 4278 quatur,
2348 4217 2472 4257 nam
2499 4207 2624 4272 post
2651 4198 2966 4271 passionem
2997 4197 3260 4254 Dominus
3288 4193 3590 4250 resurrexit
3617 4207 3704 4248 oc-

2104 4301 2233 4349 tava
2261 4291 2369 4359 die,
2401 4307 2522 4364 quae
2553 4297 2607 4346 et
2638 4288 2809 4361 prima
2831 4287 2969 4343 dies.
3000 4287 3230 4341 Jubetur
3262 4299 3399 4357 ergo
3445 4289 3702 4354 peccator

2107 4382 2194 4438 die
2220 4389 2414 4437 octavo
2445 4377 2720 4446 mundari,
2735 4376 2791 4433 id
2807 4384 2889 4433 est
2918 4374 3148 4430 ﬁrmiter
3161 4373 3217 4428 in
3246 4371 3706 4428 resurrectionem

411 4463 744 4540 Ραεῖιίίθηίίω
764 4459 1014 4517 abluatur
1034 4460 1088 4509 et
1106 4445 1303 4520 majori
1319 4448 1534 4540 came]?
1548 4446 1812 4540 ῙῖτοδθίζιξῨ
1826 4449 2007 4540 Ψηξῖη
2028 4457 2080 4518 Ῑ)
2112 4469 2328 4525 Domini
2385 4467 2594 4526 credat.
2629 4488 2653 4517 ι
2687 4445 2942 4522 Assumet
2962 4464 3100 4520 duos
3121 4477 3316 4535 agnos,
3354 4481 3376 4511 ι
3401 4469 3456 4515 et
3473 4459 3703 4532 reliqua.

412 4530 470 4612 in
491 4551 750 4627 superbia
777 4540 1224 4622 persistat,{quasi
1246 4545 1456 4610 septem
1485 4535 1678 4591 diebus
1703 4534 1824 4590 aliis
1842 4530 2012 4587 inclu-

415 4655 597 4711 datur.
631 4650 690 4706 Si
717 4655 896 4704 autem
925 4639 1202 4698 hominem
1230 4636 1286 4692 in
1317 4651 1424 4708 quo
1453 4642 1556 4704 est,
1585 4632 1641 4688 in
1667 4630 1861 4700 majori
1896 4630 2016 4700 jac-

357 4786 362 4790 -
415 4750 583 4809 tantia
614 4744 815 4804 elevari
855 4735 1217 4810 conspexerit,
1254 4740 1456 4788 tantam
1485 4729 1540 4786 in
1572 4727 1840 4802 acquisito
1861 4727 2015 4799 prius

416 4842 606 4898 favore
645 4832 868 4911 gloriari
916 4827 1072 4902 quasi
1116 4823 1282 4890 licite,
1324 4819 1689 4876 damnabilem
1731 4816 2013 4887 judicabit.

423 4952 445 4983 ι
481 4930 577 4986 Sin
602 4903 782 4982 autem
812 4915 1100 4978 obscurior
1131 4909 1312 4968 fuerit.
1350 4931 1373 4961 ι
1411 4911 1528 4967 Hoc
1572 4917 1656 4966 est
1686 4905 1908 4980 aliquod
1943 4903 2016 4960 si.

418 5043 588 5104 gnum
615 5019 842 5098 peccati,
872 5018 1053 5090 ipsum
1081 5026 1114 5067 a
1144 5008 1560 5068 conversatione
1580 5008 1699 5078 ejus
1728 5002 2017 5064 abscindat

421 5102 567 5184 unde
595 5119 908 5195 superbiam
937 5115 994 5171 in
1021 5127 1088 5169 eo
1117 5109 1417 5184 pullulasse
1437 5109 1772 5166 decernitur.
1808 5125 1831 5156 ι
1860 5102 2020 5174 Quod

425 5226 474 5283 si
499 5223 642 5280 ultra
687 5216 994 5292 apparuerit
1032 5214 1088 5269 in
1143 5209 1232 5268 his
1260 5207 1415 5280 locis,
1454 5229 1476 5258 ι
1511 5215 1640 5276 etc.,
1672 5204 1729 5263 id
1776 5212 1859 5261 est
1899 5217 2020 5276 quae

422 5317 832 5394 recuperaverit
850 5314 1144 5390 pristinum
1159 5309 1387 5376 facinus,
1414 5305 1607 5377 majori
1625 5303 1872 5379 periculo
1897 5300 2022 5359 sub-

423 5425 586 5494 jacet.

525 5655 543 5678 -
565 5648 742 5696 Stultla
803 5630 996 5713 μωρία,
1034 5639 1282 5687 stuttma.

2112 4559 2235 4616 Duo
2265 4557 2392 4630 agni
2423 4556 2697 4614 Christum
2727 4555 3036 4625 designant,
3077 4551 3170 4624 qui
3198 4557 3489 4621 utrumque
3520 4564 3711 4604 sexum

2115 4648 2383 4715 redemit;
2417 4645 2505 4702 vel
2534 4645 2876 4700 innocentem
2905 4642 3091 4708 vitam,
3135 4655 3255 4711 quae
3287 4646 3341 4694 et
3383 4636 3610 4694 interius
3660 4645 3715 4693 et

2117 4737 2355 4795 exterius
2385 4735 2652 4790 servanda
2684 4740 2785 4788 est.
2824 4753 2846 4782 α
2881 4730 3051 4786 Ovem
3101 4727 3434 4795 anniculam,
3474 4748 3496 4778 ι
3530 4727 3586 4781 id
3633 4734 3718 4782 est

2116 4825 2589 4884 mansuetudinem
2613 4819 2932 4894 perfectam.
2969 4841 2990 4870 ι
3017 4819 3155 4873 Tres
3179 4817 3422 4873 decimas
3448 4814 3665 4886 similae,
3689 4834 3712 4864 υ

2119 4916 2283 4971 ﬁdem
2313 4923 2515 4970 sanctae
2541 4911 2836 4978 Trinitatis,
2879 4924 3000 4982 quae
3048 4908 3170 4963 oleo
3218 4904 3612 4961 misericordia:
3651 4903 3722 4958 sit

2117 5003 2318 5060 infusa.
2357 5024 2379 5054 α
2414 5002 2535 5058 Olei
2565 5001 2878 5066 sextarium,
2921 5019 2943 5049 ι
2977 4995 3299 5055 catholicam
3328 4993 3512 5059 ﬁdem,
3536 4993 3594 5048 in
3614 5009 3724 5066 qua

2119 5109 2310 5150 omnes
2338 5092 2584 5156 virtutes,
2619 5089 2774 5162 quasi
2801 5090 2854 5144 in
2886 5087 3122 5145 sextario
3153 5085 3395 5140 minores
3410 5099 3708 5150 mensurae,

2121 5182 2481 5240 continentur.
2516 5179 2726 5236 Ostium
2755 5175 3092 5234 tabernaculi
3122 5173 3370 5231 doctrina
3402 5181 3486 5229 est
3513 5180 3726 5244 aposto-

2117 5261 2321 5341 lorum,
2354 5269 2533 5326 hostia
2552 5284 2650 5340 pro
2681 5267 2900 5335 delicto,
2927 5265 3042 5322 sive
3092 5279 3193 5336 pro
3240 5270 3486 5336 peccato,
3539 5258 3726 5334 paeni-

2119 5361 2303 5418 tentias
2333 5366 2417 5415 est
2446 5356 2727 5415 exhibitio.
2762 5355 2972 5411 Caetera
2999 5359 3058 5408 ut
3088 5369 3270 5426 supra.

2203 5489 2225 5518 α
2260 5469 2669 5548 Assumensque
2699 5445 2958 5520 sacerdos
2989 5461 3059 5517 de
3082 5460 3350 5534 sanguine
3388 5456 3597 5523 hostiae,
3621 5468 3729 5525 po-

2143 5565 2236 5614 net
2266 5573 2431 5628 super
2461 5542 2762 5613 extremum
2791 5551 3046 5608 auriculae
3074 5549 3320 5619 ejusdem
3350 5545 3574 5609 dextrae,
3609 5562 3633 5594 ι
3689 5542 3745 5598 id

2130 5656 2244 5736 est,
2277 5662 2379 5720 per
2407 5644 2840 5718 redemptionem
2862 5639 3080 5708 Christi,
3113 5653 3235 5696 eum
3264 5637 3456 5692 doceat
3503 5631 3745 5689 auditum
