4002 6184
255 185 361 240 823

855 177 1259 239 WALAFRIDI
1288 177 1533 237 STRABI
1561 178 1761 236 FULD.
1792 175 1966 236 MON.
1999 177 2150 235 OPP.
2178 177 2382 236 PARIS
2409 176 2450 233 Ῑ.
2484 205 2554 220 —-
2585 175 3058 236 THEOLOGICA.

3472 182 3578 238 826

271 322 598 380 prosperum
630 312 684 361 et
715 305 1042 362 benevolum
1069 306 1140 360 ad
1170 305 1499 360 audiendum
1545 304 1746 359 habere
1789 304 1872 373 ju-
1901 303 2372 376 Agregationem,
2415 323 2438 352 ε
2473 311 2527 357 et
2555 302 2851 373 pulverem,
2893 324 2914 354 ιο
2949 305 3055 360 hoc
3083 312 3168 360 est
3196 305 3453 378 contagia
3480 321 3578 360 er-

273 397 496 452 stitiam.
533 417 556 445 α
591 395 659 450 Et
689 411 855 465 super
883 394 1110 465 pollices
1140 409 1334 448 manus
1359 394 1565 449 dextra:
1585 400 1638 448 et
1657 392 1813 464 pedis
1838 412 1860 442 at

1964 393 2104 446 roris
2136 390 2296 446 faciet
2341 391 2698 446 immunditiae
2727 392 3102 448 hmreticorum
3129 393 3402 466 deputari,
3426 393 3586 450 alios-

273 485 468 551 destri,
501 483 572 539 ad
598 483 906 554 dirigendas
930 481 1179 538 videlicet
1222 482 1566 552 operationes
1615 482 1866 537 eminen-
1965 497 2072 555 que
2099 481 2350 536 doctores
2379 496 2480 550 pro
2510 480 2593 534 his
2624 480 2868 535 ordinari
2911 482 3167 554 verisque
3211 483 3567 555 dogmatibus

275 581 382 641 tes,
413 579 466 628 et
495 572 766 628 incessum
798 571 853 625 in
887 570 1154 625 mandatis
1183 570 1305 624 Dei.
1343 590 1366 621 cr
1400 571 1468 625 Et
1498 571 1567 626 de
1595 569 1704 626 olei
1748 585 1870 626 sex-

278 663 418 720 tario
447 662 618 717 mittet
648 661 704 715 in
733 676 955 715 manum
973 676 1125 714 suam
1142 658 1436 729 sinistram,
1463 680 1486 704 ι
1503 659 1558 714 id
1575 667 1676 726 est,
1707 657 1870 714 fidem

274 751 544 824 integram
575 749 631 803 in
659 751 763 804 hac
800 749 912 805 vita
941 749 1230 804 tenendam
1251 748 1615 805 commendet.
1648 749 1873 803 .IEterna

278 841 426 897 enim
455 839 562 894 vita
590 838 646 892 in
674 838 897 892 dextera
938 837 1220 908 accipitur.
1258 858 1280 888 α
1314 837 1615 909 Tingetque
1643 836 1874 909 digitum

275 926 336 984 in
365 943 450 996 eo,
488 947 511 976 in
545 934 598 982 et
618 926 829 996 reliqua
863 944 876 992 ;
911 926 966 980 id
995 934 1097 992 est,
1149 942 1271 981 cum
1318 925 1644 980 discretione
1683 924 1874 994 judicii

272 1015 574 1088 perfectam
603 1014 839 1081 veniam,
874 1015 1029 1085 quasi
1069 1013 1271 1085 septies
1303 1029 1590 1087 spargens,
1627 1013 1678 1068 ei
1706 1013 1876 1082 impe-

275 1111 386 1159 tret
414 1103 556 1173 apud
586 1102 896 1158 Dominum.
934 1123 957 1152 α
1004 1102 1292 1173 Reliquum
1337 1102 1443 1157 olei
1487 1101 1674 1156 fundet
1717 1117 1880 1170 super

282 1200 582 1249 extremum
613 1191 872 1247 auriculae
903 1191 1108 1246 dextrm
1139 1190 1273 1259 ejus,
1316 1211 1337 1240 υ
1389 1190 1444 1244 id
1475 1197 1576 1254 est,
1627 1189 1879 1261 quamvis

293 1287 721 1351 cunctapropter
753 1278 1124 1334 infirmitatem
1152 1295 1304 1333 suam
1324 1280 1486 1334 homo
1506 1278 1607 1333 Dei
1623 1278 1880 1333 mandata

286 1385 453 1440 opere
483 1369 759 1440 complere
788 1376 1046 1439 nequeat,
1095 1368 1311 1423 studeat
1361 1375 1543 1422 tamen
1591 1366 1782 1422 audire
1829 1375 1883 1422 et

286 1458 522 1525 discere,
544 1466 602 1513 ut
621 1457 800 1514 sciens
821 1457 1039 1512 Domini
1059 1457 1412 1522 voluntatem,
1430 1457 1576 1528 quod
1597 1472 1762 1526 opere
1775 1471 1883 1510 non

283 1555 485 1618 potest,
517 1547 662 1602 bona
690 1547 966 1602 voluntate
995 1553 1390 1616 recompenset.
1429 1566 1452 1596 ε
1487 1547 1555 1600 Et
1584 1561 1749 1615 super
1770 1560 1887 1599 san-

1968 569 2215 638 ejusdem
2245 568 2495 639 corporis
2527 569 2904 642 compaginari
2954 571 3324 626 concordiam.
3359 571 3456 625 Sin
3485 586 3583 626 au-

1969 664 2079 713 tem
2100 657 2256 713 novis
2267 656 2546 730 magistris
2567 657 2831 730 appositis
2843 657 3244 731 redintegratus
3261 675 3416 716 error
3431 660 3585 730 ipsos

1971 760 2096 802 cum
2126 745 2339 817 reliqua
2367 745 2531 800 domo
2563 746 3061 811 commaculaverit,
3094 747 3302 802 malitia
3331 756 3418 803 est
3446 763 3584 818 per-

1973 849 2236 890 severans
2270 853 2284 900 ;
2309 833 2432 889 ideo
2464 833 2697 904 lapides,
2719 843 2772 889 et
2796 834 2962 906 ligna,
2996 836 3284 908 pulvisque
3315 843 3476 891 extra
3495 852 3586 890 ur-

1974 922 2098 978 bem
2129 921 2184 976 in
2214 922 2336 977 loco
2364 923 2644 977 immundo
2675 923 3049 993 projiciuntur,
3083 924 3139 979 id
3169 933 3269 991 est,
3303 925 3423 980 sive
3453 925 3587 981 doc-

1975 1019 2145 1079 tores,
2183 1011 2297 1065 sive
2326 1010 2404 1064 illi
2435 1011 2527 1082 qui
2557 1011 2864 1066 debuerunt
2894 1011 3130 1068 fructum
3151 1013 3418 1068 bonorum
3453 1030 3587 1085 ope-

1977 1116 2098 1154 rum
2129 1099 2394 1170 parturire
2411 1115 2534 1154 cum
2561 1100 2912 1172 dogmatibus
2936 1101 3069 1169 suis,
3090 1108 3235 1157 extra
3253 1103 3582 1170 Ecclesiam,

1980 1197 2103 1260 post
2133 1197 2336 1244 certam
2365 1188 2701 1259 agnitionem
2727 1189 2866 1244 inter
2898 1205 3179 1260 erroneos,
3213 1192 3584 1247 anathemati-

1983 1285 2190 1331 zentur.
2227 1298 2249 1327 cz
2286 1275 2391 1345 Qui
2419 1277 2698 1332 intraverit
2729 1278 2968 1349 domum,
3006 1300 3029 1329 ι
3065 1287 3117 1334 et
3147 1280 3378 1352 reliqua.
3404 1280 3511 1350 Qui
3530 1295 3590 1336 se

1984 1365 2321 1434 conjunxerit
2339 1365 2512 1420 errori
2541 1366 2816 1434 damnato,
2852 1388 2874 1417 α
2909 1368 3222 1422 immundus
3243 1376 3324 1424 est
3356 1390 3379 1419 υ
3412 1384 3590 1442 usque

1985 1453 2054 1508 ad
2083 1462 2360 1524 peractam
2389 1454 2784 1525 paenitentiam.
2821 1476 2844 1505 σι
2870 1453 2976 1524 Qui
3006 1457 3291 1512 dormierit
3337 1456 3396 1512 in
3433 1472 3505 1514 ea
3537 1466 3590 1513 et

1989 1542 2306 1611 comederit,
2344 1563 2365 1592 ι
2403 1551 2454 1598 et
2483 1542 2709 1614 reliqua,
2745 1542 2801 1597 id
2829 1551 2912 1599 est
2943 1545 3035 1616 qui
3063 1545 3118 1599 in
3149 1545 3240 1600 illo
3270 1561 3462 1601 errore
3495 1562 3590 1602 re-

282 1636 503 1708 guinem
535 1637 627 1708 qui
658 1634 862 1691 effusus
883 1644 966 1689 est
993 1650 1093 1706 pro
1113 1634 1329 1690 delicto.
1355 1633 1551 1690 Oleum
1581 1651 1745 1704 super
1761 1649 1886 1689 san-
1906 1663 1960 1724 B
1992 1631 2172 1703 quiem
2201 1648 2259 1686 se
2286 1630 2592 1686 habiturum
2622 1630 2858 1698 conﬁdit,
2880 1633 2966 1688 vel
2988 1634 3469 1690 communicaverit
3490 1634 3587 1701 illi,

282 1725 506 1796 guinem
554 1724 813 1791 funditur,
866 1725 989 1795 quia
1030 1731 1153 1794 post
1188 1723 1617 1794 redemptionem
1664 1722 1884 1778 miseri-

293 1814 498 1871 cordiae
531 1814 789 1884 operibus
818 1812 1180 1867 insistendum
1225 1821 1326 1878 est,
1348 1812 1638 1883 omniaque
1676 1813 1735 1866 in
1776 1813 1888 1868 Re-

283 1901 586 1972 demptoris
615 1902 835 1956 nomine
865 1900 1132 1956 facienda.
1174 1921 1196 1949 α
1228 1901 1379 1955 Tunc
1407 1899 1707 1954 immolabit
1735 1899 1889 1956 holo-

287 1999 570 2056 caustum,
595 2010 618 2040 ι»
655 1998 708 2044 et
737 1989 967 2060 reliqua.
999 1989 1179 2043 Primo
1211 1989 1353 2043 enim
1397 1989 1663 2045 debemus
1707 1989 1888 2060 paeni-

291 2078 514 2134 tentiam
543 2093 644 2150 pro
675 2078 982 2134 commissis
1014 2077 1243 2148 pleniter
1278 2094 1547 2150 peragere
1577 2079 1632 2132 in
1676 2094 1890 2134 memo-

287 2166 429 2223 riam
458 2167 735 2239 passionis
764 2176 818 2222 et
847 2167 1261 2223 resurrectionis
1315 2176 1534 2233 nostrae,
1582 2167 1674 2221 ubi
1723 2168 1892 2223 nostri

287 2256 672 2328 Redemptoris
703 2257 1061 2329 cognovimus
1091 2254 1361 2323 eﬂ‘ectum,
1412 2271 1479 2312 ac
1524 2256 1722 2312 deinde
1741 2257 1894 2328 puri-

287 2344 438 2403 ﬁcati
467 2345 720 2400 sensibus
751 2345 1119 2417 nosmetipsos
1154 2361 1220 2400 ex
1248 2344 1464 2418 integro
1492 2346 1550 2399 in
1577 2361 1675 2400 ara
1717 2346 1894 2401 laudis

298 2432 520 2491 Domini
550 2435 916 2504 immolemus,
949 2442 1007 2489 ut
1037 2435 1153 2504 jam
1182 2449 1292 2490 non
1319 2434 1478 2489 nobis
1507 2434 1604 2489 sed
1631 2434 1710 2488 illi
1737 2435 1896 2490 viva-

290 2539 433 2591 mus,
468 2540 606 2595 quos
634 2532 880 2579 mortuos
901 2523 1207 2594 inveniens,
1242 2530 1298 2579 ut
1326 2523 1572 2580 vivamus
1591 2539 1691 2596 per
1717 2523 1896 2596 ipsum

287 2613 516 2670 redemit
542 2619 598 2669 et
626 2612 849 2683 adjuvit.

359 2759 384 2792 ι
416 2738 574 2808 Quod
606 2739 652 2793 si
683 2753 896 2810 pauper
927 2745 1030 2806 est,
1067 2746 1120 2794 et
1139 2753 1248 2795 non
1267 2746 1448 2811 potest
1475 2754 1668 2794 manus
1689 2739 1806 2809 ejus
1821 2739 1878 2794 in

285 2828 476 2886 venire
506 2845 625 2902 quae
657 2829 801 2885 dicta
831 2835 976 2897 sunt,
1014 2848 1037 2878 υ
1071 2837 1125 2883 et
1154 2828 1386 2900 reliqua.
1421 2828 1477 2883 Si
1504 2828 1758 2885 videlicet
1785 2829 1887 2883 im-

285 2916 579 2974 becillitate
593 2916 896 2989 fragilitatis
915 2924 1227 2989 praeventus
1257 2917 1378 2988 quis
1408 2916 1703 2988 perfectam
1733 2917 1890 2972 inno-

1992 1720 2038 1774 si
2068 1735 2176 1774 non
2207 1728 2288 1775 est
2317 1728 2466 1776 recte
2497 1720 2816 1792 baptizatus,
2848 1721 3097 1776 abluatur
3123 1721 3272 1778 fonte
3293 1739 3474 1791 sacro,
3509 1724 3591 1778 sin

1987 1810 2162 1878 aliter,
2196 1809 2454 1881 lacrymis
2486 1809 2820 1880 pmnitentize
2849 1810 3185 1866 absolvatur.
3219 1812 3275 1866 Si
3297 1812 3472 1885 igitur
3501 1829 3590 1868 er-

1987 1915 2080 1955 ror
2107 1898 2389 1954 restrictus
2419 1899 2727 1955 inveniatur
2747 1915 2870 1956 cum
2901 1900 3102 1955 auxilio
3137 1901 3355 1956 Domini
3388 1910 3441 1957 et
3471 1917 3590 1973 pce-

1987 1987 2227 2044 nitentiae
2254 1988 2531 2054 instantia,
2557 1987 2890 2059 puriﬁcanda
2918 1997 3002 2044 est
3021 1990 3232 2044 domus.
3257 1992 3337 2046 De
3364 2007 3597 2065 sequen-

1989 2078 2132 2132 tibus
2163 2077 2322 2146 hujus
2351 2077 2574 2148 capituli
2604 2077 2658 2131 in
2689 2078 3060 2150 superioribus
3106 2079 3340 2150 pleniter
3385 2080 3596 2135 dictum

1992 2173 2094 2221 est.
2127 2166 2233 2220 Per
2263 2172 2473 2221 rectam
2504 2165 2645 2220 enim
2677 2165 2842 2221 ﬁdem
2879 2167 3062 2222 omnia
3099 2167 3397 2238 impetrare
3427 2183 3597 2240 posse

1991 2254 2298 2310 credentur.
2332 2255 2580 2313 Varietas
2607 2255 2771 2329 leprae
2802 2256 3116 2313 varietatem
3146 2257 3486 2314 demonstrat
3515 2273 3599 2313 er-

1994 2359 2202 2400 rorum.

2599 2538 2825 2599 CAPUT
2862 2538 2983 2596 XV.

2074 2759 2098 2789 «
2130 2737 2364 2795 Locutus
2392 2745 2474 2795 est
2501 2737 2766 2794 Dominus
2794 2737 2867 2794 ad
2904 2738 3128 2811 Moysen
3157 2747 3213 2795 et
3239 2742 3447 2810 Aaron,
3486 2763 3510 2791 ι
3545 2751 3607 2799 et

2000 2828 2226 2900 reliqua,
2258 2827 2315 2883 id
2346 2835 2428 2882 est
2454 2844 2557 2899 per
2584 2828 2765 2900 legem
2793 2836 2846 2885 et
2873 2829 3236 2886 sacerdotium
3263 2830 3452 2888 docuit
3480 2832 3600 2888 Do-

2000 2916 2181 2972 minus
2209 2915 2352 2972 ﬁlios
2383 2915 2571 2972 Israel.
2602 2938 2625 2969 οι
2646 2918 2739 2972 Vir
2758 2917 2850 2990 qui
2866 2919 3062 2990 patitur
3076 2919 3278 2974 ﬂuxum
3297 2920 3548 2987 seminis,
3572 2943 3596 2971 ι

289 3007 522 3065 centiam
553 3007 824 3063 custodire
854 3005 1182 3077 nequiverit,
1219 3004 1408 3062 offerat
1437 3022 1659 3077 agnum,
1713 3006 1768 3061 id
1799 3015 1883 3062 est
1920 3040 1969 3104 Ο
2002 3006 2058 3062 id
2087 3014 2168 3062 est
2196 3007 2388 3064 doctor
2415 3006 2510 3078 qui
2536 3006 2701 3063 animi
2728 3007 2927 3064 virtute
2971 3008 3136 3064 debet
3179 3024 3400 3082 urgere,
3450 3010 3498 3065 si
3546 3011 3603 3065 in

289 3096 456 3152 fidem
484 3096 754 3167 passionis
788 3094 983 3150 Christi
1013 3094 1306 3165 diligenter
1336 3095 1605 3150 custodiat
1637 3114 1652 3163 ;
1690 3115 1712 3146 α
1747 3095 1896 3153 deci-

293 3201 442 3243 mam
471 3192 681 3256 partem
711 3183 902 3240 similae
933 3199 1247 3254 conspersae
1267 3184 1408 3251 oleo,
1445 3204 1468 3234 »
1491 3184 1577 3240 vel
1606 3183 1772 3240 ﬁdem
1787 3185 1898 3241 Tri-

289 3272 494 3340 nitatis,
555 3273 644 3328 vel
685 3272 1034 3346 theologiam,
1083 3289 1243 3344 quam
1286 3271 1532 3329 confiteri
1577 3282 1630 3329 et
1670 3275 1896 3332 credere

288 3363 560 3434 jubemur,
594 3377 716 3417 cum
746 3361 869 3418 oleo
900 3360 1182 3418 charitatis
1213 3369 1265 3417 et
1309 3362 1698 3419 misericordiae
1733 3383 1747 3431 ;
1785 3384 1807 3415 α
1843 3372 1897 3420 et

291 3451 401 3508 olei
430 3451 746 3520 sextarium,
785 3470 808 3500 x
841 3449 1209 3523 integritatem
1239 3448 1386 3507 ﬁdei.
1422 3451 1503 3506 De
1523 3452 1822 3508 turturibus
1845 3461 1897 3510 et

288 3539 455 3614 pullis
483 3540 748 3596 columbae
777 3556 941 3611 supra
970 3540 1026 3594 in
1055 3539 1330 3612 plerisque
1360 3539 1496 3597 locis
1525 3541 1795 3611 diximus;
1827 3542 1898 3599 de

289 3629 379 3686 die
409 3636 602 3685 octavo
631 3628 880 3684 similiter
899 3636 1095 3685 caetera
1126 3646 1247 3702 quae
1278 3629 1333 3684 in
1361 3630 1468 3686 hoc
1517 3629 1754 3702 capitulo
1803 3648 1896 3687 se-

294 3726 552 3793 quuntur,
589 3735 753 3790 supra
783 3718 930 3774 dicta
973 3726 1116 3773 sunt.
1168 3718 1389 3790 Septem
1436 3728 1630 3791 gentes
1677 3720 1895 3776 Chana-

291 3824 539 3865 naeorum
555 3807 684 3864 vitia
713 3808 1019 3879 exprimunt
1039 3824 1268 3875 summa,
1303 3825 1425 3880 quae
1444 3809 1593 3864 Deus
1613 3809 1893 3877 destruxit,

299 3897 430 3954 dum
458 3899 698 3954 adventu
726 3913 824 3952 suo
855 3912 976 3964 nos,
1010 3896 1102 3968 qui
1132 3897 1201 3952 de
1230 3897 1487 3970 gentibus
1534 3913 1739 3964 sumus,
1788 3915 1896 3970 pu-

294 3987 564 4043 riﬁcavit:
596 3987 653 4040 in
683 4001 792 4058 qua
821 3993 986 4052 terra,
1039 3983 1350 4041 infidelibus
1398 3985 1620 4054 evulsis,
1673 3987 1900 4058 quilibet

302 4077 527 4133 domum
573 4074 838 4147 possidet,
874 4075 1004 4129 dum
1045 4073 1151 4129 sibi
1198 4073 1545 4130 commissam
1577 4074 1766 4131 doctor
1812 4092 1898 4132 re-

301 4165 382 4242 git
411 4164 914 4238 congregationem.
949 4164 1009 4217 In
1040 4178 1105 4218 ea
1134 4162 1180 4217 si
1219 4163 1420 4219 erroris
1467 4163 1748 4236 quidpiam
1804 4181 1899 4238 ap-

299 4253 542 4328 paruerit
569 4253 618 4308 is
646 4252 739 4326 qui
767 4259 966 4323 przeest
994 4251 1065 4307 ad
1093 4259 1419 4308 conventum
1466 4252 1899 4310 ecclesiasticum

297 4343 522 4412 referat,
554 4343 694 4398 sicut
725 4341 922 4397 Paulus
969 4341 1039 4396 de
1081 4341 1540 4397 Antiochenorum
1583 4342 1899 4400 seductione

2001 3095 2246 3152 doctrina
2274 3111 2375 3150 sua
2403 3111 2648 3151 errorem
2676 3097 2896 3168 patitur,
2917 3096 3005 3154 vel
3028 3097 3212 3153 luxum
3233 3113 3418 3153 rerum
3441 3114 3600 3155 exer-

1995 3191 2081 3241 cet
2107 3185 2528 3254 mundanarum,
2560 3185 2870 3240 immundus
2900 3193 3003 3254 est,
3047 3185 3284 3242 maxime
3314 3185 3363 3241 si
3410 3187 3602 3243 vitium

1976 3273 2390 3330 consuetudine
2417 3273 2602 3329 nutrit.
2639 3294 2662 3324 α
2697 3272 2874 3329 Omne
2903 3282 3133 3330 stratum
3153 3274 3208 3329 in
3230 3290 3340 3347 quo
3359 3275 3602 3334 dormie-

1995 3362 2082 3430 rit,
2116 3383 2138 3413 υ
2172 3361 2229 3417 id
2256 3369 2337 3418 est
2365 3361 2456 3417 illa
2487 3362 2824 3418 consuetudo
2853 3362 2910 3418 in
2937 3379 3042 3436 qua
3089 3365 3338 3436 requiem
3384 3365 3494 3420 sibi
3529 3367 3604 3422 vi-

1995 3452 2153 3508 detur
2180 3451 2386 3507 habere
2402 3452 2808 3508 condemnatur.
2842 3453 2900 3508 Si
2917 3453 3038 3524 quis
3058 3453 3299 3525 tetigerit
3314 3453 3598 3522 lectulum,

1995 3539 2053 3596 id
2079 3547 2164 3596 est
2201 3540 2404 3612 torpori
2453 3540 2571 3611 ejus
2611 3541 3115 3608 communicaverit,
3170 3543 3394 3600 mundet
3445 3552 3603 3600 actus

1997 3645 2126 3686 suos
2161 3645 2335 3701 usque
2382 3629 2453 3685 ad
2514 3629 2807 3701 perfectam
2855 3630 3247 3702 paenitentiam.
3296 3631 3353 3686 Si
3401 3633 3606 3688 sederit

1995 3719 2089 3775 ubi
2119 3719 2210 3774 ille
2240 3719 2398 3788 sedit,
2431 3718 2488 3774 id
2519 3727 2600 3774 est
2624 3719 2857 3776 imitatur
2903 3726 3184 3791 torporem
3229 3720 3368 3776 sicut
3411 3737 3599 3793 supra.

2001 3828 2024 3860 ι
2060 3806 2175 3876 Qui.
2195 3807 2433 3881 tetigerit
2459 3824 2678 3864 carnem
2709 3809 2847 3878 ejus,
2886 3829 2910 3859 ι
2943 3809 3048 3865 hoc
3088 3816 3171 3865 est
3203 3810 3453 3882 exempla
3485 3812 3603 3881 ejus

1996 3895 2158 3953 fuerit
2185 3905 2425 3954 secutus.
2463 3919 2485 3949 α
2519 3897 2578 3953 Si
2607 3897 2834 3953 salivam
2879 3897 3454 3971 hujuscemodiﬁhomo
3499 3901 3604 3969 eje—

1997 3985 2132 4042 cerit
2161 4001 2328 4058 super
2354 4002 2480 4042 eum
2501 3985 2593 4058 qui
2620 3986 2857 4042 mundus
2885 3994 2986 4054 est,
3025 4006 3048 4039 ι
3085 3995 3139 4043 et
3166 3987 3398 4060 reliqua.
3432 3987 3492 4044 Si
3523 3988 3598 4046 vi-

1997 4074 2194 4132 delicet
2219 4074 2414 4131 astutia
2443 4090 2542 4130 sua
2571 4083 2625 4131 et
2653 4074 2982 4131 simulatrice
3011 4075 3276 4148 sapientia
3306 4085 3458 4134 recte
3478 4093 3596 4135 cre-

1997 4164 2217 4220 dentem
2245 4163 2718 4221 commaculaverit
2751 4181 2766 4220 :
2817 4172 3017 4222 caetera
3056 4173 3113 4220 ut
3153 4181 3339 4237 supra.
3389 4166 3601 4240 Sag-ina

1996 4252 2214 4324 ﬁltrum,
2261 4253 2350 4310 vel
2378 4254 2658 4325 tapetium,
2704 4253 2792 4310 vel
2839 4253 2989 4309 aliud
3031 4254 3311 4325 quodlibet
3359 4255 3598 4311 sessioni

2011 4350 2281 4414 paratum,
2313 4343 2462 4414 quod
2490 4359 2611 4398 cum
2639 4340 2864 4415 reliquis
2883 4343 3227 4414 postmodum
3243 4346 3605 4416 comprehen-

299 4433 445 4507 apud
491 4407 768 4505 apostolos
817 4428 1211 4501 Hieresolymis
1272 4429 1562 4486 consilium
1632 4432 1900 4504 quaesivit.
1940 4407 2079 4487 Dsis
2107 4407 2290 4488 varias
2321 4407 2652 4505 pollutorum
2673 4407 3388 4503 signiﬁcatperversitates:
3411 4433 3607 4506 quibus

302 4543 326 4574 ι
360 4522 494 4578 Inde
523 4521 839 4593 praecipitur
869 4528 927 4575 ut
955 4519 1267 4576 auferantur
1295 4519 1551 4576 universa
1581 4520 1649 4576 de
1665 4521 1848 4588 domo,
1875 4543 1898 4573 ι

294 4611 354 4667 id
374 4617 478 4678 est,
511 4619 570 4665 ut
600 4610 808 4665 seducti
826 4609 896 4666 de
924 4609 1326 4664 immundorum
1346 4609 1622 4666 consortio
1641 4625 1903 4682 separen-

303 4707 408 4770 tur,
439 4707 499 4755 ut
527 4699 875 4771 postmodum
899 4697 1106 4769 judicio
1133 4714 1262 4755 vero
1279 4699 1460 4770 ipsum
1480 4699 1679 4773 dogma
1700 4699 1904 4756 discer-

306 4796 487 4844 natur.
521 4787 802 4844 Valliculaz
832 4803 1030 4860 pravas
1052 4787 1346 4844 sententias
1367 4789 1700 4860 procedunt;
1732 4789 1906 4861 pallor

311 4885 364 4933 et
392 4877 558 4933 rubor
578 4877 899 4948 jactantiam
929 4885 984 4933 et
1013 4877 1346 4950 superbiam.
1384 4899 1406 4928 α
1452 4877 1644 4933 Statim
1690 4877 1907 4935 claudet

308 4981 450 5032 eam,
488 4986 510 5015 ι
544 4967 650 5023 hoc
677 4975 758 5023 est
786 4967 937 5022 illum
967 4967 1190 5022 damnat
1219 4983 1480 5035 errorem,
1501 4975 1554 5023 et
1581 4983 1650 5023 ne
1679 4967 1907 5024 ulterius

309 5052 638 5126 divulgetur,
681 5055 924 5126 oppilare
968 5055 1279 5112 contendat.
1336 5078 1357 5108 α
1419 5057 1772 5130 Reverusque
1819 5057 1908 5114 die

309 5141 562 5215 septimo,
601 5163 623 5192 ι
657 5143 710 5197 id
741 5152 824 5198 est
851 5153 975 5215 post
1021 5154 1240 5202 cautam
1287 5146 1780 5225 examinationem,_
1803 5168 1825 5198 α
1862 5147 1908 5202 si
1945 5151 1949 5154 ’

315 5229 588 5294 invenerit
633 5231 874 5287 crevisse
921 5233 1132 5304 lepram
1187 5253 1206 5286 ι
1252 5243 1306 5291 et
1352 5235 1564 5308 reliqua
1610 5235 1668 5290 id
1730 5243 1813 5290 est
1861 5236 1909 5291 si

313 5336 562 5379 errorem
589 5336 944 5393 perseverare
974 5325 1338 5395 conspexerit,
1376 5346 1398 5375 α
1441 5324 1654 5393 jubebit
1699 5323 1909 5396 lapides

308 5411 458 5484 ipsos
491 5409 626 5477 erui,
665 5430 687 5461 ι
712 5409 800 5466 vel
829 5409 979 5482 ipsos
1003 5412 1320 5470 seductores
1350 5421 1402 5470 et
1433 5429 1620 5470 eorum
1648 5412 1908 5488 dogmata

313 5509 464 5556 extra
482 5501 790 5559 Ecclesiam
820 5499 964 5557 inter
991 5501 1277 5559 haereticos
1294 5511 1482 5574 ponat.
1514 5525 1535 5554 ι
1562 5505 1795 5560 Domum
1816 5519 1909 5560 au-

314 5597 423 5646 tem
449 5592 625 5664 ipsam
655 5592 1000 5663 intrinsecus,
1037 5612 1060 5644 ι
1094 5591 1150 5648 id
1181 5600 1282 5662 est,
1307 5594 1481 5665 ipsam
1500 5595 1762 5651 mundare
1778 5610 1909 5652 con-

2003 4528 2245 4578 utuntur.
2283 4542 2305 4573 ι
2359 4521 2465 4590 Qui
2508 4521 2803 4592 portaverit
2854 4520 3049 4576 horum
3096 4520 3324 4594 aliquid,
3361 4543 3384 4572 ι
3419 4522 3477 4577 id
3524 4531 3608 4579 est

2003 4610 2096 4684 qui
2125 4626 2184 4666 se
2211 4611 2296 4666 his
2326 4609 2630 4666 subdiderit
2655 4610 3064 4682 pollutionibus.
3111 4631 3135 4664 ι
3188 4610 3382 4667 Omnis
3431 4628 3599 4684 quem

2002 4699 2261 4774 tetigerit,
2295 4698 2386 4773 qui
2416 4699 2534 4754 talis
2555 4705 2657 4766 est,
2681 4715 2791 4754 non
2811 4699 2938 4755 lotis
2950 4707 3076 4755 ante
3095 4699 3370 4767 manibus,
3400 4721 3422 4750 »
3443 4709 3498 4758 et
3521 4717 3608 4757 re-

2003 4787 2172 4862 liqua.
2193 4790 2310 4846 lIoc
2325 4797 2405 4844 est
2423 4803 2804 4862 quemcunque
2821 4787 2916 4844 ille
2931 4787 3265 4857 immundus,
3292 4805 3403 4846 non
3421 4805 3606 4846 mum-

2004 4879 2142 4936 datis
2172 4876 2323 4950 prius
2352 4878 2628 4950 operibus,
2662 4878 2774 4934 suis
2804 4877 3066 4950 exemplis
3096 4877 3521 4948 attaminaverit,
3554 4887 3608 4936 et

2004 4968 2215 5042 reliqua
2245 4976 2303 5024 ut
2332 4983 2517 5040 supra.
2552 4989 2575 5020 α
2611 4968 2720 5024 Vas
2749 4965 2912 5024 ﬁctile
2930 4966 3075 5041 quod
3094 4968 3604 5042 tetigeritconfrin-

2003 5065 2184 5131 getur.
2214 5078 2236 5108 ι
2263 5057 2319 5113 Si
2340 5074 2502 5130 quem
2523 5055 2795 5131 fragilem,
2831 5055 2924 5129 qui
2943 5057 3103 5113 facile
3120 5057 3328 5132 corrigi
3347 5073 3457 5115 non
3479 5073 3608 5130 pos-

2005 5145 2091 5216 sit,
2128 5146 2422 5214 seduxerit,
2457 5145 2583 5202 forti
2612 5145 2900 5218 disciplina
2929 5155 3267 5218 coerceatur,
3300 5147 3393 5219 qui
3415 5163 3475 5203 se
3507 5147 3611 5203 de-

2006 5236 2112 5308 cipi
2141 5235 2406 5308 permisit.
2442 5259 2466 5288 «
2504 5237 2610 5292 Vas
2640 5236 2880 5310 ligneum
2917 5257 2939 5286 ι
2983 5235 3260 5292 lenitatem
3302 5235 3611 5309 aliquorum

2007 5324 2299 5398 signiﬁcat,
2336 5342 2474 5398 quae,
2508 5326 2639 5381 dum
2668 5324 2888 5393 labitur,
2920 5341 3020 5397 per
3050 5325 3316 5397 lacrymas
3344 5325 3609 5397 pceniten~

2005 5415 2095 5472 tia:
2123 5423 2481 5472 restauratur.
2518 5436 2540 5467 α
2577 5415 2634 5471 Si
2663 5421 2884 5470 sanatus
2922 5413 3105 5482 fuerit,
3157 5415 3251 5486 qui
3297 5414 3613 5484 hujusmodi

2009 5505 2239 5562 sustinet
2267 5505 2598 5578 passionem,
2639 5525 2661 5555 ν
2697 5505 2802 5561 hoc
2819 5511 2900 5561 est
2921 5503 2968 5559 si
2992 5503 3395 5577 suprascriptus
3429 5519 3613 5560 corre-

2008 5604 2128 5655 ctus
2156 5596 2333 5667 fuerit,
2371 5617 2394 5649 «
2428 5595 2736 5653 numerabit
2766 5602 2976 5669 septem
2994 5593 3132 5663 dies,
3174 5614 3198 5645 ι
3230 5592 3616 5657 remissionem
