3998 6188
263 320 368 376 825

1221 313 1534 372 EPITOME
1576 313 1938 371 COMMENT.
1986 312 2252 372 RARANI
2291 313 2365 370 IN
2413 312 2636 370 LEVIT.

3464 316 3566 371 826

263 455 362 513 per
390 437 622 511 Spiritus
654 437 827 494 sancti
847 437 1082 510 gratiam
1101 436 1205 493 sibi
1226 439 1412 494 credat
1432 439 1692 506 futuram,
1713 455 1871 494 mun-
1895 443 1952 503 A
1971 440 2102 494 bum
2151 439 2251 495 Dei
2279 446 2542 495 aeternum
2589 438 2646 493 in
2687 453 2851 494 carne
2880 453 3048 494 verus
3076 439 3241 493 homo
3261 446 3566 508 appareret,

264 529 401 585 dans
431 543 598 599 opera
628 541 730 582 sua
759 543 881 584 cum
913 535 1084 594 veste,
1118 527 1174 582 id
1204 535 1287 582 est
1331 528 1589 584 exteriori
1637 545 1872 584 conver-

264 618 474 674 satione
503 617 764 689 lacrymis
790 616 1144 687 paenitentiae.
1183 637 1206 667 κ
1241 617 1342 672 Die
1371 625 1555 672 autem
1594 625 1808 684 octavo,
1845 638 1867 667 ι»

263 706 321 762 in
345 705 452 760 ﬁde
469 714 650 761 autem
669 705 1092 761 resurrectionis
1122 705 1440 773 Dominicae,
1477 727 1499 756 ‹
1538 714 1712 760 sumet
1732 705 1873 761 duos

261 802 522 863 turtures,
557 801 650 849 aut
678 795 816 849 duos
845 794 1027 865 pullos
1059 794 1344 860 columbae,
1395 814 1418 844 ν
1468 794 1793 864 castitatem,
1821 801 1871 849 et

261 883 760 952 mansuetudinem,
785 891 837 938 et
853 883 1263 939 meditationem
1304 883 1503 940 divina:
1532 882 1693 956 legis,
1729 883 1870 939 sicut

262 972 462 1029 dicitur
492 990 506 1026 :
537 972 844 1027 Meditabor
884 980 942 1026 ut
981 972 1231 1027 columba
1272 972 1405 1044 (Isa,
1437 973 1707 1044 xxxvm),
1745 993 1768 1022 ι
1801 972 1870 1027 de

263 1062 464 1134 quibus
484 1060 676 1117 avibus
706 1077 851 1132 saepe
882 1060 1136 1116 diximus.
1175 1082 1199 1112 ς
1233 1061 1330 1116 Vir
1358 1062 1426 1116 de
1459 1077 1566 1132 quo
1596 1060 1873 1131 egreditur

263 1166 458 1206 semen
486 1149 678 1218 coitus,
716 1169 738 1199 υ
775 1157 879 1206 etc.
914 1150 1030 1205 Hoc
1051 1157 1133 1204 est
1162 1149 1248 1204 vel
1271 1149 1361 1221 qui
1381 1148 1670 1205 desideriis
1699 1165 1871 1204 saecu-

261 1239 474 1295 laribus
531 1237 739 1305 deﬂuit,
796 1239 1164 1304 mundabitur,
1212 1246 1270 1292 ut
1299 1253 1485 1309 supra,
1524 1260 1546 1288 ‹‹
1582 1246 1788 1293 vestem
1819 1246 1871 1293 et

261 1328 488 1401 pellem,
550 1349 573 1378 ι
632 1327 689 1381 id
741 1333 825 1383 est
879 1327 1367 1394 conversationem,
1415 1327 1656 1382 mundet.
1705 1326 1870 1381 Pellis

263 1433 407 1472 uxor
438 1423 616 1488 potest
645 1415 897 1488 intelligi,
929 1416 1058 1487 quia
1088 1423 1141 1471 et
1169 1416 1288 1486 ipsa
1346 1415 1594 1469 mundari
1641 1431 1870 1471 necesse

262 1505 450 1575 habet,
489 1504 612 1576 quia
641 1504 698 1558 in
713 1504 1088 1576 iniquitatibus
1110 1503 1396 1574 conceptio
1416 1503 1729 1575 perﬁcitur;
1755 1503 1872 1558 sive

261 1594 426 1667 pellis
451 1593 607 1648 labor
621 1593 677 1646 in
695 1592 894 1666 vigiliis
924 1600 976 1647 et
994 1592 1208 1648 caeteris
1238 1592 1495 1664 operibus
1524 1592 1866 1665 intelligitur.

269 1705 293 1734 ε
331 1682 521 1737 Mulier
541 1697 666 1738 cum
697 1697 806 1753 qua
851 1680 1061 1749 coierit,
1116 1701 1139 1731 ι
1189 1688 1291 1737 etc.
1342 1683 1476 1737 Duae
1521 1689 1646 1736 sunt
1679 1689 1866 1752 partes

261 1771 537 1827 interioris
565 1770 802 1825 hominis
837 1789 851 1826 :
885 1770 1124 1842 spiritus,
1155 1770 1248 1841 qui
1279 1771 1348 1826 de
1398 1769 1768 1840 superioribus
1813 1777 1935 1864 etB

260 1860 612 1916 interioribus
641 1866 860 1929 tractat,
894 1866 946 1915 et
976 1859 1178 1926 anima,
1230 1876 1352 1931 qua
1398 1859 1468 1914 de
1507 1859 1864 1915 exterioribus

258 1949 553 2006 desideriis
572 1949 828 2020 disponit.
861 1949 990 2004 Haec
1019 1965 1143 2019 pars
1172 1947 1415 2014 inferior,
1464 1948 1510 2002 si
1539 1948 1730 2019 spiritu
1776 1949 1864 2003 in-

259 2038 500 2096 clinante
531 2054 589 2094 se
619 2039 687 2092 ad
715 2037 910 2093 viliora
925 2037 1128 2108 polluta
1148 2037 1327 2104 fuerit,
1359 2038 1734 2092 necessarium
1760 2038 1865 2092 ha-

257 2127 354 2183 bet
378 2126 662 2183 emundari
694 2143 707 2181 :
743 2149 766 2178 α
801 2125 993 2182 Mulier
1022 2142 1144 2198 quae
1159 2125 1439 2182 redeundo
1458 2142 1648 2182 mense
1667 2126 1868 2197 patitur

255 2216 468 2272 ﬂuxum
491 2215 794 2288 sanguinis,
819 2223 986 2280 retc.,
1022 2215 1078 2270 id
1117 2223 1200 2270 est
1228 2214 1406 2269 anima
1436 2232 1578 2287 quae,
1613 2215 1866 2271 veniente

256 2305 482 2363 Domini
511 2305 701 2376 gratias
745 2304 1072 2370 visitatione,
1119 2304 1176 2358 in
1205 2304 1512 2360 idololatria
1539 2304 1863 2374 maculatur,

253 2396 478 2470 penitus
506 2394 787 2450 immunda
806 2400 921 2450 est:
951 2413 974 2445 α
1001 2401 1209 2465 septem
1230 2393 1424 2448 diebus
1446 2393 1810 2465 separabitur,
1839 2414 1861 2443 ι

255 2485 315 2542 id
361 2492 466 2553 est,
518 2483 700 2540 divino
724 2483 929 2554 judicio
967 2499 1141 2555 usque
1169 2483 1237 2538 ad
1266 2482 1563 2554 perfectam
1593 2483 1866 2554 pceniten-

255 2573 394 2631 tiam
422 2572 559 2630 foris
588 2572 1027 2629 communionem
1074 2572 1413 2628 excludetur.
1459 2571 1540 2627 De
1570 2578 1720 2628 tactu
1750 2573 1867 2641 ejus

261 2671 317 2720 et
349 2662 561 2720 caeteris
582 2663 933 2737 sequentibus
963 2661 1103 2718 sicut
1125 2678 1288 2734 supra
1306 2661 1623 2734 intelligitur
1651 2661 1720 2716 de
1750 2660 1868 2716 viro

257 2753 472 2809 ﬂuxum
500 2751 723 2807 seminis
742 2751 1000 2823 patiente.
1036 2753 1142 2808 Vas
1173 2767 1306 2807 vero
1353 2751 1653 2806 secundum
1698 2750 1867 2805 histo-

256 2844 399 2899 riam
430 2851 627 2899 cuncta
653 2841 907 2897 utensilia
937 2841 1043 2897 dici
1071 2848 1301 2913 possunt
1348 2840 1487 2896 sicut
1515 2855 1646 2896 vasa
1674 2839 1868 2896 bellica

258 2931 515 2988 dicimus.
557 2952 578 2981 ε
602 2931 660 2986 Si
687 2929 877 2987 coierit
907 2945 1029 2986 cum
1046 2945 1112 2986 ea
1129 2931 1213 2985 vir
1231 2938 1477 3002 tempore
1502 2928 1800 3001 sanguinis,
1841 2949 1864 2979 υ

253 3021 314 3076 id
347 3029 433 3076 est
481 3020 528 3075 si
575 3035 700 3076 cum
749 3019 1046 3074 idololatris
1077 3019 1197 3092 quis
1247 3017 1640 3075 sacriﬁcaverit
1667 3019 1754 3074 vel
1783 3034 1869 3074 re-

1975 537 2027 585 et
2054 535 2249 584 czetera
2279 528 2453 583 multa
2480 527 2609 582 talia
2637 527 2693 581 in
2717 527 2914 598 quibus
2953 527 3166 582 cautela
3207 541 3571 597 pernecessa-

1971 618 2053 672 ria
2082 626 2185 673 est.
2220 639 2243 668 α
2277 617 2417 687 Quia
2439 617 2493 671 in
2524 617 2666 671 nube
2695 616 2967 687 apparebo
2995 632 3161 686 super
3203 615 3499 670 oraculum.
3541 635 3564 666 ι

1971 706 2072 762 Vel
2099 706 2155 760 in
2183 706 2342 762 dictis
2363 708 2753 778 prophetarum
2781 712 3004 776 apparet
3035 705 3318 771 Dominus,
3353 705 3421 759 de
3452 703 3572 775 qui-

1973 795 2074 850 bus
2095 795 2292 850 dicitur
2314 811 2327 850 :
2357 816 2380 845 α
2410 795 2678 850 Mandabo
2699 794 2934 848 nubibus
2955 810 3023 848 ne
3053 793 3245 865 pluant
3264 809 3430 863 super
3450 809 3570 848 eam

1970 884 2220 950 imbrem,
2259 904 2284 934 ι
2320 884 2404 940 vel
2434 883 2490 937 in
2519 899 2683 939 carne
2712 885 2984 949 humana;
3017 883 3159 936 unde
3178 881 3372 937 dicitur
3402 896 3458 936 τι
3484 882 3572 935 In-

1971 973 2251 1046 gredietur
2278 973 2543 1028 Dominus
2575 987 2740 1044 super
2759 972 2962 1027 nubem
2989 971 3166 1025 lenem
3197 972 3505 1043 1Egyptum,
3542 990 3565 1020 ι

1971 1062 2026 1116 id
2057 1070 2140 1117 est
2186 1062 2522 1116 immundum
2568 1061 2624 1115 in
2670 1077 2832 1116 carne
2876 1077 2905 1115 a
2934 1061 3174 1131 peccatis
3202 1058 3448 1125 immuni,
3484 1059 3571 1115 vel

1972 1151 2130 1206 etiam
2160 1151 2216 1204 in
2245 1151 2470 1205 secretis
2498 1149 2901 1221 mysteriorum,
2953 1149 3010 1202 in
3061 1149 3258 1220 quibus
3287 1148 3438 1202 illum
3468 1163 3572 1218 pe-

1970 1239 2110 1294 nitus
2139 1239 2456 1310 investigari
2486 1255 2595 1293 non
2623 1238 2782 1294 facile
2803 1246 2904 1292 est.
2942 1257 2966 1288 «
2991 1238 3108 1292 Nisi
3127 1238 3242 1292 haec
3264 1245 3388 1291 ante
3415 1235 3568 1291 fece-

1969 1327 2063 1395 ris,
2103 1348 2124 1378 ν
2159 1328 2215 1383 id
2245 1336 2345 1392 est,
2379 1343 2489 1383 non
2518 1327 2858 1400 ingredietur
2878 1342 3043 1396 super
3063 1326 3337 1381 oraculum
3369 1326 3424 1379 in
3454 1341 3571 1380 san-

1970 1423 2056 1472 cta
2086 1416 2384 1486 Scriptura,
2421 1437 2444 1467 ε
2479 1415 2669 1472 oﬂ'eret
2716 1415 2940 1470 vitulum
2967 1430 3065 1485 pro
3087 1423 3349 1485 peccato;
3389 1436 3410 1464 ν
3440 1414 3573 1469 vitu-

1968 1505 2072 1574 lus,
2105 1505 2173 1560 de
2202 1506 2369 1560 tauris
2399 1512 2452 1560 et
2499 1506 2682 1560 vaccis
2737 1516 2907 1577 ortus,
2956 1505 3230 1562 Christum
3280 1502 3572 1576 significat,

1969 1594 2038 1649 de
2067 1594 2388 1665 patriarchis
2419 1601 2472 1649 et
2503 1595 2816 1668 Synagoga,
2851 1613 2972 1668 qua}
2996 1597 3189 1668 jugum
3220 1600 3454 1648 traxerat
3480 1592 3567 1647 1e-

1969 1683 2056 1756 gis
2085 1684 2388 1739 secundum
2417 1699 2642 1739 carnem
2658 1687 3006 1757 progenitum
3026 1705 3041 1753 ;
3063 1685 3206 1740 aries
3239 1698 3457 1755 quoque
3481 1681 3570 1752 ip-

1969 1788 2109 1841 sum,
2139 1781 2197 1827 ut
2225 1789 2387 1843 supra
2417 1774 2626 1829 dictum
2649 1783 2748 1830 est.
2787 1775 3028 1830 nTunica
3049 1775 3192 1828 linea
3224 1772 3503 1841 vestietur,
3533 1791 3556 1822 υ

1968 1869 2021 1917 et
2047 1862 2277 1934 reliqua.
2309 1863 2514 1918 Tunica
2545 1863 2687 1918 linea
2721 1865 3061 1929 castitatem;
3094 1861 3394 1927 feminalia,
3427 1875 3566 1915 con-

1972 1949 2282 2018 tinentiam;
2315 1966 2469 2019 zona,
2503 1952 2807 2007 custodiam
2854 1953 3080 2020 mentis;
3130 1949 3354 2016 cidaris,
3387 1956 3576 2004 custo-

1965 2037 2112 2094 diam
2150 2056 2411 2094 sensuum
2460 2042 2703 2111 corporis
2745 2040 3026 2114 signiﬁcat,
3081 2041 3278 2113 quibus
3325 2038 3571 2094 indutum

1965 2129 2219 2185 convenit
2246 2145 2390 2192 esse,
2423 2131 2516 2201 qui
2547 2130 2616 2184 de
2646 2131 2915 2202 mysteriis
2955 2129 3174 2186 Domini
3202 2137 3283 2185 est
3313 2136 3572 2184 tractatu-

1965 2234 2076 2272 rus.
2109 2219 2344 2272 Possunt
2375 2227 2428 2272 et
2458 2221 2541 2274 hae
2571 2228 2799 2290 quatuor
2829 2221 3063 2274 vestium
3093 2219 3306 2290 species
3347 2217 3573 2273 virtutes

1966 2315 2198 2379 quatuor
2227 2307 2443 2380 signare
2473 2309 2802 2379 principales
2833 2325 2846 2363 :
2879 2308 3058 2363 tunica
3086 2308 3246 2373 linea,
3275 2305 3571 2376 justitiam;

1966 2395 2261 2462 feminalia,
2325 2397 2760 2467 temperantiam,
2797 2414 2920 2468 quae
2951 2397 3216 2452 castitatis
3246 2403 3331 2452 est
3357 2403 3568 2462 mater;

1966 2499 2122 2550 zona,
2159 2483 2569 2553 fortitudinem;
2603 2485 2826 2553 cidaris,
2859 2502 2978 2558 quae
3025 2493 3189 2556 caput
3229 2485 3380 2556 tegit,
3432 2500 3571 2555 pru-

1965 2574 2208 2629 dentiam
2257 2591 2362 2646 qua
2403 2590 2560 2630 mens
2612 2583 2856 2629 ornatur.
2910 2596 2933 2625 ¢
2981 2574 3211 2644 Quibus,
3253 2589 3379 2630 cum
3427 2573 3570 2628 lotus

1966 2661 2127 2718 fuerit
2153 2663 2428 2731 induetur,
2467 2684 2489 2714 υ
2523 2663 2578 2718 id
2608 2671 2688 2720 est
2718 2671 2841 2734 post
2857 2664 3205 2735 baptismum.
3233 2684 3256 2714 α
3290 2663 3570 2718 Duoshir-

1967 2767 2062 2808 cos
2091 2768 2194 2823 pro
2218 2760 2465 2823 peccato.
2502 2773 2526 2803 ι
2561 2752 2629 2807 Hi
2656 2752 2794 2808 hirci
2824 2752 3100 2808 Christum
3117 2750 3445 2825 significant,
3477 2750 3570 2824 qui

1965 2849 2192 2913 peccata
2222 2849 2404 2896 nostra
2435 2841 2553 2896 tulit
2581 2858 2683 2912 pro
2713 2842 2910 2914 quibus
2941 2842 3153 2897 oblatus
3181 2849 3283 2897 est.
3318 2840 3423 2910 Qui
3462 2841 3571 2896 duo

1967 2930 2460 3002 dicunturi'propter
2478 2930 2784 3004 germinam
2803 2931 2858 2984 in
2875 2931 3086 2986 Christo
3098 2939 3364 2985 naturam.
3383 2950 3406 2980 α
3427 2929 3572 2984 Cun-

1969 3035 2076 3091 que
2105 3019 2380 3088 obtulerit,
2419 3040 2442 3069 »
2469 3027 2523 3075 et
2545 3020 2768 3092 reliqua.
2791 3019 3035 3075 Christus
3055 3020 3330 3086 sacerdos,
3347 3018 3439 3091 qui
3454 3018 3570 3074 ani-

254 3109 465 3168 cumbit
510 3109 567 3163 in
618 3108 785 3164 idolio
841 3107 1181 3165 manducans
1210 3108 1279 3163 de
1333 3107 1666 3180 idolothytis,
1703 3129 1727 3158 α
1760 3107 1868 3163 im-
1895 3169 1936 3180 Α
1966 3125 2115 3164 mam
2133 3125 2286 3164 suam
2305 3125 2407 3180 pro
2428 3108 2587 3164 nobis
2607 3109 2818 3180 posuit;
2843 3117 2896 3164 et
2912 3109 3150 3164 oraverit
3187 3124 3289 3179 pro
3310 3124 3369 3163 se
3396 3116 3448 3164 et
3467 3123 3570 3179 pro

251 3199 496 3254 mundus
525 3197 630 3253 erit
659 3205 869 3268 septem
899 3197 1115 3264 diebus,
1154 3217 1176 3246 ι
1212 3197 1267 3251 id
1300 3204 1384 3252 est
1413 3169 1714 3268 perfectam
1747 3169 1938 3285 ρω-ς·
1970 3198 2134 3253 domo
2165 3213 2282 3267 sua,
2305 3169 2369 3252 id
2399 3205 2482 3253 est
2507 3169 2625 3269 pro‘
2651 3169 2981 3252 humanitate
3010 3169 3338 3270 fragilitatis,
3372 3205 3425 3252 et
3467 3169 3571 3268 pro

253 3287 545 3343 nitentiam
592 3286 696 3341 sibi
744 3286 1091 3343 constitutam
1139 3286 1372 3357 expleat.
1422 3288 1563 3342 Nam
1609 3302 1869 3357 persecu-

252 3378 408 3434 tione
439 3375 512 3430 ad
567 3375 957 3430 immolandum
975 3382 1186 3442 coacto,
1211 3384 1264 3430 et
1289 3391 1386 3430 sua
1409 3383 1601 3446 sponte
1622 3391 1864 3441 reverso,

252 3465 446 3538 utique
475 3464 791 3535 pmnitentia
818 3464 1110 3520 constituta
1139 3472 1241 3520 est.
1281 3485 1303 3515 α
1339 3464 1531 3520 Mulier
1559 3481 1682 3536 quae
1716 3464 1868 3535 pati-

254 3561 345 3610 tur
372 3553 559 3608 multis
587 3553 780 3608 diebus
807 3553 1010 3608 ﬂuxum
1058 3553 1340 3625 sanguinis
1386 3567 1496 3608 non
1526 3553 1580 3606 in
1627 3561 1867 3623 tempore

252 3643 600 3708 menstruali,
626 3663 648 3692 ι
674 3650 802 3712 etc.,
822 3642 877 3697 id
898 3650 979 3699 est
997 3641 1177 3698 anima
1198 3658 1318 3716 quae
1337 3642 1392 3696 in
1411 3641 1717 3696 idololatria
1743 3649 1868 3713 post

254 3733 538 3806 cOgnitam
582 3732 811 3805 gratiam
864 3740 1180 3803 occupatur.
1231 3733 1370 3787 Dum
1418 3747 1528 3786 non
1559 3731 1626 3786 sit
1656 3738 1867 3802 tempus

255 3821 617 3888 menstruale,
654 3821 709 3876 in
739 3829 841 3888 est,
870 3837 990 3877 cum
1006 3821 1120 3891 jam
1151 3821 1366 3878 caecitas
1389 3821 1632 3895 gentium
1663 3819 1868 3875 lumine

257 3910 512 3967 veritatis
541 3925 683 3982 pene
706 3910 774 3965 sit
803 3909 1072 3977 irradiata,
1107 3910 1258 3982 prius
1288 3910 1435 3965 omni
1476 3926 1616 3981 pene
1665 3909 1868 3965 mundo

254 4000 313 4055 in
341 3999 550 4054 diaboli
581 4000 838 4056 servitute
863 4007 1094 4055 errante.
1131 3999 1424 4072 Sequentia
1450 4008 1508 4054 ut
1535 4015 1720 4071 supra.
1750 4019 1774 4048 α
1809 3998 1868 4054 Si

256 4088 473 4144 steterit
503 4089 752 4162 sanguis.
791 4110 814 4140 ι
848 4089 966 4145 Hoc
996 4096 1097 4159 est,
1128 4088 1173 4143 si
1204 4089 1500 4145 cessaverit
1527 4104 1680 4143 error
1699 4087 1874 4143 stulti-

252 4173 368 4239 tiae,
407 4195 430 4224 ι
466 4173 771 4229 numerabit
813 4182 1020 4245 septem
1067 4173 1205 4242 dies,
1253 4195 1276 4224 ν
1330 4181 1386 4228 ut
1433 4190 1615 4245 supra,
1667 4181 1878 4235 caetera,

250 4278 478 4334 quoque
510 4270 569 4316 ut
597 4279 781 4333 supra.
821 4284 843 4314 α
875 4262 1154 4319 Docebitis
1185 4278 1319 4336 ergo
1348 4261 1490 4319 ﬁlios
1513 4263 1680 4318 Israel
1699 4271 1754 4318 ut
1785 4278 1868 4318 ca-

250 4358 420 4408 veant
477 4350 872 4407 immunditiam
920 4360 975 4408 et
1022 4367 1132 4408 non
1186 4352 1488 4408 moriantur
1530 4352 1586 4406 in
1615 4351 1865 4408 sordibus

248 4441 370 4496 suis
401 4456 526 4496 cum
558 4440 852 4511 polluerint
891 4441 1297 4498 tabernaculum
1341 4458 1540 4508 meum,
1591 4463 1614 4492 ι
1651 4450 1704 4497 et
1732 4441 1863 4496 reli-

1970 3285 2255 3354 Ecclesiae,
2279 3286 2334 3340 id
2351 3294 2434 3341 est
2454 3286 2704 3357 corporis
2723 3287 2805 3341 sui
2820 3294 2981 3356 statu,
3008 3307 3029 3337 α
3048 3287 3186 3342 duos
3217 3286 3402 3342 hircos
3423 3293 3572 3342 stare

1967 3374 2130 3432 faciet
2162 3391 2344 3431 coram
2374 3375 2626 3445 Domino,
2665 3384 2747 3431 net
2769 3376 2992 3448 reliqua.
3012 3375 3221 3432 Placuit
3239 3383 3438 3431 sanctae
3456 3375 3571 3430 Tri-

1968 3465 2119 3520 nitati
2141 3465 2415 3520 Christum
2429 3480 2531 3536 pro
2547 3465 2784 3519 humano
2799 3481 3006 3538 genere
3021 3465 3149 3535 pati,
3175 3465 3268 3537 qui
3288 3466 3343 3519 in
3359 3465 3573 3520 duabus

1969 3554 2177 3608 naturis
2206 3569 2348 3608 unus
2379 3561 2462 3609 est
2490 3553 2589 3608 Dei
2619 3553 2807 3620 Filius,
2840 3555 2990 3608 Deus
3020 3562 3072 3608 et
3093 3555 3277 3609 homo.
3303 3554 3431 3609 Sors
3447 3553 3572 3609 mit-

1967 3643 2096 3698 titur
2127 3658 2291 3712 super
2319 3642 2525 3708 hircos,
2557 3642 2703 3713 quod
2732 3641 3056 3712 dispositum
3085 3649 3218 3708 erat,
3246 3642 3393 3710 juxta
3424 3643 3572 3714 quod

1968 3733 2132 3788 homo
2162 3739 2301 3801 erat,
2333 3748 2457 3785 eum
2487 3746 2586 3802 pro
2623 3731 2850 3785 mortuis
2897 3730 3058 3784 mori.
3100 3730 3362 3785 Mactatur
3399 3746 3568 3800 caper

1968 3838 2109 3877 unus
2136 3836 2238 3894 pro
2268 3828 2516 3892 peccato,
2551 3819 2789 3890 quia'pro
2810 3819 2967 3874 nobis
2997 3818 3376 3889 peccatoribus
3406 3818 3566 3872 inara

1970 3911 2150 3967 crucis
2179 3925 2306 3966 caro
2334 3909 2448 3978 ejus
2478 3909 2750 3964 immolata
2781 3916 2881 3964 est.
2911 3908 3094 3980 Caper
3121 3907 3436 3963 emissarius
3459 3915 3572 3963 sta-

1967 4000 2130 4056 tuitur
2157 3999 2314 4056 vivus
2343 4014 2535 4055 coram
2565 3998 2818 4066 Domino,
2843 3997 2970 4069 quia
2998 3996 3251 4052 divinitas
3280 3997 3396 4066 ejus
3443 3997 3571 4052 nul-

1966 4089 2077 4144 lam
2106 4088 2534 4144 immutationem
2567 4088 2652 4142 sui
2683 4087 2940 4158 suscepit,
2973 4094 3030 4141 ut
3057 4102 3183 4142 cum
3207 4102 3368 4143 carne
3397 4086 3574 4143 homi-

1967 4178 2053 4233 nis
2080 4186 2380 4248 pateretur,
2415 4177 2513 4232 sed
2541 4185 2742 4232 aeterna
2769 4183 2823 4231 et
2851 4175 3029 4232 vivida
3066 4175 3264 4231 virtute
3309 4176 3572 4232 caelorum

1967 4268 2185 4323 deserta
2204 4267 2413 4338 petivit,
2448 4283 2559 4321 non
2586 4265 2846 4321 mutando
2873 4265 3070 4334 locum,
3105 4265 3230 4337 quia
3275 4266 3424 4320 Deus
3451 4265 3572 4320 ubi-

1963 4373 2069 4430 que
2098 4364 2195 4423 est,
2227 4356 2325 4412 sed
2337 4355 2599 4413 cohibens
2618 4355 2894 4421 virtutem,
2919 4362 2977 4408 ut
2997 4354 3154 4409 daret
3173 4353 3408 4424 spatium
3427 4369 3556 4425 pas-
3638 4355 3640 4358 ’

1965 4446 2124 4513 sioni,
2175 4447 2280 4502 hoc
2327 4453 2382 4500 et
2423 4446 2700 4500 desertum
2743 4444 2836 4499 ubi
2868 4445 3044 4498 bonus
3074 4450 3282 4513 pastor,
3317 4442 3560 4498 dimissis

246 4544 378 4601 qua.
407 4529 470 4583 Id
497 4537 598 4597 est,
632 4527 820 4585 fideles
849 4539 1076 4587 caveant
1104 4531 1172 4586 ab
1202 4532 1350 4588 omni
1370 4531 1712 4586 immunditia
1739 4530 1857 4586 ido-
1883 4533 1936 4593 D
1966 4534 2286 4608 monaginta
2313 4550 2512 4590 novem
2542 4534 2756 4600 ovibus,
2787 4533 2920 4588 abiit
2949 4547 3112 4587 unam
3143 4547 3391 4603 quaerere
3439 4548 3560 4604 quae

240 4617 487 4674 lolatriae
516 4617 764 4673 vitiorum
796 4627 848 4674 et
868 4628 1239 4690 peccatorum,
1273 4637 1343 4676 ne
1372 4621 1700 4688 Ecclesiam,
1740 4636 1866 4691 quae

247 4715 338 4762 est
372 4707 568 4761 domus
596 4707 834 4775 Domini,
861 4718 1254 4781 corrumpant;
1287 4710 1403 4766 sive
1419 4710 1589 4781 ipsos,
1622 4709 1716 4782 pui
1738 4718 1870 4765 tem-

244 4795 406 4869 plum
439 4797 660 4851 Domini
715 4795 833 4853 ﬁeri
864 4797 1086 4868 debent,
1123 4807 1181 4854 ut
1213 4799 1510 4870 Apostolus
1541 4799 1617 4854 ait
1647 4817 1662 4855 :
1702 4820 1724 4852 ε
1755 4801 1866 4856 Vos

248 4885 394 4943 estis
421 4886 689 4960 templum
717 4886 836 4956 Dei,
876 4907 899 4937 ι
936 4895 989 4942 et
1018 4887 1230 4960 reliqua
1260 4889 1339 4956 (II
1365 4889 1485 4946 Cor.
1521 4888 1625 4961 v1.)

834 5097 1061 5156 CAPUT
1076 5096 1224 5154 XVI.

331 5293 355 5323 ι
389 5272 643 5343 Loquere
673 5271 745 5327 ad
781 5273 968 5328 Aaron
987 5289 1056 5328 ne
1078 5272 1225 5327 omni
1245 5280 1493 5343 tempore
1523 5271 1868 5344 ingrediatur

246 5359 322 5416 ad
353 5361 750 5428 sanctuarium,
785 5362 931 5432 quod
960 5369 1044 5416 est
1071 5361 1214 5416 intra
1244 5361 1427 5418 velum
1455 5377 1643 5417 coram
1673 5361 1866 5433 propi-

245 5450 526 5506 tiatorio.»
560 5449 888 5506 Doctoribus
911 5450 1067 5519 jubet
1095 5467 1164 5508 ne
1195 5467 1259 5506 ea
1290 5467 1412 5522 quae
1441 5452 1737 5506 humanum
1767 5467 1866 5505 ex-

240 5538 453 5594 cedunt
485 5538 769 5611 ingenium
799 5556 903 5611 pro
927 5555 1027 5595 sua
1041 5539 1328 5595 libitudine
1360 5539 1622 5612 mysterio
1653 5539 1866 5595 divina-

242 5645 377 5682 rum
397 5644 586 5682 rerum
603 5628 936 5700 disputando
960 5638 1246 5702 usurpent.
1272 5630 1644 5687 Periculosum
1666 5631 1865 5702 quippe

251 5725 342 5774 est
372 5717 661 5774 scientiam
693 5718 795 5774 sibi
827 5719 912 5774 vel
944 5719 1063 5774 aliis
1091 5720 1406 5794 permittere
1436 5719 1708 5793 quomodo
1737 5736 1865 5778 ver-

1964 4625 2203 4698 perierat
2230 4625 2387 4696 (Luc.
2420 4624 2542 4696 xv).
2575 4623 2771 4677 Fundit
2794 4622 3054 4677 sacerdos
3068 4637 3262 4692 preces
3293 4636 3461 4692 super
3479 4637 3573 4677 ca-

1965 4731 2145 4786 prum,
2180 4714 2305 4786 quia
2342 4713 2586 4769 Christus
2632 4728 2732 4783 per
2775 4709 3111 4767 divinitatem
3140 4726 3292 4764 suam
3322 4709 3572 4782 paciﬁcat

1965 4819 2068 4859 nos
2098 4803 2242 4857 Patri
2274 4819 2289 4858 :
2324 4823 2348 4852 «
2381 4802 2557 4857 Nemo
2587 4801 2732 4856 enim
2759 4806 2943 4871 potest
2992 4798 3266 4854 dimittere
3312 4807 3562 4871 peccata,

1965 4891 2072 4947 nisi
2101 4892 2252 4947 solus
2281 4892 2426 4946 Deus
2453 4890 2611 4963 (Luc.
2646 4892 2725 4961 v).
2761 4910 2784 4938 ι
2819 4889 2956 4943 Sunt
3007 4888 3100 4960 qui
3128 4887 3312 4944 dicant
3340 4887 3396 4942 in
3426 4889 3569 4944 duo-

1966 4982 2069 5036 bus
2100 4980 2268 5036 hircis
2297 4980 2436 5034 duas
2463 4987 2646 5050 partes
2674 4978 2861 5050 populi
2889 4977 3139 5048 intelligi,
3162 4987 3221 5032 ut
3262 4977 3570 5034 immolatos

1967 5085 2062 5126 eos
2091 5069 2343 5142 designet
2373 5068 2465 5140 qui
2493 5068 2549 5122 in
2566 5067 2821 5140 passione
2839 5065 3040 5122 Christi
3066 5067 3354 5123 credentes
3385 5068 3569 5140 quoti-

1966 5159 2057 5215 die
2087 5175 2146 5214 se
2176 5166 2418 5214 mactant
2444 5158 2500 5212 in
2520 5173 2610 5212 ara
2641 5155 2768 5213 fidei
2788 5177 2802 5224 ;
2824 5156 3057 5212 emissus
3075 5173 3208 5214 vero
3228 5157 3286 5212 in
3301 5173 3565 5228 cremum,

1964 5247 2090 5305 illos
2121 5248 2211 5320 qui
2241 5247 2297 5302 in
2325 5247 2581 5319 peccatis,
2606 5246 2982 5318 perdurantes,
3012 5247 3258 5302 converti
3297 5248 3566 5315 nolentes,

1965 5338 2193 5394 tendunt
2222 5336 2292 5392 ad
2321 5337 2578 5392 tenebras
2607 5337 2856 5393 oneranti
2880 5335 3140 5408 peccatis.
3166 5335 3324 5406 Quod
3340 5346 3571 5409 uterque

1964 5443 2064 5501 pro
2092 5435 2317 5500 peccato
2349 5424 2591 5495 offertur,
2625 5425 2928 5481 ostenditur
2973 5441 3166 5482 omnes
3212 5425 3266 5481 in
3316 5423 3570 5496 originali

1965 5533 2195 5599 peccato
2226 5524 2619 5596 deprehensos,
2653 5523 2750 5579 sed
2771 5523 2896 5580 illos
2925 5541 2956 5579 a
2989 5524 3222 5580 Domino
3252 5529 3477 5595 propter
3508 5519 3570 5574 ﬁ-

1965 5625 2090 5682 dem
2121 5630 2422 5696 susceptos,
2454 5623 2589 5678 istos
2618 5621 3016 5680 incredulitatis
3065 5619 3362 5694 pertinacia
3406 5619 3565 5674 dam-

1965 5730 2120 5782 natos
2153 5739 2166 5778 :
2198 5731 2425 5797 uterque
2443 5723 2690 5781 statuitur
2711 5738 2903 5780 eorum
2945 5719 3198 5785 Domino,
3221 5717 3350 5792 quia
3373 5739 3396 5770 «
3417 5716 3571 5777 multi
