4002 6184
421 218 524 275 827

1023 218 1427 274 WALAFRIDI
1455 218 1700 276 STRABI
1728 219 1931 276 FULD.
1962 217 2136 276 MON.
2171 219 2325 278 OPP.
2357 219 2536 278 PARS
2561 221 2604 276 Ι.
2635 219 3198 278 ~THEOLOGICA.

3621 226 3721 280 828

421 350 546 398 sunt
563 341 761 410 vocati,
779 343 939 413 pauci
958 359 1089 399 vero
1117 343 1274 398 electi
1297 344 1498 414 (Matth
1519 345 1688 414 xxu).
1725 365 1747 393 »
1782 345 1866 400 Ad
1896 345 2080 407 om-A
2117 345 2392 414 virtutum,
2415 363 2538 418 quae
2555 346 2830 417 quomodo
2851 347 2921 400 ab
2951 346 3037 401 his
3063 347 3433 402 observentur
3466 347 3525 404 in
3543 347 3733 405 Exodo

421 446 521 486 nes
551 431 696 486 enim
737 432 983 502 pervenit
1019 432 1396 503 Evangelium.
1431 433 1626 487 Dicant
1657 442 1835 488 autem
1894 451 2021 505 pre-

423 535 517 576 ces
545 519 698 576 fundi
727 537 894 591 super
921 537 1145 590 caprum
1179 521 1522 576 emissarium
1554 523 1682 576 dum
1711 522 2020 578 inﬁdelibus

421 617 625 665 interna
655 610 917 682 ingeritur
943 609 1272 664 maledictio.
1306 609 1408 678 Qui
1437 610 1774 666 dimittuntur
1803 612 1857 666 in
1886 611 2020 666 soli-

421 697 625 766 tudine,
657 698 714 753 id
742 697 912 752 estin
964 698 1369 754 damnationem
1416 709 1756 770 perpetuam,
1818 701 2021 755 Christi

421 803 551 842 vero
582 787 833 843 divinitas
854 803 1071 858 semper
1100 796 1181 843 est
1210 796 1263 843 et
1293 787 1392 842 fuit
1420 787 1476 842 in
1507 789 1629 843 sinu
1688 789 1866 844 Patris
1892 809 1905 855 ;
1928 789 2019 845 ubi

419 875 543 931 ideo
571 874 804 930 solitudo
835 876 984 942 dicit,
1019 877 1144 948 quia
1192 877 1324 932 nulli
1355 885 1550 948 praeter
1578 878 1750 948 ipsam
1781 878 2020 933 Trinita-

417 971 528 1020 tem
582 965 652 1019 ad
691 964 954 1037 liquidum
1009 973 1154 1036 patet
1212 966 1441 1037 qualiter
1492 984 1550 1021 se
1582 983 1772 1022 eorum
1821 976 2022 1022 teterna

417 1052 693 1109 contineat
723 1054 980 1121 essentia,
1013 1070 1204 1109 eorum
1233 1055 1356 1110 dico
1388 1055 1445 1109 in
1475 1057 1743 1126 personis,
1793 1057 1909 1126 ejus
1967 1057 2023 1110 in

415 1142 736 1198 substantia.
761 1141 868 1210 Qui
897 1159 1091 1198 sensus
1119 1144 1186 1197 de
1208 1144 1421 1198 duabus
1451 1144 1651 1198 Christi
1680 1145 1888 1198 naturis
1927 1161 2024 1215 ap-

417 1231 522 1285 tior
547 1231 777 1301 videtur,
815 1232 906 1302 qui
937 1231 1028 1286 ille
1061 1231 1210 1286 solus
1242 1233 1355 1286 tulit
1387 1241 1610 1303 peccata
1667 1233 1854 1287 mundi
1914 1249 2023 1288 non

415 1327 474 1374 ut
502 1319 604 1374 sibi
635 1319 880 1383 haberet,
913 1321 1012 1376 sed
1041 1330 1098 1375 ut
1119 1321 1336 1391 penitus
1366 1321 1680 1391 perimeret.
1716 1322 1874 1394 Eliga
1916 1322 2023 1376 sibi

413 1409 654 1480 prudens
680 1409 854 1465 lector
875 1409 1020 1482 quod
1036 1411 1376 1481 sequendum
1397 1411 1574 1482 magis
1595 1411 1865 1480 videatur,
1895 1411 2022 1465 dum

415 1497 471 1552 in
499 1497 751 1554 omnibus
779 1496 902 1554 ﬁdei
934 1515 1045 1554 non
1073 1500 1288 1554 vacillet
1350 1500 1680 1555 auctoribus.
1719 1521 1741 1550 α
1799 1503 2024 1555 Assum-

413 1593 616 1658 ptoque
647 1586 939 1655 thuribulo,
963 1609 984 1638 α
1021 1595 1073 1643 et
1095 1588 1326 1660 reliqua.
1347 1588 1463 1644 Hoc
1493 1588 1756 1653 vatillum,
1775 1588 2024 1661 linguam

412 1675 768 1749 intelligimus
798 1677 1153 1745 Dominicam,
1189 1693 1311 1732 cum
1344 1694 1451 1748 qua
1478 1677 1657 1743 nobis,
1692 1694 1895 1749 prunas
1943 1679 2011 1733 de
2041 1704 2093 1764 Β

413 1762 588 1830 altari,
621 1764 677 1820 id
706 1773 789 1820 est
813 1766 882 1820 de
915 1775 1128 1821 secreto
1158 1766 1368 1821 cmlesti
1416 1766 1675 1821 doctrinas
1718 1766 2013 1837 spiritualis

414 1853 665 1908 ardorem
695 1853 1040 1910 ministravit.
1079 1875 1101 1904 α
1142 1854 1214 1909 Et
1240 1855 1501 1909 hauriens
1529 1871 1694 1909 manu
1753 1855 2022 1925 composi-

411 1947 525 1995 tum
557 1942 870 2013 thymiama,
896 1963 919 1991 ι)
957 1950 1010 1996 et
1027 1942 1253 2014 reliqua,
1273 1943 1328 1997 id
1359 1951 1441 1997 est
1472 1959 1686 1998 omnem
1718 1944 2020 1999 doctrinam

413 2046 566 2086 suam
597 2031 855 2100 Operibus
885 2031 1139 2086 virtutum
1171 2040 1253 2087 est
1284 2030 1546 2099 ﬁrmans;
1583 2050 1704 2103 quae
1751 2033 2016 2103 doctrina,

412 2118 468 2174 in
497 2119 780 2174 incensum
811 2128 892 2174 est
923 2121 1139 2176 Domini
1160 2129 1368 2192 parata,
1397 2122 1523 2194 quia
1555 2139 1675 2193 quae
1724 2123 1907 2176 omnia
1937 2122 2016 2177 fe-

411 2207 502 2273 cit,
537 2208 678 2263 Patri
707 2225 808 2279 pro
839 2209 1010 2264 odore
1047 2210 1380 2264 suavissimo
1430 2218 1716 2280 acceptant
1745 2218 1920 2277 erant,
1953 2211 2022 2266 de

412 2312 520 2369 quo
541 2297 672 2351 dixit
698 2315 712 2352 :
736 2319 758 2346 α
786 2299 886 2352 Hic
905 2306 987 2352 est
1017 2298 1187 2353 Filius
1218 2315 1380 2353 meus
1404 2299 1656 2365 dilectus,
1679 2299 1733 2352 in
1753 2315 1860 2371 quo
1889 2299 2023 2367 mihi

410 2386 714 2457 complacui
777 2387 996 2458 (Matth.
1065 2388 1170 2457 ιιι).
1220 2408 1242 2436 ›
1302 2409 1323 2436 α
1365 2387 1512 2443 Ultra
1550 2387 1728 2442 velum
1798 2387 2022 2444 intrabit

408 2474 465 2529 in
494 2483 700 2531 sancta.
731 2496 752 2524 ιο
775 2476 1034 2531 Ascendit
1059 2475 1207 2532 enim
1229 2476 1283 2530 in
1309 2476 1501 2545 coelos,
1527 2498 1549 2527 «
1584 2485 1785 2531 aeterna
1814 2477 2022 2532 redem-

408 2563 835 2635 ptioneinventa
874 2566 1062 2633 (Hebr.
1103 2564 1206 2634 ιιι),
1250 2587 1272 2614 »
1313 2586 1335 2615 α
1371 2566 1562 2636 positis
1619 2581 1780 2636 super
1833 2566 2018 2638 ignem

409 2653 762 2709 aromatibus.
799 2674 820 2703 υ
856 2654 1049 2708 Totum
1066 2653 1212 2709 enim
1244 2655 1388 2725 quod
1409 2653 1554 2720 fecit,
1586 2661 1810 2725 propter
1839 2655 2018 2710 chari-

409 2749 577 2797 tatem
606 2741 849 2798 exhibuit
878 2742 1068 2798 dicens
1093 2760 1106 2797 :
1147 2764 1169 2793 α
1209 2743 1314 2811 Maj
1326 2759 1478 2798 orem
1509 2744 1830 2798 charitatem
1858 2759 2019 2799 nemo

409 2831 574 2886 habet
627 2847 790 2902 quam
846 2839 904 2885 ut
952 2831 1189 2886 animam
1223 2848 1392 2886 suam
1423 2839 1610 2902 ponat,
1649 2853 1671 2882 ι»
1709 2841 1812 2887 etc.
1849 2854 1871 2883 α
1905 2833 2020 2887 Ne-

410 2919 538 2974 bula
567 2935 754 2975 eorum
786 2927 838 2974 et
868 2935 1040 2991 vapor
1070 2920 1284 2990 operiat
1318 2920 1629 2989 oraculum,
1669 2942 1690 2970 ιι
1718 2921 1772 2975 id
1802 2928 1902 2987 est,
1931 2936 2020 2991 pa-

407 3007 640 3065 ciﬁcatio
672 3025 835 3081 quam
864 3025 966 3080 pro
996 3009 1156 3063 nobis
1187 3007 1317 3064 fecit
1347 3010 1420 3064 ad
1455 3010 1666 3063 Patrem
1694 3026 1866 3081 usque
1895 3027 2022 3081 per-

2120 435 2457 506 scripsimus,
2491 434 2793 491 sanctiﬁcet
2813 435 2946 490 illud
2981 456 3003 486 ¢
3031 435 3101 490 ab
3122 435 3483 490 immunditiis
3503 435 3736 493 ﬁliorum

2121 524 2311 591 Israel,
2350 545 2372 574 ‹‹
2405 525 2510 580 hoc
2543 533 2624 579 est
2651 541 2751 594 per
2780 525 3092 594 passionem
3123 541 3280 580 suam
3302 524 3614 596 paciﬁcans
3638 541 3732 581 an-

2120 613 2370 684 gelorum
2400 614 2618 680 choros,
2652 629 2719 667 ne
2749 613 3058 668 inimicitias
3088 614 3231 669 ultra
3261 622 3485 686 propter
3536 630 3736 686 pecca-

2121 699 2232 755 tum
2265 701 2527 774 originale
2557 702 2633 756 illi
2665 703 3006 757 exhiberent.
3046 724 3068 753 ι
3113 702 3408 775 Postquam
3461 704 3735 759 emunda-

2124 789 2256 846 verit
2287 791 2658 846 sanctuarium
2687 799 2739 846 et
2770 791 3201 859 tabernaculum,
3236 800 3290 846 et
3319 792 3522 848 altare.
3565 813 3587 841 ι
3622 793 3731 848 Rex

2119 879 2323 950 paratis
2351 879 2665 935 cmlestibus
2695 888 2748 934 et
2779 880 3030 934 humanis
3048 897 3145 950 per
3159 881 3479 950 passionem
3503 880 3727 936 Christi.

2121 967 2349 1023 offertur
2392 968 2577 1024 hircus
2617 968 2829 1033 vivens,
2881 967 2998 1039 ipse
3047 968 3296 1024 Christus
3327 969 3590 1025 videlicet
3619 968 3733 1026 sine

2123 1064 2366 1128 peccato,
2399 1065 2620 1127 peccata
2649 1063 2836 1112 nostra
2866 1057 3170 1111 secundum
3201 1057 3505 1112 divinitatis
3541 1067 3732 1128 poten-

2123 1145 2254 1199 tiam
2282 1145 2553 1200 dimittere
2584 1146 2925 1216 proponitur.
2966 1167 2988 1196 α
3040 1145 3230 1200 Posita
3275 1155 3512 1218 utraque
3569 1163 3736 1203 manu

2125 1241 2290 1299 super
2317 1238 2474 1300 caput
2504 1230 2639 1297 ejus.
2660 1230 2986 1299 «Debemus
3007 1229 3153 1285 enim
3193 1229 3446 1284 manibus
3467 1231 3731 1298 extensis,

2123 1325 2181 1372 ut
2209 1334 2267 1373 se
2297 1318 2601 1372 meminerit
2630 1333 2732 1388 pro
2762 1319 2921 1373 nobis
2952 1335 3146 1373 manus
3197 1319 3252 1372 in
3311 1334 3479 1374 cruce
3545 1327 3733 1374 exten-

2125 1406 2292 1473 disse,
2326 1423 2450 1462 cum
2479 1406 2782 1460 humillima
2813 1407 3019 1462 scilicet
3050 1407 3448 1478 supplicatione
3496 1418 3726 1478 peccata

2124 1494 2465 1565 conﬁtentes,
2499 1496 2838 1564 majestatem
2859 1497 2974 1564 ejus
2997 1511 3248 1562 exorare,
3283 1496 3410 1568 quia
3437 1495 3622 1551 ﬁdelis
3652 1507 3730 1552 est

2125 1592 2178 1639 et
2207 1585 2462 1640 remittet.
2498 1585 2639 1640 Vere
2669 1585 2815 1639 enim
2844 1584 3142 1656 languores
3194 1592 3412 1640 nostros
3471 1585 3592 1656 ipse
3649 1593 3730 1641 tu-

2125 1673 2202 1739 lit,
2236 1680 2338 1728 etc.
2377 1694 2399 1723 α
2437 1673 2656 1728 Emittet
2686 1690 2810 1728 eum
2867 1690 2966 1744 per
2994 1673 3270 1729 hominem
3308 1682 3583 1744 paratum,
3625 1695 3646 1724 ι
3682 1683 3735 1731 et

2122 1762 2352 1834 reliqua.
2385 1763 2569 1833 Ipsum
2597 1779 2697 1833 per
2724 1762 2903 1833 ipsum
2935 1761 3365 1834 mittimus,quia
3405 1778 3506 1817 sua
3530 1763 3730 1819 volun-

2122 1858 2228 1906 tate
2258 1850 2328 1906 ad
2357 1867 2458 1906 nos
2488 1851 2654 1918 venit,
2687 1859 2737 1906 et
2766 1859 2826 1905 ut
2854 1851 2957 1906 sibi
2996 1851 3197 1922 placuit
3245 1867 3370 1906 sese
3418 1851 3490 1906 ad
3537 1852 3727 1923 propi-

2121 1940 2360 1994 tiandum
2409 1940 2639 2008 reduxit,
2687 1949 2746 1994 ut
2790 1940 2908 2011 ipse
2936 1940 3008 1994 ait
3065 1957 3080 1996 :
3118 1961 3142 1991 ‹
3191 1941 3520 1996 Potestatern
3552 1941 3727 1996 habeo

2120 2029 2359 2100 ponendi
2388 2029 2623 2084 animam
2655 2046 2856 2096 meam,
2895 2050 2918 2079 ν
2952 2035 3056 2086 etc.
3095 2030 3278 2102 (Joan.
3314 2031 3399 2101 x).
3438 2051 3460 2084 ι
3525 2031 3730 2087 Rever-

2118 2126 2262 2174 tetur
2290 2121 2472 2174 Aaron
2501 2120 2572 2174 ad
2600 2119 3030 2175 Tabernaculum
3064 2119 3362 2175 testimonii
3386 2139 3402 2188 ;
3451 2141 3475 2171 ‹
3511 2122 3620 2176 hoc
3649 2129 3732 2177 est

2121 2207 2266 2280 quod
2295 2208 2411 2278 ipse
2440 2208 2515 2264 ait
2547 2226 2561 2263 :
2596 2228 2619 2258 ι
2658 2210 2802 2264 Ecce
2832 2224 2936 2282 ego
2969 2225 3090 2264 sum
3121 2209 3411 2265 vobiscum
3455 2226 3637 2283 usque
3663 2211 3731 2267 ad

2119 2297 2644 2353 consummationem
2660 2296 2887 2353 saeculi»
2921 2296 3144 2369 (Matth.
3176 2299 3410 2366 xxvm).
3448 2319 3470 2348 α
3490 2299 3728 2370 Deposi-

2120 2387 2188 2442 tis
2219 2388 2478 2455 vestibus,
2517 2407 2539 2437 α
2575 2387 2629 2442 id
2646 2395 2746 2455 est,
2767 2401 2934 2442 carne
2953 2385 3169 2442 mortali
3199 2386 3469 2456 deposita,
3494 2388 3728 2444 immor-

2115 2477 2337 2531 talitatis
2391 2475 2563 2531 induit
2619 2475 2847 2548 gloriam
2879 2495 2894 2543 ;
2932 2496 2954 2525 ι
2990 2475 3192 2530 lavabit
3231 2492 3454 2532 carnem
3484 2493 3647 2533 suam
3677 2480 3730 2535 in

2118 2569 2240 2624 loco
2269 2573 2456 2621 sancto
2489 2583 2504 2631 ;
2541 2586 2562 2615 ι
2596 2564 2843 2620 Christus
2880 2579 3104 2620 carnem
3154 2575 3462 2636 susceptam
3511 2566 3726 2624 intinxit

2117 2653 2384 2727 sanguine
2440 2654 2728 2724 passionis.
2790 2651 2963 2709 Oﬁ‘ert
3017 2654 3396 2710 holocaustum
3427 2671 3727 2727 egressus,

2117 2744 2239 2815 quia
2269 2743 2338 2798 ad
2369 2744 2582 2797 Patrem
2594 2743 2896 2798 ascendens
2926 2751 3093 2798 totam
3123 2743 3599 2814 dispensationem
3629 2761 3729 2818 pro

2113 2841 2304 2887 nostra
2333 2831 2505 2888 salute
2535 2831 2788 2902 explevit.
2826 2830 2999 2888 Offert
3031 2832 3268 2904 adipem,
3303 2833 3358 2888 id
3390 2843 3474 2889 est
3505 2834 3724 2892 deside-

2114 2922 2257 2976 rium
2278 2938 2453 2988 suum,
2481 2937 2588 2993 quo
2636 2929 2874 2976 nostram
2908 2921 3139 2976 salutem
3160 2922 3394 2977 sitiebat.
3424 2944 3447 2974 «
3467 2923 3570 2979 Ille
3589 2941 3718 2981 vero

2118 3011 2210 3083 qui
2274 3010 2541 3065 dimiserit
2606 3026 2832 3082 caprum
2899 3010 3261 3076 emissarium,
3310 3032 3333 3060 ι
3376 3020 3432 3067 et
3488 3013 3720 3087 reliqua.

408 3097 554 3152 venit
612 3063 775 3167 super
826 3063 1016 3152 omnes
1070 3097 1298 3152 virtutes
1345 3098 1640 3168 angelicas.
1676 3120 1698 3148 α
1733 3063 1913 3154 Το11οί
1938 3100 2006 3155 de
2037 3063 2086 3126 Ο
2124 3063 2390 3166 Christus,
2425 3063 2772 3172 0010000010
2811 3100 3049 3167 remittit,
3095 3100 3426 3169 Ecclesiarn,
3476 3063 3635 3174 quae1
3651 3112 3730 3159 est

409 3185 674 3256 sanguine
697 3185 848 3240 vituli
870 3193 921 3240 et
943 3194 1208 3258 asperget
1225 3186 1398 3257 digito
1415 3187 1636 3257 septies,
1659 3205 1679 3238 ο
1711 3195 1765 3241 et
1793 3188 2019 3259 reliqua,

409 3273 600 3329 Passio
630 3273 828 3329 Christi
854 3290 964 3329 non
987 3275 1158 3346 solum
1179 3276 1481 3343 hominum,
1515 3276 1613 3330 sed
1635 3284 1687 3330 et
1702 3277 2022 3349 angelorum

409 3361 616 3418 ordinis
643 3364 966 3418 restauratio
995 3363 1112 3430 fuit,
1145 3365 1270 3419 ideo
1299 3365 1367 3420 de
1393 3365 1661 3438 sanguine
1688 3365 1839 3420 vituli
1870 3365 2022 3422 illato

407 3449 623 3518 dicitur,
653 3473 674 3503 α
702 3452 873 3526 digito
893 3453 1156 3526 aspergit,
1189 3474 1211 3503 ι)
1245 3454 1336 3526 qui
1365 3470 1529 3522 nunc,
1559 3476 1581 3505 ι
1608 3462 1832 3526 apparet
1853 3454 2023 3510 vultui

407 3539 509 3596 Dei
539 3557 639 3612 pro
667 3541 826 3596 nobis
858 3543 1040 3611 (Hebr.
1076 3542 1181 3611 1x).
1224 3563 1248 3593 ι
1298 3564 1320 3594 α
1360 3543 1445 3598 Ad
1461 3544 1743 3599 orientem.
1770 3565 1792 3593 »
1827 3543 2024 3600 Oriens

407 3629 526 3702 ipse
553 3630 795 3685 Christus
829 3639 928 3696 est,
964 3632 1056 3704 qui
1083 3631 1325 3703 seipsum
1396 3633 1566 3688 solem
1607 3633 1829 3702 justitiw
1866 3633 2024 3688 nobis

407 3727 662 3794 ostendit,
696 3727 764 3782 de
797 3744 902 3800 quo
932 3727 1131 3783 dicitur
1163 3745 1177 3782 :
1214 3749 1237 3779 ι
1274 3729 1423 3784 Ecce
1445 3727 1548 3795 vir,
1581 3728 1780 3784 Oriens
1821 3745 2023 3785 nomen

408 3816 526 3885 ejus
548 3817 737 3885 (Zach.
763 3816 861 3887 v1).
889 3837 912 3867 ι
937 3817 1019 3872 De
1041 3817 1291 3890 sequenti
1311 3818 1464 3874 hirco
1503 3818 1765 3874 similiter.
1819 3820 2022 3874 Emun-

407 3904 500 3960 det
547 3906 934 3960 sanctuarium.
988 3907 1236 3961 Praesens
1284 3907 1428 3962 enim
1474 3907 1727 3962 Ecclesia
1761 3909 2021 3964 mundata

409 4000 493 4048 est
513 3981 778 4066 sanguine
811 3994 1012 4048 Christi
1038 4011 1068 4049 a
1100 3996 1349 4050 sordibus
1378 3994 1742 4051 inﬁdelitatis.
1780 4017 1802 4047 α
1861 3996 2021 4065 Quod

407 4079 574 4136 ﬁxum
596 4090 680 4138 est
694 4082 748 4136 in
777 4083 958 4138 medio
975 4083 1214 4138 sordium
1235 4084 1570 4140 haareditatis
1589 4100 1802 4142 eorum.
1828 4105 1850 4135 κ
1885 4085 2021 4154 Quia

407 4170 657 4228 Ecclesia
686 4178 769 4227 est
798 4171 852 4226 in
883 4172 1065 4227 medio
1094 4172 1376 4228 nationum
1441 4189 1604 4245 quam
1655 4174 1720 4228 ab
1750 4174 2027 4246 originali-

407 4256 508 4312 bus
535 4257 791 4312 sordibus
821 4257 1017 4312 Christi
1072 4257 1338 4313 adventus
1367 4257 1591 4329 eripuit.
1629 4281 1652 4309 α
1685 4258 1878 4315 Nullus
1917 4261 2020 4316 h0-

405 4346 612 4402 minum
643 4347 713 4401 sit
741 4346 796 4401 in
827 4347 1174 4402 tabernaculo
1205 4348 1420 4420 quando
1450 4347 1691 4419 pontifex
1720 4349 2023 4420 ingreditur

2122 3204 2324 3260 corpus
2379 3189 2494 3257 ejus
2553 3197 2604 3244 et
2633 3189 3038 3257 vestimentum,
3088 3204 3121 3244 a
3165 3189 3434 3246 confessis
3483 3194 3728 3262 peccatis

2121 3278 2434 3334 emundavit
2463 3295 2602 3350 aqua
2633 3279 2989 3349 baptismalis,
3014 3287 3067 3334 et
3097 3279 3174 3335 sic
3202 3279 3550 3336 mansionem
3582 3298 3734 3348 suam

2120 3367 2175 3422 in
2205 3368 2406 3422 sanctis
2436 3367 2722 3423 collocavit
2755 3384 2766 3422 :
2802 3368 2888 3423 vel
2903 3368 3074 3435 aliter,
3107 3369 3392 3440 ingressus
3415 3377 3499 3424 est
3529 3380 3732 3438 castra,

2119 3450 2175 3511 id
2207 3465 2289 3512 est
2318 3465 2442 3527 post
2471 3473 2573 3527 per
2612 3464 2789 3513 actam
2834 3457 3267 3529 redemptionem
3310 3459 3480 3514 caelos
3529 3475 3731 3517 ascen-

2119 3547 2215 3601 dit.
2252 3571 2275 3594 «
2313 3546 2550 3601 Vitulum
2582 3555 2763 3602 autem
2795 3553 2847 3601 et
2877 3547 3090 3604 hircum
3123 3547 3210 3620 qui
3243 3564 3342 3619 pro
3370 3558 3608 3618 peccato
3626 3551 3732 3608 fue-

2120 3644 2265 3703 runt,
2301 3653 2321 3686 »
2360 3643 2414 3691 et
2443 3636 2672 3708 reliqua.
2706 3638 2948 3709 Utraque
2977 3636 3196 3693 victima
3217 3637 3495 3692 Christum
3519 3639 3728 3713 signiﬁ-

2131 3732 2237 3782 cat.
2271 3725 2431 3793 Quod
2463 3740 2586 3780 cum
2617 3724 2896 3791 carnibus,
2921 3734 2974 3780 et
2989 3726 3153 3796 pelle,
3179 3735 3231 3782 et
3251 3725 3379 3782 ﬁmo
3401 3729 3733 3785 comburun-

2129 3821 2216 3869 tur
2246 3821 2399 3868 extra
2428 3822 2622 3883 castra,
2655 3814 2826 3868 innuit
2848 3814 2995 3886 quod
3024 3815 3461 3871 DominusJesus
3479 3817 3728 3874 Christus

2119 3905 2176 3959 in
2203 3918 2304 3957 sua
2341 3919 2578 3973 persona
2633 3902 3037 3974 inseparabilis,
3073 3905 3165 3976 qui
3207 3912 3288 3960 est
3337 3921 3506 3961 verus
3556 3908 3726 3975 Deus,

2117 4007 2218 4063 pro
2249 3992 2407 4046 nobis
2436 3999 2586 4046 extra
2616 4001 2830 4062 portam
2859 4008 3058 4063 passus
3081 4002 3180 4048 est.
3222 3993 3407 4049 Fimus
3465 4007 3726 4065 peccato-

2122 4096 2241 4134 rum
2271 4089 2518 4135 nostrum
2545 4081 2744 4136 sordes
2772 4081 3028 4136 ostendit.
3083 4101 3112 4135 α
3171 4081 3277 4152 Qui
3333 4091 3524 4140 autem
3583 4101 3730 4141 com-

2123 4168 2358 4223 busserit
2387 4184 2472 4238 ea,
2508 4191 2531 4215 »
2565 4177 2617 4225 et
2645 4170 2872 4242 reliqua.
2907 4170 2966 4225 Si
2995 4171 3116 4243 quis
3147 4171 3292 4226 enim
3321 4189 3387 4227 ex
3417 4173 3728 4232 interfecto-

2122 4257 2271 4312 ribus
2304 4259 2420 4327 ejus
2467 4259 2790 4326 crediderat,
2835 4259 3148 4329 pcenitentia
3190 4261 3504 4329 mundatus,
3542 4263 3600 4319 in
3631 4281 3729 4320 nu-

2122 4363 2332 4402 merum
2363 4347 2606 4404 fidelium
2636 4357 2888 4420 receptus
2919 4357 3020 4404 est.
3057 4370 3078 4400 α
3114 4351 3302 4405 Mense
3333 4352 3597 4422 septimo,
3637 4354 3730 4410 de-

406 4436 794 4504 sanctuarium,
832 4457 855 4487 »
890 4445 942 4492 et
972 4437 1203 4508 reliqua.
1226 4435 1459 4506 Quando
1475 4437 1739 4492 Dominus
1771 4439 2019 4494 Christus
2040 4430 2089 4490 D
2122 4432 2263 4486 cima
2292 4433 2400 4501 die,
2440 4454 2462 4482 »
2496 4442 2548 4488 et
2576 4434 2804 4504 reliqna.
2857 4434 3059 4490 Mensis
3109 4436 3376 4506 septimus
3423 4437 3726 4507 plenitudi-

401 4541 501 4596 per
529 4533 745 4581 uterum
777 4526 1018 4599 Virginis
1035 4526 1298 4582 Ecclesiae
1319 4543 1433 4583 suae
1453 4543 1512 4581 se
1541 4527 1852 4598 copulavit;
1886 4544 2022 4583 non-

403 4613 534 4669 dum
562 4622 680 4670 erat
709 4616 825 4684 ejus
857 4616 1036 4670 unitas
1067 4624 1426 4690 congregata,
1451 4616 1524 4672 lic
1538 4624 1592 4672 et
1617 4617 1872 4688 antiquos
1889 4633 2020 4673 san-

404 4711 522 4760 ctos
548 4704 618 4760 ad
647 4704 807 4774 hujus
835 4705 1504 4777 structurampertinuisse
1539 4706 1857 4762 credamus.
1893 4708 1973 4763 Ro
1993 4737 2023 4749 -

404 4801 499 4866 gat
545 4802 729 4848 autem
773 4793 1019 4850 Christus
1067 4795 1327 4850 sacerdos
1362 4797 1496 4865 «pro
1529 4812 1610 4862 se,
1649 4817 1672 4846 υ
1708 4796 2020 4851 secundum

404 4882 808 4952 humanitatem,
847 4904 869 4934 α
905 4891 959 4938 et
987 4899 1087 4954 pro
1117 4885 1280 4940 domo
1321 4900 1441 4953 sua,
1479 4905 1501 4934 ν
1536 4884 1592 4940 id
1624 4893 1706 4940 est
1739 4885 2015 4940 Ecclesia.

411 4989 433 5019 ι
467 4969 711 5042 Cumque
757 4972 947 5028 exierit
992 4973 1064 5028 ad
1103 4973 1294 5044 altare,
1347 4973 1494 5046 quod
1539 4989 1729 5030 coram
1785 4974 2020 5031 Domino

407 5065 508 5113 est.
546 5079 570 5108 ι
603 5061 785 5115 Altare
814 5061 949 5117 illud
978 5062 1230 5118 caelestes
1287 5063 1516 5119 virtutes
1535 5071 1678 5130 sunt,
1728 5063 1782 5118 in
1821 5064 2018 5136 quibus

402 5146 659 5218 praesidet
685 5149 851 5206 Deus.
884 5151 1062 5222 Super
1091 5167 1230 5224 quas
1260 5152 1481 5223 ponitur
1513 5152 1752 5227 sanguis
1801 5153 1937 5210 hirci
1965 5165 2020 5211 et

403 5234 575 5302 vituli,
607 5235 735 5308 quia
762 5237 868 5292 illis
896 5239 1123 5295 multum
1152 5240 1356 5313 profuit
1405 5241 1595 5312 passio
1629 5241 1849 5298 Christi.
1884 5243 2014 5298 Non

397 5325 545 5383 enim
573 5324 776 5380 frustra
807 5326 880 5381 ait
910 5329 1202 5398 Apostolus
1237 5348 1251 5384 :
1297 5351 1320 5382 ι
1357 5347 1639 5387 renovare
1672 5333 1856 5388 omnia
1892 5349 2014 5405 quae

400 5415 456 5472 in
482 5415 636 5472 caelis
663 5423 808 5482 sunt,
842 5424 894 5471 et
923 5433 1044 5488 quae
1074 5417 1130 5472 in
1159 5420 1318 5475 terris
1360 5421 1594 5494 (Ephes.
1632 5421 1696 5492 ι).
1737 5441 1760 5471 ι

473 5524 592 5582 Ηο0
620 5524 793 5581 altare
822 5531 1057 5599 quatuor
1077 5540 1282 5581 cornua
1302 5526 1486 5595 habet,
1511 5529 1639 5600 quia
1663 5529 1771 5586 illae
1791 5529 2017 5586 virtutes

408 5614 669 5688 angelicae
713 5623 904 5691 quater
949 5623 1170 5674 utuntur
1217 5615 1615 5695 principalium
1681 5620 2017 5677 ornamentis

2124 4537 2246 4576 nem
2264 4523 2526 4593 temporis
2542 4522 2732 4588 innuit,
2752 4522 2808 4577 in
2839 4539 2946 4594 quo
2974 4523 3120 4578 misit
3149 4526 3297 4580 Deus
3321 4525 3517 4580 Filium
3541 4542 3721 4593 suum,

2122 4619 2225 4666 etc.
2259 4612 2468 4680 (Galat.
2503 4612 2603 4682 IV).
2636 4612 2857 4668 Decima
2875 4612 2994 4668 dies
3021 4611 3378 4683 perfectionis
3425 4615 3594 4690 legis,
3645 4617 3726 4672 si-

2121 4709 2213 4756 cut
2242 4708 2294 4755 et
2325 4701 2571 4756 Andreas
2602 4701 2810 4756 decima
2840 4703 2972 4757 hora
3002 4702 3113 4759 diei
3144 4719 3270 4759 cum
3304 4703 3472 4761 fratre
3523 4722 3629 4762 suo
3667 4707 3720 4761 in

2123 4789 2424 4862 Evangelio
2444 4791 2510 4844 ad
2527 4791 2711 4845 Iesum
2726 4791 2944 4846 venisse
2965 4792 3186 4865 legitur.
3222 4815 3244 4844 ε
3281 4793 3405 4849 Sive
3433 4794 3720 4866 indigena,

2120 4878 2236 4933 sive
2266 4879 2497 4947 advena,
2535 4899 2556 4928 ιν
2591 4878 2646 4934 id
2677 4888 2758 4934 est
2774 4879 2888 4935 sive
2916 4881 3154 4951 Judmus,
3188 4883 3303 4937 sive
3324 4883 3568 4953 gentilis,
3596 4906 3618 4935 ι
3640 4883 3721 4939 af-

2123 4965 2320 5039 ﬂigetis
2369 4967 2677 5036 jejunantes
2706 4985 2879 5040 usque
2910 4969 2980 5024 ad
3007 4987 3297 5040 vesperum
3322 4990 3335 5038 ;
3370 4972 3477 5028 hoc
3507 4980 3595 5028 est
3631 4989 3722 5029 au-

2120 5062 2227 5110 tem
2255 5055 2580 5128 principium
2614 5057 3016 5128 praedicationis
3068 5059 3265 5114 Christi
3294 5077 3307 5115 :
3347 5082 3369 5111 ι
3423 5061 3708 5118 Paeniten-

2120 5144 2250 5200 tiam
2307 5145 2472 5218 agite,
2527 5166 2548 5196 θ
2611 5153 2712 5202 etc.
2771 5167 2794 5198 ι
2856 5144 3185 5221 Nullumque
3239 5166 3376 5221 opus
3420 5149 3661 5218 facietis,
3695 5173 3716 5202 ι

2119 5250 2310 5290 eorum
2340 5234 2593 5292 videlicet
2623 5251 2742 5308 quae
2763 5236 2834 5291 ad
2865 5236 3103 5292 carnalia
3122 5237 3391 5308 pertinent
3423 5239 3722 5309 desideria,

2118 5323 2258 5380 sicut
2279 5323 2477 5380 dicitur
2500 5341 2512 5380 :
2541 5347 2563 5376 α
2591 5323 2907 5396 Operamini
2927 5341 3038 5382 non
3057 5327 3258 5392 cibum,
3283 5327 3373 5398 qui
3394 5328 3558 5399 perit,
3589 5337 3722 5385 netc.

2118 5426 2304 5497 (Joan.
2336 5421 2436 5493 vr).
2475 5444 2498 5474 α
2534 5423 2596 5478 In
2626 5424 2725 5479 hac
2753 5423 2843 5480 die
2873 5423 3109 5495 eXpiatio
3138 5423 3259 5491 erit,
3289 5445 3311 5474 ι
3337 5435 3388 5480 et
3409 5425 3644 5499 reliqua.
3668 5427 3724 5482 In

2119 5523 2224 5578 hoc
2243 5523 2390 5579 enim
2405 5531 2652 5595 tempore
2675 5523 3074 5580 emendationis
3096 5534 3308 5598 tempus
3330 5525 3606 5582 indultum
3625 5535 3721 5584 est.

2121 5642 2143 5672 ι
2183 5620 2478 5678 Sabbatum
2507 5621 2652 5678 enim
2684 5621 3040 5695 requietionis
3071 5630 3175 5692 est,
3214 5645 3237 5674 ι
3272 5622 3410 5682 sicut
3436 5625 3730 5684 Psalmista
