4002 6184
288 293 396 350 829

293 511 405 557 etc.
438 500 614 573 (Psal.
648 501 805 570 xnv).
841 518 864 550 ε
894 498 961 555 Ut
993 497 1302 554 sacerdotio
1330 497 1587 569 fungatur
1613 515 1714 569 pro
1743 506 1898 569 patre

291 605 414 646 suo.
454 610 476 640 ι
513 589 665 645 Sicut
694 597 905 660 patrem
936 587 1082 642 ﬁlius
1112 587 1378 660 sequitur,
1409 587 1489 643 sic
1519 587 1768 642 Christus
1788 589 1896 642 Aa-

289 693 420 744 ron,
456 698 479 728 ι
513 677 666 746 cujus
699 677 925 732 initiatae
957 684 1084 730 sunt
1113 690 1326 746 manus,
1365 695 1388 725 ι
1423 673 1554 746 quia
1599 674 1649 729 ei
1695 683 1897 733 aeterna

288 767 423 823 data
452 773 533 822 est
563 773 820 836 potestas,
856 763 912 818 in
943 781 1052 838 quo
1081 772 1167 819 est
1203 771 1394 820 nostra
1424 762 1658 834 expiatio
1690 781 1704 818 :
1742 784 1764 813 α
1801 765 1894 818 In-

289 856 597 926 dueturque
627 854 763 909 stola
794 853 958 919 linea,
995 873 1018 903 »
1052 853 1108 908 id
1138 860 1222 908 est
1242 852 1544 909 Ecclesiam
1564 852 1620 906 in
1649 852 1898 924 corporis

289 943 380 1000 sui
408 943 604 1013 accipit
631 942 911 1007 unitatem,
946 957 1067 1013 quae
1087 942 1349 997 castitatis
1379 942 1620 998 candore
1638 940 1896 1014 refulget.

293 1053 320 1084 α
346 1031 670 1089 Sacerdotes
701 1047 917 1103 quoque
941 1038 994 1085 et
1013 1046 1231 1086 omnem
1255 1031 1533 1102 populum.
1559 1052 1581 1081 ι
1603 1031 1898 1101 Majoribus

289 1122 442 1178 enim
469 1128 523 1176 et
550 1119 848 1175 minoribus
878 1119 1093 1175 Domini
1136 1120 1402 1188 adjutorio
1433 1137 1570 1191 opus
1600 1128 1698 1176 est.
1740 1142 1765 1171 ι
1801 1122 1898 1176 Se-

287 1211 403 1266 mel
423 1210 478 1264 in
507 1225 670 1264 anno.
702 1229 724 1259 ι
760 1208 919 1278 Quod
947 1209 1319 1265 sacerdotibus
1342 1209 1400 1264 in
1440 1211 1632 1264 umbra
1671 1209 1899 1279 jubeba-

287 1309 379 1356 tur
431 1301 538 1356 hoc
568 1298 694 1355 fecit
723 1299 987 1355 Dominus
1017 1301 1175 1355 Jesus
1205 1299 1471 1354 introiens
1501 1300 1671 1355 semel
1693 1300 1748 1354 in
1770 1315 1896 1354 san-

285 1397 437 1446 ctum
465 1390 522 1443 in
553 1403 697 1444 anno
735 1388 1012 1459 placabili,
1065 1405 1187 1460 qua:
1233 1388 1494 1460 praedicat
1541 1388 1898 1460 semetipsum

289 1477 572 1536 offerendo
601 1485 806 1535 aeterna
833 1477 1211 1548 redemptione
1232 1477 1452 1533 inventa
1481 1477 1672 1548 (Hebr.
1717 1478 1820 1550 ix).

879 1723 1105 1782 CAPUT
1125 1724 1316 1785 XVII.

361 1964 384 1993 ι
419 1941 596 1998 Homo
625 1938 673 1995 si
701 1937 962 1996 occiderit
977 1938 1193 1995 bovem.
1223 1959 1246 1989 ι
1273 1937 1584 1995 Secundum
1603 1939 1887 1996 historiam

285 2029 655 2088 idololatriam
681 2028 935 2101 prohibet
968 2044 983 2084 :
1017 2027 1246 2100 mystice
1275 2036 1456 2084 autem
1486 2029 1703 2097 bovem,
1729 2029 1783 2085 id
1806 2036 1889 2086 est

285 2127 429 2184 forte
459 2143 617 2198 opus,
649 2142 808 2182 ovem
834 2125 1175 2196 innocentiae,
1217 2126 1305 2182 vel
1353 2142 1576 2198 capram
1624 2127 1887 2198 poeniten-

291 2227 404 2293 tiaa,
427 2225 544 2281 sive
575 2223 720 2280 aliud
741 2223 1018 2297 quodlibet
1046 2240 1184 2295 opus
1213 2223 1450 2291 diabolo,
1501 2241 1608 2280 non
1652 2226 1885 2282 Domino

278 2321 463 2390 offert,
499 2341 522 2376 α
558 2321 838 2395 sanguinis
869 2337 995 2377 reus
1027 2321 1147 2387 erit,
1184 2341 1206 2372 ι
1249 2321 1306 2377 id
1325 2331 1407 2378 est
1429 2322 1725 2391 homicidii,
1777 2339 1885 2396 quo

277 2421 449 2478 vitam
478 2420 761 2492 propriam
787 2419 986 2491 perdit.
1026 2438 1050 2471 ‹
1085 2418 1190 2489 Qui
1221 2419 1478 2476 obtulerit
1507 2421 1886 2477 holocaustum

281 2520 400 2576 sive
429 2518 726 2584 victimam,
765 2535 787 2568 ι
813 2526 864 2573 et
886 2516 1114 2590 reliqua,
1139 2533 1237 2590 per
1257 2518 1440 2574 omnia
1459 2519 1528 2573 ad
1547 2519 1884 2590 superiorem

279 2616 522 2689 pertinet
552 2630 793 2670 sensum.
827 2613 932 2684 Qui
980 2616 1282 2672 comederit
1327 2616 1671 2690 sanguinem,
1703 2617 1758 2672 id
1805 2623 1888 2673 est

283 2715 379 2789 qui
405 2713 825 2786 sanguinolenta
853 2713 1098 2785 sequitur
1125 2730 1286 2786 opera
1315 2713 1431 2770 sive
1461 2715 1590 2782 odii,
1625 2715 1740 2771 sive
1770 2731 1887 2771 om-

283 2813 370 2870 nis
394 2812 638 2878 malitia,
669 2811 736 2869 de
773 2826 882 2885 quo
915 2811 1181 2883 sanguine
1211 2821 1472 2884 corrupto
1500 2812 1666 2868 multa
1695 2813 1887 2887 legun-

282 2917 391 2966 tur.
428 2930 451 2960 ε
481 2907 588 2978 Qui
614 2907 793 2963 anima
824 2907 1008 2964 carnis
1029 2907 1082 2962 in
1105 2907 1371 2979 sanguine
1390 2915 1489 2964 est.
1519 2930 1541 2959 ν
1577 2909 1887 2966 Carnalium

285 3007 435 3063 enim
455 3005 786 3063 confidentia
806 3005 860 3060 in
880 3005 1226 3076 corruptione
1247 3013 1328 3061 est
1349 3007 1706 3078 voluptatum,
1725 3022 1888 3078 quam

279 3103 637 3179 fragilitatem
666 3104 721 3159 in
750 3119 933 3160 amore
963 3103 1181 3159 Domini
1225 3103 1549 3162 mortificare
1590 3104 1856 3161 debemus

283 3212 340 3261 et
367 3203 531 3260 nobis
561 3217 778 3258 sumere
817 3202 870 3257 in
916 3201 1242 3273 exemplum.
1281 3223 1303 3252 ι
1355 3202 1413 3258 Si
1460 3203 1749 3259 venatione
1794 3210 1885 3258 aut

282 3301 522 3372 aucupio
550 3300 755 3373 ceperit
783 3315 938 3356 avem
955 3308 1046 3355 aut
1067 3299 1256 3367 feram,
1294 3320 1317 3349 ι
1343 3298 1398 3354 id
1427 3308 1528 3367 est,
1563 3301 1609 3354 si
1637 3301 1758 3372 quis
1781 3301 1884 3357 do-

281 3400 456 3456 ctrina
485 3399 672 3455 salutis
703 3398 976 3456 carnalem
1008 3398 1319 3472 quemlibet,
1354 3405 1449 3454 aut
1491 3400 1682 3469 majori
1723 3399 1884 3470 inge-

279 3498 376 3554 nio
394 3497 705 3570 praeditum,
737 3496 806 3552 ad
839 3495 1239 3553 confessionem
1269 3497 1502 3553 nominis
1534 3497 1729 3553 Christi
1759 3514 1886 3570 per-

279 3597 517 3663 duxerit,
553 3595 791 3652 «t‘undat
818 3596 1138 3668 sanguinem
1187 3597 1324 3666 ejus,
1378 3604 1432 3654 et
1477 3597 1687 3668 operiat
1733 3597 1886 3653 illum

278 3703 452 3762 terra,
489 3715 512 3745 ι
547 3693 602 3750 id
631 3702 732 3764 est,
765 3695 1043 3751 carnalem
1070 3695 1187 3764 ejus
1219 3695 1380 3751 vitam
1411 3696 1730 3767 paenitentia
1757 3711 1890 3767 ope-

280 3794 406 3860 riat,
430 3809 540 3849 non
569 3808 792 3849 sumens
819 3793 1144 3867 sanguinem
1174 3792 1229 3847 in
1257 3792 1456 3860 cibum,
1479 3791 1535 3848 id
1564 3800 1664 3863 est,
1700 3792 1803 3848 sibi
1819 3791 1888 3848 de

277 3892 395 3947 vita
428 3891 547 3961 ejus
575 3905 746 3962 prava
776 3890 1041 3946 maculam
1072 3905 1181 3946 non
1212 3890 1560 3946 contrahens.
1610 3889 1888 3945 Possimus

283 3991 449 4048 etiam
481 3990 662 4046 dicere
695 3988 840 4062 quod
870 3988 994 4045 ideo
1022 3987 1346 4061 sanguinem
1391 3989 1725 4046 manducare
1756 4005 1888 4062 pro-

287 4089 494 4155 hibeat,
527 4088 620 4161 qui
650 4088 816 4144 vitam
848 4087 1118 4160 signiﬁcat
1147 4087 1350 4155 carnis,
1403 4088 1532 4160 quia
1563 4088 1744 4144 nullus
1786 4086 1890 4144 sibi

293 4187 483 4244 vivere
511 4187 693 4252 debet,
727 4185 825 4242 sed
855 4185 1039 4242 omnia
1071 4185 1125 4240 in
1164 4185 1383 4242 nomine
1430 4186 1646 4242 Domini
1688 4185 1888 4242 facere.

289 4307 314 4337 ι
349 4285 681 4359 Sanguinem
720 4285 992 4342 universae
1022 4284 1200 4341 carnis
1230 4299 1338 4340 non
1368 4284 1686 4340 comedetis.
1715 4304 1737 4334 ν
1776 4285 1891 4341 Hoc

285 4384 522 4458 primum
557 4399 825 4441 concesso
855 4399 953 4439 esu
983 4383 1228 4440 carnium
1257 4391 1500 4454 tempore
1530 4385 1649 4440 Noe
1677 4400 1892 4456 praece-

283 4492 441 4556 ptum
468 4491 570 4550 est,
605 4493 658 4539 et
682 4483 754 4539 ab
782 4483 1044 4555 apostolis
1073 4482 1319 4538 similiter
1337 4483 1440 4537 sub
1460 4483 1670 4556 gratia;
1705 4482 1882 4555 signi-

281 4579 414 4636 ﬁcat
440 4589 619 4638 autem
638 4580 1007 4637 homicidium.
1045 4579 1186 4650 Quid
1216 4580 1284 4636 sit
1313 4579 1668 4637 homicidium
1713 4581 1886 4636 Joan-

283 4693 387 4732 nes
417 4677 699 4750 apostolus
728 4677 859 4734 dicit
892 4693 906 4734 :
943 4699 966 4729 α
1004 4677 1108 4748 Qui
1139 4678 1314 4735 oderit
1344 4677 1566 4734 fratrem
1596 4695 1774 4745 suum,
1800 4678 1896 4734 ho-

281 4775 487 4832 micida
503 4783 584 4832 est
606 4776 792 4848 (Joan.
812 4777 917 4849 ιιι).
953 4797 977 4827 ι
1000 4777 1156 4834 Unde
1173 4777 1263 4833 hic
1289 4778 1682 4851 prohibemur:
1714 4801 1735 4830 ι
1762 4779 1892 4835 Ani-

284 4890 380 4933 ma
410 4892 534 4948 qua:
555 4876 1211 4933 comederitmorticinum
1240 4877 1326 4932 vel
1348 4886 1567 4950 captum
1588 4894 1618 4933 a
1639 4878 1833 4947 bestia,
1864 4899 1887 4929 ι

282 4977 342 5034 id
369 4986 454 5034 est
483 4993 604 5050 quae
634 4977 872 5034 hominis
902 4977 957 5033 in
986 4977 1227 5051 peccatis
1256 4977 1458 5034 mortui
1497 4977 1582 5036 vel
1613 4995 1643 5035 a
1672 4979 1890 5036 diabolo

282 5075 569 5149 depravati
600 5091 659 5132 se
687 5075 952 5150 exemplis
980 5076 1355 5148 immiscuerit,
1387 5077 1612 5134 mundet
1640 5094 1701 5134 se
1730 5086 1785 5134 et
1805 5094 1890 5136 ac-

283 5176 464 5232 tiones
492 5191 620 5232 suas
647 5174 866 5232 lavacro
895 5176 1248 5248 paenitentiae,
1280 5182 1334 5231 et
1361 5191 1535 5248 usque
1564 5176 1632 5232 ad
1679 5176 1891 5249 perfec-

281 5281 390 5330 tam
420 5273 794 5345 pcenitentiam
825 5291 918 5330 rea
948 5283 1049 5346 est,
1083 5283 1137 5331 et
1167 5275 1242 5330 ita
1263 5273 1483 5331 demum
1500 5275 1884 5332 mundabitur:

284 5371 333 5426 si
360 5386 494 5428 vero
523 5387 633 5426 non
663 5371 1028 5452 emendationi
1059 5371 1343 5440 studuerit,
1375 5371 1579 5429 damna
1618 5373 1885 5446 praevari-

282 5468 516 5527 cationis
543 5469 805 5527 incurret.

337 5707 354 5730 ·
385 5701 542 5749 Locus
559 5703 842 5759 corruptus,
862 5703 917 5751 ut
936 5703 1022 5750 alii
1043 5702 1175 5752 bene
1189 5702 1350 5750 multi.

1291 285 1602 343 EPITOME
1629 281 1992 344 COMMENT.
2023 285 2286 344 RABANI
2323 284 2400 342 IN
2451 284 2678 343 LEVIT.

294 413 428 470 dicit
457 429 474 469 :
510 432 536 465 ι
568 411 774 468 Vacate
803 416 858 466 et
885 408 1086 478 videte,
1112 409 1371 482 quoniam
1397 425 1503 482 ego
1534 426 1653 465 sum
1674 411 1840 477 Deus,
1865 430 1888 460 ι
1913 411 1968 474 Α

3489 287 3593 342 830

2563 477 2789 536 CAPUT
2815 476 3017 534 XVIII.

2071 677 2094 709 ι
2127 656 2287 713 Juxta
2343 655 2794 713 consuetudinem
2825 662 2990 711 terrae
3047 653 3265 728 Egypti
3347 667 3459 710 non
3514 651 3597 709 fa-

1995 745 2168 811 cietis,
2207 767 2230 796 ›
2264 754 2316 802 et
2344 745 2575 817 reliqua.
2607 745 2668 799 In
2699 744 2936 816 capitulo
2957 743 3061 799 hoc
3079 743 3317 799 maxime
3357 741 3596 798 idolola-

1996 834 2153 890 triam
2182 834 2434 907 prohibet
2472 832 2706 888 nominis
2759 833 2840 888 sui
2895 833 3096 904 saepius
3142 832 3248 886 illis
3295 831 3597 903 ingerendo

1996 924 2334 990 memoriam,
2369 923 2718 994 spiritualiter
2744 921 2906 977 etiam
2936 936 3166 976 monens
3194 921 3263 976 de
3306 920 3596 992 praeteritis

1997 1012 2139 1067 vitiis
2166 1019 2222 1067 et
2247 1012 2573 1066 instantibus
2605 1011 2763 1066 valde
2794 1011 3116 1067 cavendum.
3157 1031 3179 1060 ι
3219 1009 3450 1064 Facietis
3497 1008 3592 1079 ju-

1995 1099 2140 1156 dicia
2166 1116 2287 1156 mea
2315 1109 2366 1156 et
2394 1107 2671 1171 prmcepta
2699 1115 2819 1154 mea
2849 1098 3134 1154 servabitis
3168 1105 3220 1153 et
3251 1097 3596 1153 ambulatein

1996 1189 2096 1256 eis,
2132 1209 2156 1239 ι
2187 1190 2243 1244 id
2272 1197 2354 1244 est
2383 1188 2666 1260 perﬁcito;
2704 1209 2727 1238 α
2763 1205 2885 1260 qua:
2915 1187 3119 1242 faciens
3151 1188 3336 1254 homo,
3368 1186 3514 1243 vivet
3538 1186 3594 1242 in

1995 1277 2076 1332 eis
2109 1293 2122 1333 :
2159 1297 2182 1328 ι
2216 1293 2346 1332 vere
2375 1277 2519 1332 enim
2547 1277 2694 1341 vivit,
2730 1277 2822 1348 qui
2853 1275 3070 1331 Domini
3099 1276 3358 1354 mandata
3405 1283 3592 1331 custo-

1996 1365 2093 1421 dit.
2129 1386 2154 1417 ι
2190 1365 2383 1422 Omnis
2411 1366 2574 1422 homo
2603 1365 2670 1420 ad
2698 1365 3005 1437 proximam
3027 1365 3309 1438 sanguinis
3355 1364 3437 1420 sui
3485 1379 3595 1420 non

1993 1453 2246 1523 accedat,
2277 1475 2300 1504 ι
2335 1462 2390 1509 et
2417 1453 2538 1519 rel.,
2570 1461 2628 1508 ut
2658 1469 2766 1509 non
2796 1453 3050 1510 videlicet
3088 1461 3242 1508 extra
3290 1453 3593 1525 legitimam

1994 1542 2396 1614 capulationem
2431 1542 2639 1597 nubant
2680 1542 2861 1598 docet.
2899 1543 3016 1598 Nec
3054 1542 3256 1598 revelet
3299 1540 3593 1613 turpitudi-

1993 1646 2120 1687 nem
2150 1632 2288 1701 ejus,
2321 1631 2377 1686 id
2405 1631 2806 1688 estconfitentis
2836 1631 2929 1686 tibi
2949 1640 3174 1702 peccata
3191 1647 3302 1686 non
3321 1631 3589 1702 publices,

1995 1720 2160 1776 etiam
2188 1737 2528 1794 paganorum
2557 1729 2610 1776 et
2640 1721 3029 1777 sceleratorum
3060 1719 3203 1775 facta
3231 1720 3312 1776 eis
3355 1721 3448 1793 qui
3467 1719 3593 1777 inde

1987 1807 2113 1865 laedi
2141 1810 2372 1881 possint,
2423 1809 2719 1882 divulges;
2771 1817 2825 1865 et
2874 1810 2930 1864 in
2976 1809 3328 1882 sequentibus
3374 1809 3593 1881 penitus

1987 1899 2312 1955 adulterium
2343 1899 2610 1970 prohibet.
2646 1899 2705 1953 In
2734 1898 2931 1970 quibus
2961 1898 3282 1969 allegoriam
3336 1913 3587 1970 quaerere

1986 2003 2096 2044 non
2122 1988 2390 2044 habemus
2419 2003 2666 2053 necesse,
2699 1987 2797 2043 sed
2826 1987 2879 2040 in
2909 1987 3030 2058 ipsa
3061 1987 3236 2042 littera
3259 1987 3594 2043 custodiatur

1987 2077 2120 2132 satis
2151 2093 2273 2132 esse
2305 2076 2541 2132 videtur.
2574 2077 2632 2130 In
2662 2077 2992 2148 pellicatum,
3029 2097 3052 2125 ι
3077 2076 3130 2130 id
3153 2083 3234 2131 est
3253 2076 3310 2131 in
3334 2075 3594 2145 abjectio-

1985 2181 2112 2222 nem
2141 2166 2227 2222 vel
2258 2165 2682 2221 concubinatum
2713 2165 2856 2220 illius
2891 2184 2904 2219 :
2939 2165 3255 2221 concubinae
3269 2165 3414 2220 enim
3433 2165 3590 2236 pelli-

1985 2271 2081 2311 ces
2110 2255 2474 2327 appellantur.
2506 2257 2586 2311 De
2614 2264 2895 2310 menstruo
2925 2254 3170 2310 mulieris
3190 2270 3358 2325 supra
3386 2255 3592 2311 dictum

1985 2354 2089 2402 est.
2125 2365 2148 2395 ι
2183 2344 2317 2400 Cum
2353 2359 2525 2400 uxore
2554 2344 2788 2415 proximi
2831 2343 2910 2398 tui
2957 2359 3068 2398 non
3111 2343 3304 2411 coibis,
3343 2363 3367 2393 ι
3413 2343 3470 2398 id
3513 2350 3596 2399 est

1984 2435 2043 2490 in
2071 2449 2410 2504 paganorum
2440 2432 2805 2504 phiIOSOphia,
2842 2431 2935 2504 qui
2983 2431 3079 2486 tibi
3127 2440 3254 2487 sunt
3299 2431 3592 2506 fragilitate

1985 2522 2240 2594 proximi,
2275 2538 2384 2577 non
2409 2522 2718 2594 decipiaris.
2757 2543 2779 2574 α
2817 2523 2898 2577 De
2937 2522 3146 2578 semine
3189 2529 3281 2576 tuo
3326 2537 3435 2576 non
3485 2521 3588 2576 da-

1987 2610 2092 2679 bis,
2122 2619 2176 2665 ut
2208 2618 2561 2666 consecretur
2607 2609 2755 2666 idolo
2801 2610 3034 2676 Moloch,
3074 2632 3097 2662 »
3145 2610 3237 2682 qui
3284 2617 3404 2664 erat
3452 2609 3589 2664 deus

1986 2698 2411 2756 Ammonitarum
2453 2714 2466 2754 :
2498 2699 2880 2755 univcrsaliter
2911 2708 3092 2755 autem
3120 2698 3177 2754 in
3207 2700 3310 2754 hoc
3338 2714 3448 2754 uno
3469 2709 3592 2754 om-

1985 2789 2078 2845 nia
2107 2788 2254 2844 idola
2283 2788 2716 2859 comprehendit.
2756 2809 2779 2838 ι
2815 2789 2932 2846 Nec
2981 2789 3194 2861 pollues
3244 2803 3446 2843 nomen
3490 2786 3591 2844 Dei

1986 2877 2082 2934 tui.
2124 2898 2148 2928 ι
2183 2877 2379 2932 Polluit
2408 2893 2608 2933 nomen
2636 2876 2874 2946 Domini,
2921 2877 3032 2950 qui,
3082 2878 3183 2932 sub
3231 2877 3414 2948 specie
3461 2876 3589 2932 reli-

1987 2966 2166 3040 gionis
2217 2965 2320 3021 Dei
2357 2965 2704 3034 constitutus,
2743 2966 2873 3022 vivit
2920 2967 3285 3038 impudenter,
3339 2965 3590 3038 qualibus

1986 3057 2180 3112 Paulus
2238 3054 2313 3110 ait
2345 3072 2359 3110 :
2397 3074 2420 3106 ι
2458 3056 2563 3110 Per
2594 3071 2692 3111 vos
2721 3072 2921 3112 nomen
2951 3056 3168 3111 Domini
3185 3055 3590 3126 blasphematur

1860 3139 1954 3217 ’_C
1983 3145 2040 3202 in
2086 3144 2341 3217 gentibus
2387 3144 2566 3216 (Rom.
2614 3145 2697 3216 ιι).
2735 3165 2757 3194 ι
2797 3167 2820 3196 ι
2871 3143 2940 3201 Ut
2987 3153 3201 3200 evomat
3255 3145 3587 3201 habitatores

1993 3251 2140 3305 suos,
2176 3234 2280 3290 hoc
2309 3242 2412 3301 est,
2446 3233 2838 3290 contumeliose
2869 3233 3092 3304 rejiciat.

2580 3443 2808 3502 CAPUT
2845 3444 2998 3501 XIX.

2067 3662 2090 3694 α
2125 3642 2372 3715 Loquere
2403 3640 2476 3697 ad
2495 3653 2711 3696 omnem
2730 3646 2931 3695 coetum
2948 3638 3183 3694 ﬁliorum
3211 3639 3386 3696 Israel
3413 3639 3592 3696 :San-

1991 3731 2064 3788 cti
2083 3739 2277 3797 estote,
2303 3730 2562 3803 quoniam
2581 3743 2685 3802 ego
2699 3737 2920 3784 sanctus
2936 3745 3076 3795 sum,
3108 3749 3130 3779 ι
3151 3737 3204 3784 et
3223 3728 3454 3799 reliqua.
3475 3728 3592 3784 Hoc

1990 3836 2100 3876 non
2118 3821 2292 3875 solum
2321 3819 2447 3874 ﬁliis
2478 3820 2683 3884 Aaron,
2717 3833 2828 3873 non
2858 3818 3033 3874 solum
3051 3817 3256 3884 Livitis,
3287 3817 3342 3871 id
3365 3823 3448 3872 est
3477 3831 3591 3872 ma-

1986 3909 2198 3980 joribus
2225 3909 2282 3964 in
2310 3907 2575 3973 Ecclesia,
2610 3908 2707 3963 sed
2737 3915 2790 3963 et
2818 3906 2967 3963 omni
2995 3905 3154 3962 ccetui
3187 3905 3370 3974 Israel,
3402 3904 3460 3961 id
3506 3913 3593 3962 est

1991 3998 2264 4054 universis
2295 3996 2566 4063 ﬁdelibus,
2599 3996 2914 4069 praecipitur
2929 4005 2988 4051 ut
3007 3995 3348 4052 sanctitatem
3377 4003 3592 4052 secten-

1989 4095 2080 4143 tur
2107 4087 2164 4142 in
2193 4087 2466 4153 omnibus,
2499 4086 2622 4159 quia
2653 4086 2953 4142 secundum
2984 4093 3198 4142 sanctos
3226 4085 3431 4141 habere
3462 4100 3587 4141 ser-

1990 4192 2089 4233 vos
2117 4185 2330 4248 oportet
2357 4185 2402 4242 ι,
2449 4176 2540 4249 qui
2582 4175 2651 4232 de
2682 4176 2800 4245 ejus
2841 4175 3126 4232 sanctitate
3174 4173 3586 4246 participentur.

1995 4287 2018 4318 ς
2056 4266 2443 4339 Unusquisque
2471 4274 2686 4337 patrem
2734 4282 2892 4321 suum
2941 4273 2994 4322 et
3041 4272 3270 4320 matrem
3314 4279 3466 4318 suam
3514 4263 3588 4318 ti-

1988 4364 2156 4412 meat.
2194 4375 2217 4407 ι
2253 4357 2367 4411 Hoc
2411 4355 2632 4411 omnino
2683 4364 2886 4411 rectum
2933 4363 3016 4411 est
3060 4363 3114 4410 et
3152 4353 3317 4410 etiam
3351 4351 3588 4408 maxime

1990 4444 2243 4501 convenit
2273 4445 2565 4501 Dominum
2595 4446 2808 4500 Patrem
2837 4444 3048 4509 timere,
3073 4451 3124 4499 et
3151 4440 3456 4498 Ecclesiam
3473 4456 3589 4496 ma-

1917 4513 1971 4574 D
1995 4544 2138 4592 trem
2169 4535 2443 4592 venerari.
2481 4555 2505 4584 ι
2541 4531 2780 4590 Sabbata
2829 4548 2953 4588 mea
3000 4531 3288 4600 custodite,
3327 4551 3352 4582 ι
3400 4546 3593 4588 omnes

2001 4624 2374 4680 solemnitates
2401 4622 2558 4680 vobis
2588 4629 2839 4686 statutas,
2869 4637 2969 4677 nos
2999 4636 3131 4676 vero
3161 4637 3378 4695 semper
3406 4637 3440 4678 a
3471 4638 3588 4678 ser-

1992 4714 2210 4779 vilibus,
2243 4713 2298 4768 id
2326 4720 2408 4768 est
2437 4728 2470 4768 a
2499 4711 2710 4784 peccati
2731 4711 2984 4782 operibus
3013 4725 3210 4767 vacare
3227 4712 3590 4781 jubemur.De

1991 4803 2167 4858 hostia
2196 4802 2390 4858 eadem
2410 4802 2497 4856 die
2527 4800 2839 4856 etsecunda
2867 4799 3207 4856 comedenda
3217 4800 3328 4870 jam
3354 4801 3589 4857 diximus

1990 4893 2048 4948 in
2078 4892 2472 4963 superioribus.
2497 4912 2518 4942 «
2543 4890 2598 4946 Si
2618 4889 2918 4946 messueris
2953 4897 3197 4961 segetem
3215 4897 3369 4946 terrae
3404 4898 3530 4957 tuae,
3554 4910 3577 4941 ι

1991 4991 2046 5040 et
2070 4983 2296 5054 reliqua.
2312 4980 2628 5052 Praecipitur
2645 4979 2848 5035 Iudaeis
2877 4979 3006 5035 dum
3022 4979 3318 5050 Scripturis
3338 4979 3589 5036 abunda-

1990 5079 2128 5140 rent,
2147 5087 2217 5125 ne
2232 5070 2554 5142 peregrinis,
2587 5070 2642 5125 id
2673 5075 2755 5125 est
2784 5069 3080 5141 gentilibus
3123 5084 3312 5124 earum
3338 5085 3590 5127 commu-

1989 5161 2208 5216 nionem
2241 5159 2612 5229 detraherent,
2647 5158 2744 5215 sed
2760 5158 2958 5230 spicas,
2983 5157 3039 5214 id
3069 5165 3152 5214 est
3169 5160 3466 5217 sententias
3485 5160 3592 5217 sibi

1989 5249 2373 5318 exuberantes,
2416 5248 2527 5304 illis
2567 5247 2935 5314 dimitterent;
2985 5247 3232 5304 similiter
3263 5270 3288 5302 α
3333 5249 3391 5306 in
3433 5249 3591 5306 vinea

1986 5353 2239 5396 racemos
2269 5345 2322 5394 et
2351 5353 2545 5412 grana,
2584 5357 2608 5388 ι
2649 5337 2706 5393 id
2745 5345 2827 5392 est
2870 5345 2930 5392 ut
2975 5337 3147 5394 Israel
3195 5339 3487 5411 prophetas
3533 5345 3588 5393 et

1987 5445 2173 5486 eorum
2203 5427 2347 5484 dicta
2377 5427 2632 5500 gentibus
2670 5427 3046 5499 permitterent
3091 5443 3214 5484 esse
3255 5425 3584 5485 communia.

1989 5539 2012 5569 ι
2045 5519 2166 5574 Νοιι
2189 5517 2394 5574 facietis
2424 5516 2644 5583 furtum,
2680 5517 2734 5572 id
2755 5525 2857 5585 est,
2879 5532 3099 5574 omnem
3130 5516 3479 5587 cupiditatem
3496 5513 3590 5570 ali-

1984 5609 2136 5679 cujus
2165 5607 2248 5665 rei
2276 5623 2388 5664 non
2413 5615 2562 5664 recte
2591 5607 2936 5681 acquirendae
2976 5623 3087 5663 non
3103 5605 3365 5677 habeatis,
3397 5611 3450 5661 et
3485 5618 3586 5660 ve-

1981 5707 2063 5766 lut
2087 5707 2242 5780 plebs
2269 5708 2584 5768 Iudaeorum
2600 5707 2874 5767 Christum
2894 5712 3275 5779 resurgentem
3302 5703 3447 5763 furto
3473 5717 3584 5764 non
