4002 6184
369 258 468 310 831

831 251 1239 309 WALAFRIDI
1267 251 1511 309 STRABI
1540 250 1741 308 FULD.
1774 250 1945 308 MON.
1980 251 2133 311 OPP.
2166 253 2343 312 PARS
2363 255 2405 311 Ι.
2437 284 2508 298 -
2534 235 3005 313 THEOLOGICA.

3566 263 3669 318 832

378 378 556 451 ﬁngas
602 377 862 434 ablatum.
902 400 924 428 α
967 379 1090 433 Non
1132 376 1486 433 mentiemini.
1518 397 1540 426 ι
1592 377 1763 432 Docet
1803 393 1873 432 ne
1923 378 1978 432 in
2003 378 2305 446 Afructus,
2343 401 2366 430 ι)
2400 380 2456 434 id
2477 388 2560 435 est
2586 381 2920 451 temporibus
2949 382 3341 454 apostolorum,
3386 384 3514 456 quia
3549 393 3676 455 post

380 468 582 540 aliquo,
614 468 840 522 veritate
874 467 1082 531 relicta,
1114 465 1201 521 vel
1231 466 1287 520 in
1305 467 1491 531 verbo,
1526 466 1613 521 vel
1641 466 1696 520 in
1724 466 1973 522 doctrina

379 557 722 612 mendacium
750 555 1076 627 proferatur.
1115 577 1137 606 α
1169 556 1285 610 Nec
1323 554 1560 626 decipiat
1599 555 1972 628 unusquisque

380 646 688 718 proximum
718 661 891 699 suum.
932 665 953 694 ι
988 645 1049 698 ln
1097 643 1421 714 supradictis
1462 643 1718 699 videlicet
1760 644 1971 698 duabus

380 735 564 790 rebus.
602 755 624 784 α
657 735 778 789 Non
809 733 1111 803 perjurabis
1138 733 1191 786 in
1221 733 1441 787 nomine
1472 748 1616 788 meo.
1655 753 1676 781 »
1739 733 1825 787 Sic
1847 747 1971 803 pro-

377 821 861 895 pterhomicidium
888 822 1026 876 iram
1053 821 1109 874 in
1129 821 1428 894 Evangelio
1448 820 1720 892 prohibuit
1749 822 1968 892 (Matth.

376 912 456 983 v),
490 911 629 966 sicut
654 911 839 980 jurare
869 909 1034 966 vetuit
1061 927 1131 966 ne
1158 911 1468 981 pejeremus
1493 927 1505 965 :
1527 909 1685 978 Quod
1707 910 1852 964 enim
1873 927 1970 964 su-

375 1007 578 1072 perest,
612 1008 666 1055 et
693 1000 1054 1054 abundantius
1085 1009 1184 1066 est,
1219 1016 1284 1054 ex
1312 1000 1458 1054 malo
1489 1007 1588 1067 est,
1634 1000 1756 1071 quia
1795 998 1841 1052 si
1869 1015 1971 1054 nos

375 1088 648 1145 voluntate
677 1105 784 1143 non
806 1089 1022 1160 propria
1039 1089 1305 1157 juramus,
1338 1089 1393 1143 id
1438 1088 1582 1159 quod
1617 1088 1866 1157 juramus
1902 1088 1969 1141 ab

376 1178 493 1248 ejus
521 1177 728 1231 malitia
755 1177 901 1232 venit
923 1177 1013 1248 qui
1035 1177 1258 1232 credere
1274 1193 1382 1232 non
1405 1177 1514 1231 vult
1535 1177 1767 1232 veritati.
1807 1198 1828 1226 ac
1854 1176 1970 1231 Nec

375 1267 590 1339 pollues
618 1282 817 1321 nomen
839 1266 1077 1335 Domini,
1103 1288 1124 1315 ››
1144 1267 1288 1320 male
1319 1266 1551 1321 vivendo
1582 1265 1840 1334 etinjuste
1864 1281 1969 1319 no-

373 1371 500 1411 men
519 1356 635 1425 ejus
651 1356 986 1426 usurpando.
1009 1377 1029 1404 α
1052 1357 1172 1410 Non
1194 1354 1362 1410 facies
1379 1355 1704 1409 calumniam
1719 1354 1969 1424 proximo

373 1453 487 1511 tuo,
514 1465 536 1494 ι
561 1454 613 1500 et
643 1444 766 1510 rel.,
799 1445 855 1498 id
887 1453 968 1499 est
985 1453 1062 1511 tu,
1094 1444 1300 1513 Judzee,
1332 1443 1534 1515 populo
1564 1443 1774 1514 gentili,
1805 1443 1858 1497 id
1890 1450 1970 1498 est

371 1533 765 1604 ecclesiastico,
789 1533 1053 1588 molestus
1070 1549 1178 1588 non
1191 1532 1286 1588 sis.
1317 1554 1338 1583 α
1363 1533 1485 1587 Non
1508 1533 1811 1586 morabitur
1831 1547 1968 1603 opus

372 1623 690 1678 mercenarii
713 1623 786 1676 tui
817 1623 957 1693 apud
990 1631 1062 1689 te,
1091 1642 1112 1672 »
1142 1630 1194 1677 et
1216 1621 1339 1690 rel.,
1364 1622 1420 1676 id
1443 1630 1544 1686 est,
1567 1621 1733 1675 redde
1755 1622 1803 1676 ei
1826 1621 1969 1676 labo-

375 1728 511 1779 rem,
544 1713 687 1767 unde
747 1711 972 1766 forsitan
992 1712 1171 1767 vivere
1189 1711 1350 1766 debet
1382 1731 1395 1778 ;
1430 1710 1801 1783 spiritualiter,
1824 1726 1969 1780 prae-

375 1801 606 1858 dicatori
636 1809 729 1856 tuo
757 1801 1066 1856 necessaria
1096 1801 1395 1871 corporalis
1425 1800 1548 1855 vita:
1576 1815 1685 1854 non
1705 1800 1967 1872 deneges.

381 1909 405 1943 ι
435 1891 560 1947 Non
589 1890 888 1944 maledices
908 1889 1096 1955 surdo,
1121 1905 1223 1944 nec
1253 1905 1432 1944 coram
1450 1903 1596 1944 caeco
1620 1905 1792 1959 pones
1809 1887 1972 1943 offen-

374 1979 633 2044 diculum,
669 1999 691 2028 ι
727 1978 783 2032 id
814 1986 913 2043 est,
947 1994 1131 2032 coram
1162 1977 1407 2048 simplice
1438 1985 1490 2032 et
1536 1993 1841 2048 praecavere
1884 1993 1973 2032 ne-

386 2069 591 2124 sciente
620 2068 845 2139 laqueos
873 2083 984 2122 non
1012 2067 1204 2122 tendas
1222 2065 1571 2122 seductionis.
1601 2088 1624 2117 α
1657 2067 1778 2121 Non
1796 2066 1975 2122 consi-

378 2157 602 2213 derabis
631 2172 918 2228 personam
949 2156 1224 2226 pauperis,
1250 2176 1272 2204 n
1306 2165 1359 2212 et
1379 2147 1604 2227 reliqua,
1637 2155 1692 2210 id
1722 2163 1823 2220 est,
1846 2154 1973 2211 licet

375 2245 756 2304 misericordia
785 2245 1002 2300 miseris
1032 2246 1345 2316 praestanda
1375 2246 1462 2316 sit,
1511 2253 1692 2299 tamen
1738 2260 1972 2315 peccans

373 2336 518 2406 juste
539 2335 878 2408 objurgetur,
914 2351 1015 2390 nec
1045 2335 1198 2390 dives
1235 2351 1336 2404 pro
1383 2351 1482 2389 sua
1517 2334 1754 2405 potentia
1797 2334 1970 2389 levius

373 2433 742 2496 supportetur.
777 2446 800 2475 α
835 2425 956 2480 Non
987 2423 1096 2479 eris
1123 2423 1436 2479 criminator
1482 2431 1534 2478 et
1579 2439 1824 2492 susurro,
1861 2444 1882 2472 ν
1917 2431 1972 2477 et

371 2514 471 2570 rel.
503 2515 793 2570 Detractor
821 2521 874 2568 et
903 2522 1284 2569 murmurator.
1321 2535 1344 2565 ι
1389 2513 1513 2567 Non
1560 2528 1776 2584 quaeres
1819 2511 1970 2567 ultio-

367 2619 514 2660 nem.
552 2624 575 2654 ι
612 2605 782 2659 Docet
811 2603 898 2658 hic
926 2602 1259 2673 patientiam.
1290 2624 1312 2653 α
1345 2603 1594 2656 Jumenta
1627 2610 1714 2656 tua
1744 2616 1853 2657 non
1881 2600 1966 2656 fa-

367 2693 480 2750 cias
509 2692 673 2762 coire,
713 2714 735 2742 »
771 2700 823 2747 et
850 2691 974 2759 rel.,
1008 2691 1063 2746 id
1093 2700 1176 2746 est
1207 2690 1482 2762 simplices
1526 2690 1797 2746 malorum
1835 2706 1966 2761 pra-

365 2781 518 2838 vitati
547 2798 656 2837 non
677 2780 849 2836 facias
879 2781 1241 2837 commisceri.
1271 2803 1293 2830 α
1328 2783 1534 2853 Agrum
1565 2796 1676 2835 non
1699 2795 1850 2834 seres
1879 2779 1968 2834 di-

364 2887 526 2929 verso
555 2871 783 2938 semine,
822 2891 843 2920 tv
879 2870 934 2926 id
971 2878 1072 2936 est,
1100 2869 1408 2926 Ecclesiam
1438 2884 1566 2926 vera
1596 2878 1648 2924 et
1677 2868 1814 2923 falsa
1861 2868 1967 2923 do-

364 2960 542 3017 ctrina
571 2960 732 3015 simul
769 2975 880 3014 non
927 2959 1158 3014 imbues.
1211 2980 1233 3010 α
1279 2958 1442 3013 Veste
1491 2975 1609 3030 quae
1639 2973 1706 3012 ex
1752 2957 1968 3012 duobus

363 3057 513 3104 texta
541 3057 643 3116 est,
682 3069 704 3099 ν
739 3057 792 3104 et
820 3049 1054 3119 reliqua,
1088 3048 1143 3101 id
1172 3055 1275 3113 est,
1310 3045 1435 3101 ﬁdei
1483 3046 1857 3101 diversitatem
1905 3054 1958 3101 et

2073 478 2528 533 resurrectionem
2559 477 2778 533 Domini
2804 478 3257 553 quinquagesimo
3287 479 3396 546 die,
3430 481 3538 537 hoc
3566 491 3667 546 est,

2072 577 2314 647 quinario
2343 576 2526 631 decies
2547 577 2730 644 ducto,
2767 576 3000 647 Spiritus
3039 587 3258 633 sanctus
3290 579 3472 649 gratia
3515 579 3676 634 adve-

2070 673 2256 728 niente
2287 673 2578 744 spiritualis
2595 673 2969 746 intelligentia
2988 675 3148 745 vigor
3172 676 3439 745 apparuit.
3463 674 3675 743 Quibus

2073 779 2197 825 ante
2229 771 2542 842 passionem
2575 788 2730 825 suam
2759 771 3023 826 Dominus
3045 772 3177 826 dixit
3210 787 3222 827 :
3247 795 3269 823 α
3297 774 3490 829 Adhuc
3511 774 3681 828 multa

2071 867 2246 923 habeo
2275 868 2431 923 vobis
2460 868 2666 937 dicere,
2701 869 2799 923 sed
2828 884 2938 923 non
2967 869 3195 941 potestis
3232 879 3454 940 portare
3487 871 3678 940 modo,

2071 979 2194 1020 cum
2223 972 2404 1019 autem
2432 965 2642 1019 venerit
2671 964 2761 1018 ille
2793 964 3022 1035 Spiritus
3053 964 3312 1029 veritatis,
3335 965 3679 1019 annuntiabit

2071 1060 2226 1116 vobis
2247 1059 2446 1125 omnia,
2487 1080 2508 1109 ι
2545 1068 2597 1113 et
2626 1059 2835 1130 reliqua
2865 1059 3047 1128 (Joan.
3079 1059 3221 1130 xvr).
3253 1061 3376 1115 Non
3403 1059 3674 1116 comede-

2069 1159 2138 1212 tis
2169 1159 2510 1230 sanguinem,
2537 1158 2594 1212 id
2623 1165 2705 1212 est
2722 1172 2838 1223 vos,
2873 1157 3066 1223 Judwi,
3088 1157 3142 1210 in
3165 1156 3429 1212 effusione
3448 1159 3676 1230 sangui-

2070 1256 2154 1310 nis
2180 1256 2521 1312 victimarum
2553 1254 2860 1328 ﬁguralium
2889 1271 2998 1311 non
3015 1254 3320 1311 conﬁdatis.
3347 1257 3473 1312 Non
3490 1274 3677 1330 augu-

2068 1353 2338 1408 rabimini.
2369 1352 3047 1424 Auguriumdiciturquasi
3081 1353 3440 1424 avigarrium,
3487 1355 3544 1408 id
3595 1363 3682 1410 est
3759 1344 3770 1352 ’

2066 1449 2332 1521 inspectio
2376 1458 2427 1505 et
2471 1451 2783 1506 observatio
2848 1459 3038 1506 cantus
3085 1449 3316 1517 avium;
3365 1451 3677 1523 auspicium

2068 1562 2218 1614 vero,
2254 1547 2406 1618 quasi
2437 1547 2614 1602 avium
2644 1549 2928 1619 inspectio,
2954 1549 3007 1603 id
3029 1558 3110 1605 est
3135 1549 3506 1606 consideratio
3527 1551 3674 1607 vola-

2068 1651 2153 1698 tus
2184 1660 2388 1700 earum.
2429 1667 2451 1696 α
2487 1646 2602 1700 Nec
2622 1646 2984 1701 observabitis
3014 1649 3246 1714 somnia,
3272 1670 3294 1698 ν
3329 1649 3383 1702 id
3426 1658 3511 1704 est
3530 1648 3674 1705 falsa.

1989 1748 2040 1807 B
2072 1742 2300 1798 somnia.
2349 1742 2579 1811 Quidam
2617 1760 2683 1799 ex
2713 1745 2937 1799 somniis
2965 1746 3312 1817 prOphetiam
3339 1746 3672 1802 vindicave-

2071 1847 2196 1894 runt
2227 1840 2350 1905 sibi,
2384 1840 2508 1894 ideo
2539 1840 2750 1895 somnia
2781 1841 3072 1897 observare
3103 1843 3408 1915 prohibuit:
3434 1859 3503 1898 eo
3525 1844 3676 1900 enim

2066 1937 2247 1992 minus
2277 1939 2395 1994 haec
2425 1939 2767 1994 observanda
2797 1947 2940 2006 sunt,
2973 1955 3079 2012 quo
3100 1941 3218 1996 haec
3246 1941 3393 1996 unde
3442 1942 3674 1997 veniunt

2069 2035 2382 2092 discernere
2410 2053 2517 2092 non
2548 2038 2810 2094 valemus.
2841 2061 2862 2088 α
2883 2039 3073 2109 Neque
3093 2038 3149 2092 in
3169 2040 3459 2094 rotundum
3477 2041 3678 2096 tondes

2070 2149 2301 2202 comam,
2342 2156 2364 2183 »
2401 2135 2455 2190 id
2487 2144 2590 2202 est,
2623 2137 2977 2209 cogitationes
2997 2144 3118 2191 tuas
3147 2137 3381 2193 terrenis
3410 2138 3673 2196 volunta-

2069 2233 2214 2287 tibus
2243 2249 2351 2288 non
2382 2233 2694 2302 conﬁrmes,
2727 2235 2876 2290 orbis
2907 2235 3051 2291 enim
3073 2237 3336 2292 rotundus
3364 2245 3469 2292 est.
3499 2260 3521 2288 ι
3558 2239 3679 2294 Nec

2071 2331 2271 2386 radetis
2299 2332 2548 2399 barbam,
2588 2354 2610 2382 υ
2645 2333 2700 2388 id
2731 2342 2832 2404 est,
2857 2334 3089 2388 animam
3107 2335 3397 2391 virtutibus
3414 2351 3528 2390 non
3545 2353 3677 2408 spo-

2068 2428 2230 2484 lietis.
2259 2451 2280 2480 «
2309 2430 2484 2500 Super
2500 2439 2710 2486 mortuo
2726 2447 2835 2486 non
2854 2431 3106 2488 incidetis
3128 2447 3350 2488 carnem
3371 2441 3670 2503 vestram,»

2068 2526 2125 2581 id
2157 2536 2255 2592 est,
2281 2527 2334 2582 in
2365 2529 2672 2583 carnalibus
2711 2528 3157 2586 delectationibus
3186 2531 3427 2586 animam
3460 2548 3574 2588 non
3591 2533 3675 2588 1a-

2067 2625 2268 2680 ceretis
2300 2644 2314 2693 ;
2353 2647 2374 2676 α
2410 2642 2585 2698 neque
2617 2625 2820 2700 ﬁguras
2851 2628 3063 2700 aliquas
3084 2636 3135 2684 et
3152 2629 3422 2703 stigmata,
3464 2651 3487 2680 δ
3512 2631 3572 2686 id
3589 2641 3675 2688 est

2067 2724 2325 2794 picturas,
2359 2733 2486 2794 etc.,
2521 2726 2575 2780 id
2607 2734 2708 2792 est,
2731 2727 2932 2782 erroris
2955 2727 3213 2784 varietate
3256 2728 3343 2783 vel
3387 2729 3673 2800 hypocrisi

2066 2837 2136 2874 ne
2165 2821 2649 2876 commaculemini.
2687 2844 2708 2872 α
2744 2823 2866 2878 Non
2896 2823 3192 2894 prostituas
3234 2823 3401 2880 ﬁliam
3429 2834 3601 2894 tuam,
3640 2848 3665 2878 ι

2065 2917 2120 2973 id
2151 2925 2233 2973 est
2261 2919 2329 2972 ad
2343 2919 2700 2988 prostibulum
2729 2936 2838 2975 non
2869 2922 3050 2977 tradas
3083 2939 3096 2976 :
3130 2923 3483 2993 spiritualiter
3511 2941 3668 3008 vero,

2071 3015 2305 3069 animam
2337 3024 2480 3070 tuam
2511 3015 2564 3069 in
2594 3017 2903 3101 daemonum
2934 3026 2988 3073 et
3033 3019 3415 3074 haereticorum
3463 3020 3667 3075 volun-

366 3137 627 3194 doctrinze
644 3136 1140 3191 dissimilitudinem
1157 3137 1212 3190 in
1229 3143 1280 3190 te
1294 3152 1403 3191 non
1451 3135 1735 3206 suscipias,
1761 3135 1850 3189 vel
1865 3151 1958 3190 ve-

2061 3120 2224 3168 tatem
2243 3129 2352 3168 non
2386 3114 2591 3170 tradas.
2630 3136 2652 3164 ι
2690 3115 2758 3168 Et
2787 3115 3154 3170 sanctuarium
3184 3133 3365 3172 meum
3382 3117 3662 3188 metuite,»

364 3225 440 3281 ris
468 3225 758 3280 virtutibus
787 3225 1065 3279 simulatas
1103 3241 1212 3279 non
1259 3224 1586 3280 admisceas.
1623 3245 1645 3274 α
1691 3225 1865 3279 Homo
1913 3223 1960 3278 si

365 3314 646 3370 dormierit
674 3330 797 3370 cum
828 3313 1058 3369 muliere
1088 3314 1230 3369 coitu
1261 3314 1504 3381 seminis,
1543 3335 1564 3363 ν
1599 3321 1652 3368 et
1671 3313 1771 3368 rel.
1801 3313 1860 3368 Id
1877 3321 1958 3368 est

363 3403 448 3461 vir
475 3403 876 3460 ecclesiasticus
905 3403 952 3458 si
983 3403 1052 3458 ad
1085 3403 1412 3476 Synagogae,
1441 3419 1562 3474 quae
1593 3403 1664 3458 ab
1693 3402 1956 3474 Apostolo

362 3493 583 3550 ancilla
609 3500 847 3559 vocatur,
873 3508 1117 3548 errorem
1133 3492 1509 3561 declinaverit,
1544 3509 1664 3564 quae
1686 3492 1846 3547 etiam
1867 3507 1958 3546 no-

362 3581 487 3637 bilis
517 3589 616 3651 est,
650 3582 775 3654 quia
799 3581 869 3637 de
899 3582 1224 3653 patriarchis
1253 3589 1578 3653 propagata,
1618 3603 1640 3632 «
1677 3589 1729 3636 et
1775 3589 1957 3636 tamen

360 3671 538 3743 pretio
565 3687 677 3726 non
706 3671 1007 3742 redempta,
1047 3692 1070 3721 ι
1092 3671 1144 3726 id
1163 3679 1260 3737 est,
1283 3671 1370 3726 cui
1399 3671 1583 3741 passio
1613 3670 1813 3725 Christi
1831 3669 1958 3726 ideo

359 3777 470 3816 non
499 3761 740 3832 prodest,
774 3760 900 3832 quia
929 3761 985 3814 in
1014 3760 1214 3815 duritia
1251 3768 1590 3831 perseverat,
1636 3775 1739 3816 nec
1784 3760 1954 3814 liber-

359 3857 471 3906 tate
503 3851 720 3916 donata,
752 3870 774 3899 ι
807 3850 862 3904 id
891 3858 994 3918 est,
1025 3849 1399 3905 liberationem
1432 3850 1535 3903 sibi
1582 3850 1686 3919 ipsi
1729 3856 1956 3920 propter

357 3939 790 3995 incredulitatem
819 3939 1151 3994 interdicens
1185 3957 1198 3993 :
1237 3961 1258 3989 ι
1295 3939 1628 4009 vapulabunt
1649 3937 1865 4004 ambo,»
1900 3937 1956 3992 id

359 4036 463 4098 est,
497 4027 769 4083 seductrix
799 4036 852 4082 et
883 4028 1139 4084 seductus
1159 4043 1321 4099 paena
1343 4044 1402 4082 se
1423 4027 1620 4098 dignos
1635 4034 1950 4098 agnoscant,

362 4137 387 4169 ι
423 4124 476 4172 et
505 4133 616 4172 non
644 4117 966 4186 moriantur,
1005 4138 1027 4167 »
1060 4117 1115 4172 id
1136 4125 1236 4186 est,
1283 4116 1580 4188 pceniteant
1609 4132 1677 4171 ne
1705 4123 1949 4187 pereant.

359 4207 490 4263 Ideo
520 4213 700 4262 autem
731 4206 798 4261 de
810 4206 1102 4262 hoclevius
1132 4206 1327 4271 sanxit,
1363 4207 1486 4278 quia
1502 4221 1611 4260 non
1641 4213 1804 4261 tanta:
1823 4221 1952 4276 per-

358 4295 520 4352 niciei
549 4304 633 4351 est
659 4296 972 4350 Iudaeorum
1003 4296 1164 4351 sectis
1192 4295 1395 4352 involvi
1439 4304 1652 4367 quantae
1701 4311 1951 4369 pagano-

358 4401 483 4440 rum
508 4384 732 4440 insaniis
760 4385 1018 4456 cepulari,
1042 4401 1166 4440 cum
1203 4383 1280 4439 illi
1324 4401 1491 4440 unum
1533 4386 1708 4442 Deum
1749 4385 1948 4453 colant,

2056 3211 2119 3266 id
2146 3219 2227 3266 est
2251 3211 2553 3267 Ecclesiam
2583 3227 2762 3267 meam
2792 3213 3070 3283 honorate,
3106 3214 3192 3269 vel
3221 3215 3381 3270 etiam
3413 3226 3669 3272 sanctua~

2059 3309 2200 3363 rium
2231 3323 2430 3379 corpus
2461 3308 2661 3364 Christi
2704 3308 3023 3383 intelligitur
3068 3312 3469 3367 honorandum.
3501 3335 3524 3363 ι
3580 3315 3664 3370 Ne

2058 3406 2344 3462 declinetis
2373 3407 2440 3460 ad
2485 3423 2700 3480 magos,
2733 3424 2836 3464 nec
2884 3409 2954 3463 ab
2984 3409 3207 3463 hariolis
3237 3410 3446 3482 aliquid
3479 3411 3667 3468 scisci-

2058 3505 2264 3560 temini.
2303 3525 2325 3554 υ
2359 3504 2593 3560 Omnem
2609 3505 2771 3560 ritum
2790 3504 3044 3561 maleﬁcii
3061 3515 3222 3562 vetat.
3242 3508 3448 3563 Harioli
3469 3509 3671 3565 dicun-

2059 3610 2143 3656 tur
2172 3618 2386 3657 ararum
2435 3603 2788 3674 inspectores,
2824 3603 2908 3659 vel
2947 3605 3224 3672 horarum,
3271 3607 3362 3678 qui
3410 3606 3472 3660 in
3524 3609 3667 3664 extis

2055 3700 2324 3771 pecudum
2347 3717 2457 3756 sum
2482 3700 2829 3756 divinationis
2848 3699 3115 3758 maleﬁcia
3135 3711 3410 3759 exercent.
3433 3705 3665 3777 Mystice

2057 3803 2236 3852 autem
2256 3796 2544 3852 haereticos
2573 3798 2810 3871 signant,
2853 3798 2963 3871 qui,
3005 3799 3288 3855 scientiam
3329 3817 3495 3874 quam
3543 3820 3656 3859 non

2056 3893 2257 3948 habent
2285 3894 2685 3965 promittentes,
2717 3895 2916 3950 diaboli
2947 3895 3138 3952 fraude
3159 3899 3464 3970 capiuntur.
3499 3923 3521 3950 ε
3559 3900 3657 3956 Co-

2055 4006 2172 4044 ram
2201 4006 2340 4047 cano
2369 3989 2540 4062 capite
2570 4007 2754 4065 surge,
2794 4013 2816 4043 »
2851 3992 2907 4047 id
2937 4001 3018 4048 est
3049 3993 3347 4065 sapientem
3402 3997 3657 4054 honora:

2054 4091 2175 4146 cani
2195 4090 2338 4145 enim
2362 4099 2482 4144 sunt
2503 4107 2699 4146 sensus
2720 4091 2975 4147 hominis.
3001 4093 3081 4149 De
3102 4093 3297 4165 quibus
3317 4095 3658 4166 senioribus,

2054 4189 2108 4245 id
2139 4198 2222 4245 est
2252 4189 2607 4261 sapientibus,
2642 4189 2841 4246 Paulus
2869 4191 2999 4248 dicit
3024 4210 3037 4247 :
3074 4213 3096 4242 ι
3123 4192 3437 4265 Presbyteri
3453 4193 3659 4266 duplici

2052 4288 2257 4344 honore
2323 4287 2476 4361 digni
2512 4288 2828 4369 habeantur,
2892 4289 3127 4346 maxime
3174 4292 3267 4362 qui
3303 4291 3561 4348 laborant
3602 4293 3658 4348 in

2052 4387 2222 4443 verbo
2253 4393 2306 4442 et
2335 4386 2580 4442 doctrina
2609 4388 2661 4459 (Ι
2689 4388 2826 4444 Tim.
2861 4388 2940 4459 v).
2979 4410 3000 4438 ν
3027 4391 3091 4444 Et
3123 4389 3389 4445 Dominus
3410 4391 3485 4447 ad
3502 4393 3654 4465 Moyo

355 4473 444 4530 isti
474 4475 700 4529 nullum.
734 4473 858 4530 Non
888 4482 1068 4529 tamen
1088 4476 1157 4530 de
1185 4474 1330 4529 omni
1373 4475 1666 4548 Synagoga
1696 4473 1952 4545 supradi-
1980 4476 2033 4536 D
2057 4501 2155 4540 sen
2189 4502 2201 4538 :
2240 4506 2263 4536 α
2299 4484 2457 4557 Elige
2489 4485 2831 4559 septuaginta
2861 4485 3028 4556 viros,
3066 4504 3202 4560 quos
3233 4496 3290 4543 tu
3318 4489 3484 4556 nosti,
3507 4492 3653 4561 quod

359 4571 503 4619 ctam
532 4563 787 4618 malitiam
817 4565 1017 4620 sentire
1047 4564 1330 4633 debemus,
1355 4564 1452 4620 sed
1469 4565 1537 4619 de
1559 4565 1643 4619 his
1671 4565 1728 4618 in
1758 4565 1953 4635 quibus

359 4652 578 4708 caecitas
605 4653 850 4726 contigit.
879 4675 901 4704 ι
938 4654 1040 4708 Pro
1059 4653 1258 4710 delicto
1277 4662 1458 4709 autem
1481 4669 1579 4709 suo
1601 4651 1789 4709 oﬂ‘eret
1835 4654 1952 4708 Deo

355 4741 422 4796 ad
451 4741 645 4797 ostium
679 4742 1013 4797 tabernaculi
1042 4743 1284 4810 arietem,
1321 4764 1343 4793 ι
1379 4743 1436 4798 id
1480 4751 1580 4811 est,
1603 4742 1826 4798 rediens
1883 4742 1954 4798 ad

356 4831 662 4887 doctrinam
692 4831 1071 4902 apostolicam,
1120 4831 1286 4887 ﬁdem
1326 4831 1598 4903 passionis
1641 4831 1863 4898 Christi,
1897 4831 1953 4886 id

357 4927 440 4974 est
468 4920 861 4992 redemptionis
890 4937 1023 4988 suae,
1061 4930 1367 4978 conservet.
1395 4943 1416 4973 α
1454 4921 1726 4978 Auferetis
1757 4919 1953 4992 praeci-

357 5023 468 5079 pua
496 5008 802 5083 [praeputia]
835 5027 1041 5077 eorum,
1083 5032 1106 5062 »
1154 5011 1210 5066 id
1259 5020 1340 5068 est
1387 5011 1698 5067 insistentes
1757 5011 1954 5067 divinae

359 5095 676 5166 Scriptura,
709 5088 984 5156 carnalem
1013 5101 1154 5172 legis
1183 5101 1454 5158 culturam
1482 5101 1750 5173 projicite,
1781 5100 1837 5157 in
1867 5100 1952 5156 his

356 5184 619 5242 duntaxat
647 5203 766 5256 quae
794 5188 927 5242 nihil
957 5191 1061 5245 nisi
1091 5192 1343 5246 umbram
1386 5190 1774 5262 praferebant.
1799 5211 1823 5242 ι
1850 5191 1954 5246 Ρο-

353 5289 448 5329 ma
475 5273 756 5330 immunda
784 5286 927 5344 sunt,
966 5299 988 5328 ι
1027 5280 1155 5351 quia
1182 5281 1319 5336 tales
1351 5281 1632 5337 sententia
1676 5279 1951 5351 superﬂue

355 5371 740 5428 observantur.
779 5394 802 5423 α
847 5373 1052 5442 Quarto
1091 5392 1234 5433 anno
1282 5378 1462 5434 omnis
1507 5377 1711 5435 fructus
1760 5395 1952 5436 eorum

357 5459 804 5529 sanctiﬁcabitur,
845 5483 867 5512 ν
900 5463 1004 5519 hoc
1035 5473 1117 5519 est
1148 5468 1466 5537 evangelica
1496 5467 1669 5542 gratia
1707 5460 1806 5540 per
1835 5470 1951 5526 Do-

357 5559 567 5615 minum
605 5569 925 5632 apparente,
973 5561 1164 5618 eadem
1210 5563 1385 5637 ﬁgura
1427 5567 1784 5638 Spiritualiter
1831 5583 1951 5624 ser-

366 5657 539 5714 vanda
558 5658 858 5719 docebitur.
912 5683 934 5714 ι
983 5660 1181 5732 Quinto
1229 5671 1412 5720 autem
1455 5680 1599 5722 anno
1656 5666 1953 5724 comedetis

2052 4581 2294 4638 seniores
2325 4590 2448 4637 sunt
2477 4582 2663 4654 populi
2693 4583 2891 4654 (Exod.
2923 4586 3109 4656 xxxv).
3148 4607 3170 4635 »
3211 4608 3232 4636 α
3273 4586 3330 4641 Si
3360 4587 3652 4644 habitave-

2052 4678 2120 4734 rit
2132 4680 2343 4735 advena
2357 4679 2411 4734 in
2430 4688 2574 4734 terra
2593 4688 2703 4747 tua,
2725 4701 2746 4730 ιο
2769 4689 2820 4736 et
2840 4681 2964 4750 rel.,
2984 4681 3040 4736 id
3051 4691 3134 4738 est
3153 4683 3373 4738 Judaaus
3387 4685 3654 4756 gentilem

2051 4777 2120 4832 ad
2149 4777 2440 4832 Dominum
2486 4786 2906 4837 convertentem.
2962 4779 3117 4852 quasi
3161 4779 3387 4836 fratrem
3437 4790 3652 4850 tractet,

2051 4892 2262 4932 memor
2292 4877 2437 4950 quod
2467 4877 2583 4948 ipse
2613 4886 2823 4933 natura'
2850 4877 2990 4934 ﬁlius
3037 4877 3228 4936 fuisset
3269 4881 3368 4937 ira
3410 4881 3554 4938 sicut
3602 4891 3656 4938 et

2051 4974 2257 5030 caeteri.
2300 4995 2322 5026 α
2357 4973 2538 5030 Nolite
2560 4973 2737 5030 facere
2766 4974 3012 5048 iniquum
3033 4976 3257 5050 aliquid,
3289 4999 3310 5027 υ
3338 4986 3391 5033 et
3411 4979 3512 5033 rel.
3543 5001 3567 5029 ε
3595 4979 3656 5033 In

2051 5073 2264 5146 regula,
2302 5094 2324 5124 x
2357 5073 2412 5128 id
2441 5073 2599 5130 estin
2627 5073 2780 5148 virga
2810 5075 3170 5142 mensuraria,
3204 5076 3331 5132 etin
3363 5078 3514 5133 omni
3556 5095 3652 5135 re-

2043 5171 2302 5228 ctitudine
2331 5171 2694 5237 divisionis,et
2721 5179 2918 5228 caetera
2953 5190 3076 5246 quae
3106 5183 3421 5247 sequuntur,
3450 5176 3507 5231 in
3529 5177 3651 5248 qui-

2052 5269 2153 5326 bus
2174 5269 2432 5340 jubemur
2459 5268 2706 5326 fraudem
2735 5287 2949 5340 cavere,
2972 5289 3040 5330 ne
3071 5274 3270 5330 minori
3299 5274 3431 5331 dare
3463 5284 3519 5331 et
3538 5293 3654 5331 ma-

2044 5369 2153 5439 jori
2180 5385 2434 5427 mensura
2464 5369 2692 5425 velimus
2717 5378 2964 5443 repetere
2994 5379 3047 5426 et
3075 5371 3341 5444 accipere.
3381 5395 3402 5423 ι
3445 5373 3647 5430 Custo-

2051 5466 2160 5523 dite
2189 5468 2374 5524 omnia
2400 5475 2672 5540 praecepta
2691 5483 2832 5535 mea,
2864 5491 2883 5518 -
2919 5476 2972 5524 et
3003 5469 3105 5525 rel.
3143 5470 3270 5526 Sine
3298 5470 3464 5527 dubio
3498 5473 3650 5528 enim

2053 5565 2246 5622 beatus
2279 5575 2360 5623 est
2389 5565 2479 5639 qui
2508 5565 2748 5622 omnium
2791 5567 3165 5626 mandatorum
3201 5569 3420 5626 Domini
3450 5570 3652 5627 volun-

2054 5672 2223 5725 tatem
2249 5666 2414 5724 habet
2433 5665 2847 5740 implendorum.
