3998 6188
360 297 464 350 833

934 525 1160 583 CAPUT
1207 527 1336 583 XX.

429 701 488 758 Si
548 701 671 774 quis
721 701 934 759 dederit
985 703 1055 760 de
1084 703 1293 760 semine
1351 719 1451 760 suo
1488 703 1636 760 idolo
1663 702 1895 760 Moloch.
1934 725 1956 753 ι

357 789 488 846 Ideo
508 791 654 848 hunc
671 791 849 847 solum
867 791 1066 863 posuit,
1100 792 1229 866 quia
1249 792 1504 864 princeps
1524 792 1613 849 vel
1640 791 1962 865 principalis

355 877 736 950 interpretatur
757 923 772 947 ,
805 879 1079 937 diabolum
1128 880 1448 955 significans
1468 924 1484 952 ,
1516 882 1610 954 qui
1663 889 1748 938 est
1802 882 1962 952 hujus

353 968 542 1024 mundi
573 968 866 1041 princeps;
900 970 988 1027 cui
1035 970 1082 1026 si
1126 971 1248 1043 quis
1275 986 1444 1043 opera
1473 986 1570 1026 sua
1597 969 1956 1038 consenserit,

355 1081 483 1121 reus
503 1075 802 1138 estpmnze.
840 1089 864 1119 α
896 1067 1134 1140 Populus
1185 1076 1343 1126 terrae
1371 1067 1633 1142 lapidabit
1661 1085 1810 1135 eum,
1848 1091 1870 1118 ιι
1904 1067 1961 1124 id

356 1163 438 1210 est
467 1154 622 1210 duris
651 1156 932 1212 sententiis
970 1156 1351 1225 convincetur;
1389 1181 1412 1207 α
1442 1166 1496 1215 et
1524 1173 1630 1231 ego
1659 1173 1860 1230 ponam
1882 1157 1960 1214 fa-

353 1241 493 1299 ciem
548 1259 732 1301 meam
779 1254 970 1302 contra
1015 1247 1299 1304 hominem
1330 1246 1500 1313 illum,
1540 1269 1562 1296 »
1597 1247 1652 1302 id
1709 1255 1794 1303 est
1819 1246 1960 1303 iram

351 1331 603 1389 vindictae
633 1351 646 1387 :
677 1357 698 1383 ει
739 1349 807 1390 eo
881 1335 1028 1408 quod
1081 1335 1530 1392 contaminaverit
1591 1337 1958 1392 sanctuarium

347 1436 550 1487 meum,
609 1442 632 1471 ι
666 1421 723 1476 id
753 1430 836 1478 est
867 1423 986 1480 sive
1013 1423 1252 1480 animam
1298 1441 1470 1494 suam,
1495 1440 1616 1496 quae
1673 1431 1753 1480 est
1774 1424 1957 1496 imago

348 1507 482 1575 Dei,
531 1509 648 1567 sive
703 1513 1188 1584 congregationem
1211 1557 1223 1579 ,
1274 1514 1498 1569 domum
1537 1513 1792 1570 videlicet
1828 1513 1964 1578 Dei.

355 1620 376 1645 ι
411 1596 576 1666 Quod
605 1599 652 1654 si
698 1600 990 1674 negligens
1029 1601 1262 1674 populus
1285 1609 1467 1672 terrae,
1503 1611 1556 1658 et
1586 1604 1740 1676 quasi
1767 1606 1955 1676 parvi-

344 1686 613 1757 pendens,
642 1709 663 1736 »
690 1696 744 1744 et
761 1689 886 1760 rel.,
904 1689 961 1745 id
981 1698 1082 1760 est,
1106 1691 1151 1745 si
1167 1691 1414 1765 magistri
1431 1691 1795 1764 dissimulant,
1816 1695 1956 1751 etita

1353 293 1666 352 amoma
1695 293 2056 352 COMMENT.
2088 295 2349 376 ιιΑΒΑΝι
2377 297 2452 354 IN
2477 297 2702 356 anrr.

1994 419 2252 480 Aessent
2303 425 2633 496 possessuri.
2691 423 2800 481 Sed
2829 431 2884 480 et
2919 422 3076 480 nobis
3132 424 3448 480 timentibus
3484 425 3663 482 Deum

3554 300 3658 355 83L

2062 511 2393 584 promittitur
2420 513 2476 568 in
2518 513 2774 585 praesenti
2823 513 3055 570 dulcedo
3085 513 3349 570 doctrinae
3368 514 3660 586 spiritualis

2063 609 2118 657 et
2143 601 2432 673 donorum,
2475 610 2528 659 et
2557 602 2613 658 in
2651 602 2833 659 futuro
2862 602 3082 676 requies
3109 603 3228 658 sine
3255 602 3465 658 labore.
3502 624 3526 654 ι
3556 602 3660 659 Se-

2061 690 2252 763 paravi
2278 707 2378 748 vos
2407 707 2441 748 a
2468 692 2690 750 casteria
2718 692 2952 764 populis,
2993 714 3014 742 »
3049 693 3178 764 quia
3205 691 3314 747 illis
3343 691 3525 764 legem
3553 690 3658 748 de-

2061 778 2172 848 dit;
2202 795 2304 836 nos
2329 797 2547 854 quoque
2593 782 2880 853 separavit,
2917 780 3010 853 qui
3036 796 3137 837 nos
3164 780 3294 837 fecit
3322 795 3660 854 cognoscere

2061 883 2214 924 suam
2230 869 2551 940 potentiam.
2573 893 2595 922 α
2623 870 2886 942 Separate
2907 871 3212 940 jumentum
3244 869 3605 938 immundum,
3628 887 3654 922 ι

2059 956 2114 1012 id
2144 965 2246 1025 est,
2280 959 2595 1032 popularem
2628 960 2904 1016 hominem
2935 960 2991 1013 in
3019 958 3243 1014 stultitia
3261 958 3465 1014 erroris
3475 959 3662 1027 jacen-

2059 1052 2188 1107 tem.
2223 1046 2290 1100 ab
2319 1062 2385 1102 eo
2421 1046 2514 1120 qui
2541 1047 2884 1118 simplicitate
2912 1062 3013 1102 sua
3059 1063 3269 1118 pauper
3315 1053 3398 1102 est
3443 1045 3656 1117 spiritu.

2064 1155 2087 1184 α
2117 1134 2202 1190 Ne
2229 1134 2484 1205 polluatis
2514 1136 2722 1191 animas
2763 1143 2971 1193 vestras
2999 1134 3056 1189 in
3111 1151 3310 1207 pecore
3339 1141 3393 1190 et
3441 1134 3653 1204 avibus,

2057 1221 2113 1277 id
2144 1231 2228 1278 est
2256 1240 2324 1278 ne
2365 1224 2716 1296 decipiamini
2741 1225 2797 1280 in
2844 1223 3071 1281 stultitia
3099 1224 3392 1280 errantium
3421 1224 3509 1280 vel
3531 1222 3660 1296 phi-

2057 1311 2411 1383 IOSOphorum
2437 1314 2650 1370 astutia.
2688 1336 2710 1364 α
2744 1313 2908 1368 Eritis
2925 1313 3096 1370 sancti
3123 1313 3276 1378 mihi,
3314 1334 3337 1363 ι
3373 1319 3560 1369 sancte
3577 1311 3659 1369 vi-

2057 1409 2269 1470 ventes,
2306 1402 2518 1475 reliqua
2547 1410 2606 1458 ut
2639 1418 2822 1475 supra.
2861 1425 2884 1454 α
2919 1402 3042 1472 Vir,
3075 1402 3190 1458 sive
3209 1401 3423 1469 mulier,
3455 1401 3512 1457 in
3539 1400 3660 1476 qui-

2056 1489 2158 1545 bus
2201 1491 2545 1562 pythonicus,
2585 1513 2606 1542 »
2640 1500 2693 1548 et
2737 1491 2838 1548 rel.
2873 1491 3039 1560 Major
3069 1491 3183 1548 sive
3211 1491 3408 1559 minor,
3442 1490 3532 1564 qui
3560 1506 3655 1548 se-

2055 1588 2293 1651 quuntur
2320 1597 2561 1636 errorem
2579 1589 2632 1637 et
2661 1581 2828 1636 falsos
2849 1582 3162 1653 prophetas,
3185 1580 3374 1637 mortis
3403 1587 3528 1636 sunt
3554 1579 3654 1648 rei,

2054 1667 2223 1740 duris,
2254 1670 2644 1726 sententiarum
2663 1670 2861 1740 jaculis
2890 1671 3299 1738 convincantur,
3333 1670 3388 1725 in
3417 1669 3656 1743 peccatis

342 1783 401 1829 ut
415 1775 642 1848 dignum
661 1784 744 1834 est
763 1757 1287 1851 non-redarguerintv
1281 1769 1621 1852 peccantem,
1642 1757 1862 1854 ponitur
1875 1783 1939 1839 fa-

2053 1757 2186 1828 suis,
2210 1758 2257 1814 si
2284 1775 2394 1816 non
2447 1759 2814 1833 pmnituerint,
2841 1761 3118 1834 peribunt.

345 1863 460 1920 cies
497 1865 715 1921 Domini
751 1883 916 1939 super
947 1883 1091 1939 eum,
1123 1892 1144 1918 «ι
1174 1877 1228 1926 et
1242 1870 1626 1943 cognationem
1655 1871 1793 1940 ejus,
1822 1893 1844 1923 ι
1869 1872 1947 1929 ira

341 1969 511 2025 super
525 1971 651 2010 eum
662 1963 716 2012 et
730 1957 781 2013 ei
797 1957 1218 2015 consentientes.
1247 1980 1269 2010 α
1296 1960 1489 2014 Anima
1510 1976 1631 2032 quae
1650 1961 1947 2017 declinabit

345 2041 416 2097 ad
432 2059 626 2116 magos
642 2052 698 2101 et
717 2046 975 2112 hariolos,
1006 2068 1030 2096 »
1054 2047 1338 2104 haereticos
1359 2057 1412 2104 et
1428 2048 1793 2117 simulatores,
1817 2067 1948 2122 per-

345 2130 447 2186 ibit
479 2132 550 2189 de
586 2142 727 2190 ccetu
762 2143 1092 2192 sanctorum.
1133 2155 1156 2188 α
1190 2135 1330 2204 Quia
1359 2137 1705 2194 maledixerit
1728 2139 1866 2210 patri
1895 2147 1948 2195 et

342 2221 522 2290 matri,
553 2242 574 2272 ι
600 2221 654 2276 id
670 2231 752 2278 est
767 2223 984 2280 Domini
1017 2223 1321 2281 Ecclesiam
1341 2225 1818 2297 blasphemaverit.
1845 2249 1866 2279 ι
1890 2227 1948 2284 Si

344 2311 650 2366 mazchatus
683 2311 845 2367 fuerit
884 2313 1006 2385 quis
1042 2329 1165 2370 cum
1204 2330 1375 2370 uxore
1405 2315 1649 2382 alterius,
1679 2336 1702 2366 ι
1737 2323 1792 2372 et
1818 2315 1941 2385 rel.,

337 2397 398 2452 id
417 2405 521 2466 est,
546 2399 590 2455 si
612 2400 734 2473 quis
753 2401 1062 2458 Ecclesiam
1078 2403 1178 2458 sub
1208 2402 1432 2458 alterius
1449 2404 1686 2475 pastoris
1702 2405 1946 2462 custodia

342 2485 660 2559 deputatam
689 2490 902 2545 miserit
945 2490 1001 2546 in
1031 2491 1115 2546 sui
1159 2491 1368 2548 erroris
1396 2493 1858 2562 communionem,
1891 2502 1946 2550 et

340 2591 637 2646 persuasor
667 2586 720 2633 et
739 2579 1090 2636 consentiens
1105 2587 1333 2653 uterque
1351 2582 1764 2638 condemnetur.
1794 2605 1816 2634 ι
1839 2582 1944 2652 Qui

339 2664 530 2720 coierit
578 2681 704 2722 cum
729 2667 996 2736 jumento,
1034 2690 1056 2719 ιο
1093 2676 1146 2724 et
1177 2669 1302 2741 rel.,
1336 2670 1390 2725 id
1420 2679 1520 2741 est,
1556 2671 1648 2743 qui
1679 2689 1740 2728 se
1769 2675 1944 2730 errori

336 2754 627 2810 stultorum
657 2756 1031 2814 immiscuerit.
1062 2780 1084 2808 ε
1117 2757 1222 2828 Qui
1253 2759 1444 2816 coierit
1473 2776 1595 2816 cum
1619 2762 1884 2827 masculo,
1914 2783 1936 2813 ι

338 2850 392 2897 et
422 2843 548 2909 rel.,
581 2861 708 2900 cum
755 2845 1166 2917 depravaverit,
1203 2849 1295 2920 qui
1345 2856 1526 2920 potest
1570 2865 1737 2920 Opera
1783 2850 1942 2906 fortia

331 2941 672 3003 perpetrare.
729 2957 752 2986 ι
805 2935 996 2992 Mulier
1039 2953 1162 3008 quae
1196 2939 1538 2994 succubuerit
1586 2939 1807 2996 cuilibet
1845 2941 1940 3011 ju-

335 3029 542 3089 mento,
579 3043 602 3072 ι
627 3029 680 3078 et
705 3022 830 3092 rel.,
863 3023 918 3079 id
947 3032 1031 3080 est
1055 3025 1238 3081 anima
1267 3027 1555 3096 cujuslibet
1576 3029 1781 3084 erroris
1800 3029 1938 3085 stul-

333 3108 465 3165 titiae
485 3111 854 3169 consentiens.
893 3135 915 3164 ι
945 3113 1055 3182 ραι
1085 3114 1275 3170 coierit
1303 3131 1426 3172 cum
1454 3117 1679 3174 muliere
1707 3117 1764 3172 in
1793 3118 1938 3174 ﬂuxu

336 3207 641 3267 menstruo,
680 3222 702 3250 ι
735 3209 790 3257 et
817 3201 941 3272 rel.,
965 3203 1020 3257 id
1041 3211 1124 3259 est
1144 3205 1235 3276 qui
1263 3221 1363 3277 per
1378 3205 1775 3279 philosophiam
1796 3224 1937 3280 gen-

335 3286 513 3342 tilium
561 3289 617 3344 in
661 3306 904 3348 errorem
955 3292 1211 3348 ceciderit
1256 3311 1270 3348 :
1314 3302 1650 3350 menstruum
1696 3304 1878 3352 autem
1907 3313 1938 3352 a

335 3390 529 3432 mense
560 3377 778 3448 dicitur,
814 3386 866 3434 et
890 3381 1096 3436 mensis
1128 3397 1161 3436 a
1190 3398 1463 3449 mensura,
1490 3384 1792 3439 secundum
1822 3393 1936 3457 ety-

327 3465 627 3538 mologiam
648 3469 817 3523 Latini
835 3470 1125 3526 sermonis.
1146 3471 1392 3543 Denique
1414 3473 1698 3544 gentilium
1717 3474 1936 3544 sapien-

328 3554 406 3609 tia
421 3554 547 3611 ideo
578 3564 858 3614 menstruo
888 3559 1196 3630 comparari
1227 3567 1424 3631 potest,
1459 3562 1582 3632 quia
1611 3561 1680 3618 de
1708 3578 1935 3618 mensu-

329 3643 408 3696 ris
455 3645 679 3716 physice
739 3646 1159 3719 philosophandi
1198 3649 1377 3704 adorsi
1435 3658 1560 3706 sunt
1633 3650 1932 3710 solertiam.

335 3752 359 3780 ι
397 3731 504 3800 Qui
532 3733 721 3790 coierit
750 3750 873 3790 cum
902 3752 1072 3793 uxore
1101 3737 1297 3808 patrui,
1338 3761 1358 3786 »
1395 3738 1600 3814 etrel.,
1634 3739 1689 3794 id
1720 3749 1802 3796 est
1843 3741 1937 3812 qui

328 3828 400 3883 ab
453 3832 896 3888 antecessoribus
926 3833 1038 3888 suis
1060 3834 1282 3890 eruditis
1313 3835 1552 3892 maculas
1579 3853 1824 3893 errorum
1849 3847 1935 3894 at-

325 3916 530 3989 tigerit,
567 3920 684 3976 sine
715 3922 971 3978 mercede
990 3923 1256 3979 bonorum
1280 3938 1504 3995 operum
1522 3926 1740 3996 peribit.
1779 3949 1800 3978 «
1829 3926 1938 3996 Qui

329 4005 547 4063 duxerit
577 4025 804 4066 uxorem
853 4010 1030 4066 fratris
1061 4011 1164 4078 sui,
1206 4032 1228 4061 ι
1264 4019 1317 4066 et
1366 4013 1490 4079 rel.,
1523 4013 1662 4070 sicut
1690 4015 1935 4071 Herodes

326 4093 473 4151 fecit.
510 4096 616 4165 Qui
656 4099 1031 4154 necessarium
1059 4100 1291 4155 amicum
1340 4103 1641 4174 corruperit
1669 4103 1782 4158 suis
1809 4120 1934 4176 per-

335 4185 682 4241 suasionibus
703 4203 866 4260 quem
895 4189 1160 4244 Dominus
1209 4190 1307 4244 sub
1339 4191 1522 4262 specie
1552 4191 1792 4249 dexteraa
1811 4208 1935 4249 ma-

326 4287 433 4328 nus
459 4281 514 4329 et
542 4275 699 4345 pedis
748 4278 1167 4346 commendavit,
1202 4278 1452 4334 similiter
1481 4279 1721 4336 interibit
1752 4299 1766 4337 :
1805 4304 1827 4336 ι
1851 4283 1933 4339 Ne

326 4369 378 4417 et
407 4377 508 4418 vos
539 4371 758 4420 evomat
788 4373 936 4421 terra
957 4383 1115 4438 quam
1138 4367 1384 4423 intraturi
1405 4369 1557 4437 estis,
1595 4390 1618 4419 ιι
1653 4377 1707 4426 et
1735 4370 1858 4437 rel.,
1878 4371 1933 4426 id

321 4460 426 4519 est,
451 4468 521 4507 ne
542 4453 769 4524 turpiter
788 4454 856 4510 ab
872 4455 1116 4511 Ecclesia
1133 4457 1514 4528 projiciamini,
1535 4457 1580 4514 si
1601 4459 1657 4514 in
1678 4475 1744 4515 ea
1762 4476 1929 4531 prave

316 4539 586 4608 vixeritis,
617 4558 738 4612 quae
753 4550 834 4598 est
853 4550 995 4599 terra
1025 4560 1294 4617 generans
1313 4547 1541 4603 herbam
1563 4555 1922 4619 opportunam

317 4645 442 4683 cum
499 4629 898 4688 benedictione.
949 4633 1115 4689 Terra
1176 4642 1358 4690 autem
1406 4636 1740 4692 habitatores
1799 4653 1926 4693 suos

316 4732 577 4774 evomere
614 4720 850 4789 dicitur,
884 4738 1008 4777 cum
1045 4722 1101 4777 in
1151 4739 1218 4778 ea
1261 4739 1485 4780 manere
1523 4741 1633 4780 non
1676 4726 1927 4782 sinuntur

316 4807 720 4864 exhaeredandi.
748 4831 770 4860 ι
799 4811 968 4866 Vobis
984 4819 1163 4867 autem
1181 4813 1396 4885 loquor.
1423 4814 1703 4870 Possidete
1725 4822 1925 4870 terram

320 4911 534 4952 eorum.
581 4918 603 4946 ι
654 4906 707 4953 et
729 4899 854 4965 rel.,
890 4899 945 4953 id
993 4909 1076 4955 est
1105 4901 1262 4956 bonis
1309 4903 1552 4958 moribus
1601 4919 1700 4960 vos
1727 4904 1925 4975 dignos

320 5001 432 5055 qua
460 4986 778 5043 haereditate
807 4987 987 5058 facite,
1021 5006 1144 5044 nam
1173 4990 1282 5061 ipsi
1305 4991 1537 5047 libenter
1565 4993 1926 5064 possederunt

317 5087 457 5128 eam.
493 5074 718 5144 Mystice
743 5083 923 5130 autem
971 5079 1174 5149 p0pulo
1204 5077 1350 5134 ﬁdeli
1399 5081 1710 5152 praecipitur
1739 5089 1797 5137 ut
1825 5091 1926 5138 ter-

317 5177 435 5214 ram
466 5162 746 5231 Ecclesiae,
781 5181 904 5236 quae
929 5165 1147 5222 diabolo
1194 5176 1246 5223 et
1286 5169 1560 5223 erroribus
1587 5170 1811 5226 liberata
1842 5178 1924 5225 est

311 5265 414 5322 per
443 5250 736 5322 Christum,
768 5261 954 5309 sancta
991 5256 1402 5313 conversatione
1431 5258 1672 5314 incolant
1701 5267 1755 5315 et
1785 5275 1923 5315 con-

248 5388 251 5389 .
316 5347 555 5395 servent.
611 5362 633 5390 ε
683 5342 908 5396 Terram
953 5343 1247 5412 ﬂuentum,
1283 5367 1305 5396 ι
1337 5347 1391 5401 id
1423 5355 1506 5403 est
1533 5349 1921 5404 redundantem

313 5427 463 5482 omni
491 5427 780 5486 dulcedine
815 5446 827 5499 ;
861 5431 1103 5486 omnium
1150 5433 1293 5488 enim
1326 5435 1571 5490 ciborum
1601 5437 1692 5506 qui
1723 5451 1923 5508 paran-

311 5523 416 5582 tur,
449 5516 539 5573 lac
565 5525 621 5572 et
654 5519 765 5574 mel
790 5517 1047 5576 facillime
1095 5530 1374 5593 parantur.
1405 5524 1466 5578 In
1498 5524 1693 5596 quibus
1733 5524 1812 5580 eis
1840 5525 1923 5582 in-

306 5606 422 5660 nuit
476 5607 623 5678 quod
653 5607 701 5662 si
744 5617 1020 5681 praecepta
1065 5610 1182 5679 ejus
1230 5613 1612 5681 custodirent,
1662 5613 1780 5670 sine
1810 5615 1922 5673 ullo

306 5693 500 5758 labore
526 5737 544 5772 ,
594 5711 722 5756 cum
767 5697 918 5757 omni
957 5699 1294 5772 jucunditate
1353 5709 1553 5762 terram
1596 5703 1922 5777 promissam

1949 4509 2000 4570 D

2634 1956 2861 2012 CAPUT
2888 1956 3042 2012 XXI.

2123 2151 2145 2180 α
2180 2130 2302 2186 Νοιι
2342 2132 2736 2189 contaminetur
2791 2132 3046 2189 sacerdos
3077 2133 3132 2188 in
3151 2133 3414 2189 mortibus
3445 2131 3646 2190 civium

2047 2234 2289 2275 suorum.
2328 2242 2350 2270 ι
2396 2222 2663 2278 Dominus
2694 2222 2837 2278 enim
2868 2223 2940 2277 ad
2968 2222 3225 2278 Ezechiel
3252 2222 3494 2294 loquitur
3520 2238 3646 2279 cum

2047 2305 2105 2378 [f.
2136 2308 2225 2380 de]
2253 2309 2507 2365 omnibus
2547 2311 2923 2367 sacerdotibus
2969 2311 3157 2368 dicens
3191 2329 3203 2366 :
3241 2333 3263 2361 κ
3321 2311 3645 2382 Speculato-

2045 2411 2160 2452 rem
2187 2397 2315 2453 dedi
2335 2405 2386 2454 te
2416 2398 2604 2454 domui
2650 2399 2819 2455 Israel
2851 2416 2865 2453 :
2899 2399 2944 2454 si
2973 2415 3080 2454 non
3111 2399 3519 2454 annuntiaveris
3544 2399 3646 2456 im-

2041 2485 2134 2556 pio
2178 2485 2518 2558 iniquitatem
2565 2504 2740 2553 suam,
2773 2488 2829 2542 in
2885 2489 3124 2560 peccatis
3174 2488 3288 2543 suis
3343 2487 3644 2556 morietur;

2044 2575 2366 2645 sanguinem
2396 2592 2529 2632 vero
2560 2577 2678 2646 ejus
2696 2576 2764 2632 de
2781 2593 2944 2632 manu
2965 2585 3058 2632 tua
3079 2577 3347 2648 requiram
3372 2597 3394 2626 »
3416 2577 3640 2646 (Ezech.

2042 2665 2276 2734 χχχιιι),
2311 2672 2416 2720 etc.
2447 2665 2539 2721 Sic
2567 2666 2877 2737 praecipitur
2912 2665 3186 2738 magistris
3219 2682 3287 2720 ne
3320 2665 3375 2719 in
3402 2663 3641 2736 peccatis

2043 2751 2240 2808 civium
2267 2769 2490 2810 suorum
2520 2755 2844 2825 polluantur.
2884 2776 2905 2805 ‹
2939 2755 3056 2810 Nisi
3083 2762 3291 2829 tantum
3318 2754 3374 2809 in
3404 2770 3642 2810 consan—

2041 2842 2276 2912 guineis,
2311 2863 2333 2893 ι
2370 2851 2474 2898 etc.
2510 2843 2667 2914 Saepe
2697 2844 2882 2900 evenit
2909 2852 2967 2897 ut
2995 2843 3323 2915 aliquispost
3339 2859 3525 2899 rerum
3551 2842 3643 2898 ad-

2038 2930 2936 3000 ministrationemdomesticarum
2956 2933 3026 2987 ad
3047 2931 3410 2988 sacerdotium
3427 2946 3641 3003 promo-

2038 3026 2243 3073 veatur.
2276 3020 2386 3076 Sed
2410 3019 2533 3092 quia
2563 3019 2696 3075 illud
2726 3021 3057 3076 consortium
3085 3020 3368 3092 conjugale
3395 3035 3507 3076 non
3534 3035 3641 3092 po-

2038 3114 2144 3162 test
2177 3107 2295 3164 sine
2339 3109 2552 3179 peccati
2593 3109 2921 3166 admixtione
2951 3110 3155 3176 haberi,
3188 3108 3515 3182 permittitur
3543 3124 3638 3165 sa-

2038 3196 2234 3251 cerdos
2256 3195 2547 3268 fragilitate
2584 3197 2774 3269 pollui,
2795 3199 2851 3253 id
2880 3206 2963 3253 est
2984 3213 3168 3254 curam
3202 3196 3514 3254 necessario
3529 3197 3632 3252 ad-

2031 3285 2345 3354 junctarum
2363 3303 2526 3358 agere
2537 3303 2891 3358 personarum
2906 3305 2921 3342 :
2935 3287 3025 3344 ubi
3042 3287 3150 3353 vix,
3169 3294 3226 3342 ut
3246 3286 3500 3356 diximus,
3521 3300 3627 3358 pec

2037 3383 2158 3430 cato
2186 3383 2465 3431 careretur
2487 3420 2500 3442 ,
2564 3392 2674 3431 non
2712 3377 2859 3449 quod
2891 3376 3111 3447 nuptias
3143 3375 3512 3442 detestemur,
3536 3374 3636 3432 sed

2037 3463 2182 3535 quod
2199 3464 2482 3537 originalis
2501 3465 2729 3521 macula:
2762 3465 2997 3520 sciamus
3017 3481 3118 3520 nos
3134 3464 3358 3520 faecibus
3378 3463 3635 3520 irretitos.

2033 3552 2264 3608 Jubetur
2279 3553 2442 3618 enim,
2461 3553 2760 3609 secundum
2775 3554 3115 3624 Apostolum,
3131 3553 3177 3607 is
3197 3554 3288 3626 qui
3303 3553 3639 3609 ordinandus

2037 3649 2137 3707 est,
2161 3641 2300 3696 bene
2333 3658 2569 3712 praeesse
2606 3641 2790 3696 domui
2824 3658 2936 3697 suae
2968 3640 3109 3696 filios
3139 3642 3342 3697 habere
3377 3641 3628 3712 pudicos,

2035 3730 2406 3786 testimonium
2419 3731 2619 3786 habere
2641 3731 2711 3784 ab
2741 3730 2828 3786 his
2858 3730 2980 3802 quis
3001 3729 3133 3785 foris
3149 3737 3274 3784 sunt
3287 3729 3339 3799 (I
3371 3731 3510 3784 Tim.
3531 3729 3635 3800 ιιι).

2041 3839 2063 3869 ι
2100 3819 2209 3875 Sed
2239 3835 2341 3875 nec
2389 3819 2446 3874 in
2485 3819 2729 3890 principe
2771 3818 2957 3890 populi
2985 3819 3070 3874 sui
3096 3816 3570 3886 contaminabitur,
3609 3836 3634 3868 ι

2035 3906 2090 3962 id
2120 3915 2222 3973 est,
2255 3924 2324 3962 ne
2355 3907 2435 3962 eis
2481 3907 2754 3963 adulando
2795 3906 3032 3979 peccatis
3073 3923 3264 3963 eorum
3311 3905 3634 3962 consentiat.

2041 4017 2062 4046 α
2122 3997 2244 4051 Νοιι
2284 3996 2474 4052 radent
2529 4004 2690 4068 caput
2745 4003 2797 4052 et
2853 3996 3138 4063 barbam,»
3194 3995 3250 4051 id
3294 4003 3395 4064 est,
3429 4009 3538 4051 non
3566 3993 3638 4051 ad

2033 4085 2480 4141 consentiendum
2534 4084 2772 4157 peccatis
2828 4084 3183 4157 cogitationes
3228 4083 3425 4140 mentis
3469 4083 3639 4142 decli-

2033 4187 2182 4236 nent.
2201 4181 2262 4236 In
2293 4181 2460 4235 barba
2479 4180 2643 4236 animi
2673 4180 2916 4252 vigorem
2948 4181 3064 4236 sive
3105 4180 3440 4238 intellectum
3480 4179 3634 4238 acci-

2031 4277 2230 4348 pimus.
2275 4279 2355 4334 De
2414 4279 2497 4332 his
2553 4278 2798 4334 similiter
2824 4277 3234 4350 accipiendum,
3267 4279 3407 4334 sicut
3435 4279 3505 4333 de
3533 4293 3633 4335 co-

2031 4367 2380 4436 gitationibus
2409 4368 2848 4438 praenotavimus.
2887 4389 2909 4418 α
2943 4368 3135 4440 Neque
3154 4367 3209 4424 in
3238 4366 3492 4423 carnibus
3520 4365 3634 4422 suis

2032 4453 2230 4511 facient
2276 4455 2561 4526 incisuras,
2595 4456 2652 4510 id
2685 4464 2786 4522 est,
2828 4456 2883 4510 in
2909 4456 3018 4511 vita
3064 4471 3164 4511 sua
3208 4471 3315 4511 non
3363 4455 3631 4526 patiantur

2030 4544 2365 4601 scandalum.
2395 4567 2417 4596 α
2453 4547 2740 4602 Incensum
2773 4544 2918 4600 enim
2959 4544 3197 4611 Domini,
3249 4565 3271 4594 ι
3305 4543 3362 4599 id
3392 4551 3475 4600 est
3503 4559 3631 4601 ora-

2025 4633 2219 4701 tiones,
2256 4655 2278 4685 α
2313 4641 2366 4689 et
2399 4649 2589 4705 pones,
2632 4654 2654 4684 ι
2689 4633 2742 4688 id
2777 4641 2860 4687 est
2899 4632 3106 4686 hostias
3153 4631 3348 4700 laudis,
3390 4631 3629 4690 offerunt

2023 4722 2159 4778 Deo.
2198 4743 2220 4772 ι
2257 4722 2510 4777 Scortum
2539 4730 2592 4777 et
2625 4721 2732 4776 vile
2769 4721 3129 4792 prostibulum
3158 4737 3266 4777 non
3297 4721 3459 4778 ducet
3486 4737 3628 4777 uxo-

2023 4827 2162 4878 rem,
2200 4831 2222 4860 ιι
2258 4811 2312 4866 id
2349 4819 2449 4879 est,
2483 4810 2754 4866 haereticis
2783 4818 2838 4866 et
2865 4810 3097 4881 paganis
3136 4826 3245 4866 non
3284 4811 3624 4878 miscebitur,

2022 4915 2123 4955 nec
2163 4900 2496 4971 repudiatam
2516 4941 2529 4968 ,
2560 4899 2611 4953 id
2648 4909 2748 4965 est,
2799 4899 3144 4972 Synagogam
3186 4899 3568 4970 superstitione
3596 4913 3633 4954 a

2023 4987 2238 5043 Christo
2257 4988 2521 5056 dejectam
2551 4987 2864 5044 imitabitur.
2905 5009 2928 5038 α
2958 4987 3270 5044 Sacerdotis
3298 4986 3425 5058 filia,
3460 4987 3507 5042 si
3534 4987 3628 5044 de-

2021 5078 2290 5148 prehensa
2322 5076 2481 5133 fuerit
2514 5077 2568 5132 in
2599 5086 2851 5148 stupro,»
2875 5083 2928 5132 et
2946 5076 3152 5148 reliqua
3171 5077 3368 5133 Anima
3397 5077 3626 5147 alicujus

2023 5165 2269 5235 subjecti,
2290 5165 2336 5220 si
2356 5167 2411 5220 in
2447 5182 2687 5221 errorem
2717 5165 2996 5231 ceciderit,
3029 5167 3361 5236 paenitentiae
3389 5167 3625 5222 flammis

2021 5263 2298 5326 purgatur,
2333 5255 2420 5310 vel
2450 5257 2716 5327 gehennae
2745 5255 3001 5310 exuritur.
3035 5277 3056 5304 ε
3122 5255 3366 5312 Pontifex
3387 5299 3400 5324 ,
3442 5257 3498 5312 id
3539 5262 3623 5311 est

2024 5343 2279 5398 sacerdos
2308 5344 2574 5398 maximus
2594 5345 2734 5400 inter
2755 5343 3000 5410 fratres,»
3035 5352 3088 5400 et
3116 5345 3342 5417 reliqua.
3375 5345 3621 5401 Christus

2022 5432 2262 5504 pontifex
2289 5441 2541 5503 aeternus,
2578 5434 2670 5506 qui
2710 5441 2904 5490 unctus
2939 5441 3020 5489 est
3052 5434 3252 5505 Spiritu
3291 5442 3478 5489 sancto
3508 5447 3621 5502 prae

2024 5522 2275 5577 omnibus
2307 5522 2526 5580 sanctis.
2567 5545 2588 5573 α
2608 5523 2769 5592 Cujus
2800 5540 2990 5579 manus
3003 5531 3332 5579 consecratae
3363 5529 3538 5587 sunt,»
3564 5519 3620 5574 id

2022 5619 2105 5665 est
2132 5611 2188 5666 in
2219 5627 2379 5668 cruce
2407 5627 2508 5684 pro
2538 5621 2722 5668 nostra
2749 5611 3132 5684 justificatione
3159 5619 3415 5666 extensae.
3454 5630 3476 5658 α
3510 5608 3619 5665 Ve-

2022 5699 2286 5774 stitusque
2339 5709 2423 5759 est
2482 5701 2682 5762 sanctis
2727 5701 2989 5770 vestibus,
3050 5725 3073 5752 »
3108 5700 3164 5755 in
3198 5706 3342 5757 coetu
3399 5706 3618 5758 sancto-
