3998 6188
389 313 492 368 83B

990 309 1395 368 WALAFRIDI
1432 308 1678 366 STRABI
1721 307 1919 366 FULD.
1952 303 2126 366 MON.
2163 305 2317 365 OPP.
2356 307 2536 365 PARS
2565 308 2608 364 ι.
2640 326 2712 352 -'-
2739 305 3213 366 THEOLOGICA.

3591 311 3701 363 836

388 452 530 490 rum.
568 457 589 484 ι
621 433 792 505 Caput
830 450 952 490 sum
987 451 1096 490 non
1125 434 1509 506 disc00periet,
1550 457 1571 483 ιι
1601 433 1654 488 id
1685 441 1769 489 est
1796 432 1992 490 divini-
2019 433 2370 494 Amunditia.
2406 453 2429 484 ιι
2463 433 2545 489 De
2566 433 2652 488 his
2680 432 2936 490 videlicet
2963 450 3085 506 quae
3115 430 3368 506 superius
3383 429 3553 487 relata
3569 438 3703 486 sunt

390 532 552 578 tatem
592 539 746 578 suam
767 539 877 579 non
903 523 1152 595 deturpet
1184 541 1198 578 :
1232 523 1549 580 honorificat
1591 524 1738 580 enim
1776 524 1984 579 Patrem

389 611 704 667 humanitati
751 612 1043 681 subjectus,
1106 611 1382 666 divinitate
1431 613 1672 684 aequalis.
1715 636 1736 663 α
1799 612 1982 669 Vesti-

392 709 630 757 mentum
662 716 769 756 non
801 699 1029 767 scindet,
1070 723 1090 749 ιι
1127 700 1181 754 id
1211 708 1292 756 est
1318 701 1619 757 Ecclesiam
1648 717 1758 758 non
1784 703 1984 774 patitur

391 789 583 846 scindi.
621 811 642 838 α
669 789 752 844 Ad
770 805 986 844 omnem
1004 798 1276 844 mortuum
1305 806 1416 846 non
1435 791 1792 864 ingredietur,
1818 811 1840 842 ιι
1861 791 1983 847 nul-

384 877 489 932 lius
518 877 661 934 enim
690 878 897 949 peccati
926 878 1201 950 particeps
1248 879 1364 934 fuit.
1406 903 1427 929 ιι
1463 881 1638 950 Super
1665 889 1819 952 patre
1847 896 1982 952 quo-

386 983 490 1038 que
515 974 568 1022 et
595 974 790 1034 matre,
829 989 850 1015 ιι
885 967 942 1021 id
987 975 1067 1022 est
1095 985 1261 1039 super
1300 968 1502 1040 populo
1517 969 1741 1025 Judaico
1761 977 1814 1025 et
1834 971 1979 1041 Syn-

384 1070 578 1128 agoga.
618 1055 772 1112 «Nec
793 1056 1104 1129 egredietur
1131 1057 1200 1112 de
1232 1057 1449 1125 sanctis,
1486 1080 1507 1108 ιι
1539 1059 1595 1113 id
1615 1066 1697 1113 est
1716 1059 1786 1115 de
1806 1059 1978 1114 Patris

382 1143 677 1211 voluntate,
718 1167 738 1194 ιι
772 1161 841 1201 ne
871 1145 1075 1217 polluat
1105 1147 1490 1217 sanctuarium,
1530 1169 1550 1197 ιι
1583 1147 1641 1202 id
1670 1155 1753 1202 est
1787 1148 1978 1204 Eccle-

384 1231 519 1287 siam
547 1233 633 1289 vel
661 1249 860 1305 corpus
892 1251 1064 1306 suam,
1095 1236 1241 1307 quod
1269 1235 1490 1290 omnino
1521 1253 1631 1291 non
1662 1236 1836 1292 facim
1863 1237 1980 1293 Vir-

383 1321 567 1393 ginem
589 1323 746 1378 ducet
761 1339 1004 1391 uxorem,
1036 1347 1056 1371 ιι
1085 1324 1171 1378 cui
1202 1325 1491 1395 Apostolus
1519 1325 1592 1379 ait
1615 1344 1629 1380 :
1654 1348 1675 1376 ιι
1698 1327 1977 1397 Despondi

383 1411 527 1466 enim
557 1427 656 1468 vos
685 1411 780 1466 uni
822 1411 940 1467 viro
979 1411 1250 1484 virginem
1277 1421 1478 1468 castam
1526 1415 1781 1471 exhibere
1814 1415 1974 1471 Chri-

383 1507 486 1556 sto.
522 1523 543 1550 ιι
578 1531 648 1542 --
678 1500 906 1555 Viduam
952 1508 1004 1556 et
1052 1501 1386 1572 repudiatam
1429 1511 1482 1558 et
1524 1504 1870 1560 meretricem
1896 1547 1910 1572 ,
1946 1527 1968 1554 ιι

382 1595 435 1644 et
462 1589 586 1657 rel.,
618 1589 672 1643 id
701 1596 784 1644 est
811 1589 1160 1662 Synagogam
1183 1599 1234 1646 et
1275 1591 1594 1662 paganicam
1633 1593 1972 1664 superstitio-

382 1694 543 1745 nem;
571 1700 594 1730 ‹
613 1679 709 1733 sed
739 1679 973 1749 puellam
990 1679 1057 1734 de
1078 1680 1278 1750 populo
1309 1697 1427 1748 suo,
1467 1704 1488 1730 ιι
1524 1681 1578 1737 id
1609 1691 1710 1753 est,
1745 1699 1969 1755 regene-

383 1775 550 1822 ratam
579 1776 743 1840 atqua
769 1767 1107 1838 baptismatis
1139 1769 1440 1824 Ecclesiam
1471 1771 1538 1826 de
1571 1771 1972 1828 universalitate
2000 1796 2054 1855 Β

382 1856 651 1930 gentium.
702 1857 967 1927 Pupulum
998 1874 1154 1911 suum
1182 1857 1329 1924 dicit,
1380 1859 1503 1929 quia
1530 1861 1674 1914 unde
1712 1861 1876 1916 homo
1905 1869 1991 1918 est

385 1959 546 2000 omne
575 1945 867 1999 humanum
898 1961 1075 2017 genus
1121 1945 1272 2016 quasi
1327 1955 1615 2018 cognatum
1656 1948 1835 2004 habet.
1868 1951 1985 2007 Nec

387 2033 608 2089 omnino
626 2033 855 2088 misceat
867 2034 1092 2104 stirpem
1124 2033 1346 2106 generis
1366 2035 1469 2098 sui,
1500 2057 1521 2084 ιι
1538 2044 1589 2090 et
1618 2037 1846 2108 reliqua.
1862 2039 1983 2095 Non

384 2121 528 2176 enim
573 2122 816 2176 membra
878 2139 972 2176 sua
1019 2139 1142 2176 cum
1197 2123 1378 2192 pravis
1437 2123 1658 2180 misceri
1701 2127 1980 2197 permittit.

385 2211 513 2266 Haec
534 2210 601 2266 de
635 2210 849 2266 Christo
880 2210 1060 2282 potius
1090 2213 1408 2282 prophetata
1426 2230 1585 2282 quam
1600 2214 1751 2283 jussa
1789 2215 1984 2271 intelli-

385 2315 596 2372 gamus,
627 2307 686 2354 ut
710 2300 825 2356 haec
853 2299 1036 2354 omnia
1065 2300 1329 2356 veraciter
1357 2300 1669 2372 implentem
1699 2313 1984 2375 patronum

384 2397 679 2452 habeamus
711 2415 726 2452 :
765 2420 786 2446 α
823 2395 927 2465 Qui
958 2397 1204 2452 habuerit
1233 2399 1501 2455 maculam
1530 2417 1640 2457 non
1670 2400 1862 2458 offerat
1890 2421 1986 2476 pa-

383 2502 483 2541 nes
513 2487 651 2552 Deo,
684 2507 705 2534 ιι
739 2485 795 2540 id
824 2493 924 2551 est,
960 2485 1053 2558 qui
1079 2487 1398 2543 maculatam
1421 2489 1580 2546 habet
1595 2491 1984 2548 conscientiam

381 2571 451 2630 de
479 2574 753 2646 mysteriis
783 2575 999 2630 Domini
1030 2591 1137 2631 non
1170 2584 1363 2633 tractet
1393 2579 1689 2636 audaciter.
1728 2603 1749 2630 ιι
1787 2581 1843 2637 Si
1870 2599 1981 2639 caa-

381 2677 478 2719 cus
501 2662 678 2731 fuerit,
713 2685 734 2713 »
769 2662 824 2717 id
855 2671 937 2718 est
958 2664 1202 2721 scientiae
1229 2665 1416 2722 lumen
1445 2685 1554 2724 non
1587 2670 1834 2737 habens;
1874 2691 1898 2723 α
1933 2670 1981 2725 si

381 2752 624 2822 claudus,
662 2774 683 2802 ιι
721 2751 773 2806 id
791 2759 873 2807 est
894 2752 948 2807 in
968 2755 1257 2825 mandatis,
1281 2757 1497 2812 Domini
1527 2774 1635 2813 non
1668 2759 1807 2814 bene
1833 2759 1983 2815 ince-

379 2841 517 2897 dens
553 2859 566 2895 :
605 2863 626 2890 α
662 2841 708 2896 si
736 2858 908 2912 parvo
940 2843 1025 2898 vel
1047 2844 1243 2916 grandi
1273 2845 1360 2900 vel
1391 2853 1530 2901 torto
1563 2863 1718 2914 naso,
1757 2871 1777 2897 ιι
1812 2847 1865 2902 id
1898 2857 1982 2904 est

379 2931 593 2986 modica
615 2929 940 2986 discretione
970 2931 1055 2986 vel
1085 2931 1250 2987 nimia
1276 2943 1329 2988 et
1357 2951 1652 3005 pervorsa;
1694 2959 1715 2987 ιι
1743 2937 1788 2990 si
1810 2936 1980 2993 fracto

383 3019 546 3090 pede,
587 3041 608 3069 ιι
643 3019 698 3073 id
756 3027 838 3074 est
887 3035 995 3074 non
1025 3029 1170 3076 recte
1201 3021 1461 3078 incedens
1492 3024 1546 3078 in
1577 3025 1666 3079 via
1709 3025 1848 3093 Dei;
1877 3046 1900 3075 ιι
1935 3025 1982 3081 si

378 3125 564 3173 manu,
606 3131 626 3157 ιι
661 3107 717 3162 id
748 3115 833 3162 est
881 3124 1044 3178 opere
1074 3119 1361 3180 corrupto;
1400 3134 1421 3162 ιι
1448 3112 1494 3166 si
1523 3112 1741 3185 gibbus,
1772 3113 1865 3169 nid
1896 3122 1978 3169 est

380 3197 624 3268 pondere
644 3203 992 3268 peccatorum
1022 3212 1321 3268 Oppressus
1358 3219 1371 3266 ;
1403 3223 1423 3249 ιι
1460 3200 1505 3254 si
1535 3201 1732 3273 lippus,
1777 3224 1796 3251 ιι
1824 3202 1880 3258 id
1898 3212 1978 3258 est

378 3285 633 3339 mandata
663 3284 880 3338 Domini
923 3284 1134 3352 videns,
1171 3287 1269 3341 sed
1316 3303 1426 3344 non
1457 3290 1640 3362 dignis
1673 3308 1977 3364 exsequens

382 3373 626 3440 actibus;
657 3395 677 3423 ιι
701 3373 746 3426 si
759 3372 1073 3446 albuginem
1107 3375 1272 3431 habet
1305 3376 1359 3430 in
1387 3379 1564 3449 oculo,
1603 3403 1624 3428 ιι
1657 3380 1710 3434 id
1743 3389 1824 3436 est
1851 3381 1978 3436 obs-

377 3471 626 3519 curatum
641 3462 822 3517 lumen
838 3462 1220 3532 scientiarum;
1254 3487 1276 3516 ιι
1296 3465 1344 3521 si
1361 3467 1553 3541 jugem
1573 3469 1831 3538 scabiem,
1863 3490 1885 3520 ιι
1922 3470 1978 3525 id

379 3559 462 3608 est
489 3551 672 3608 carnis
700 3550 1052 3622 petulantiam
1086 3571 1099 3619 ;
1139 3573 1163 3604 ιι
1213 3554 1260 3608 si
1304 3555 1700 3629 impetiginem,
1726 3581 1746 3607 ιι
1793 3559 1847 3613 id
1895 3566 1979 3615 est

377 3640 695 3708 avaritiam;
733 3663 754 3690 ιι
803 3641 890 3696 vel
951 3641 1263 3710 herniosus,
1295 3666 1316 3692 ιι
1347 3645 1402 3700 id
1430 3655 1510 3700 est
1540 3647 1738 3702 mentis
1773 3664 1974 3719 super-

377 3729 500 3784 iluis
528 3738 804 3802 gravatus.
860 3730 1382 3801 Comprehendenda
1412 3735 1575 3790 habet
1619 3736 1734 3792 haec
1765 3736 1892 3792 vitia
1923 3736 1978 3791 in

379 3828 714 3884 duodenario
755 3844 1003 3897 numero,
1033 3837 1090 3883 ut
1149 3832 1403 3887 ostendat
1450 3834 1629 3888 omnia
1670 3835 1979 3906 apostolicae

380 3917 471 3972 illa
498 3933 621 3973 esse
649 3917 914 3973 doctrinae
949 3919 1235 3974 contraria.
1271 3919 1373 3989 Qui
1417 3938 1549 3996 ergo
1578 3939 1638 3978 se
1675 3924 1981 3992 hujusmodi

391 4015 621 4071 maculis
662 4022 947 4070 oneratum
975 4016 1308 4085 meminerit,
1340 4036 1450 4075 non
1480 4022 1704 4076 damnet
1745 4022 1985 4094 seipsum

384 4129 582 4184 corpus
603 4119 656 4168 et
676 4111 1002 4185 sanguinem
1019 4110 1235 4166 Domini
1253 4109 1770 4183 sumendoindigne.
1802 4133 1823 4160 α
1846 4112 1980 4166 Ves-

378 4218 530 4268 cetur
557 4217 737 4265 tamen
767 4209 1016 4281 panibus,
1047 4215 1078 4259 ‘»
1133 4217 1187 4266 et
1223 4208 1342 4274 rel.,
1371 4207 1426 4262 id
1449 4216 1550 4276 est,
1573 4208 1702 4264 licet
1734 4209 1855 4264 talis
1889 4210 1974 4280 sit,

376 4300 684 4374 praebeatur
714 4307 894 4354 tamen
925 4299 976 4354 ei
1007 4298 1269 4354 doctrina:
1311 4296 1606 4368 spiritualis
1633 4298 1976 4370 alimentum,

377 4398 436 4446 ut
465 4389 760 4461 aliquando
793 4387 1097 4458 resipiscat.
1117 4410 1139 4438 ιι
1174 4387 1315 4441 Intra
1347 4386 1524 4441 velum
1557 4403 1666 4442 non
1695 4387 1982 4459 ingredia-

377 4483 480 4545 tur,
515 4496 536 4522 ιι
572 4473 658 4530 vel
689 4473 743 4527 in
764 4471 1206 4529 reconciliatione
1237 4487 1344 4527 non
1376 4470 1530 4526 facile
1562 4471 1864 4545 inducatur,
1884 4473 1970 4530 vel

373 4562 432 4617 in
460 4561 844 4634 mysteriorum
874 4561 1228 4632 apertionem,
1261 4560 1349 4618 vel
1397 4559 1706 4633 ingressum
1736 4561 1837 4615 sibi
1882 4579 1969 4618 re-

374 4651 469 4722 gni
517 4651 753 4706 cmlestis
779 4667 890 4705 non
942 4651 1232 4722 promittat,
1269 4649 1396 4721 quia
1450 4649 1586 4704 nihil
1634 4649 1969 4708 immundum

373 4738 502 4795 illuc
528 4739 767 4795 intrabit.
808 4762 830 4789 ιι
867 4739 1245 4796 Contaminare
1272 4732 1382 4794 non
1415 4739 1576 4794 debet
1607 4739 1970 4794 sanctuarium

372 4846 578 4897 meum,
617 4850 640 4880 ιι
673 4828 897 4901 indigne
928 4829 1032 4883 sibi
1063 4838 1252 4884 sancta
1294 4836 1537 4899 usurpat.
1569 4850 1590 4877 α
1625 4829 1858 4884 Locutus
1888 4837 1970 4885 est

373 4935 509 4996 ergo
528 4911 744 4991 Moyses
773 4919 842 4974 ad
871 4921 1071 4985 Aaron,
1101 4942 1121 4966 »
1159 4926 1212 4973 et
1242 4917 1468 4990 reliqua.
1494 4917 1702 4973 [ndicat
1728 4917 1813 4973 lex
1844 4935 1968 4974 om-

370 5006 462 5062 nia
490 5009 747 5064 mandata
774 5007 993 5065 Domini
1023 5007 1414 5076 sacerdotibus,
1448 5022 1573 5064 cum
1601 5006 1748 5063 omni
1767 5008 1970 5080 pOpulo

375 5095 702 5154 Christiano.

940 5249 1164 5307 CAPUT
1181 5248 1377 5322 .xxn.

447 5467 470 5498 ι
501 5445 571 5502 Ut
601 5448 833 5500 caveant
861 5441 927 5496 ab
957 5443 1042 5497 his
1073 5461 1192 5515 quae
1221 5441 1554 5500 sanctiﬁcata
1583 5450 1728 5510 sunt,
1757 5463 1780 5493 ιι
1815 5441 1871 5498 id
1892 5448 1976 5498 est

370 5543 525 5592 caute
557 5540 802 5590 tractent.
836 5533 1024 5603 Aperit
1053 5541 1232 5589 autem
1264 5542 1386 5604 post
1405 5534 1682 5605 paululum
1713 5531 1845 5604 quid
1875 5548 1975 5588 ca-

369 5625 603 5681 vendum
650 5621 1040 5695 praemonuerit
1073 5639 1086 5676 :
1115 5644 1139 5673 ιι
1193 5621 1384 5677 Omnis
1422 5624 1607 5690 homo,
1639 5622 1849 5692 dicens,
1884 5621 1978 5692 qui

370 5711 664 5771 accesserit
683 5712 754 5770 de
790 5712 960 5785 stirpe
991 5719 1197 5782 vestra,
1224 5730 1248 5765 ι
1273 5727 1447 5784 usque
1488 5733 1512 5764 ιι
1545 5711 1603 5768 in
1628 5726 1738 5784 quo
1764 5717 1850 5768 est
1876 5709 1980 5768 im-

2085 538 2230 578 nunc
2260 521 2390 578 facit
2431 523 2962 579 rememorationem.
3003 522 3176 579 Nobis
3206 537 3422 595 quoque
3443 536 3697 576 summo-

2082 627 2212 683 pere
2249 611 2638 668 advertendum
2681 620 2864 668 estne
2894 611 3119 688 indigne
3178 611 3436 683 mysteria
3495 609 3697 664 Christi

2086 699 2486 773 contingamus.
2563 721 2586 752 ιι
2633 701 2704 756 Et
2752 716 2863 757 non
2910 700 3282 757 contaminent
3311 714 3510 755 nomen
3559 715 3694 754 san-

2085 787 2463 856 ctiﬁcatorum,
2491 808 2514 840 ιι
2547 796 2602 846 et
2627 788 2858 862 reliqua.
2887 789 3229 845 Contaminat
3257 787 3449 844 hostia:
3467 803 3690 853 nomen,

2085 877 2177 948 qui
2203 876 2350 933 illam
2379 878 2604 948 indigne
2627 876 2808 948 oﬂ'ert,
2840 893 2948 934 non
2981 877 3277 935 secundum
3307 877 3425 946 ejus
3446 876 3693 950 dignita—

2084 971 2214 1022 tem.
2249 987 2272 1016 ιι
2306 965 2410 1034 Qui
2451 965 2609 1022 fuerit
2650 964 2903 1038 leprosus
2931 975 3022 1021 aut
3048 964 3260 1038 patiens
3290 965 3496 1020 ﬂuxum
3525 965 3695 1020 semi-

2082 1053 2190 1122 nis,
2215 1074 2238 1105 ιι
2273 1062 2327 1111 et
2362 1052 2463 1111 rel.
2498 1055 2798 1111 Haareticus
2814 1055 3068 1128 vitiisque
3088 1055 3340 1123 variatus,
3375 1061 3428 1110 et
3453 1053 3547 1126 qui
3575 1053 3690 1110 for-

2082 1141 2344 1198 nicationi
2389 1151 2442 1200 et
2510 1144 2717 1200 carnali
2773 1144 2998 1201 inservit
3051 1143 3330 1216 voluptati,
3373 1159 3484 1199 non
3537 1142 3692 1214 prius

2083 1231 2451 1289 communicet
2495 1249 2657 1305 quam
2704 1249 2803 1305 per
2828 1233 3206 1306 paenitentiam
3253 1240 3488 1289 sanetur.
3526 1253 3549 1282 (
3585 1229 3693 1299 Qui

2085 1321 2324 1394 tetigerit
2351 1322 2686 1378 immundum
2734 1339 2902 1394 super
2945 1330 3176 1393 mortuo,
3213 1343 3236 1374 ι
3269 1331 3322 1379 et
3374 1321 3500 1390 rel.,
3528 1319 3586 1375 id
3610 1327 3695 1374 est

2081 1411 2139 1469 in
2183 1410 2366 1482 aliquo
2412 1411 2674 1483 polluitur
2711 1411 3028 1479 morticine;
3059 1411 3131 1467 de
3178 1411 3375 1482 quibus
3432 1408 3694 1481 superius

2058 1497 2315 1568 .pleniter
2367 1499 2568 1556 dictum
2615 1508 2717 1556 est.
2764 1500 2988 1572 Mystice
3017 1507 3216 1570 autem,
3249 1499 3691 1556 communionem

2082 1588 2292 1658 peccati
2323 1589 2504 1645 varius
2535 1589 2622 1646 hic
2668 1597 2840 1645 tactus
2869 1590 3234 1645 immodorum
3263 1589 3538 1662 designat,
3572 1587 3692 1660 qui-

2085 1677 2188 1732 bus
2217 1677 2309 1750 qui
2329 1678 2603 1750 polluitur,
2642 1700 2664 1729 ιι
2699 1679 3011 1734 immundus
3041 1686 3143 1749 est,
3170 1700 3194 1729 ιι
3217 1695 3388 1750 usque
3409 1678 3477 1733 ad
3497 1676 3689 1749 exple-

2084 1774 2195 1821 tam
2215 1767 2626 1838 paenitentiam;
2669 1768 2766 1823 sed
2806 1785 2928 1824 cum
2978 1768 3167 1824 laverit
3213 1783 3430 1824 carnem
3451 1782 3628 1837 suam,
3661 1787 3684 1818 ι

2088 1855 2142 1910 id
2173 1863 2252 1910 est
2285 1857 2621 1912 mundaverit
2666 1857 3070 1925 conscientiam,
3103 1865 3157 1912 et
3183 1864 3472 1928 postquam
3516 1877 3540 1907 ι
3589 1871 3689 1912 oc-

2087 1945 2332 1999 cubuerit
2361 1943 2462 2010 sol,
2501 1966 2523 1995 ιι
2558 1945 2613 2000 id
2643 1954 2726 2001 est
2755 1954 2987 2016 peracta}
3013 1945 3345 2016 poenitentiae
3375 1943 3560 2000 fervor
3588 1960 3686 2000 ex-

2088 2041 2343 2103 superat,
2382 2041 2508 2090 tunc
2531 2033 2664 2103 jam,
2711 2034 2759 2090 si
2777 2034 2990 2107 integre
3030 2035 3099 2090 sit
3123 2035 3435 2100 mundatus,
3459 2033 3689 2090 licenter

2087 2121 2431 2177 sanctiﬁcatis
2459 2131 2663 2178 utatur.
2707 2145 2730 2174 ιι
2789 2123 3130 2179 Morticinum
3159 2131 3213 2180 et
3250 2132 3470 2194 captum
3508 2139 3540 2177 a
3582 2123 3685 2178 be-

2086 2210 2212 2266 stia.
2259 2231 2282 2262 »
2317 2212 2396 2266 De
2420 2212 2618 2282 quibus
2647 2211 2882 2267 diximus
2913 2228 3096 2282 supra.
3143 2232 3167 2262 ι
3199 2212 3519 2267 Custodiant
3546 2227 3687 2282 pra-

2084 2307 2242 2370 cepta
2271 2315 2414 2367 mea,
2452 2320 2474 2350 ι
2510 2310 2563 2356 et
2591 2301 2820 2372 reliqua.
2861 2300 3164 2372 Diligenter
3182 2301 3289 2356 hoc
3305 2301 3683 2366 observemus,

2086 2404 2157 2444 ne
2186 2397 2360 2444 morte
2393 2389 2636 2446 secunda
2658 2398 3088 2460 prosternamur.
3117 2412 3140 2442 α
3161 2389 3352 2446 Omnis
3374 2389 3688 2461 alienigena

2083 2493 2195 2532 non
2242 2479 2494 2534 comedet
2541 2479 2611 2533 de
2658 2477 3030 2547 sanctiﬁcatis,
3056 2499 3080 2530 ιι
3114 2479 3168 2534 id
3196 2487 3277 2534 est
3298 2493 3550 2550 paganus
3574 2493 3686 2534 non

2082 2567 2396 2622 admittatur
2433 2567 2707 2640 mysteriis
2740 2567 2958 2624 Christi.
3009 2567 3165 2625 Unde
3203 2567 3468 2623 Dominus
3497 2567 3688 2638 prohi-

2083 2657 2194 2711 buit
2214 2657 2541 2730 margaritas
2573 2658 2759 2728 jacere
2779 2665 2910 2713 ante
2929 2673 3152 2729 porcos.
3180 2678 3205 2709 ι
3243 2657 3548 2728 Inquilinus
3593 2672 3685 2711 sa-

2081 2746 2320 2802 cerdotis
2341 2755 2394 2802 et
2410 2746 2801 2813 mercenarius,
2825 2767 2846 2797 ιι
2873 2755 2926 2802 et
2941 2746 3171 2818 reliqua.
3222 2747 3528 2818 Inquilinus
3544 2746 3698 2818 quasi

2079 2835 2352 2890 inculinus
2400 2835 2616 2901 dicitur,
2652 2852 2719 2891 eo
2758 2837 2904 2907 quod
2953 2837 3023 2891 sit
3074 2835 3222 2891 intus
3267 2835 3326 2890 in
3367 2835 3686 2891 domesticis

2081 2924 2330 2979 serviens
2377 2923 2608 2990 ofﬁciis;
2643 2924 3015 2980 mercenarius
3055 2939 3184 2981 vero
3232 2923 3324 2996 qui
3374 2923 3590 2979 laborat
3629 2924 3686 2978 in

2080 3012 2416 3084 agricultura
2463 3012 2552 3068 vel
2593 3014 2867 3084 pecudum
2905 3013 3148 3069 custodia
3179 3029 3194 3070 :
3227 3020 3456 3085 uterque
3502 3021 3687 3068 tamen

2078 3116 2187 3156 non
2220 3110 2278 3156 ut
2303 3102 2360 3156 in
2391 3101 2554 3157 domo
2584 3111 2901 3172 permaneat
2926 3102 3111 3173 servit,
3158 3103 3257 3156 sed
3287 3117 3506 3173 semper
3534 3102 3686 3157 exire

2078 3198 2322 3261 paratus,
2355 3191 2670 3247 mercedem
2696 3191 2751 3246 in
2796 3191 3051 3262 praesenti
3100 3197 3355 3261 expetere
3389 3206 3501 3246 non
3533 3191 3687 3246 desi-

2079 3279 2188 3345 stit,
2222 3295 2318 3335 eos
2349 3279 2648 3353 designans
2678 3281 2769 3352 qui
2799 3281 2855 3334 in
2884 3279 3131 3336 Ecclesia
3151 3280 3275 3336 iicte
3304 3295 3415 3335 non
3455 3288 3687 3352 prOpter

2078 3376 2338 3425 aeternam
2365 3370 2679 3426 mercedem
2708 3378 3114 3436 conversantes,
3136 3369 3389 3442 indignos
3411 3385 3472 3424 se
3488 3369 3685 3425 Domi-

2079 3457 2203 3513 nico
2233 3472 2465 3528 corpore
2482 3459 2757 3514 exhibent.
2795 3481 2818 3510 ιι
2854 3458 3027 3527 Quem
3048 3466 3226 3514 autem
3249 3458 3509 3515 sacerdos
3529 3475 3685 3514 eme-

2079 3545 2165 3614 rit,
2194 3566 2217 3595 ιι
2252 3554 2306 3601 et
2335 3547 2466 3611 rel.,
2494 3547 2550 3602 id
2581 3554 2663 3602 est
2681 3547 2772 3618 qui
2788 3547 3107 3621 evangelica
3127 3555 3408 3618 coemptus
3437 3547 3687 3602 doctrina

2078 3631 2297 3690 ﬁdelem
2326 3635 2382 3690 in
2410 3635 2662 3692 Ecclesia
2701 3636 2916 3691 Christo
2951 3636 3204 3692 exhibere
3235 3637 3554 3692 servitutem
3583 3635 3686 3690 de-

2080 3722 2190 3790 bet,
2234 3739 2344 3780 non
2374 3725 2641 3780 alienatur
2674 3742 2688 3779 :
2721 3745 2743 3775 ιι
2780 3724 2837 3780 Si
2883 3723 2992 3780 ﬁlia
3041 3724 3341 3780 sacerdotis
3372 3724 3600 3780 cuilibet
3620 3741 3686 3780 ex

2080 3813 2281 3884 populo
2311 3822 2477 3884 nupta
2506 3812 2687 3881 fuerit,
2725 3834 2748 3864 ιι
2783 3822 2836 3869 et
2853 3814 2980 3881 rel.,
2999 3812 3055 3869 id
3085 3821 3168 3870 est
3192 3813 3376 3869 anima
3391 3831 3516 3886 quae
3536 3813 3687 3886 igno-

2079 3901 2275 3958 bilitati
2303 3902 2603 3959 vitiosorun
2653 3903 3017 3974 conjungitur,
3055 3903 3418 3974 suspendatur
3445 3920 3478 3957 a
3509 3918 3688 3958 susce-

2079 3991 2266 4062 ptione
2314 4007 2618 4048 sacrorum.
2654 4013 2676 4042 ιι
2716 3991 2810 4047 Sin
2840 4000 3021 4048 autem
3049 3992 3215 4048 vidua
3257 3992 3346 4048 vel
3376 3993 3680 4064 repudiata,

2081 4087 2136 4135 et
2162 4079 2281 4148 rel.,
2301 4079 2357 4133 id
2393 4088 2494 4146 est,
2530 4079 2576 4134 si
2606 4096 2666 4136 se
2696 4095 2730 4134 a
2758 4079 2901 4135 vitiis
2930 4079 3344 4153 segregaverit;
3380 4096 3412 4134 a
3439 4081 3586 4136 malo
3614 4080 3683 4136 li-

2079 4166 2293 4235 berata,
2323 4169 2532 4241 absque
2561 4169 2871 4224 inveteratis
2903 4169 3212 4224 hominibus
3241 4169 3399 4224 malis
3429 4170 3686 4226 restitua-

2082 4265 2185 4313 tur.
2235 4279 2258 4308 ι
2293 4257 2396 4327 Qui
2427 4259 2728 4314 comederit
2782 4259 2851 4314 de
2882 4258 3226 4315 sanctiﬁcatis
3281 4274 3384 4330 per
3411 4259 3684 4333 ignoran-

2081 4346 2234 4413 tiam,
2275 4367 2298 4397 ιι
2331 4355 2385 4402 et
2411 4347 2530 4415 rel.,
2565 4348 2658 4420 qui
2688 4347 2741 4403 in
2770 4347 2968 4404 divinis
2999 4347 3164 4404 rebus
3183 4347 3390 4420 aliquid
3410 4364 3684 4418 praesum-

2080 4443 2272 4507 ptuose
2299 4437 2626 4502 tractaverit,
2655 4437 2810 4508 quasi
2847 4437 3109 4510 ignorans
3139 4437 3254 4506 ejus
3289 4437 3571 4503 virtutem,
3596 4438 3683 4509 ip-

1993 4525 2046 4586 D
2079 4541 2197 4580 sum
2212 4526 2532 4598 poenitentia
2546 4527 2842 4598 persolvet,
2867 4534 2922 4582 et
2937 4527 3179 4598 quintam
3196 4534 3402 4597 partem
3413 4527 3681 4597 restituet,

2068 4613 2121 4668 id
2143 4622 2243 4680 est,
2279 4632 2719 4689 unumquemque
2750 4616 2990 4688 quinque
3022 4632 3278 4671 sensuum
3307 4616 3380 4671 ad
3411 4632 3475 4672 se
3503 4616 3682 4673 corri-

2069 4704 2309 4775 gendum
2339 4704 2602 4760 instituat.
2636 4726 2659 4756 ιι
2695 4704 2800 4773 Qui
2839 4714 3017 4761 autem
3064 4705 3320 4761 obtulerit
3348 4705 3684 4761 oblationem

2071 4809 2243 4858 suam,
2281 4814 2304 4844 ιι
2352 4810 2526 4866 usque
2561 4815 2584 4844 ιι
2620 4793 2893 4850 masculus
2916 4793 3290 4849 immaculatus
3311 4793 3429 4861 erit,
3455 4815 3481 4844 ι
3507 4802 3564 4849 et
3583 4793 3680 4849 rel.

2071 4881 2347 4953 Quidquid
2402 4881 2707 4953 oﬂ'erimus,
2740 4883 2796 4937 in
2847 4882 3162 4948 fortitudine
3209 4881 3378 4938 ﬁrmae
3423 4883 3683 4952 actionis,

2071 4971 2190 5026 sine
2217 4970 2437 5028 malitiae
2465 4972 2680 5028 macula
2710 4972 3043 5028 exhibeatur.
3071 4993 3094 5024 ιι
3119 4973 3202 5027 Ex
3222 4973 3418 5039 bobus,
3458 4992 3482 5023 ι
3516 4971 3578 5028 id
3598 4977 3685 5027 est

2070 5059 2190 5118 forti
2216 5061 2428 5118 actione
2457 5079 2472 5128 ;
2510 5079 2607 5118 «ex
2653 5061 2867 5129 ovibus,
2903 5083 2926 5112 ιι
2959 5061 3014 5116 id
3044 5069 3128 5117 est
3175 5060 3508 5117 innocentiae
3551 5060 3674 5116 vir-

2071 5157 2182 5206 tute
2223 5169 2238 5217 ;
2289 5167 2356 5206 ex
2384 5151 2586 5222 capris,
2625 5173 2648 5201 ιι
2698 5151 2755 5206 id
2783 5159 2866 5207 est
2920 5150 3096 5207 fructu
3146 5149 3483 5222 paenitentiae
3514 5167 3530 5205 :
3568 5171 3595 5201 ιι
3630 5149 3679 5204 si

2072 5239 2340 5295 maculam
2367 5240 2636 5310 habuerit,
2673 5261 2696 5290 ι
2732 5248 2786 5296 et
2838 5239 2964 5307 rel.,
2994 5240 3042 5295 si
3095 5241 3240 5296 enim
3287 5239 3496 5296 bonum
3539 5254 3683 5310 opus

2072 5344 2176 5400 pro
2205 5329 2314 5384 alia
2344 5329 2584 5402 qualibet
2639 5346 2696 5384 re
2709 5345 2886 5401 _quam
2914 5329 3078 5385 debet
3140 5337 3348 5400 agatur,
3387 5351 3410 5380 ι
3445 5344 3560 5385 non
3580 5327 3680 5384 erit

2075 5418 2433 5489 acceptabile.
2486 5439 2510 5470 ιι
2561 5439 2585 5470 ιι
2636 5420 2812 5475 Homo
2859 5418 2951 5490 qui
2995 5417 3250 5474 obtulerit
3292 5417 3596 5487 victimam,
3651 5437 3675 5467 ι

2077 5523 2130 5571 et
2147 5516 2246 5573 rel.
2275 5517 2478 5574 Bovem
2501 5515 2660 5573 oﬂ‘ert
2673 5517 2766 5590 qui
2779 5516 3013 5590 aliquem
3041 5516 3096 5572 in
3127 5515 3450 5589 magisterio
3471 5515 3676 5572 consti-

2077 5614 2178 5670 tuit
2209 5634 2224 5684 ;
2255 5631 2434 5682 ovem,
2464 5616 2722 5672 humilem
2755 5615 2998 5689 intellige
3035 5615 3336 5671 auditorem
3365 5632 3383 5682 ;
3433 5629 3672 5686 capram,

2078 5711 2476 5783 paenitentiam,
2509 5711 2646 5775 tales
2671 5727 2768 5770 eos
2796 5709 2986 5770 offerat
3029 5710 3222 5784 quales
3266 5710 3358 5768 hic
3403 5709 3673 5783 praecipit,
