3998 6188
273 264 376 319 837

1203 259 1518 318 ΕΡΙΤΟΜΕ
1549 258 1913 317 COMMENT.
1953 259 2216 317 RABANI
2243 259 2320 316 IN
2348 259 2574 319 LEVIT.

3472 265 3574 320 838

271 408 294 438 ι
330 385 388 442 Si
417 400 619 442 caecum
651 383 828 450 fuerit,
868 405 890 434 υ
926 383 982 438 id
1010 393 1094 440 est
1122 385 1330 440 lumine
1381 385 1625 442 scientia;
1655 399 1868 452 carens;
1898 384 2100 445 Avero
2131 385 2551 452 solemnitatem,
2611 383 2998 440 humanitatem
3058 385 3278 442 Domini
3341 387 3578 444 ostendit

271 497 294 526 ι
329 475 376 530 si
401 473 654 540 fractum,
693 495 715 525 ε
741 473 796 528 id
827 480 910 530 est
944 488 1054 529 non
1085 474 1227 530 bene
1260 475 1543 541 incedens;
1585 497 1608 526 ι
1653 474 1700 529 si
1727 474 1867 530 cica-

269 565 460 620 tricem
488 564 714 634 habens,
744 584 766 613 ι
797 562 854 618 id
883 571 968 619 est
991 565 1255 636 praeteriti
1283 572 1462 620 notam
1475 565 1701 636 peccati.
1736 565 1869 620 Sunt

270 654 416 709 enim
434 653 688 724 quaedam
710 661 932 725 peccata
952 669 1075 725 qua:
1104 653 1150 709 si
1169 653 1484 710 manisfeste
1504 653 1561 708 in
1587 670 1653 708 eo
1674 654 1870 724 depre-

267 742 578 798 hendantur
605 743 698 814 qui
726 742 1060 797 ordinandus
1077 749 1178 808 est,
1203 743 1441 813 rejicitur
1470 743 1552 812 ab_
1579 743 1816 813 incoepta
1851 760 1866 808 ;

273 851 297 881 ι
327 830 374 885 si
394 830 643 902 papulas,
663 851 686 882 ι
715 830 772 886 id
794 839 875 886 est
891 831 1242 888 detractionis
1271 831 1480 897 vitium;
1515 853 1538 882 ι
1560 831 1823 900 scabiem,
1843 852 1866 881 ι

267 919 697 991 inquietudinem
718 928 772 977 et
798 921 1102 987 avaritiam;
1131 942 1153 972 ι
1171 919 1257 977 vel
1281 919 1678 994 impetiginem,
1709 942 1730 971 ›
1752 920 1872 992 quae

271 1008 393 1064 sine
423 1009 614 1064 dolore
641 1008 832 1083 fatigat
873 1026 1094 1081 corpus,
1125 1017 1178 1064 et
1205 1011 1458 1066 convenit
1504 1008 1868 1079 fornicationi,

271 1113 396 1170 qua:
425 1097 576 1153 carni
623 1097 816 1165 dulcis,
870 1097 1068 1154 animae
1097 1105 1182 1154 est
1223 1097 1516 1170 pernicies.
1555 1099 1875 1169 Hujusmodi

269 1187 417 1242 vitiis
443 1186 634 1258 polluti
662 1204 1006 1259 nequaquam
1035 1188 1102 1243 ad
1123 1188 1324 1260 gradus
1351 1189 1707 1258 promovendi
1729 1195 1870 1254 sunt,

269 1277 398 1349 quia
417 1277 785 1349 acceptabiles
810 1277 1045 1334 Domino
1064 1294 1174 1333 non
1195 1285 1336 1332 sunt.
1357 1299 1378 1328 α
1400 1279 1599 1333 Bovem
1622 1285 1674 1333 et
1689 1293 1871 1346 ovum,

272 1380 406 1421 aure
437 1374 496 1440 et,
518 1366 688 1422 cauda
734 1367 1042 1438 amputatis,
1081 1386 1104 1417 ν
1138 1374 1192 1422 et
1237 1365 1333 1422 rel.
1363 1369 1568 1422 Aurem
1607 1367 1876 1422 abscisam

273 1453 460 1521 habet,
488 1454 581 1527 qui
607 1455 929 1511 inobediens
951 1463 1054 1522 est,
1086 1453 1174 1510 vel
1202 1455 1444 1509 auditum
1484 1455 1632 1510 verbi
1661 1456 1760 1510 Dei
1787 1454 1876 1510 fu-

271 1543 370 1615 git,
411 1544 499 1600 vel
519 1561 776 1601 variarum
797 1561 974 1600 rerum
1039 1544 1216 1599 libens
1255 1543 1468 1599 auditor
1509 1552 1610 1600 est.
1641 1544 1876 1599 Caudam

270 1634 528 1704 perdidit,
578 1633 670 1706 qui
718 1633 1017 1689 novissirna
1062 1649 1160 1688 sua
1204 1632 1508 1703 praevidere
1549 1649 1660 1688 non
1706 1641 1874 1689 curat.

1967 475 2066 529 sub
2095 475 2394 546 Evangelio
2415 476 2661 530 umbram
2691 475 3061 547 subsequente
3091 492 3277 531 veram
3311 475 3576 532 solemni-

1969 571 2131 620 tatem
2163 564 2386 620 rationis
2416 564 2677 635 incipere.
2714 565 2794 620 De
2821 581 2929 636 quo
2980 564 3067 620 die
3116 573 3326 637 septem
3355 582 3579 637 azymo-

1967 669 2089 708 rum
2118 653 2236 708 dies
2265 654 2700 723 dinumerantur,
2724 654 2853 725 quia
2879 669 2988 709 non
3024 654 3336 725 redemptos
3363 672 3394 710 a
3425 656 3581 713 Chri-

1969 750 2053 797 sto
2080 743 2132 796 in
2160 750 2270 797 tota
2301 743 2406 798 vita
2434 751 2621 798 nostra
2650 743 2717 797 ad
2761 743 3120 798 amaritudine
3149 744 3392 800 Iudaicae
3447 761 3577 816 per-

1970 830 2239 886 versitatis
2267 847 2388 886 esse
2417 831 2619 887 debere
2648 831 2917 887 immunes
2947 840 3000 888 et
3027 832 3260 888 aliorum
3287 849 3574 903 ,errorum.

1976 941 1998 969 «
2032 920 2163 974 Dies
2182 920 2392 992 primus
2421 921 2524 976 erit
2544 921 2700 977 vobis
2721 921 3163 991 celeberrimus,»
3198 939 3372 995 usque
3402 944 3424 973 α
3459 923 3578 979 dies

1972 1016 2153 1064 autem
2171 1010 2432 1080 septimus
2452 1010 2551 1064 erit
2583 1010 2852 1066 celebrior
2881 1018 2936 1065 et
2955 1011 3214 1066 sanctior.
3252 1032 3274 1061 »
3306 1011 3436 1066 Dies
3465 1011 3578 1082 pri-

1971 1114 2094 1153 mus
2110 1097 2390 1170 ingressus
2421 1108 2504 1154 est
2529 1114 2685 1154 nova:
2714 1099 2855 1165 vitae,
2890 1099 3008 1153 dies
3024 1099 3284 1170 septimus
3323 1115 3576 1155 consum-

1972 1187 2140 1243 matio
2168 1187 2434 1255 laborum,
2466 1188 2520 1241 in
2551 1203 2780 1260 quorum
2824 1195 3050 1259 utroque
3091 1189 3325 1244 maxime
3370 1205 3572 1245 curan-

1933 1309 1936 1312 -
1973 1277 2104 1331 dum
2133 1283 2300 1332 estne
2335 1298 2358 1327 (ι
2384 1277 2582 1333 servile
2628 1293 2785 1348 opus,
2820 1298 2841 1326 υ
2863 1277 2919 1331 id
2941 1286 3025 1332 est
3039 1286 3263 1348 peccato
3282 1278 3578 1334 obnoxium

1974 1365 2232 1421 facientes
2274 1365 2631 1421 inveniamur.
2682 1365 2739 1421 Si
2786 1365 2907 1438 quis
2947 1374 3126 1421 autem
3170 1366 3317 1422 circa
3367 1367 3576 1423 initium

1973 1454 2248 1511 desidiose
2280 1455 2558 1525 torpuerit,
2579 1455 2632 1509 in
2657 1454 2762 1509 fine
2795 1455 2849 1508 in
2879 1455 3037 1510 bonis
3080 1455 3308 1512 inveniri
3343 1456 3573 1513 laboret.

1981 1565 2003 1595 α
2038 1544 2173 1598 Cum
2219 1544 2459 1616 ingressi
2504 1543 2717 1600 fueritis
2747 1552 2968 1610 terram,
3015 1565 3037 1594 υ
3089 1553 3142 1601 et.
3181 1545 3360 1617 reliq.,
3395 1547 3449 1600 id
3495 1553 3580 1601 est

1975 1630 2166 1688 fideles
2193 1649 2319 1688 cum
2363 1633 2420 1688 in
2449 1633 2702 1689 Ecclesia
2728 1633 3018 1688 moremini
3044 1653 3057 1701 ;
3097 1655 3118 1685 α
3153 1642 3206 1688 et
3236 1634 3574 1689 messueritis

276 1721 440 1778 Tales
470 1722 783 1778 voluntarie
809 1721 994 1779 oﬁ‘erri
1025 1730 1272 1793 possunt,
1306 1720 1404 1777 sed
1433 1729 1616 1777 votum
1647 1739 1771 1778 cum
1796 1723 1875 1777 eis
1904 1753 1957 1812 B
1981 1729 2268 1793 segetem,,
2303 1743 2325 1771 ι
2360 1721 2415 1776 id
2447 1729 2528 1777 est
2555 1722 2785 1793 populos
2809 1722 2878 1776 ad
2895 1722 3269 1778 credelitatem
3294 1725 3576 1794 perduxe-

271 1810 414 1867 solvi
445 1819 763 1882 nonpotest,
792 1811 883 1884 qui
907 1812 975 1866 ad
988 1810 1359 1883 pmnitentiam
1395 1811 1696 1866 instruendi
1731 1819 1872 1880 sunt,

276 1907 338 1954 ut
390 1909 784 1970 convertantur,
853 1901 950 1957 sed
995 1909 1172 1956 tamen
1215 1899 1271 1954 in
1329 1899 1703 1972 magisterium
1768 1915 1878 1955 non

274 1989 632 2060 suscipiendi.
661 2012 682 2042 ι
718 1990 894 2046 Omne
924 1989 1127 2046 animal
1152 1987 1293 2060 quod
1313 1988 1556 2044 contritis
1576 1987 1664 2044 vel
1707 1988 1880 2043 tunsis

276 2078 367 2133 vel
400 2079 564 2135 sectis
590 2079 890 2151 ablatisque
928 2077 1188 2134 testiculis
1215 2085 1316 2145 est,
1355 2098 1378 2128 ››
1412 2086 1466 2133 et
1497 2077 1730 2149 reliqua.
1771 2078 1879 2133 Te-

270 2167 454 2223 sticuli
484 2177 721 2240 spectem
750 2168 1043 2241 gignendae
1079 2167 1250 2239 prolis
1313 2166 1642 2238 signiﬁcant,
1675 2175 1727 2222 et
1755 2167 1880 2223 ideo

275 2256 460 2311 omnis
521 2257 610 2329 qui
658 2257 1028 2314 infructuosus
1079 2263 1180 2323 est,
1210 2255 1266 2311 id
1311 2264 1392 2310 est
1435 2271 1662 2326 operum
1710 2257 1880 2311 bono—

276 2361 402 2400 rum
422 2361 522 2418 spe
549 2361 768 2415 vacuus,
815 2363 926 2402 non
964 2354 1146 2418 potest
1194 2345 1428 2402 Domino
1473 2361 1596 2402 esse
1631 2352 1879 2417 accepta-

277 2433 428 2489 bilis.

360 2545 383 2574 ι
410 2524 491 2579 De
514 2539 676 2579 manu
725 2523 1046 2598 alienigenae
1089 2541 1200 2581 non
1244 2524 1482 2581 oﬁ'eretis
1537 2539 1706 2595 panes
1763 2523 1881 2579 Deo

273 2620 484 2679 vestro,
522 2635 544 2663 ν
579 2622 633 2669 et
661 2613 890 2685 reliqua.
925 2614 1131 2686 Siquid
1150 2615 1347 2686 pagani
1375 2612 1709 2670 dederintad
1749 2610 1879 2667 offe-

275 2702 530 2770 rendum,
563 2719 673 2758 non
702 2711 786 2758 est
817 2703 1212 2774 accipiendum.
1263 2703 1502 2758 Oramus
1551 2710 1732 2756 tamen
1778 2714 1881 2770 pro

279 2791 696 2847 catechumenis
727 2800 780 2846 et
815 2792 1174 2848 conversione
1223 2791 1524 2847 inﬁdelium
1559 2807 1573 2846 :
1623 2798 1883 2846 caeterum

287 2879 341 2934 si
368 2880 426 2934 in
458 2896 648 2936 errore
677 2881 975 2952 persistere
1006 2881 1298 2950 voluerint,
1331 2889 1458 2936 vota
1503 2895 1695 2935 eorum
1723 2879 1882 2933 dete-

275 2969 504 3024 stabilia
525 2978 678 3025 sunt.
713 2991 735 3020 ι
759 2971 884 3038 Bos,
918 2969 1036 3025 ovis
1049 2978 1102 3024 et
1133 2985 1300 3040 capra
1313 2985 1438 3025 cum
1470 2969 1653 3042 genita
1682 2967 1888 3022 fuurint

277 3066 494 3129 septem
532 3059 722 3114 diebus
752 3067 911 3114 erunt
951 3060 1053 3114 sub
1082 3060 1253 3114 ubere
1283 3058 1476 3114 matris
1523 3074 1661 3114 suae.
1704 3077 1727 3106 ι
1756 3055 1882 3110 Sive

1981 1809 2114 1877 ritis,
2151 1811 2220 1865 de
2253 1811 2450 1882 quibus
2491 1810 2755 1866 Dominus
2796 1811 2927 1865 dixit
2959 1829 2971 1864 :
3012 1837 3035 1860 ι
3068 1811 3258 1867 Videte
3298 1812 3574 1884 regiones,

1980 1898 2103 1969 quia
2132 1898 2270 1954 alba:
2300 1907 2423 1954 sunt
2453 1899 2522 1953 ad
2539 1915 2797 1964 messem,
2828 1921 2848 1954 ι
2879 1897 3119 1954 aﬁeretis
3136 1899 3445 1970 manipulos
3476 1901 3582 1972 spi-

1979 2004 2183 2055 carum,
2218 2009 2238 2042 »
2277 1995 2478 2043 cretum
2510 1987 2716 2044 scilicet
2746 1996 3059 2044 sanctorum
3081 1988 3135 2041 in
3165 1988 3443 2059 primitiva
3466 1990 3578 2045 Ec—

1979 2076 2168 2142 clesia,
2201 2077 2349 2148 quod
2380 2085 2432 2132 et
2459 2076 2659 2132 factum
2687 2085 2768 2132 est
2796 2077 3060 2148 appositis
3089 2076 3143 2132 in
3175 2094 3281 2130 una
3301 2077 3388 2133 die
3411 2078 3581 2134 tribus

1977 2166 2220 2220 millibus
2248 2166 2549 2221 animarum
2578 2175 2632 2222 et
2656 2165 2824 2221 altera
2841 2167 2929 2221 die
2957 2167 3215 2239 quinque.
3256 2191 3278 2213 ε
3302 2165 3408 2234 Qui
3438 2167 3581 2224 leva-

1979 2255 2056 2311 bit
2086 2255 2404 2311 fasciculum
2433 2271 2617 2311 coram
2647 2256 2902 2322 Domino,
2939 2282 2962 2304 ι
2995 2264 3048 2310 et
3077 2256 3176 2311 rel.
3213 2255 3349 2324 Quia
3378 2272 3444 2311 eo
3474 2257 3579 2312 ad-

1972 2347 2212 2416 juvante,
2246 2345 2301 2398 id
2344 2352 2429 2400 est
2475 2344 2693 2399 Christo
2735 2345 3021 2400 sacerdote
3071 2359 3290 2417 magno,
3336 2343 3580 2400 ﬁdelium

1979 2433 2180 2488 oblatio
2223 2441 2306 2488 est
2322 2434 2437 2488 Deo
2465 2450 2566 2504 per
2611 2433 2810 2504 ipsum.
2872 2450 2893 2484 α
2922 2433 3112 2488 Altero
3142 2434 3229 2488 die
3275 2433 3498 2488 Sabbati
3527 2443 3581 2490 et

1981 2522 2336 2579 sanctificabit
2378 2522 2550 2589 illum,
2585 2541 2606 2574 ι
2647 2530 2698 2578 et
2742 2522 2901 2594 reliq.
2939 2523 3000 2576 In
3043 2522 3441 2578 resurrectione
3485 2540 3582 2579 sua

1980 2621 2293 2668 sanctorum
2333 2612 2594 2666 unitatem
2634 2611 2924 2682 copulavit.
2959 2611 3016 2667 Si
3065 2628 3196 2668 vero
3242 2611 3580 2684 manipulum

1982 2701 2177 2756 Christi
2207 2717 2427 2758 carnem
2459 2701 2539 2756 eis
2569 2701 2894 2772 intelligere,
2922 2701 3067 2757 unde
3096 2701 3256 2757 nobis
3270 2701 3430 2772 panis
3459 2702 3580 2759 vitae

1980 2790 2318 2845 ministratur
2348 2791 2482 2849 alter
2519 2791 2637 2846 dies
2658 2791 2927 2862 passionis
2957 2799 3135 2862 potest
3161 2792 3391 2866 intelligi
3425 2810 3437 2846 :
3471 2807 3580 2848 uno

1982 2879 2126 2935 enim
2157 2879 2245 2934 die
2275 2880 2555 2951 mysticam
2586 2895 2798 2935 coenam
2825 2879 3142 2946 celebravit,
3175 2881 3344 2936 altero
3383 2897 3579 2952 corpus

1982 2969 2038 3022 in
2071 2968 2249 3024 crucis
2287 2968 2686 3025 consummavit
2731 2969 2999 3040 supplicio
3027 2969 3238 3024 oblatus
3266 2986 3364 3041 pro
3395 2971 3572 3026 nobis.

1988 3077 2014 3110 α
2044 3059 2103 3111 In
2132 3057 2325 3112 eodem
2355 3058 2444 3113 die
2475 3073 2581 3129 quo
2597 3057 2908 3129 manipulus
2937 3067 3312 3126 consecratur,
3341 3060 3579 3115 caedetur

273 3146 458 3216 fortis,
492 3147 608 3203 sive
638 3147 921 3214 innocens,
954 3149 1068 3203 sive
1094 3149 1368 3220 paenitens
1406 3148 1462 3202 in
1494 3148 1598 3202 hoc
1636 3154 1878 3216 tempore
1903 3117 1951 3180 Ο
1983 3161 2158 3218 agnus
2186 3146 2588 3213 immaculatus,
2615 3174 2638 3196 ι
2665 3147 2721 3202 id
2759 3156 2860 3214 est,
2883 3148 3100 3220 quando
3127 3148 3375 3204 Christus
3405 3149 3459 3203 in
3481 3164 3578 3204 ara

271 3236 588 3292 meminerit
633 3253 692 3292 se
724 3239 826 3292 sub
854 3237 1146 3311 fragilitate
1197 3245 1403 3293 natura:
1438 3237 1734 3291 detentum.
1778 3233 1876 3288 Die

273 3333 463 3381 autem
496 3334 709 3393 octavo,
746 3336 874 3396 etc.,
908 3327 964 3382 id
988 3335 1089 3397 est,
1123 3327 1178 3381 in
1208 3327 1296 3381 die
1328 3324 1740 3380 resurrectionis
1764 3323 1876 3392 jam

273 3415 687 3471 immortalitate
717 3424 956 3487 recepta,
993 3416 1095 3471 soli
1145 3418 1262 3471 Deo
1285 3415 1403 3470 sine
1433 3413 1736 3469 defectione
1760 3428 1876 3467 ser-

271 3505 423 3560 vient
452 3504 628 3560 electi.
660 3527 682 3556 α
719 3505 842 3561 Sive
872 3505 962 3560 ille
994 3505 1112 3574 bos,
1147 3505 1263 3560 sive
1294 3505 1386 3558 illa
1403 3503 1521 3558 ovis
1551 3519 1662 3558 non
1690 3502 1879 3556 immo—

271 3593 536 3648 labuntur
561 3610 665 3648 una
697 3594 786 3650 die
817 3610 937 3650 cum
961 3594 1160 3649 fetibus
1192 3593 1323 3660 suis,
1364 3614 1386 3643 ν
1412 3593 1466 3646 id
1497 3600 1580 3646 est
1597 3607 1718 3647 cum
1736 3589 1876 3662 legis

269 3683 661 3754 superstitione
689 3691 743 3740 et
789 3692 1059 3739 vetustate
1090 3681 1374 3754 Evangelii
1423 3681 1720 3736 novitatem
1764 3694 1874 3733 non

270 3772 698 3829 observandum.
740 3774 822 3828 De
867 3773 1046 3828 hostia
1078 3774 1270 3828 eadem
1314 3771 1655 3827 comedenda
1712 3783 1875 3838 supra

273 3862 484 3918 dictum
530 3870 633 3918 est.
687 3883 710 3914 ι
760 3863 935 3917 Eduxi
975 3863 1044 3917 de
1075 3869 1215 3916 terra
1267 3861 1503 3932 Egypti,
1557 3880 1578 3909 ι
1627 3857 1876 3913 Christus

275 3955 438 4006 etiam
467 3951 718 4007 liberavit
745 3967 847 4007 nos
868 3952 936 4006 de
967 3951 1169 4006 diaboli
1205 3949 1496 4022 potestate.
1533 3970 1556 3999 α
1591 3949 1712 4019 Ego
1757 3948 1876 4003 Do-

273 4041 480 4106 minus,
515 4063 537 4090 ι
572 4040 696 4096 ideo
728 4040 798 4096 ad
828 4040 1041 4114 singula
1072 4040 1351 4113 subjungit
1394 4035 1875 4094 commemoratio-

269 4146 398 4185 nem
429 4129 516 4185 sui
551 4130 806 4195 nominis,
838 4138 896 4186 ut
925 4139 1187 4186 terrorem
1226 4128 1307 4184 eis
1336 4129 1603 4185 incuteret
1631 4143 1732 4182 nec
1754 4141 1877 4196 pec-

269 4227 478 4284 carent,
513 4227 568 4274 et
596 4219 944 4275 dilectionem
972 4220 1260 4288 insereret,
1296 4227 1353 4274 ut
1383 4234 1479 4274 eos
1503 4232 1604 4272 sua
1621 4216 1876 4272 mandata

272 4308 617 4380 diligentius,
655 4308 851 4366 intueri
881 4309 1122 4365 doceret.

838 4523 1066 4580 CAPUT
1096 4522 1302 4578 XXIII.

329 4717 353 4747 ι
390 4697 490 4752 Hae
519 4702 643 4750 sunt
671 4694 823 4752 feriae
851 4695 1088 4762 Domini,
1118 4711 1251 4767 quas
1280 4692 1547 4752 vocabitis
1569 4698 1802 4758 sanctas,
1843 4709 1865 4738 ι

268 4785 328 4840 id
360 4794 443 4842 est
475 4785 784 4840 vacationes
815 4785 884 4840 ad
915 4785 1173 4856 operibus
1202 4784 1361 4840 malis
1384 4799 1504 4854 qum
1543 4803 1564 4832 ct
1592 4779 1808 4836 Domini
1843 4799 1866 4829 ν

269 4874 545 4943 dicuntur,
590 4874 712 4946 quia
754 4873 972 4929 Domini
1018 4874 1243 4944 implent
1292 4873 1644 4943 voluntatem.
1694 4891 1716 4921 α
1766 4869 1872 4924 Sex

269 4962 468 5018 diebus
500 4962 678 5018 facitis
700 4979 857 5033 opus,
896 4985 917 5012 ››
959 4971 1064 5020 etc.
1100 4961 1351 5018 Ostendit
1396 4962 1450 5016 in
1480 4961 1584 5015 hac
1633 4959 1740 5015 vita
1769 4957 1874 5028 piis

267 5050 556 5107 laboribus
609 5051 984 5120 insistendum,
1039 5053 1165 5124 quia
1193 5059 1477 5122 postquam
1519 5049 1588 5103 ad
1630 5047 1875 5119 requiem

266 5149 495 5196 ventum
525 5139 702 5210 fuerit,
728 5141 844 5211 jam
874 5141 1139 5212 operandi
1170 5149 1383 5211 tempus
1423 5155 1530 5194 non
1561 5138 1682 5193 erit.
1732 5137 1877 5191 Bene

267 5238 454 5286 autem
499 5230 648 5299 dicit,
684 5251 708 5280 ι
759 5230 816 5286 in
862 5231 1072 5287 cunctis
1115 5229 1548 5285 habitationibus
1593 5226 1812 5292 vestris,
1849 5245 1873 5274 ν

269 5320 400 5391 quia
430 5319 488 5373 in
518 5318 696 5373 futura
726 5318 829 5374 vita
861 5327 944 5375 est
972 5319 1204 5388 mansio,
1236 5317 1292 5372 in
1327 5316 1580 5388 praesenti
1629 5313 1878 5386 peregri-

268 5408 438 5464 natio.
480 5407 698 5463 «Mense
729 5408 904 5478 primo
926 5415 1109 5480 quarta
1131 5407 1346 5462 decima
1363 5405 1451 5460 die
1469 5403 1692 5471 mensis,
1720 5424 1742 5453 α
1769 5410 1875 5457 etc.

266 5496 330 5550 In
379 5505 629 5567 tempore
679 5497 948 5567 passionis
996 5497 1216 5562 Christi,
1258 5494 1469 5549 initium
1513 5493 1658 5549 enim
1702 5491 1878 5547 omnis

268 5586 704 5642 conversationis
764 5595 964 5642 nostrae
1013 5585 1338 5656 redemptio.
1387 5583 1546 5652 Quod
1615 5603 1636 5632 α
1692 5588 1880 5652 quarta

268 5674 490 5734 decima
518 5675 610 5732 die
638 5675 811 5748 phase
839 5696 863 5726 ι
899 5675 1030 5732 dicit
1056 5674 1330 5747 agendum
1361 5673 1419 5730 in
1449 5671 1636 5744 quinta
1666 5669 1881 5727 decima

1977 3235 2157 3291 crucis
2200 3235 2506 3290 immolatus
2563 3244 2665 3303 est,
2715 3236 3045 3293 sanctiﬁcata
3085 3245 3169 3291 est
3215 3237 3270 3292 in
3314 3239 3578 3310 sanguine

1977 3323 2172 3378 Christi
2202 3325 2382 3380 unitas
2415 3323 2675 3380 ﬁdelium.
2713 3348 2736 3370 α
2775 3325 3084 3380 Libamenta
3131 3325 3432 3382 offerentur
3452 3343 3578 3383 cum

1977 3428 2063 3479 eo,
2098 3432 2125 3466 ι
2161 3413 2216 3468 id
2255 3422 2358 3480 est,
2391 3431 2456 3468 eo
2485 3429 2648 3484 passo
2677 3414 3054 3484 proﬂuxerunt
3083 3431 3147 3470 ex
3191 3415 3358 3472 latere
3399 3432 3578 3472 sacra-

1976 3505 2158 3553 menta
2203 3498 2591 3570 redemptionis
2648 3507 2870 3554 nostrae.
2920 3526 2943 3548 α
2991 3500 3126 3555 Dure
3173 3500 3400 3556 decimae
3456 3502 3580 3558 oleo

1977 3600 2347 3658 conspersae,»
2387 3595 2440 3640 et
2466 3587 2694 3657 reliqua.
2729 3587 2967 3642 Decimae
2998 3586 3303 3658 signiﬁcant
3340 3590 3582 3660 comple-

1977 3675 2180 3730 tionem
2207 3675 2367 3747 legis.
2403 3677 2537 3730 Duae
2566 3692 2722 3742 vero,
2754 3675 2862 3730 duo
2885 3676 3255 3743 Testamenta,
3280 3677 3369 3732 vel
3396 3677 3579 3750 legem

1976 3773 2030 3819 et
2058 3765 2372 3834 prOphetas,
2409 3763 2465 3818 in
2495 3764 2694 3836 quibus
2724 3763 3169 3819 manifestissime
3202 3765 3272 3820 de
3321 3765 3578 3835 passione

1977 3852 2194 3907 Domini
2223 3853 2596 3908 annuntiatur.
2638 3873 2659 3906 ι
2690 3854 2751 3907 ΙΙΙ
2781 3853 3009 3908 odorem
3055 3852 3421 3908 suavissimun
3462 3855 3579 3909 Do-

1975 3941 2142 3997 mino.
2178 3964 2198 3996 n
2238 3941 2392 4013 Opus
2420 3942 2564 3997 enim
2602 3943 2976 4015 gratissimum
3032 3942 3177 3997 Patri
3218 3943 3364 4014 quod
3411 3941 3578 3998 Filius

1977 4031 2196 4103 agebat.
2232 4051 2261 4084 (ι
2289 4031 2424 4085 Liba
2455 4047 2674 4102 quoque
2717 4031 2848 4099 vini,
2882 4040 3074 4104 quarta
3104 4049 3235 4104 pars
3267 4033 3381 4089 hin.
3424 4053 3453 4084 ι)
3489 4033 3579 4088 Vi-

1976 4136 2105 4175 num
2134 4120 2384 4176 doctrina
2413 4128 2496 4175 est
2526 4120 2824 4191 spiritualis
2857 4138 2870 4174 :
2904 4130 3096 4192 quarta
3151 4138 3282 4193 pars
3312 4123 3406 4176 hin
3437 4122 3579 4179 dici-

1976 4218 2083 4276 tur,
2117 4209 2241 4280 quia
2271 4209 2327 4264 in
2356 4210 2586 4282 singulis
2633 4211 3055 4282 Evangeliorum
3098 4212 3252 4266 libris
3300 4212 3580 4282 plenitudo

1977 4298 2254 4369 sapientiae
2271 4299 2563 4354 invenitur.
2599 4320 2619 4352 α
2651 4301 2850 4356 Panem
2872 4308 2924 4356 et
2957 4301 3230 4372 polentam
3253 4309 3303 4355 et
3324 4301 3521 4372 pultes,
3551 4321 3575 4351 ι

1977 4395 2030 4442 et
2060 4387 2186 4455 rel.,
2218 4387 2274 4442 id
2305 4396 2386 4443 est
2417 4388 2473 4442 in
2501 4388 2646 4442 illam
2677 4389 2874 4444 anima;
2907 4397 3010 4444 tuae
3059 4390 3306 4462 requiem
3354 4405 3580 4462 praepa-

1905 4481 1958 4542 D
1979 4493 2099 4531 rare
2129 4477 2344 4532 coneris
2376 4485 2668 4549 antequam
2699 4479 2838 4534 scias
2884 4477 2992 4533 ﬁde
3024 4480 3140 4548 ejus
3187 4479 3580 4550 redemptionis

1988 4565 2277 4620 initiatum.
2320 4588 2340 4619 ε
2357 4566 2722 4621 Numerabilis
2750 4583 2884 4638 ergo
2901 4567 2968 4621 ad
2997 4567 3166 4622 altera
3185 4568 3273 4623 die
3293 4569 3530 4637 sabbati,
3551 4589 3574 4619 ι

1973 4662 2025 4709 et
2053 4655 2212 4726 reliq.
2247 4655 2549 4726 Manipulus
2581 4671 2715 4727 ergo
2746 4655 2961 4711 ablatus
2991 4665 3074 4711 est
3102 4664 3154 4711 et
3185 4657 3576 4727 sanctificatus,

1973 4751 2030 4797 ut
2058 4745 2328 4814 Josephus
2357 4751 2603 4811 testatur,
2639 4753 2792 4799 sexta
2828 4745 3039 4800 decima
3069 4745 3192 4800 luna
3226 4764 3408 4812 ;nunc
3443 4764 3576 4804 vero

1975 4833 2186 4888 videtur
2212 4833 2510 4903 praecipere
2538 4842 2595 4887 ut
2625 4842 2872 4888 numeret
2900 4850 2934 4889 a
2961 4835 3148 4906 quinta
3183 4836 3394 4892 decima
3424 4837 3570 4905 luna,

1976 4922 2190 4993 quando
2220 4921 2353 4991 ipsae
2382 4921 2631 4993 primitiae
2661 4922 2858 4990 allatae,
2893 4940 2995 4979 nec
3035 4931 3219 4980 tamen
3248 4934 3371 4980 sunt
3401 4925 3573 4982 sacri-

1977 5010 2098 5067 ﬁcio
2117 5010 2483 5066 sanctiﬁcatae.
2501 5013 2615 5066 Nos
2641 5019 2820 5066 autem
2850 5031 2872 5064 ι
2893 5013 2962 5068 ab
2983 5013 3154 5070 altero
3175 5015 3262 5069 die
3285 5016 3522 5084 Sabbati,
3547 5039 3575 5069 ι)

1977 5099 2032 5154 id
2062 5107 2143 5154 est
2159 5100 2579 5156 resurrectionis
2610 5117 2962 5157 numeramus
2990 5103 3360 5174 pluralitatem
3409 5105 3575 5177 quin-

1980 5189 2330 5260 quagenarias
2362 5189 2756 5245 solemnitatis:
2788 5191 2928 5247 sicut
2971 5191 3118 5247 enim
3148 5193 3202 5246 in
3233 5202 3418 5250 monte
3448 5195 3579 5250 Sina

1980 5293 2014 5333 a.
2038 5285 2312 5349 praesente
2342 5279 2576 5335 Domino
2593 5278 2734 5352 legis
2754 5279 2957 5336 indicia
3000 5281 3064 5354 [Γ.
3073 5282 3302 5356 judicia]
3334 5283 3578 5338 nondum

1980 5375 2290 5447 conscripta
2319 5376 2522 5448 populo
2571 5377 2944 5449 Hebraeorum,
2992 5379 3081 5436 die
3127 5381 3579 5454 quinquagesima

1981 5485 2268 5547 postquam
2299 5477 2511 5549 egressi
2541 5485 2666 5532 sunt
2686 5493 2753 5533 ex
2780 5479 3032 5552 Egypto,
3065 5489 3365 5538 monstrata
3395 5486 3519 5534 sunt
3561 5495 3576 5533 :

1982 5573 2063 5629 sic
2090 5572 2342 5628 ﬁdelibus
2369 5582 2491 5644 post
2521 5575 2954 5647 redemptionem
2986 5576 3438 5649 quinquagesima
3489 5574 3579 5631 die

1982 5669 2211 5743 Spiritus
2241 5672 2413 5729 sancti
2443 5673 2622 5746 gratia
2651 5673 2721 5730 de
2749 5673 2906 5732 caelis
2933 5673 3144 5731 directa
3189 5679 3292 5729 est.
3330 5692 3355 5723 ι
3390 5671 3575 5744 Usque
