4002 6184
432 214 534 268 839

943 209 1346 267 WALAFRIDI
1384 206 1629 268 STRABI
1665 204 1865 270 FULD.
1905 205 2082 270 MON.
2119 211 2275 269 orp.
2315 212 2492 271 PARS
2528 210 2572 269 ι.
2613 244 2684 258 -
2719 182 3192 272 THEOLOGICA.

3636 220 3737 275 8&0

439 336 510 392 ad
541 335 772 391 alteram
797 335 943 391 diem
973 334 1296 406 expletionis
1326 335 1687 392 hebdomadis
1715 337 1981 407 septimae,
2009 357 2033 389 ι
2064 338 2400 399 Anumerus
2431 338 2919 396 excellentissimos
2956 339 3012 394 in
3053 355 3115 395 se
3147 339 3408 407 continet,
3441 339 3499 396 id
3528 349 3613 397 est
3658 359 3744 399 se-

440 432 498 488 id
546 441 627 489 est
655 432 1090 489 hebdomadibus
1119 439 1329 502 septem
1347 433 1608 504 peractis,
1640 448 1766 490 cum
1783 450 1892 490 una
1921 434 2041 498 dies

438 530 780 600 adjiceretur,
805 529 1024 586 fiebant.
1049 551 1073 581 «
1109 528 1444 586 Sacrificium
1462 546 1662 587 novum
1693 548 1758 587 ex
1787 532 2039 587 omnibus

436 619 758 676 habitaculis
800 618 1016 685 vestris,
1047 639 1069 669 ι
1103 634 1247 675 novo
1283 636 1492 693 genere
1541 636 1845 692 praecones,
1896 637 2040 678 nova

435 707 696 764 virtutum
728 723 960 763 munera
974 723 1076 778 per
1105 707 1286 764 omnia
1315 709 1689 765 conventicula
1719 709 1912 765 oﬂ'erre
1942 725 2037 765 sa-

434 798 699 870 tagebant
733 817 756 847 α
789 812 962 868 panes
993 797 1357 867 primitiarum
1387 789 1544 864 duos,
1582 818 1604 848 ι
1630 797 1718 854 vel
1750 798 1858 853 duo
1887 815 2036 870 prae-

433 893 591 956 cepta
624 884 923 953 charitatis,
971 885 1058 941 vel
1104 886 1338 941 duorum
1379 885 1706 957 populorum
1751 887 2035 944 collectio-

433 990 578 1030 nem.
631 974 899 1030 Dicuntur
951 981 1131 1030 autem
1181 975 1302 1030 duae
1348 974 1577 1031 decimae
1627 975 1840 1042 similae,
1907 975 2037 1046 quia

433 1071 727 1134 utrumque
749 1063 1155 1119 Testamentum
1185 1063 1376 1118 intima
1405 1071 1488 1119 est
1516 1062 1786 1134 sapientia
1823 1063 2034 1120 forma-

432 1158 566 1208 tum.
625 1152 967 1208 Fermentata
1029 1153 1230 1208 dicitur
1273 1152 1481 1222 simila,
1532 1152 1589 1206 id
1654 1161 1737 1207 est
1783 1151 2033 1208 ﬁrmitate

438 1240 691 1297 doctrina
721 1241 951 1312 repleta.
984 1241 1151 1296 Cocta
1171 1240 1227 1295 in
1255 1241 1525 1311 primitias
1564 1241 1809 1308 Domini,
1841 1241 1898 1296 id
1926 1248 2028 1311 est,

431 1329 635 1401 Spiritu
653 1338 843 1386 sancto
873 1329 1111 1385 stabilita
1147 1329 1214 1384 ad
1249 1329 1734 1386 sanctificationem
1761 1330 2031 1401 incipien-

429 1418 565 1473 tium
597 1435 609 1474 :
646 1427 858 1490 septem
887 1419 1018 1492 agni
1049 1418 1377 1475 immaculati
1411 1419 1682 1474 Christum
1701 1418 2027 1490 signiﬁcant,

433 1517 525 1588 qui
553 1532 654 1588 per
686 1516 1206 1588 Spiritum'sanctum
1235 1515 1404 1571 voluit
1417 1515 1735 1572 offerrizvel
1769 1515 2034 1572 innocen-

436 1605 567 1660 tiam
595 1605 740 1672 vitae,
775 1622 940 1677 quam
968 1605 1126 1660 nobis
1147 1605 1324 1678 gratia
1364 1605 1591 1660 contulit
1630 1604 1863 1675 Spiritus
1902 1620 2028 1660 san-

2139 433 2287 498 ptem
2307 435 2360 483 et
2387 435 2532 494 octo,
2565 443 2794 501 quorum
2822 428 2974 500 prior
2989 428 3058 482 ad
3084 428 3266 501 legem
3295 437 3523 500 propter
3541 431 3745 486 sabba-

2139 516 2377 583 tismum,
2399 532 2635 589 sequens
2652 517 2723 572 ad
2740 517 3103 588 Evangelium
3129 526 3356 589 propter
3393 521 3748 577 resurrectio-

2138 620 2286 676 nem,
2314 621 2427 661 non
2454 605 2693 660 absurde
2721 614 3100 677 comparatur:
3131 605 3186 661 in
3217 622 3451 679 quorum
3482 607 3745 665 observa-

2136 692 2284 749 tione
2331 702 2443 750 toto
2491 702 2740 765 tempore
2785 695 2946 764 hujus
2989 694 3116 751 vitae
3169 711 3414 752 memore
3461 713 3571 752 nos
3623 713 3745 754 esse

2136 790 2366 853 oportet,
2400 783 2523 854 quia
2544 803 2567 834 α
2603 798 2714 838 non
2750 783 3013 838 habemus
3056 783 3144 840 hic
3187 793 3504 841 manentem
3547 785 3742 841 civita-

2134 878 2264 937 tem,
2299 871 2397 926 sed
2426 872 2663 926 futuram
2686 870 3012 943 inquirimus
3042 872 3218 942 (Rom,
3251 874 3438 944 xm)»
3469 881 3532 928 ut
3564 874 3745 930 taliter

2135 958 2378 1014 vivamus
2400 959 2542 1015 sicut
2570 959 2813 1032 hospites
2843 960 2919 1016 ad
2946 961 3177 1032 patriam
3203 959 3566 1018 festinantes:
3589 963 3742 1031 cujus

2133 1047 2292 1102 nobis
2320 1047 2566 1120 spiritum
2595 1048 2837 1116 donavit,
2889 1048 2984 1120 qui
3029 1065 3130 1104 nos
3159 1066 3191 1104 a
3219 1049 3426 1105 diaboli
3477 1050 3742 1106 servitute

2133 1135 2346 1207 eripuit,
2381 1136 2520 1192 sicut
2549 1136 2628 1191 illi
2685 1137 2828 1193 hanc
2859 1137 3260 1193 solemnitatem
3292 1146 3346 1193 et
3391 1139 3744 1196 recordatio-

2133 1240 2258 1279 nem
2288 1225 2628 1280 liberationis
2658 1242 2770 1282 suae
2789 1233 2843 1282 et
2870 1227 3177 1282 eductionis
3205 1243 3272 1282 ex
3287 1227 3528 1299 Egypto
3559 1228 3743 1284 conti-

2131 1313 2391 1368 nuabant.
2423 1313 2581 1383 Quod
2597 1329 2730 1370 vero
2759 1314 2907 1370 diem
2924 1315 3164 1386 primum
3183 1323 3236 1371 et
3251 1323 3504 1372 octavum
3551 1317 3739 1372 nomi-

2128 1409 2218 1456 nat
2245 1402 2519 1472 celebres,
2553 1402 2791 1459 ostendit
2817 1403 3030 1458 medios
3052 1403 3216 1458 simili
3239 1404 3536 1460 devotione
3555 1405 3742 1461 obser-

2130 1489 2356 1558 vandos,
2411 1504 2628 1547 omnem
2667 1506 2881 1563 quoque
2936 1498 3180 1548 nostram
3234 1492 3399 1548 vitam
3455 1493 3525 1548 ab
3583 1493 3740 1551 initio

2130 1594 2301 1650 usque
2345 1579 2415 1634 ad
2463 1577 2630 1635 ﬁnem
2673 1579 2828 1648 jubet
2877 1595 3003 1637 esse
3051 1579 3392 1637 custoditam.
3443 1582 3548 1637 Est
3592 1583 3741 1640 enim

428 1695 520 1750 cti.
569 1667 809 1752 Vitulus.
840 1694 1115 1749 Christum
1147 1667 1428 1766 significat
1473 1711 1487 1748 :
1534 1667 1731 1750 arietes
1765 1694 1896 1763 duo,
1943 1694 2015 1748 vel

2131 1675 2304 1724 coetus
2329 1675 2490 1740 atque
2517 1667 2780 1737 collecta,
2807 1668 2863 1722 id
2891 1675 2975 1724 est
3002 1668 3122 1724 dies
3150 1677 3322 1726 coetus
3333 1685 3437 1741 pro
3465 1671 3736 1741 genitivo,

433 1783 709 1839 Christum
748 1783 804 1837 in
848 1783 1060 1837 duabus
1110 1783 1340 1848 naturis,
1390 1782 1478 1838 vel
1520 1782 1772 1838 doctores
1815 1782 2028 1838 duobus

427 1871 789 1927 Testamentis
834 1870 1103 1938 imbutos;
1149 1870 1462 1938 libamenta,
1497 1871 1584 1926 vel
1629 1871 1892 1942 mysteria
1933 1887 2029 1927 re-

433 1959 763 2031 demptionis
814 1967 1036 2026 nostrae,
1082 1959 1168 2014 vel
1209 1959 1492 2030 sapientiae
1539 1959 1830 2031 spiritualis
1847 1959 2028 2014 admi-

427 2049 686 2114 xtionem;
719 2047 902 2104 hircus
932 2047 1305 2118 pmnitentiam
1348 2055 1525 2114 sonat,
1557 2063 1722 2119 quam
1763 2048 2028 2104 Dominus

425 2137 606 2209 primo
621 2137 940 2208 praedicavit
972 2155 986 2204 ;
1015 2137 1122 2192 duo
1139 2137 1268 2208 agni
1294 2152 1492 2207 pacem
1507 2145 1560 2192 et
1579 2137 2008 2203 sanctimoniam,

425 2225 541 2282 sive
570 2225 927 2280 humilitatem
960 2233 1008 2280 et
1053 2225 1528 2280 mansuetudinem
1572 2224 1896 2298 significant.
1945 2226 2026 2282 De

423 2315 621 2386 quibus
651 2314 916 2369 Dominus
944 2313 1017 2368 ait
1049 2332 1062 2368 :
1100 2336 1123 2365 κ
1162 2313 1367 2369 Discite
1402 2329 1435 2368 a
1454 2331 1543 2369 me
1573 2314 1700 2386 quia
1728 2314 1874 2369 mitis
1903 2331 2025 2369 sum

421 2402 643 2474 (Matth.
682 2404 789 2470 ιιι),
831 2423 853 2453 ››
881 2411 984 2459 etc.
1013 2424 1035 2453 α
1086 2402 1291 2457 Cedent
1320 2403 1376 2456 in
1403 2419 1562 2457 usum
1593 2403 1730 2472 ejus.
1766 2423 1788 2453 ν
1827 2402 2026 2459 Omnia

421 2508 542 2564 quae
571 2492 861 2564 egerimus,
893 2491 961 2546 ad
1021 2491 1355 2547 sacerdotem
1404 2492 1679 2546 Christum
1727 2492 2019 2562 pertinent,

423 2581 550 2652 quia
580 2581 650 2634 ab
679 2580 798 2651 ipso
831 2579 1212 2650 suscipiuntur.
1253 2601 1274 2630 α
1309 2581 1377 2633 Et
1403 2580 1668 2636 vocabitis
1715 2582 1856 2636 hunc
1878 2581 2022 2635 diem

419 2669 854 2736 celeberrimum,
874 2691 895 2718 α
933 2677 986 2723 et
1015 2668 1116 2723 rel.
1149 2669 1288 2724 Vere
1319 2668 1692 2724 sanctissimus
1709 2677 1809 2733 est,
1841 2669 1895 2724 in
1918 2685 2023 2740 quo

417 2757 722 2813 santiticata
743 2765 823 2812 est
852 2757 1029 2812 omnis
1061 2756 1329 2812 Ecclesia.
1392 2758 1472 2812 De
1502 2757 1715 2813 caeteris
1745 2765 1802 2812 ut
1835 2773 2018 2828 supra,

419 2866 442 2896 ι
478 2847 772 2917 Postquam
799 2845 1141 2901 messueritis
1174 2853 1421 2918 segetem
1451 2853 1611 2901 terrae
1655 2853 1874 2911 vestrae,
1912 2866 1934 2896 ν
1971 2853 2022 2901 et

417 2934 515 2990 rel.
551 2934 598 2990 Ο
628 2934 820 3003 Judaei,
853 2934 994 3007 legis
1025 2933 1439 3004 intelligentiam
1468 2933 1633 2989 nolite
1683 2934 1740 2988 in
1782 2934 2020 2989 litteram

415 3024 484 3078 de
512 3022 773 3093 spirituali
807 3039 972 3077 sensu
1003 3022 1343 3093 detorquere,
1374 3021 1472 3076 sed
1502 3037 1623 3093 quae
1654 3037 1848 3092 capere
1909 3039 2017 3077 non

412 3112 639 3184 potestis
664 3110 866 3181 p0pulo
900 3110 1178 3178 Ecclesiae,
1213 3110 1442 3180 pauperi
1474 3110 1684 3181 spiritu,
1719 3110 2015 3183 allegorica

414 3199 708 3255 subtilitate
735 3198 1116 3272 investiganda
1146 3198 1457 3269 relinquite.
1509 3200 1714 3254 Caetera
1757 3216 1879 3270 quae
1918 3217 2013 3255 su-

412 3304 515 3359 pra
552 3288 702 3344 dicta
739 3296 880 3357 sunt,
933 3295 986 3342 et
1042 3287 1140 3342 sub
1180 3287 1352 3358 gratia
1391 3287 1740 3358 spiritualiter
1795 3289 2015 3359 impleta

415 3383 558 3446 sunt,
594 3385 648 3432 et
678 3393 710 3432 a
739 3376 896 3432 nobis
927 3376 1186 3448 quotidie,
1219 3385 1276 3430 ut
1303 3377 1537 3432 Domino
1568 3377 1878 3447 placeamus
1901 3393 2014 3433 cre-

413 3465 610 3521 denda.
647 3487 669 3516 α
705 3467 889 3521 Mense
921 3466 1171 3536 septimo,
1205 3465 1376 3536 prima
1407 3466 1496 3521 die
1540 3466 1736 3530 mensi,
1767 3487 1788 3516 ι
1827 3474 1879 3521 et
1904 3466 2008 3521 vel.

412 3555 529 3610 Hoc
562 3562 645 3611 est
672 3554 727 3609 in
757 3555 1090 3625 plenitudine
1112 3563 1436 3626 temporum,
1485 3555 1703 3626 quando
1747 3555 2011 3610 Dominus

410 3644 568 3698 Jesus
601 3643 919 3715 praedicavit
966 3659 1171 3698 annum
1216 3645 1448 3699 Domino
1499 3644 1906 3714 acceptabilem,
1955 3643 2009 3698 in

409 3749 517 3804 quo
548 3733 892 3804 requiescere
919 3749 949 3786 a
978 3733 1132 3787 malis
1162 3732 1419 3803 operibus
1442 3733 1594 3804 quasi
1625 3750 1722 3803 per
1750 3741 2009 3804 septena—

410 3821 550 3876 rium
575 3822 850 3890 jubemur.
889 3843 911 3872 α
935 3822 1114 3876 Prima
1142 3821 1230 3876 die
1263 3821 1488 3889 mensis,
1528 3841 1549 3870 »
1582 3820 1639 3875 id
1667 3829 1748 3876 est
1800 3822 1856 3875 in
1900 3820 2008 3876 ini-

408 3909 481 3965 tio
510 3909 906 3980 praedicationis
939 3929 953 3977 ;
985 3932 1006 3960 α
1041 3911 1419 3983 clangentibus
1442 3909 1601 3981 tubis,
1639 3930 1660 3960 ι)
1695 3910 1750 3964 id
1781 3919 1864 3966 est
1887 3927 2010 3982 per-

409 3998 727 4053 sonantibus
749 3998 1011 4054 doctrinae
1032 3998 1381 4066 clamoribus,
1407 4020 1428 4048 α
1453 3999 1556 4054 erit
1596 3999 1879 4053 sabbatum
1901 4015 2011 4054 me.

405 4086 647 4153 moriale,
686 4107 707 4137 a
742 4086 798 4140 id
829 4095 908 4141 est
937 4087 1270 4142 consuetudo
1290 4103 1652 4158 perseverans
1700 4087 2007 4143 abstinendi

403 4189 434 4230 a
464 4175 661 4231 vitiis.«
701 4175 926 4230 Decimo
955 4175 1042 4230 die
1072 4175 1275 4231 mensis
1304 4177 1463 4244 hujus
1494 4175 1728 4247 septimi.
1767 4197 1790 4227 υ
1836 4178 1895 4231 Id
1924 4184 2007 4233 est

404 4264 461 4320 in
477 4263 812 4336 plenitudine
828 4264 1070 4332 ejusdem
1093 4265 1370 4334 temporis,
1397 4286 1418 4314 α
1442 4265 1561 4320 dies
1592 4265 1956 4336 expiationum
1977 4286 2000 4315 ιν

405 4361 487 4409 est
523 4353 768 4426 afﬂigere
797 4353 1008 4407 animas
1038 4360 1268 4420 nostras;
1304 4353 1428 4426 quia
1459 4354 1562 4409 hoc
1591 4362 1805 4425 tempus
1855 4370 2007 4412 accc-

402 4442 625 4513 ptabile,
648 4459 746 4513 per
774 4441 1142 4513 pcnnitentiam
1161 4442 1526 4513 nosmetipsos
1546 4443 1892 4514 castigemus,
1944 4451 2002 4498 ut

405 4530 764 4602 expiationem
795 4549 916 4603 quae
946 4531 1000 4585 in
1029 4531 1226 4586 Christi
1257 4531 1509 4602 passione
1540 4532 1697 4587 nobis
1739 4548 2001 4588 concessa

404 4628 506 4686 est,
539 4619 896 4676 inveniamus.
933 4641 955 4671 α
979 4619 1170 4676 Omnis
1198 4620 1374 4675 anima
1393 4638 1512 4692 quae
1532 4621 1727 4677 afﬂicta
1744 4637 1852 4676 non
1876 4620 1999 4677 fue-

400 4709 471 4764 rit
492 4709 579 4765 die
610 4708 733 4778 hac,
771 4731 793 4759 ››
825 4717 879 4765 et
909 4710 1013 4765 rel.
1046 4711 1107 4765 Id
1147 4718 1248 4778 est,
1274 4728 1395 4783 quae
1427 4711 1822 4782 dumvaletpro
1835 4711 1996 4766 malis

399 4799 656 4870 operibus
686 4799 1263 4872 pcenitentiamagere,
1297 4799 1627 4866 dissimulat,
1665 4801 1996 4855 extermina-

399 4887 544 4942 bitur
574 4888 642 4942 de
673 4897 815 4943 coetu
847 4897 1160 4944 sanctorum
1191 4888 1245 4942 in
1275 4889 1483 4945 cunctis
1514 4889 1992 4962 generationibus;

342 5023 348 5029 κ
400 4975 525 5044 quia
554 4975 609 5029 in
635 4976 885 5032 Ecclesia
913 4977 1264 5033 suadentibus
1295 4977 1435 5044 aliis,
1467 4977 1611 5033 idem
1641 4978 1814 5033 cultus
1830 4977 1994 5047 justi-

401 5062 490 5116 tite
522 5065 730 5117 servari
759 5065 996 5121 debebit.
1061 5088 1084 5117 α
1119 5065 1384 5137 Aﬁligetis
1414 5067 1624 5121 animas
1653 5075 1863 5122 vestras
1906 5067 1994 5123 die

398 5164 542 5206 nono
564 5151 789 5219 mensis;
819 5170 850 5207 a
880 5171 1109 5227 vespera
1135 5172 1306 5226 usque
1339 5155 1410 5211 ad
1441 5171 1729 5226 vesperam
1758 5155 1996 5211 celebra-

397 5239 524 5294 bitis
546 5239 770 5295 sabbata
795 5251 995 5299 vestra.
1032 5265 1054 5294 »
1086 5247 1132 5299 A
1159 5261 1391 5316 vespera
1421 5261 1593 5317 usque
1622 5245 1691 5300 ad
1710 5261 1993 5316 vesperam

398 5329 749 5396 sabbatizare,
783 5338 864 5384 est
893 5331 949 5385 in
995 5332 1288 5390 aﬁlictione
1325 5333 1658 5406 poenitentiae
1704 5350 1874 5407 usque
1923 5333 1993 5389 ad

397 5417 561 5475 finem
603 5435 945 5490 permanere,
985 5422 1163 5479 donec
1200 5423 1480 5480 illucescat
1518 5440 1678 5479 mane
1729 5422 1990 5479 futurum.

399 5529 423 5561 α
457 5511 503 5564 Α
535 5508 724 5582 quinto
753 5510 966 5567 decimo
993 5510 1082 5566 die
1125 5511 1330 5566 mensis
1374 5513 1533 5582 hujus
1579 5512 1794 5583 septimi
1837 5521 1994 5570 erunt

393 5595 545 5660 feriae
571 5599 1038 5664 tabernaculorum
1065 5599 1321 5675 Domino,
1355 5621 1379 5655 »
1399 5608 1454 5661 et
1471 5599 1573 5662 rel.
1596 5599 1992 5671 Quindenarius

2135 1755 2291 1827 quasi
2318 1756 2780 1829 congregationis;
2812 1756 2930 1813 dies
2975 1765 3150 1813 coetus
3190 1757 3442 1826 collecta,
3475 1773 3544 1815 eo
3593 1759 3738 1831 quod

2136 1852 2344 1915 septem
2373 1845 2490 1900 dies
2517 1845 2571 1900 in
2601 1845 2723 1916 ipso
2752 1834 2964 1901 collecti
2989 1853 3132 1913 sunt,
3164 1845 3221 1901 id
3251 1853 3335 1902 est
3351 1847 3737 1915 consummati,

2136 1933 2260 2004 quia
2287 1941 2400 1988 erat
2426 1933 2550 1988 ﬁnis
2578 1933 2905 1990 festivitatis.
2936 1934 3123 1990 Potest
3148 1940 3329 1990 autem
3356 1935 3478 1991 dies
3509 1943 3737 1992 octavus

2133 2021 2362 2093 intelligi
2389 2023 2734 2089 resurrectio,
2765 2038 2884 2094 qum
2915 2031 3000 2079 est
3027 2022 3146 2078 dies
3173 2031 3345 2079 coetus
3374 2031 3429 2080 et
3466 2024 3732 2092 collecte,

2132 2109 2256 2182 quia
2282 2118 2408 2167 tunc
2436 2127 2628 2168 omnes
2674 2111 3156 2184 congregabuntur
3195 2111 3251 2166 in
3281 2127 3516 2185 regnum
3536 2113 3641 2168 Dei
3684 2119 3736 2169 et

2131 2205 2439 2270 temporum
2469 2199 2591 2255 finis
2612 2199 2923 2273 colligetur.
2951 2222 2974 2252 σι
3008 2199 3262 2256 Oﬂ‘eretis
3291 2200 3346 2255 in
3363 2201 3445 2257 eis
3493 2201 3734 2258 oblatio-

2130 2303 2229 2342 nes
2277 2288 2510 2344 Domino
2555 2288 2863 2345 holocausta
2919 2295 2972 2344 et
3019 2288 3314 2347 libamenta
3366 2289 3527 2358 juxta
3573 2290 3733 2346 ritum

2128 2375 2549 2448 uniuscujusque
2579 2376 2708 2442 diei,
2744 2397 2766 2427 υ
2799 2384 2852 2432 et
2879 2375 2975 2432 rel.
3004 2376 3282 2432 Profectus
3327 2377 3586 2433 virtutem
3633 2395 3733 2434 va-

2126 2462 2237 2519 rios
2265 2463 2460 2520 offerre
2492 2464 2773 2530 debemus,
2801 2465 2950 2534 juxta
2979 2465 3124 2536 quod
3163 2473 3374 2536 tempus
3421 2466 3728 2534 dictaverit,

2126 2551 2249 2622 quia
2295 2573 2319 2602 α
2368 2560 2579 2624 tempus
2625 2553 2902 2624 loquendi,
2947 2562 3158 2624 tempus
3208 2553 3442 2621 tacendi,
3510 2563 3730 2626 tempus

2124 2641 2290 2695 ﬂendi
2319 2650 2371 2696 et
2401 2649 2614 2712 tempus
2635 2641 2850 2697 ridendi
2866 2642 3038 2712 (Eccl.
3065 2642 3169 2713 ιιι),
3205 2663 3229 2692 ι
3260 2650 3313 2698 et
3341 2659 3463 2714 quae
3485 2659 3732 2715 sequun-

2124 2737 2225 2785 tur.
2265 2751 2288 2780 α
2333 2731 2588 2801 Exceptis
2644 2730 2862 2786 Domini
2898 2730 3193 2800 sabbatis,»
3226 2737 3279 2786 et
3335 2731 3553 2803 reliqua
3609 2748 3731 2804 quae

2122 2826 2392 2889 praecepta
2410 2826 2534 2874 sunt
2566 2817 2849 2886 faciamus,
2869 2827 3130 2874 caeterum
3157 2819 3422 2890 quidquid
3448 2821 3733 2891 possimus

2121 2906 2455 2975 adjiciamus.
2488 2928 2511 2957 ει
2544 2909 2591 2962 Α
2619 2907 2806 2978 quinto
2838 2906 3170 2978 decimodie
3199 2908 3403 2962 mensis
3429 2909 3675 2979 septimi,
3699 2929 3724 2960 ι

2121 3002 2173 3050 et
2200 2995 2301 3050 rel.
2359 2995 2697 3066 Recapitulat
2740 3012 2861 3067 quae
2905 3011 3069 3066 supra
3115 2996 3255 3052 dicta
3297 3005 3445 3065 sunt,
3490 3013 3730 3068 quorum

2116 3100 2310 3140 sensus
2341 3084 2398 3138 in
2424 3084 2711 3154 propatulo
2739 3093 2844 3139 est.
2890 3106 2913 3135 (ι
2949 3085 3186 3141 Sumetis
3225 3085 3379 3141 vobis
3411 3085 3503 3141 die
3544 3087 3728 3157 primo

2114 3171 2319 3228 fructus
2348 3172 2556 3227 arboris
2584 3172 2979 3243 pulcherrimae,
3033 3193 3057 3223 α
3091 3172 3148 3227 id
3199 3181 3283 3228 est
3325 3172 3481 3228 initio
3527 3175 3726 3247 gratiae

2114 3259 2320 3316 fructus
2350 3261 2625 3328 virtutum,
2661 3278 2782 3333 quae
2811 3277 2845 3316 a
2871 3261 3085 3317 Christo
3112 3260 3478 3332 proferuntur,
3525 3271 3584 3318 et
3624 3262 3726 3318 do-

2114 3349 2282 3405 ctrina
2326 3350 2441 3418 ejus
2485 3349 2730 3404 custodia
2763 3366 2776 3403 :
2817 3349 2935 3420 ipse
2993 3357 3076 3404 est
3115 3350 3276 3405 arbor
3317 3350 3719 3421 pulcherrima,

2113 3438 2204 3510 qui
2232 3438 2301 3492 de
2332 3454 2391 3492 se
2421 3437 2496 3492 ait
2528 3455 2540 3491 :
2575 3438 2632 3492 Si
2660 3437 2715 3492 in
2744 3437 2903 3492 viridi
2931 3437 3080 3509 ligno
3104 3438 3221 3494 haec
3251 3437 3474 3508 faciunt,
3517 3448 3574 3494 et
3611 3439 3717 3495 rel.

2117 3547 2139 3576 α
2190 3525 2581 3598 Spathulasque
2625 3527 2931 3597 palmarun,
2971 3547 2993 3577 ιν
3026 3527 3082 3581 id
3109 3535 3196 3582 est
3228 3527 3426 3583 virtute
3467 3527 3716 3596 justitim.

2110 3615 2247 3669 Nam
2276 3616 2452 3686 palma
2481 3615 2738 3684 victores,
2781 3615 2964 3670 laurus
3003 3616 3224 3682 milites,
3271 3616 3476 3671 hedera
3521 3624 3717 3686 poetas

2111 3712 2356 3760 coronat.
2391 3726 2412 3754 α
2451 3705 2738 3775 Spathulas
2771 3725 2793 3754 ι)
2828 3703 2978 3772 dicit,
3010 3704 3167 3776 quasi
3188 3704 3257 3759 ad
3298 3704 3717 3760 similitudinem

2110 3794 2319 3862 spathae
2335 3793 2596 3865 longioris
2612 3809 2712 3864 per
2727 3792 3175 3860 diminutionem;
3212 3815 3236 3844 κ
3273 3801 3324 3848 et
3352 3808 3537 3849 ramos
3573 3793 3716 3866 ligni

2109 3881 2400 3936 densarum
2438 3881 2728 3945 frondium,
2780 3901 2802 3930 »
2841 3881 2898 3936 id
2935 3889 3018 3936 est
3060 3883 3272 3953 species
3327 3881 3714 3952 multiplicium

2107 3970 2383 4036 virtutum,
2417 3978 2474 4025 ut
2516 3977 2598 4025 est
2639 3970 2894 4036 charitas,
2916 3979 2970 4025 et
2998 3970 3392 4036 misericordia,
3427 3978 3480 4026 et
3521 3971 3711 4025 humi-

2107 4053 2226 4108 litas
2261 4071 2274 4107 :
2309 4054 2395 4110 vel
2429 4054 2725 4110 sententias
2756 4063 3063 4110 sanctarum
3097 4055 3495 4126 Scripturarum
3524 4069 3715 4111 ramos

2105 4142 2346 4197 nominat
2375 4162 2389 4209 ;
2428 4164 2449 4194 α
2485 4152 2537 4199 et
2569 4143 2762 4199 salices
2795 4143 2863 4198 de
2896 4151 3155 4209 torrente,
3191 4165 3212 4194 υ
3249 4144 3304 4198 id
3331 4152 3414 4199 est
3459 4144 3711 4200 castitate

2105 4230 2162 4285 in
2188 4231 2452 4287 brevitate
2481 4233 2639 4301 hujus
2670 4232 2815 4288 vitae.
2841 4232 3118 4304 Siquidem
3149 4232 3283 4286 salix
3329 4232 3561 4288 fructum
3590 4248 3708 4288 non

2105 4320 2299 4394 gignit,
2333 4329 2541 4376 torrens
2571 4321 2678 4376 cito
2705 4321 2999 4393 pertransit
3033 4343 3055 4372 α
3089 4329 3142 4376 et
3169 4321 3480 4377 letabimini
3510 4337 3708 4378 coram

2035 4409 2335 4475 DDomino
2364 4411 2480 4466 Deo
2527 4419 2726 4466 vestro.
2765 4431 2787 4460 ιι
2824 4410 3178 4481 Spiritualiter
3214 4418 3392 4481 potest
3433 4411 3704 4482 gaudere,

2100 4499 2192 4570 qui
2215 4515 2273 4554 se
2297 4499 2381 4553 his
2429 4499 2715 4554 virtutibus
2762 4499 2865 4554 scit
2911 4507 3246 4554 exornatum.
3300 4500 3597 4571 Sequentia
3641 4506 3708 4556 ut

2101 4604 2279 4658 supra.
2315 4610 2338 4639 «
2374 4587 2565 4643 Omnis
2587 4587 2679 4658 qui
2708 4588 2777 4642 de
2806 4603 3013 4659 genere
3043 4596 3123 4644 est
3145 4587 3341 4653 lsrael,
3377 4610 3397 4638 ι
3434 4588 3487 4642 id
3516 4596 3601 4643 est
3642 4588 3704 4643 in

2098 4676 2375 4732 consortio
2420 4684 2501 4732 est
2542 4676 2986 4744 Christianorum,
3048 4697 3070 4727 «
3121 4683 3178 4732 ιιι
3233 4677 3441 4731 discant
3489 4676 3704 4747 posteri

2097 4766 2264 4821 vestri
2294 4765 2440 4837 quod
2502 4765 2557 4819 in
2600 4764 2956 4822 tabernaculis
3002 4765 3244 4821 habitare
3291 4764 3515 4820 fecerim
3555 4762 3704 4821 filios

2097 4854 2288 4922 Israel,
2323 4862 2426 4910 etc.
2466 4876 2488 4904 »
2523 4854 2652 4909 Ideo
2681 4854 3021 4910 celebramus
3038 4854 3589 4910 commemorationes
3608 4870 3704 4910 re-

2096 4942 2420 5014 demptionis
2449 4951 2666 5011 nostrae,
2702 4951 2760 4997 ut
2787 4951 2839 4998 et
2866 4958 2966 4998 nos
2997 4943 3229 4999 sciamus
3259 4951 3511 5016 quantam
3533 4943 3703 4998 beni-

2095 5032 2356 5105 gnitatem
2372 5033 2428 5086 in
2456 5031 2613 5087 nobis
2641 5032 2942 5087 ostenderit
2971 5033 3118 5087 Deus
3171 5041 3224 5088 et
3254 5033 3500 5088 eamdem
3530 5032 3700 5089 novi-

2095 5128 2178 5175 ter
2207 5121 2618 5177 advenientibus
2649 5109 3075 5191 manifestemus,
3097 5128 3155 5175 ut
3185 5122 3449 5176 reddatur
3478 5121 3703 5179 Christo

2093 5209 2213 5265 laus
2243 5218 2294 5265 et
2323 5211 2618 5282 gratiarum
2651 5210 2792 5266 actio
2820 5210 2877 5265 in
2906 5211 3239 5281 sempiterna
3285 5211 3506 5267 saecula.
3543 5233 3567 5261 ι
3593 5211 3705 5267 Ιιο⁴

2094 5307 2250 5355 cutus
2279 5308 2362 5354 est
2405 5301 2622 5371 Moyses
2670 5316 2834 5371 super
2881 5300 3335 5366 solemnitatibus,
3374 5322 3396 5350 ι
3432 5308 3541 5356 etc.
3585 5301 3704 5357 Lex

2092 5387 2332 5460 loquitur
2369 5388 2618 5445 fidelibus
2659 5389 2730 5449 de
2775 5389 3027 5448 omnibus
3073 5389 3549 5448 observationibus
3594 5390 3704 5448 Dei

2093 5478 2491 5535 mandatorum.
