4002 6184
289 257 400 312 841

869 358 898 389 δ

874 431 1099 489 CAPUT
1136 431 1340 488 XXIV.

375 608 397 636 ι
430 586 499 643 Ut
527 583 758 641 afferant
787 583 883 640 tibi
921 585 1104 641 oleum
1154 585 1223 641 de
1254 585 1413 641 olivis
1453 583 1809 656 purissimum
1841 584 1912 639 ad

293 674 713 731 concinnandas
744 673 999 730 lucernas
1041 682 1192 729 extra
1242 674 1422 730 velum
1452 673 1765 743 testimonii,
1802 694 1825 722 ι
1860 680 1914 728 et

288 762 401 818 rel.
436 762 558 817 Filii
592 762 781 831 Israel,
819 761 910 834 qui
938 771 1061 817 sunt
1108 761 1318 828 ﬁdeles,
1360 779 1547 818 veram
1595 761 1912 816 misericor-

289 851 448 906 diam
477 850 852 906 exhibeantad
883 851 1189 906 ornandum
1221 867 1316 905 sua
1346 867 1512 922 opera
1541 851 1684 905 intra
1712 849 1912 906 Eccle-

289 939 438 994 siam
471 957 485 993 :
510 938 708 1011 quibus
741 939 1006 994 Dominus
1037 940 1166 996 dicit
1199 956 1212 996 :
1241 961 1264 990 ι
1292 939 1381 996 Sic
1404 940 1582 996 luceat
1612 939 1703 994 lux
1725 946 1911 994 vestra

291 1043 489 1083 coram
534 1027 844 1084 hominibus
887 1029 1108 1098 (Matth.
1160 1029 1236 1100 v),
1273 1049 1295 1079 »
1330 1037 1435 1085 etc.
1469 1029 1640 1084 Aliter
1670 1028 1910 1084 lucernae

295 1124 429 1173 sunt
457 1117 720 1172 luminum
752 1116 852 1172 Dei
884 1116 977 1183 ibi,
1011 1116 1068 1171 in
1100 1133 1208 1189 quo
1251 1117 1631 1174 misericordia
1674 1117 1910 1173 maxime

299 1205 742 1262 commendatur.
775 1226 796 1256 α
824 1205 1100 1277 Ponetque
1122 1221 1218 1261 eas
1239 1207 1417 1262 Aaron
1438 1222 1471 1260 a
1489 1222 1714 1277 vespere
1736 1221 1909 1277 usque

297 1295 376 1350 ad
407 1311 590 1365 mane,
627 1315 650 1345 ι
672 1303 725 1350 et
753 1293 855 1349 rel.
889 1294 951 1349 Id
968 1303 1052 1350 est
1081 1295 1345 1361 Christus,
1377 1295 1467 1349 ubi
1497 1295 1580 1349 sui
1609 1295 1909 1350 claritatem

298 1392 358 1438 et
384 1399 614 1456 operum
671 1383 931 1440 decorem
975 1383 1032 1437 in
1076 1383 1322 1440 Ecclesia
1380 1399 1480 1438 sua
1533 1383 1818 1439 conﬁrmat
1855 1384 1909 1438 in

302 1481 471 1529 nocte
527 1472 690 1542 hujus
745 1471 871 1528 vita;
918 1488 1092 1544 usque
1131 1471 1187 1526 in
1242 1487 1402 1527 mane
1466 1473 1904 1529 resurrectionis.

310 1581 335 1610 ι
375 1561 553 1631 Super
581 1560 970 1616 candelabrum
1000 1559 1438 1627 mundissimum,
1477 1581 1500 1610 »
1534 1561 1590 1615 id
1619 1568 1699 1615 est
1745 1576 1910 1631 super

303 1648 603 1717 Christum,
637 1650 729 1721 qui
751 1665 970 1704 omnem
1001 1649 1266 1706 Ecclesiae
1287 1666 1399 1705 sua:
1431 1649 1669 1706 continet
1687 1657 1904 1705 statum.

1219 253 1526 312 amoma
1564 253 1924 313 COMME‘N’I‘.
1958 251 2217 309 RABANI
2245 253 2320 310 IN
2355 235 2581 311 iam.

1932 377 1989 439 Α

3513 260 3616 316 διε

2597 433 2822 490 CAPUT
2851 433 3032 489 XXV.

2090 602 2113 632 ι
2141 581 2374 651 Quando
2403 582 2639 655 ingressi
2669 582 2878 638 fueritis
2909 583 2963 638 in
3001 590 3227 648 terram,
3261 583 3613 640 sabbatizetis

2015 670 2231 725 Domini
2264 671 2572 738 sabbatum,
2611 692 2633 721 ν
2667 672 2723 726 id
2751 680 2834 728 est
2864 673 3129 727 intrantes
3162 672 3485 740 Ecclesiam,
3519 689 3614 728 re-

2015 759 2196 830 quiem
2228 761 2452 832 quaerite
2501 760 2760 815 futuram.
2823 782 2844 811 (ι
2881 761 2988 815 Sex
3028 761 3186 816 annis
3234 778 3386 817 seres
3417 777 3616 834 agrum

2012 853 2184 914 tuum,
2223 869 2245 898 ι
2270 849 2324 902 id
2354 857 2436 904 est
2465 849 2520 904 in
2548 850 2650 904 hac
2680 848 2789 904 vita
2834 848 2888 902 in
2920 848 3206 920 praeceptis
3233 849 3374 922 legis
3403 850 3611 921 labora,

2012 943 2064 990 et
2094 936 2149 990 in
2177 937 2463 1010 Evangelii
2511 937 2711 1010 gratia,
2758 937 2905 1009 quod
2941 945 3024 992 est
3069 938 3285 993 vineam
3329 955 3424 993 sex
3453 939 3612 994 annis

2011 1031 2204 1094 putare
2228 1043 2242 1091 ;
2280 1046 2302 1075 α
2340 1033 2393 1080 et
2419 1025 2646 1098 colliges
2675 1025 2884 1082 fructus
2913 1027 3051 1094 ejus,
3090 1046 3112 1076 ι
3145 1025 3201 1080 id
3224 1035 3306 1081 est
3333 1026 3528 1081 labora
3549 1033 3610 1081 ut

2012 1113 2081 1168 ad
2111 1112 2341 1168 fructum
2365 1114 2489 1170 vita:
2504 1114 2810 1186 pervenias.
2841 1136 2863 1166 ι
2888 1114 3129 1186 Septimo
3158 1131 3300 1171 anno
3321 1115 3610 1171 sabbatum

2013 1201 2114 1257 erit
2135 1208 2316 1268 terras,
2356 1223 2378 1252 ι
2405 1210 2458 1257 et
2490 1203 2615 1272 rel.,
2655 1203 2709 1257 id
2741 1209 2823 1258 est
2863 1203 2919 1257 in
2963 1203 3147 1260 futura
3173 1204 3363 1275 requie
3392 1211 3609 1276 tempus

2009 1306 2120 1346 non
2149 1291 2251 1346 erit
2290 1290 2578 1346 laborandi
2607 1307 2708 1348 nec
2738 1291 2947 1348 fructus
2977 1307 3099 1348 cum
3131 1292 3321 1348 labore
3352 1309 3608 1365 quaeren-

2010 1377 2132 1444 dus,
2165 1379 2288 1435 ideo
2325 1379 2569 1452 praecipit
2589 1396 2698 1436 non
2727 1387 2953 1436 metere.
2992 1402 3014 1431 α
3050 1381 3158 1436 Sed
3188 1389 3347 1436 erunt
3377 1381 3532 1438 vobis
3554 1381 3610 1437 in

2010 1467 2212 1536 cibum,
2241 1489 2264 1520 ι
2318 1486 2440 1541 qua:
2479 1485 2512 1524 a
2560 1469 2791 1526 Domino
2837 1470 3208 1526 concedentur
3246 1470 3366 1526 sine
3420 1469 3606 1526 labore

2008 1557 2397 1628 percipiantur.
2419 1559 2536 1614 Nec
2565 1559 2709 1614 enim
2739 1559 2812 1613 ibi
2841 1575 3054 1615 merces
3094 1559 3186 1614 illa
3215 1558 3378 1614 ullius
3417 1559 3610 1615 labore

2009 1645 2319 1719 augebitur,
2353 1647 2450 1703 sed
2479 1647 2856 1703 misericordia
2887 1648 3006 1716 Dei,
3041 1655 3304 1720 quantum
3325 1663 3610 1704 concesse-

307 1759 331 1788 ι
365 1738 620 1810 Accipies
651 1755 865 1810 quoque
895 1737 1129 1792 similam
1152 1747 1204 1794 et
1225 1754 1427 1811 coques
1449 1755 1512 1794 ex
1536 1754 1598 1794 ea
1618 1733 1978 1794 duodecimB
2008 1734 2078 1790 rit
2124 1735 2178 1789 in
2213 1735 2412 1801 cibum,
2460 1735 2514 1790 id
2561 1743 2645 1790 est
2691 1735 3041 1793 refectionem
3088 1737 3245 1804 vitae;
3276 1737 3509 1792 Domino
3561 1744 3614 1792 et

302 1842 500 1897 panes,
538 1847 560 1876 »
595 1835 648 1882 et
678 1825 778 1882 rel.
813 1827 871 1880 In
903 1826 1168 1897 sapientia
1209 1826 1393 1882 divina
1430 1826 1772 1882 instruantur
1801 1827 1906 1882 do-

303 1922 490 1972 ctores
521 1915 819 1971 secundum
839 1915 1189 1986 apostolicam
1212 1915 1516 1977 doctrinam
1541 1935 1556 1983 ;
1586 1938 1607 1965 «
1630 1915 1910 1972 habebunt

301 2001 444 2058 duas
473 2002 736 2068 decimas,
777 2024 799 2054 ι
833 2003 889 2058 id
937 2010 1018 2058 est
1066 2003 1347 2075 utriusque
1396 2004 1725 2060 Testamenti
1773 2020 1909 2060 con-

303 2099 530 2147 servent
570 2091 1000 2162 perfeetionem;
1039 2114 1060 2143 α
1097 2108 1331 2164 quorum
1376 2109 1540 2150 senos
1588 2093 1911 2150 altrinsecus

303 2196 475 2250 super
505 2197 770 2236 mensam.
807 2202 829 2231 ι
873 2182 935 2235 In
985 2189 1175 2237 sancta
1224 2181 1508 2253 Scriptura
1554 2182 1908 2238 concordant.

307 2269 487 2325 Aliter
517 2285 684 2340 panes
712 2269 788 2325 illi
835 2271 1235 2327 Eucharistiam
1264 2270 1513 2344 signant;
1549 2287 1735 2326 mensa
1760 2315 1772 2336 ,
1826 2271 1912 2326 al-

305 2364 426 2413 tare
454 2375 468 2412 :
494 2357 640 2430 quod
663 2367 818 2414 erant
834 2359 1122 2416 duodecim
1145 2359 1446 2431 perfectam
1464 2359 1916 2432 significationem

305 2446 427 2515 ejus
458 2445 768 2519 designant.
807 2470 828 2498 α
863 2449 930 2504 Et
961 2465 1132 2519 pones
1163 2465 1327 2520 super
1357 2465 1451 2504 eos
1488 2450 1608 2503 thus
1637 2447 1915 2504 lucidissi-

306 2551 483 2602 mum,
523 2557 545 2586 ι
599 2536 654 2591 id
705 2544 787 2592 est
827 2537 1131 2592 orationem
1170 2537 1256 2591 vel
1315 2537 1766 2592 illuminationem
1815 2537 1916 2592 Dei

306 2623 484 2690 verbi,
518 2623 645 2696 quia
683 2625 807 2678 thus
855 2624 1027 2680 oculis
1072 2624 1311 2696 prodest.
1337 2647 1359 2676 «
1391 2626 1496 2680 Per
1535 2625 1753 2699 singula
1783 2625 1916 2680 sab-

312 2711 436 2766 bata
468 2713 835 2779 mutabuntur,
874 2733 896 2762 ι
930 2712 984 2766 id
1025 2721 1108 2768 est
1135 2713 1392 2770 doctores
1419 2714 1546 2769 boni
1577 2715 1704 2770 hinc
1735 2722 1916 2768 trans-

309 2800 409 2856 lati
439 2801 510 2856 ad
540 2801 784 2872 requiem
835 2800 1105 2869 dicuntur,
1158 2809 1212 2858 et
1250 2802 1341 2858 alii
1387 2802 1443 2858 in
1491 2803 1721 2859 sabbato
1752 2802 1918 2857 resti-
1985 2827 1990 2836 -

312 2897 539 2944 tuuntur
568 2898 792 2960 propter
821 2890 1067 2946 eamdem
1099 2891 1366 2962 requiem,
1399 2892 1490 2946 alii
1531 2891 1914 2963 subrogantur.

318 2999 342 3028 ι
382 2977 630 3048 Suscepti
669 2995 699 3032 a
730 2977 854 3034 filiis
889 2979 1077 3046 Israel,
1116 3001 1137 3030 ι
1171 2997 1202 3034 a
1252 2979 1502 3034 fidelibus
1552 2981 1698 3036 enim
1745 2979 1920 3036 sancti

309 3066 570 3122 doctores
615 3077 934 3136 sumuntur;
972 3091 994 3120 ε
1048 3077 1311 3140 eruntque
1362 3071 1547 3124 Aaron
1599 3077 1652 3124 et
1683 3068 1918 3124 ﬁliorum

307 3155 448 3226 ejus,
486 3177 508 3206 ι
543 3157 670 3228 quia
700 3157 943 3212 Christus
990 3158 1186 3228 accipit
1210 3157 1264 3212 in
1292 3157 1667 3228 semetipsum.
1710 3180 1732 3208 ι
1771 3159 1916 3214 Ecce

309 3261 498 3308 autem
527 3270 787 3324 egressus
810 3253 950 3308 filius
979 3254 1224 3310 mulieris
1255 3254 1536 3324 Israelitis,
1563 3271 1725 3327 quem
1746 3271 1920 3325 pepe-

308 3357 466 3403 rerat
486 3349 555 3404 de
585 3348 700 3404 viro
721 3349 973 3420 zEgyptio
1005 3349 1144 3405 inter
1165 3348 1305 3405 filios
1336 3350 1528 3416 Israel,
1565 3351 1819 3422 jurgatus
1840 3357 1922 3406 est

305 3446 366 3500 in
396 3446 613 3516 castris,
651 3468 673 3496 ι
706 3454 758 3502 et
780 3446 880 3502 rel.
915 3447 1014 3503 Hic
1043 3447 1126 3503 vir
1156 3465 1280 3502 eum
1310 3448 1564 3520 designat
1594 3448 1708 3519 qui,
1742 3449 1798 3502 in
1828 3465 1920 3504 re-

303 3543 514 3616 ligione
545 3543 920 3600 ecclesiastica
941 3551 1122 3610 natus,
1153 3545 1315 3599 habet
1345 3552 1556 3616 patrem
1587 3545 1919 3617 zEgyptium,

304 3641 365 3696 id
395 3647 479 3696 est
511 3641 556 3696 si
584 3641 870 3714 gentilium
901 3642 1243 3714 philosoPhia
1278 3642 1336 3697 in
1365 3659 1614 3698 errorem
1647 3642 1918 3710 inciderit,

309 3739 421 3794 hoc
449 3745 532 3793 est
562 3738 707 3793 enim
750 3739 1000 3812 jurgari;
1055 3748 1108 3795 et
1154 3756 1254 3810 per
1295 3741 1401 3796 hoc
1448 3756 1648 3795 nomen
1706 3739 1923 3796 Domini

315 3831 801 3902 blasphemaverit,
848 3841 906 3888 ut
955 3849 1177 3900 errans,
1231 3835 1460 3889 mittitur
1505 3835 1559 3888 in
1616 3850 1920 3902 carcerem,

309 3929 440 4001 quia
469 3930 824 4003 castigandus
855 3939 937 3986 est
966 3930 1199 3988 fortiter.
1234 3932 1338 4002 Qui
1375 3932 1726 4003 postmodum
1752 3932 1921 4001 jube-

307 4030 399 4078 tur
428 4033 584 4080 extra
612 4033 796 4080 castra
816 4025 1067 4096 lapidari,
1102 4027 1230 4098 quia
1258 4027 1314 4080 in
1341 4043 1532 4084 errore
1561 4043 1923 4100 perseverans

308 4120 466 4175 duris
495 4122 776 4176 sententiis
815 4123 1395 4178 excommunicationis
1425 4131 1578 4178 extra
1619 4124 1925 4180 Ecclesiam

309 4217 735 4288 propulsandus.
774 4239 797 4268 ι
833 4219 1026 4285 Homo,
1066 4219 1158 4290 qui
1206 4220 1550 4275 maledixerit
1593 4221 1708 4277 Deo
1739 4238 1859 4288 suo,
1897 4241 1920 4271 ι

309 4322 367 4369 et
388 4315 514 4381 rel.,
546 4313 600 4369 id
630 4324 712 4370 est
741 4315 834 4387 qui
864 4333 964 4388 per
992 4333 1240 4372 errorem
1265 4317 1472 4374 cultum
1495 4318 1593 4373 Dei
1615 4320 1822 4375 violare
1844 4319 1926 4374 ni-

2010 1839 2191 1891 servo,
2221 1823 2276 1879 id
2305 1832 2386 1880 est
2418 1824 2682 1897 magistro
2731 1833 2785 1880 et
2831 1826 3122 1894 subjectis;
3169 1833 3223 1881 et
3267 1826 3611 1882 mercenaria

2010 1929 2110 1984 pro
2141 1920 2340 1968 aeterna
2369 1913 2626 1970 mercede
2664 1913 2719 1968 in
2739 1913 2983 1969 Ecclesia
3012 1913 3304 1981 servienti;
3343 1936 3363 1965 ι
3389 1915 3614 1970 advenae

2011 2008 2064 2057 et
2086 2001 2346 2071 jumentis
2400 2023 2422 2053 ι
2448 2002 2517 2058 de
2547 2002 2847 2075 gentilitate
2876 2017 3146 2059 converso
3169 2009 3223 2057 et
3252 2001 3608 2073 simplicibus.

2017 2119 2039 2148 α
2076 2098 2257 2155 Multae
2287 2099 2432 2154 enim
2461 2108 2586 2154 sunt
2614 2099 2927 2155 mansiones
2948 2099 3003 2153 in
3030 2098 3193 2154 domo
3222 2098 3395 2170 patris
3427 2100 3610 2170 (Joan.

2015 2196 2148 2267 XIV),
2184 2195 2312 2268 quia
2343 2195 2642 2252 secundum
2672 2212 2831 2250 suum
2872 2195 3097 2251 modum
3126 2195 3417 2266 unicuique
3447 2194 3614 2250 retri-

2016 2283 2233 2339 buetur.
2264 2306 2286 2334 ι
2325 2306 2348 2335 α
2382 2285 2711 2340 Numerabis
2743 2300 2962 2356 quoque
3003 2292 3214 2355 septem
3241 2283 3616 2339 hebdomadas

2016 2387 2306 2439 annorum,
2356 2372 2411 2428 id
2443 2381 2526 2429 est
2575 2373 2777 2444 septies
2821 2380 3052 2444 septem,
3091 2393 3112 2422 ι
3166 2371 3314 2444 quod
3343 2371 3619 2445 signiﬁcat

2015 2459 2408 2532 perfectionem
2438 2461 2666 2533 requiei,
2717 2469 2820 2516 ret
2847 2460 3074 2532 clanges
3103 2459 3352 2516 buccina.
3392 2481 3413 2509 ι
3449 2461 3620 2516 Canet

2017 2559 2162 2614 enim
2203 2560 2328 2615 tuba
2358 2568 2412 2615 et
2444 2560 2643 2616 mortui
2675 2559 2766 2632 qui
2813 2559 2868 2614 in
2907 2559 3122 2615 Christo
3161 2566 3285 2613 sunt
3329 2565 3619 2632 resurgant

2017 2657 2181 2728 primi
2202 2658 2249 2727 (ι
2279 2659 2400 2714 Cor.
2447 2659 2558 2729 xv).
2599 2678 2621 2707 α
2653 2657 2839 2712 Mense
2884 2657 3114 2728 septimo
3162 2655 3378 2712 decima
3423 2655 3531 2722 die,
3565 2655 3622 2710 id

2019 2763 2101 2810 est
2128 2755 2184 2809 in
2214 2755 2549 2826 perfectione
2579 2754 2866 2826 promissae
2888 2753 3113 2826 quietis;
3153 2775 3174 2804 ι
3211 2751 3622 2811 sanctiﬁcabitis

2020 2866 2224 2906 annum
2279 2851 2816 2924 quinquagesimum.
2863 2850 3382 2924 Quinquagenarius
3430 2851 3622 2906 remis-

2020 2948 2232 3003 sionem
2269 2947 2583 3021 significare
2619 2948 2674 3002 in
2717 2946 2902 3002 multis
2941 2947 3280 3002 ostendimus
3311 2966 3326 3002 :
3358 2947 3413 3002 in
3442 2946 3626 3004 futura

2021 3045 2166 3101 enim
2197 3045 2384 3117 requie
2415 3045 2662 3117 perfecta
2691 3046 2793 3100 erit
2824 3045 3094 3112 remissio,
3132 3045 3263 3100 dum
3292 3045 3362 3100 ad
3392 3061 3625 3118 regnum

2022 3144 2363 3200 vocabuntur
2399 3159 2590 3199 omnes
2647 3143 2828 3200 electi.
2863 3145 3187 3199 Revertetur
3207 3144 3372 3199 homo
3401 3143 3472 3199 ad
3499 3159 3629 3215 pos-

2022 3241 2346 3308 sessionem,
2381 3241 2436 3294 id
2464 3248 2546 3296 est
2567 3241 2908 3312 paradisum,
2935 3241 3080 3297 unde
3102 3241 3309 3296 dudum
3330 3241 3628 3308 exciderat,

2027 3360 2050 3390 (
2085 3339 2256 3394 rediet
2284 3339 2352 3394 ad
2381 3338 2664 3405 familiam,
2702 3360 2724 3389 ι
2775 3355 2930 3394 suam
2979 3338 3035 3395 id
3074 3347 3158 3395 est
3195 3340 3266 3395 ad
3304 3339 3632 3413 angelorum

2023 3435 2382 3502 consortium,
2438 3443 2600 3507 prout
2647 3436 2912 3508 cujusque
2969 3437 3163 3492 merita
3218 3445 3497 3508 expetunt.
3549 3437 3632 3492 De

2022 3549 2134 3588 non
2164 3533 2399 3588 serendo
2431 3541 2485 3588 et
2514 3549 2623 3587 non
2651 3534 2908 3589 metendo
2940 3534 3056 3603 jam
3085 3533 3291 3589 dictum
3321 3543 3422 3590 est.
3463 3556 3485 3585 ι
3523 3532 3634 3590 Sed

2024 3629 2209 3685 statim
2238 3629 2422 3685 oblata
2451 3629 2770 3697 comedetis,
2810 3652 2832 3680 »
2869 3630 2924 3685 id
2955 3638 3038 3685 est
3067 3647 3189 3702 qua:
3218 3631 3484 3686 Dominus
3506 3631 3632 3700 jus-

2024 3726 2112 3774 tus
2127 3718 2296 3788 judex
2325 3718 2658 3785 retribuerit,
2711 3719 2896 3774 statim
2925 3717 3010 3773 his
3056 3727 3296 3787 utamur,
3331 3737 3440 3775 non
3473 3736 3629 3791 quae-

2024 3824 2209 3872 rentes
2265 3831 2444 3872 seram
2484 3817 2736 3872 laborum
2780 3817 3248 3874 exercitationem.
3305 3839 3328 3869 «
3357 3818 3629 3873 Primitias

2025 3914 2314 3971 vindemiae
2333 3931 2442 3970 non
2470 3915 2762 3989 colligetis,
2801 3937 2824 3968 »
2858 3913 2914 3973 id
2946 3925 3030 3973 est
3061 3915 3361 3973 secundum
3390 3916 3629 3972 litteram

2019 4015 2172 4084 jubet
2201 4031 2270 4070 ne
2299 4015 2561 4088 colligant
2589 4016 2776 4072 vinum
2819 4017 3257 4090 exprimendum.
3295 4037 3319 4067 3
3354 4018 3510 4072 Anno
3532 4015 3627 4086 ju-

2024 4109 2166 4165 bilzei
2196 4109 2411 4164 redient
2451 4125 2643 4166 omnes
2685 4111 2758 4166 ad
2806 4112 3186 4183 possessiones
3217 4127 3366 4179 suas,
3404 4133 3426 4163 ι
3459 4111 3515 4166 id
3545 4119 3630 4167 est

2024 4206 2080 4262 in
2109 4209 2452 4280 separatione
2481 4209 2728 4280 corporis
2759 4218 2812 4265 et
2843 4211 3039 4266 animae
3061 4252 3074 4277 ,
3115 4211 3202 4267 vel
3231 4210 3288 4265 in
3332 4209 3637 4289 universali

2025 4308 2424 4364 resurrectione
2454 4308 2666 4364 redient
2696 4308 2851 4365 electi
2881 4309 2950 4364 ad
2981 4309 3317 4381 paradisum,
3347 4315 3457 4382 q’uo
3490 4309 3630 4365 latro

315 4414 466 4480 titur,
483 4414 567 4469 vel
581 4431 740 4485 paena
751 4415 1101 4486 paenitentiae,
1118 4416 1202 4472 vel
1217 4425 1420 4472 aeterna
1433 4417 1783 4473 damnatione
1796 4416 1915 4474 afﬂi-

2027 4405 2095 4460 de
2122 4422 2284 4462 cruce
2317 4407 2577 4477 perrexit.
2615 4429 2638 4458 «
2673 4406 2907 4475 Quando
2950 4407 3156 4464 vendes
3201 4407 3481 4480 quippiam
3526 4405 3632 4463 civi

311 4511 409 4576 get
441 4521 454 4557 :
493 4525 514 4553 ι
551 4504 664 4560 sive
709 4505 843 4560 civis
881 4505 996 4561 sive
1050 4507 1394 4578 peregrinus,
1424 4527 1446 4557 ι
1483 4506 1535 4561 id
1587 4515 1667 4561 est
1701 4502 1987 4563 Judaeus'
2025 4511 2137 4571 tuo,
2173 4503 2258 4560 vel
2289 4522 2438 4560 emes
2469 4505 2537 4559 ab
2568 4520 2653 4572 eo,
2693 4525 2715 4554 ι
2751 4514 2802 4560 et
2845 4505 2969 4572 rel.,
3022 4505 3077 4560 id
3108 4513 3191 4560 est
3230 4505 3448 4576 quando
3479 4502 3633 4560 fratri

313 4599 623 4674 gentilisve,
661 4622 684 4651 α
711 4601 801 4673 qui
825 4602 1088 4658 occiderit
1109 4603 1406 4670 hominem,
1445 4625 1466 4653 »
1492 4603 1548 4658 id
1579 4611 1663 4659 est
1697 4605 1926 4660 seduxe-
2023 4609 2118 4657 tuo
2146 4601 2447 4659 doctrinam
2492 4601 2921 4669 commendabis,
2975 4601 3060 4657 vel
3101 4619 3251 4658 emes
3282 4602 3363 4657 'ab
3394 4619 3460 4659 eo
3491 4603 3630 4659 obe-

311 4697 382 4753 rit
413 4699 596 4754 multis
626 4700 833 4766 utilem,
868 4701 1141 4772 punietur,
1175 4710 1232 4756 ut
1266 4717 1452 4773 supra.
1488 4700 1592 4770 Qui
1625 4719 1924 4773 percusse-
2025 4699 2306 4767 dientiam,
2343 4722 2366 4751 ε
2391 4718 2458 4755 ne
2488 4700 2777 4756 contristes
2801 4716 2946 4766 eum,
2977 4721 2998 4749 ι
3024 4699 3079 4755 id
3109 4708 3191 4755 est
3223 4716 3332 4756 non
3363 4703 3632 4771 majorem

315 4797 385 4852 rit
415 4798 637 4866 animal,
673 4799 865 4856 reddat
886 4799 1167 4867 vicarium,
1193 4798 1247 4856 id
1279 4807 1361 4856 est
1383 4799 1474 4872 qui
1499 4801 1774 4857 seduxerit
1797 4802 1915 4857 sim-

2027 4789 2310 4846 scientiam
2340 4798 2392 4845 et
2441 4790 2711 4845 actionem
2761 4804 2978 4860 quaaras
3029 4789 3098 4844 ab
3144 4806 3211 4845 eo
3255 4805 3421 4861 quam
3451 4798 3633 4848 tecum

313 4894 516 4968 plicem
545 4903 597 4952 et
628 4893 868 4963 stultum,
902 4897 1072 4969 ipsius
1117 4896 1451 4954 seductionis
1488 4898 1707 4970 culpam
1746 4897 1926 4971 poeni-
2027 4887 2272 4958 ΡθῐὌθΡίῐ
2307 4906 2320 4942 ε
2354 4888 2460 4944 hoc
2509 4895 2591 4942 οδε
2635 4886 2789 4955 luxui
2847 4902 3136 4941 numerum
3173 4887 3379 4956 inbuaﬁ
3424 4905 3633 4946 emere-

318 4993 487 5048 tentia
503 4992 672 5065 digna
692 4993 959 5049 absolvat.
986 5016 1008 5044 ‹
1037 4993 1141 5062 Qui
1159 4993 1490 5067 irrogaverit
1509 4993 1745 5060 macula,
1768 5016 1790 5045 ι
1817 5003 1915 5050 etc.

2034 5001 2056 5032 ι
2093 4980 2306 5050 Quanto
2350 4981 2536 5052 plures
2581 4981 2709 5036 anni
2750 4981 3118 5037 remanserint
3161 4989 3287 5053 post
3328 4982 3632 5054 jubilazum,

315 5091 377 5146 In
409 5106 754 5163 quocumque
785 5091 982 5147 laeserit
1011 5092 1245 5163 proximi
1276 5093 1442 5147 vitam
1469 5093 1634 5166 digna
1664 5093 1915 5148 emenda-

2030 5085 2179 5133 tanto
2210 5086 2418 5134 crescet
2447 5080 2703 5150 pretium,
2745 5099 2766 5129 ι
2810 5087 2914 5135 etc.
2964 5079 3178 5148 Quanto
3220 5080 3458 5154 longiori
3488 5089 3633 5138 tem-

315 5187 464 5241 tione
494 5193 714 5259 purget,
753 5207 776 5236 ε
811 5186 1044 5259 Equum
1076 5185 1344 5257 judicium
1387 5188 1456 5242 sit
1491 5189 1634 5244 inter
1664 5203 1782 5254 vos,
1817 5189 1931 5244 sive
2028 5193 2159 5248 pore
2190 5176 2312 5248 quis
2355 5175 2561 5232 doctori
2606 5177 2902 5243 inhaeserit,
2935 5185 3084 5234 tanto
3123 5178 3367 5250 potiores
3425 5179 3634 5238 fructus

319 5282 671 5357 peregrinus,
724 5284 839 5341 sive
899 5284 1032 5341 civis
1089 5285 1422 5356 peccaverit,
1452 5306 1474 5336 ι
1529 5287 1644 5342 sive
1688 5286 1928 5354 Iudaeus,

326 5378 443 5435 sive
472 5379 690 5451 gentilis
717 5379 788 5435 ad
835 5380 1141 5438 Ecclesiam
1189 5380 1474 5438 confluens
1503 5398 1612 5438 una
1656 5383 1916 5438 emenda-

325 5477 472 5534 tione
500 5494 559 5534 se
588 5494 621 5534 a
648 5479 1090 5550 praevaricatione
1121 5479 1366 5536 mundet.

615 5631 867 5688 Puaon.
903 5631 1095 5688 CXIV.

2031 5290 2454 5345 recompensare
2495 5274 2730 5330 debebit.
2770 5297 2792 5326 α
2827 5276 2895 5332 Ut
2922 5275 3168 5332 habitare
3197 5277 3418 5349 possitis
3435 5278 3489 5334 in
3520 5287 3636 5334 ter-

2033 5386 2114 5436 ra,
2152 5390 2174 5419 ι
2209 5378 2262 5425 et
2290 5369 2392 5425 rel.
2419 5371 2634 5426 Domini
2656 5371 2909 5427 mandata
2931 5373 3322 5443 custodiamus,
3348 5384 3404 5430 ut
3426 5375 3636 5445 absque

2033 5484 2260 5541 pavore,
2291 5467 2575 5526 diabolicae
2594 5470 2848 5527 versutia:
2867 5470 2923 5525 in
2951 5472 3199 5528 Ecclesia
3220 5478 3638 5540 conversantes,-

3351 5639 3422 5696 27
