4002 6184
380 252 485 307 843

877 247 1284 307 WALAFRIDI
1323 249 1566 307 STRABI
1604 251 1803 307 FULD.
1843 248 2018 307 MON.
2059 249 2213 306 OPP.
2254 250 2431 307 PARS
2469 251 2511 306 Ι.
2552 230 2623 293 -έ
2659 250 3133 308 THEOLOGICA.

3579 256 3681 312 8“

390 375 624 430 fructum
657 374 780 430 vitae
806 373 860 428 in
881 374 1000 446 ipsa
1032 374 1398 447 acquiramus.
1428 397 1450 426 κ
1472 374 1722 431 Perfecta
1752 375 1986 431 charitas
2015 377 2069 438 A
2088 375 2234 431 tione
2265 390 2526 448 agrorum
2576 376 2850 442 venditur,
2913 377 3037 448 quia
3068 377 3416 433 conversatio
3447 379 3693 450 gentium

391 462 542 518 foras
574 463 734 518 mittit
760 463 1008 519 timorem
1040 464 1110 535 (Ι
1133 466 1292 518 Joan.
1326 462 1438 534 tv).
1470 484 1492 513 ι
1523 485 1544 514 α
1582 464 1736 519 Dabo
1769 463 1990 518 benedi-

396 561 632 617 ctionem
661 561 816 616 vobis
862 576 1005 616 anno
1061 568 1232 615 sexto.
1270 580 1292 608 ι
1329 559 1388 614 Id
1418 569 1500 615 est
1528 560 1584 618 in
1617 569 1770 618 sexta
1831 569 1988 616 aetate

400 665 636 721 Domino
691 662 988 732 incarnato,
1047 661 1185 717 sicut
1213 660 1502 717 Psalmista
1531 660 1660 717 dicit
1694 677 1707 717 :
1749 681 1772 711 «
1808 659 1986 715 Bene-

387 753 551 809 dictio
579 751 793 807 Domini
823 765 990 820 super
1045 765 1164 818 vos,
1196 750 1572 806 benedicimus
1605 749 1763 805 vobis
1793 747 1849 803 in
1878 764 1984 804 no-

389 842 534 896 mine
565 839 779 895 Domini
810 839 1005 910 (Psal.
1039 841 1278 909 cxxvm)
1303 880 1315 894 .
1355 859 1377 889 »
1413 838 1725 896 Benedictio
1768 837 1984 894 Domini

393 937 476 985 est
505 945 671 1000 super
728 943 849 994 nos,
913 927 1004 999 qui
1062 928 1325 999 redempti
1355 927 1412 981 in
1441 927 1708 999 sanguine
1769 925 1986 993 Christi,

388 1016 624 1072 fructum
652 1017 911 1072 virtutum
941 1015 1254 1089 germinare
1304 1015 1567 1072 valemus.
1603 1015 1985 1071 Benedicimur

381 1113 563 1160 autem
591 1105 648 1159 in
679 1105 899 1161 nomine
930 1105 1164 1171 Domini,
1201 1104 1292 1176 qui
1321 1121 1421 1176 per
1455 1104 1650 1160 Christi
1684 1104 1982 1159 adventum

383 1196 602 1250 Patrem
631 1194 1016 1267 COgnoscimus
1041 1213 1055 1260 ;
1079 1193 1222 1249 unde
1242 1194 1359 1264 ipse
1383 1194 1496 1248 ait:
1525 1215 1547 1244 α
1574 1192 1678 1262 Qui
1700 1193 1846 1248 videt
1869 1208 1978 1258 me,

384 1283 530 1340 videt
549 1293 602 1339 et
618 1285 836 1339 Patrem
852 1286 1069 1353 meum(
1092 1285 1254 1340 Joan.
1279 1282 1429 1354 xxv).
1459 1303 1481 1332 ι
1508 1283 1575 1336 Et
1591 1281 1752 1338 faciet
1774 1280 1982 1336 fructus

385 1371 551 1427 trium
579 1387 862 1427 annorum.
896 1372 1065 1426 Tanta
1094 1371 1240 1426 enim
1296 1369 1602 1426 benedictio
1633 1371 1760 1425 data
1789 1377 1889 1435 est,
1923 1376 1981 1423 ut

385 1461 441 1516 in
472 1460 581 1517 fide
612 1470 812 1517 sanctae
839 1461 1114 1515 Trinitatis
1143 1459 1395 1515 omnibus
1428 1460 1789 1515 abundemus.
1829 1480 1852 1509 ι
1887 1457 1984 1513 Se-

386 1549 630 1622 retisque
661 1566 804 1605 anno
833 1558 1046 1606 octavo.
1073 1569 1095 1599 ι
1131 1550 1246 1604 Hoc
1279 1557 1362 1604 est
1392 1555 1742 1622 resurgentes
1773 1546 1986 1602 stabitis

384 1647 510 1694 ante
556 1639 790 1693 tribunal
849 1637 1048 1694 Christi
1078 1638 1341 1693 rationem
1371 1637 1562 1692 dantes
1618 1652 1846 1707 operum
1875 1635 1979 1691 bo—

2093 464 2343 519 custodia
2375 463 2512 537 legis
2543 481 2651 519 non
2682 465 2867 537 ligata,
2899 465 2946 519 si
2973 481 3003 518 a
3033 481 3164 520 vero
3221 465 3523 522 deviaverit
3571 476 3692 538 post

2089 551 2444 625 agnitionem,
2506 553 2822 624 poenitentia
2884 554 3187 610 redimitur.
3249 555 3331 609 De
3380 555 3606 624 jubilaeo
3635 564 3693 609 ut

2089 657 2273 712 supra.
2311 663 2333 691 α
2356 641 2518 696 ΛΕάρδ
2550 641 2859 699 Levitarum
2893 658 3016 714 quae
3046 642 3098 696 in
3133 643 3364 697 urbibus
3395 651 3523 697 sunt
3555 659 3693 698 sem-

2088 746 2185 800 per
2203 738 2430 802 possunt
2452 729 2667 795 redimi,
2695 751 2716 780 »
2738 730 2792 784 id
2814 738 2896 786 est
2918 731 3296 787 conventicula
3316 731 3690 802 apostolorum

2087 835 2207 890 quae
2234 818 2338 889 ipsi
2368 819 2711 892 collegerunt
2769 819 3108 890 pcenitentia,
3154 820 3298 891 quod
3328 820 3486 890 prius
3549 821 3688 874 deli-

2086 915 2336 978 querant,
2361 909 2735 962 emundarunt.
2765 929 2786 957 ει
2817 907 2954 976 Quia
2976 924 3078 978 pro
3094 908 3544 978 possessionibus
3566 917 3691 962 sunt

2086 994 2226 1050 inter
2254 994 2395 1051 filios
2425 996 2607 1062 Israel,
2649 1017 2670 1046 ιν
2706 995 2834 1068 quia
2862 996 2940 1051 illi
2971 1012 3108 1068 quos
3139 996 3381 1052 converti
3443 995 3691 1052 fecerunt

2085 1083 2197 1138 suis
2225 1084 2502 1155 precibus,
2535 1100 2644 1140 non
2675 1100 2863 1140 eorum
2894 1085 3123 1151 meritis,
3171 1101 3296 1140 cum
3326 1085 3552 1140 Domini
3581 1085 3695 1156 pie-

2083 1179 2194 1227 tate
2234 1172 2535 1229 salvabant.
2571 1195 2594 1224 α
2630 1173 2950 1228 Suburbana
3005 1189 3195 1228 eorum
3225 1190 3334 1228 non
3363 1181 3626 1240 veneant,
3664 1195 3686 1224 ι

2083 1269 2135 1317 et
2164 1261 2288 1330 rel.,
2314 1262 2369 1316 id
2391 1270 2473 1317 est
2494 1261 2725 1317 virtutes
2747 1269 3026 1334 nunquam
3047 1263 3387 1329 deserantur,
3415 1263 3552 1335 quia
3573 1263 3691 1318 sine

2080 1347 2188 1404 illis
2217 1350 2403 1406 vivere
2434 1367 2541 1406 non
2573 1367 2884 1422 possumus.
2917 1351 3051 1406 Sunt
3079 1360 3257 1407 autem
3289 1351 3548 1423 quaedam
3583 1352 3692 1407 vir-

2083 1446 2223 1493 tutes
2254 1456 2374 1511 qua:
2402 1455 2744 1512 nequaquam
2803 1441 3156 1496 continuatim
3212 1441 3399 1495 haberi
3432 1450 3688 1511 possunt,

2080 1537 2137 1582 ut
2187 1527 2391 1597 jejunia
2423 1537 2474 1584 et
2504 1528 2706 1602 vigilia;
2737 1537 2788 1584 et
2845 1537 3038 1584 caetera
3095 1528 3226 1584 talia
3257 1548 3270 1583 :
3303 1529 3423 1585 alia:
3479 1537 3685 1594 autem,

2081 1615 2278 1688 quibus
2307 1632 2587 1690 nunquam
2616 1619 2779 1672 homo
2796 1617 2958 1672 debet
2981 1617 3204 1688 spolari,
3227 1626 3284 1672 ut
3305 1625 3387 1673 est
3416 1618 3684 1683 charitas,

383 1744 598 1797 norum,
632 1744 731 1799 pro
761 1729 959 1800 quibus
1010 1726 1366 1784 coronemini.
1404 1748 1426 1777 α
1454 1727 1520 1781 Et
1551 1725 1849 1782 comedetis
1878 1740 1971 1780 ve-

2079 1705 2378 1772 humilitas,
2411 1715 2516 1762 etc.
2551 1706 2880 1778 Superiores
2913 1723 3128 1778 quoque
3158 1707 3234 1761 ita
3262 1707 3484 1762 assidue
3515 1708 3692 1778 possi-

385 1824 532 1872 teres
555 1815 741 1889 fruges
795 1832 968 1888 usque
994 1815 1062 1870 ad
1119 1831 1321 1870 nonum
1379 1829 1600 1870 annum.
1641 1835 1662 1866 ι
1701 1814 1760 1869 Id
1809 1813 1973 1870 estin

379 1905 640 1978 Operibus
671 1905 828 1960 bonis
859 1922 980 1975 qua:
1012 1904 1068 1958 in
1098 1919 1332 1974 corpore
1380 1903 1689 1975 acquisistis
1718 1918 1888 1975 usque
1919 1902 1973 1956 in

381 2002 644 2050 aeternum
666 1993 974 2048 laetabimini
987 2001 1038 2048 et
1051 1992 1210 2048 ultra.
1238 2014 1260 2042 ι
1287 1993 1474 2048 Donec
1494 2007 1636 2048 nova
1655 2000 1971 2058 nascantur,

382 2082 555 2139 edetis
575 2090 781 2149 vetera,
814 2103 835 2131 »
859 2081 913 2136 id
931 2089 1012 2136 est
1034 2097 1098 2136 eo
1119 2097 1217 2136 vos
1246 2081 1520 2137 deducant
1541 2097 1662 2137 cum
1683 2081 1782 2136 Dei
1800 2080 1975 2154 gratia

381 2187 609 2244 operum
661 2171 926 2226 bonorum
983 2169 1194 2236 merita,
1230 2170 1320 2224 ubi
1389 2170 1543 2225 vobis
1604 2169 1977 2224 ministrentur

378 2268 600 2317 aeterna.
621 2261 829 2315 «Terra
859 2275 1075 2332 quoque
1103 2275 1214 2314 non
1249 2257 1516 2315 vendetur
1563 2259 1618 2314 in
1631 2267 1972 2330 perpetuum,

379 2349 504 2422 quia
532 2365 652 2404 mea
682 2357 784 2404 est.
825 2370 846 2399 »
880 2349 1212 2421 ΙιίοθιξιιιιιΙῑὶ
1241 2349 1458 2405 devient
1497 2347 1764 2416 Ecclesia,
1797 2356 1977 2402 tamen

378 2455 489 2494 non
546 2439 892 2494 subvertetur
921 2437 976 2492 in
1004 2446 1285 2506 mternum,
1348 2437 1474 2509 quia
1527 2437 1770 2491 Christus
1825 2436 1878 2490 in
1911 2451 1977 2491 ea

377 2536 478 2584 est.
509 2549 530 2578 α
558 2528 625 2583 Et
644 2544 743 2583 vos
773 2528 1000 2583 advenae
1029 2535 1081 2582 et
1111 2527 1290 2583 coloni
1317 2527 1444 2581 mei.
1475 2548 1496 2576 ι
1524 2525 1782 2596 Quamvis
1812 2526 1976 2580 homo

377 2623 633 2672 nascatur
661 2616 716 2670 in
747 2616 1013 2683 Ecclesia,
1050 2616 1244 2671 iterum
1279 2614 1495 2671 renasci
1525 2615 1688 2670 debet
1710 2622 1766 2669 ut
1791 2615 1973 2668 intret.

381 2727 403 2756 ι
441 2705 594 2761 Unde
648 2713 840 2760 cuncta
898 2705 1052 2777 regio
1084 2704 1450 2775 possessionis
1482 2712 1694 2771 vestrae,
1735 2725 1758 2753 ν
1791 2711 1840 2757 et
1872 2701 1973 2757 rel.

379 2793 435 2848 Si
465 2793 586 2864 quis
616 2809 814 2864 corpus
845 2793 932 2848 vel
962 2793 1198 2848 animam
1241 2809 1391 2847 suam
1421 2791 1477 2846 in
1503 2792 1818 2847 servitutem
1849 2807 1976 2862 pec-

381 2881 485 2937 cati
541 2881 886 2951 converterit,
919 2898 1018 2952 per
1074 2881 1449 2952 paenitentiam
1505 2888 1686 2950 potest
1743 2879 1972 2934 absolvi.

379 2990 402 3021 ι
439 2971 494 3026 Si
522 2979 824 3025 attenuatus
855 2969 1026 3026 frater
1068 2979 1212 3035 tuus,
1252 2991 1274 3020 ι
1311 2978 1364 3024 et
1395 2969 1497 3023 rel.
1533 2969 1588 3023 Si
1619 2967 1788 3024 frater
1817 2966 1975 3022 inﬁr-

374 3067 551 3114 matus
581 3059 688 3114 fide
718 3060 803 3114 vel
831 3059 1045 3114 actione
1105 3057 1408 3113 subdiderit
1439 3074 1498 3112 se
1527 3057 1830 3129 iniquitati;
1857 3078 1879 3107 α
1917 3063 1968 3112 et
1999 3091 2047 3154 Ο

374 3148 600 3203 voluerit
629 3147 968 3218 propinquus
998 3148 1130 3215 ejus,
1171 3168 1192 3196 »
1218 3154 1345 3212 etc.,
1383 3147 1438 3200 id
1469 3153 1551 3200 est
1581 3147 1771 3201 doctor
1801 3145 1966 3216 quili-

375 3234 488 3305 bet,
521 3235 567 3289 si
597 3235 848 3299 voluerit,
873 3252 970 3305 per
997 3235 1221 3290 verbum
1251 3243 1303 3290 et
1328 3235 1595 3290 rationem
1637 3242 1814 3306 potest
1845 3250 1966 3290 eum

375 3339 654 3380 revocare.
688 3323 783 3378 Cui
837 3324 1070 3378 Jacobus
1100 3323 1231 3378 dicit
1265 3340 1277 3378 :
1316 3345 1337 3373 «
1375 3322 1479 3392 Qui
1506 3323 1746 3379 converti
1777 3321 1967 3379 fecerit

374 3421 718 3484 peccatorem
747 3413 814 3466 ab
844 3428 1031 3468 errore
1062 3412 1160 3468 viae
1179 3429 1291 3468 suae
1316 3454 1329 3482 ,
1358 3433 1379 3461 ι
1407 3421 1511 3468 etc.
1535 3443 1605 3452 ——
1629 3434 1650 3463 α
1677 3413 1743 3466 Et
1773 3412 1818 3466 si
1849 3411 1967 3482 ipse

371 3501 603 3573 pretium
633 3502 704 3556 ad
734 3500 1111 3557 redimendum
1163 3501 1360 3573 poterit
1416 3502 1679 3567 invenire,
1723 3522 1743 3550 υ
1779 3508 1832 3555 et
1865 3499 1963 3555 rel.

373 3589 430 3644 Id
461 3597 543 3645 est
572 3590 618 3645 si
647 3590 868 3645 alterius
899 3599 1050 3646 caret
1079 3591 1278 3646 auxilio
1310 3599 1362 3646 et
1403 3590 1519 3661 ipse
1549 3590 1729 3661 aliquo
1762 3606 1820 3644 se
1849 3587 1966 3643 zelo

371 3679 806 3750 compunctionis
835 3679 1087 3746 correxit,
1125 3702 1146 3730 α
1185 3680 1641 3750 computabuntur
1667 3677 1902 3744 fructus,
1939 3697 1962 3728 ι

372 3777 424 3824 et
456 3768 579 3835 rel.,
613 3768 667 3823 id
697 3776 780 3824 est
809 3769 1013 3842 cogitet
1069 3777 1327 3840 quantum
1359 3767 1607 3823 servierit
1635 3767 1874 3836 diabolo,
1916 3773 1970 3822 et

367 3856 628 3928 deinceps
657 3856 824 3927 digno
855 3857 1185 3928 ptenitentiae
1232 3856 1408 3912 fructu
1441 3856 1604 3911 vitam
1637 3871 1790 3910 suam
1822 3854 1970 3910 redi-

369 3953 502 4000 mat.
540 3967 562 3997 κ
598 3945 756 4015 Quod
787 3945 832 3999 si
862 3961 971 4000 non
1002 3946 1269 4000 invenerit
1326 3961 1520 4000 manus
1541 3945 1659 4014 ejus
1687 3952 1745 3998 ut
1775 3944 1968 3999 reddat

368 4035 619 4106 pretium,
650 4035 872 4089 habebit
903 4042 1129 4105 emptor,
1159 4034 1303 4105 quod
1334 4042 1540 4090 emerat
1568 4050 1743 4105 usque
1772 4034 1838 4087 ad
1868 4049 1964 4087 an-

373 4148 502 4188 num
527 4131 826 4201 jubilarum.
857 4151 878 4180 ι
906 4132 966 4185 Id
987 4139 1070 4185 est
1093 4131 1137 4185 si
1158 4131 1397 4186 nondum
1435 4131 1550 4186 zelo
1574 4131 1969 4186 emendationis

372 4222 548 4295 eriget
609 4237 687 4286 se,
748 4219 803 4273 in
856 4219 1106 4291 magistri
1163 4227 1429 4291 potestate
1486 4228 1588 4288 est,
1641 4236 1814 4291 usque
1841 4220 1968 4274 dum

370 4309 648 4382 perveniat
678 4308 747 4363 ad
771 4308 1070 4377 jubilmum,
1101 4307 1155 4363 id
1183 4318 1262 4363 est
1318 4326 1416 4380 per
1471 4309 1842 4380 pmnitentiam
1899 4308 1970 4364 ad

369 4415 554 4456 veram
584 4397 979 4454 remissionem.
1019 4419 1040 4447 ι
1077 4398 1137 4452 In
1166 4398 1285 4468 ipso
1343 4398 1485 4453 enim
1516 4398 1694 4452 omnis
1724 4397 1962 4454 venditio

372 4489 528 4552 redit,
569 4510 590 4538 ι
625 4497 678 4544 et
707 4487 803 4543 rel.
835 4488 893 4541 In
951 4486 1283 4558 perfectione
1338 4487 1666 4558 poenitentia:
1722 4487 1962 4558 pristinae

369 4577 602 4633 libertati
631 4586 981 4648 peccatorum
1037 4576 1358 4630 restituitur.
1424 4575 1651 4630 Vendita
1679 4575 1874 4630 domus
1908 4577 1963 4629 in

372 4667 507 4722 urbe
537 4666 591 4720 in
622 4683 729 4721 uno
759 4682 899 4721 anno
930 4665 1121 4720 redimi
1150 4672 1345 4736 potest.
1379 4665 1498 4720 Non
1533 4664 1791 4735 deinceps
1821 4680 1963 4720 anno

374 4765 642 4830 revoluto,
702 4764 825 4835 quia
882 4763 1061 4819 cultus
1090 4763 1144 4818 in
1179 4763 1300 4835 lege
1332 4763 1711 4819 traditionibus
1765 4765 1963 4820 Phari-

373 4870 605 4910 saeorum
634 4853 909 4925 pejoratus
940 4853 993 4906 in
1040 4869 1201 4918 anno,
1234 4851 1289 4907 id
1319 4861 1399 4908 est
1428 4853 1482 4906 in
1514 4862 1756 4924 tempore
1785 4853 1963 4909 incar-

370 4943 602 4997 nationis
645 4942 862 5008 Christi,
896 4941 1090 4996 redimi
1117 4942 1289 5012 potuit
1319 4942 1386 4996 de
1417 4943 1882 5013 praevaricatione,
1917 4943 1963 4998 si

370 5039 596 5096 credere
652 5040 969 5096 voluissent.
1005 5040 1108 5110 Qui
1139 5041 1285 5096 enim
1343 5042 1644 5112 pertinaces
1692 5043 1747 5097 in
1775 5059 1962 5099 errore

367 5134 585 5191 fuerunt
615 5137 856 5206 possedit
886 5154 981 5193 eos
1011 5137 1256 5194 Satanas.
1296 5160 1316 5187 α
1344 5138 1460 5196 Nec
1486 5139 1678 5194 redimi
1710 5148 1963 5211 poterunt

364 5234 420 5290 in
443 5232 667 5303 jubileo.
694 5255 715 5283 ι
744 5235 802 5288 [ιι
832 5234 1088 5305 passione
1111 5236 1326 5303 Christi,
1362 5237 1452 5291 ubi
1483 5237 1616 5292 dixit
1650 5239 1913 5294 Dominus
1943 5259 1957 5296 :

373 5354 396 5385 ι
435 5333 610 5397 Pater,
644 5331 870 5403 ignosce
895 5331 1020 5396 illis,
1045 5353 1066 5381 »
1092 5341 1192 5390 etc.
1221 5334 1376 5405 (Luc.
1412 5337 1612 5407 XXIII).
1648 5336 1752 5404 Qui
1782 5345 1962 5392 autem

366 5429 717 5489 crediderunt
775 5428 1199 5485 incarnationem
1231 5431 1368 5501 ejus,
1403 5431 1459 5486 in
1488 5449 1595 5488 uno
1626 5449 1766 5488 anno
1797 5434 1960 5490 rede-

364 5535 582 5584 merunt
635 5525 1106 5584 conversationem
1165 5544 1339 5594 suam,
1374 5538 1425 5584 et
1456 5529 1562 5584 illis
1593 5531 1708 5587 haec
1759 5532 1960 5604 profuit

2089 1793 2301 1861 dentur,
2336 1794 2382 1848 si
2411 1795 2541 1850 dum
2571 1811 2678 1850 non
2711 1796 2976 1850 habentur
3004 1796 3058 1850 in
3090 1795 3256 1862 facto,
3291 1796 3601 1852 efﬁciantur
3629 1798 3684 1852 in

2073 1890 2220 1938 voto.
2257 1904 2279 1933 α
2316 1884 2372 1938 Si
2404 1891 2715 1939 attenuatus
2771 1883 2939 1940 frater
2972 1893 3094 1939 tuus
3154 1884 3339 1952 fuerit,
3379 1907 3400 1934 ι
3438 1893 3491 1940 et
3523 1885 3686 1958 reliq.

2077 1971 2137 2027 Si
2193 1973 2513 2041 conjunctus
2586 1972 2680 2027 tibi
2753 1972 2808 2026 in
2883 1973 3278 2028 Christianitate
3353 1973 3684 2042 infirmetur,

2076 2061 2324 2117 actione:
2351 2069 2403 2118 et
2431 2069 2486 2117 tu
2522 2084 2543 2112 α
2579 2061 2892 2133 susceperis
2923 2079 3046 2116 eum
3085 2085 3106 2112 ιι
3144 2062 3476 2128 docendum,
3510 2080 3689 2135 quan-

2076 2156 2188 2204 tum
2223 2150 2272 2205 ei
2305 2150 2546 2217 dederis,
2581 2151 2762 2223 exige,
2797 2150 2851 2205 id
2884 2159 2963 2205 est
2987 2151 3140 2219 juxta
3197 2151 3508 2206 doctrinam
3543 2160 3692 2206 tuam

2078 2255 2262 2309 quaere
2293 2239 2409 2308 ejus
2435 2238 2818 2294 obedientiam.
2849 2261 2870 2289 «
2899 2240 3358 2295 Pecuniamtuam
3381 2257 3494 2295 non
3526 2241 3684 2295 dabis

2077 2326 2126 2381 ei
2155 2328 2224 2381 ad
2254 2343 2501 2397 usuram,
2542 2348 2564 2378 ι
2601 2336 2654 2382 et
2684 2327 2809 2397 rel.,
2846 2327 2900 2382 id
2932 2337 3013 2382 est
3045 2328 3308 2384 doctrinae
3360 2330 3683 2384 thesaurum

2077 2429 2200 2470 cum
2232 2415 2449 2471 infirmo
2481 2416 2978 2483 commendaveris,
3011 2433 3118 2471 non
3143 2418 3332 2489 exigas
3364 2434 3535 2489 super
3564 2435 3689 2489 pos-

2077 2504 2392 2560 sibilitatem
2424 2505 2542 2574 ejus
2575 2505 2969 2575 operationem.
3005 2506 3162 2560 Aliud
3206 2516 3384 2562 autem
3417 2509 3554 2562 dare
3582 2525 3687 2578 pe-

2077 2594 2295 2650 cuniam
2326 2593 2725 2660 nummulariis,
2754 2602 2811 2648 ut
2840 2611 2963 2650 cum
3020 2611 3190 2649 usura
3247 2595 3539 2650 referatur.
3575 2596 3684 2651 Su-

2077 2683 2504 2754 perabundantia
2564 2682 2780 2756 frugum
2839 2683 3207 2739 obedientiam
3263 2685 3684 2739 immoderatam

2075 2770 2367 2845 significat.
2426 2794 2448 2822 α
2482 2771 2538 2826 Si
2595 2779 2916 2843 paupertate
2973 2773 3289 2844 compulsus
3346 2773 3681 2840 vendiderit,

2076 2877 2135 2916 se
2164 2860 2260 2914 tibi
2291 2859 2459 2916 frater
2489 2869 2632 2925 tuus,
2672 2881 2694 2910 ι»
2729 2868 2862 2931 est.,
2892 2859 2948 2915 id
2981 2868 3060 2916 est
3091 2861 3136 2915 si
3165 2861 3473 2917 infirmatus
3495 2871 3547 2917 te
3577 2862 3683 2917 sibi

2075 2949 2302 3020 elegerit
2329 2949 2384 3003 in
2441 2949 2810 3022 magistrum;
2847 2966 2957 3006 non
2986 2950 3059 3004 ita
3089 2967 3213 3005 eum
3270 2960 3594 3007 contemnas
3625 2959 3686 3006 ut

2075 3037 2353 3107 famulum,
2387 3037 2440 3092 id
2472 3046 2554 3094 est
2581 3053 2878 3111 paganum,
2941 3039 3038 3094 sed
3069 3056 3171 3110 pro
3199 3040 3457 3096 mercede
3495 3040 3682 3095 futura

2067 3135 2246 3182 tecum
2280 3127 2487 3182 laboret
2508 3144 2681 3199 usque
2704 3127 2774 3182 ad
2791 3127 3090 3197 jubilaeum,
3119 3129 3172 3183 id
3195 3137 3278 3184 est
3297 3129 3682 3184 remissionem

2065 3224 2412 3287 peccatorum
2441 3235 2454 3282 ;
2479 3215 2609 3272 dicit
2641 3217 2785 3271 enim
2842 3216 3078 3271 Paulus:
3113 3239 3134 3268 tt
3175 3217 3231 3273 Si
3264 3227 3681 3288 praeoccupatus

2067 3304 2229 3360 fuerit
2284 3305 2448 3360 homo
2479 3304 2534 3359 in
2565 3305 2748 3376 aliquo
2805 3305 3005 3362 delicto
3061 3322 3182 3371 vos,
3215 3306 3305 3378 qui
3361 3307 3681 3377 spirituales

2067 3395 2196 3449 estis
2219 3394 2427 3464 (Galat.
2457 3395 2561 3465 VI),
2591 3414 2612 3444 ι
2635 3402 2736 3450 etc.
2766 3412 2780 3462 ;
2810 3416 2831 3444 α
2861 3395 3174 3465 Operabitur
3190 3394 3334 3467 apud
3357 3405 3430 3462 te,
3465 3417 3486 3445 ι
3513 3396 3567 3449 id
3592 3403 3680 3450 est

2066 3483 2290 3538 virtutes
2319 3491 2621 3556 congreget
2647 3501 2661 3538 :
2686 3505 2708 3533 α
2743 3490 2796 3538 et
2824 3492 3016 3555 postea
3039 3485 3354 3557 egredietur
3385 3500 3512 3540 cum
3545 3485 3680 3540 libe-

2067 3572 2143 3626 ris
2204 3572 2336 3639 suis,
2378 3592 2400 3622 »
2435 3572 2487 3625 id
2520 3579 2600 3627 est
2661 3571 2918 3644 operibus
2950 3573 3080 3639 suis,
3120 3595 3143 3624 κ
3181 3582 3240 3628 ιιι
3268 3582 3578 3628 revertatur
3607 3573 3680 3628 ad

2066 3661 2451 3733 cognationem
2485 3677 2656 3730 suam,
2685 3681 2706 3711 ι
2742 3660 2797 3716 id
2816 3666 2902 3716 est
2927 3661 2998 3716 ad
3029 3662 3402 3734 evangelicam
3435 3677 3678 3718 conver-

2069 3750 2338 3804 sationem
2371 3771 2393 3800 «
2422 3757 2474 3805 et
2503 3750 2910 3820 possessionem
2931 3759 3141 3822 patrum
3172 3768 3414 3816 suorum,
3454 3772 3477 3801 ι
3510 3751 3569 3806 id
3589 3761 3675 3807 est

2065 3837 2403 3909 paradisum.
2441 3859 2463 3888 π
2499 3838 2582 3892 Ne
2613 3837 2823 3910 aﬁligas
2863 3855 2988 3894 eum
3015 3855 3116 3910 per
3145 3840 3464 3910 potentiam,
3503 3861 3525 3890 ι
3563 3841 3673 3896 hoc

2068 3934 2151 3981 est
2183 3927 2331 3998 quod
2360 3927 2656 3997 Apostolus
2703 3927 2950 3998 principit
2981 3946 2994 3982 :
3032 3950 3054 3978 α
3088 3929 3210 3983 Non
3240 3928 3587 3984 dominantes
3617 3929 3674 3982 in

2069 4014 2235 4083 clero,
2271 4015 2366 4070 sed
2398 4015 2572 4070 forma
2601 4014 2725 4071 facti
2747 4017 2938 4089 gregis
2957 4018 3008 4078 (Ι
3024 4020 3175 4073 Petr.
3210 4018 3288 4088 v).
3327 4039 3348 4067 ι
3382 4048 3455 4060 --
3489 4039 3512 4066 ε
3550 4018 3672 4073 Ser-

2069 4120 2167 4159 vus
2193 4112 2245 4158 et
2263 4103 2460 4160 ancilla
2483 4105 2589 4158 sint
2611 4103 2766 4159 vobis
2787 4105 3189 4172 donationibus,
3220 4126 3241 4155 ιι
3273 4115 3325 4162 et
3355 4106 3479 4172 rel.,
3511 4106 3568 4160 id
3590 4113 3673 4161 est

2067 4207 2315 4264 paganos
2347 4191 2635 4248 inferiores
2661 4193 2815 4249 vobis
2851 4195 3030 4249 ducite
3069 4214 3083 4261 ;
3109 4217 3130 4246 tl
3153 4204 3205 4250 et
3235 4195 3302 4251 de
3330 4194 3560 4251 advenis
3579 4193 3672 4268 qui

2067 4289 2489 4362 peregrinantur
2511 4289 2656 4361 apud
2679 4307 2795 4356 vos,
2821 4291 2908 4345 vel
2929 4292 3018 4362 qui
3041 4309 3105 4346 ex
3127 4293 3211 4346 his
3240 4293 3350 4347 nati
3382 4291 3607 4358 fuerint,
3639 4318 3658 4342 ι

2069 4386 2124 4442 id
2163 4395 2245 4442 est
2285 4389 2682 4455 catechumeni,
2753 4389 2838 4445 vel
2879 4389 2956 4443 illi
3011 4391 3101 4462 qui
3140 4407 3327 4446 eorum
3366 4391 3532 4445 vitam
3573 4410 3668 4448 se-

2068 4492 2305 4557 quuntur
2337 4503 2352 4552 ;
2389 4505 2411 4534 α
2474 4486 2575 4539 hos
2629 4485 2897 4540 habebitis
2952 4485 3206 4555 famulos,
3246 4508 3266 4536 ι
3320 4495 3373 4542 et
3427 4487 3552 4551 rel.,
3613 4489 3671 4544 in

2065 4589 2328 4637 internum
2384 4580 2672 4636 virtutibus
2729 4598 2891 4654 super
2936 4583 3042 4638 illis
3071 4584 3323 4650 eminete,
3362 4607 3384 4635 «
3421 4586 3478 4641 Si
3510 4587 3666 4642 inva-

2065 4677 2227 4733 luerit
2254 4678 2397 4750 apud
2429 4694 2526 4734 vos
2554 4695 2746 4733 manus
2804 4679 3032 4736 advena:
3083 4689 3175 4735 aut
3215 4682 3514 4755 peregrini,
3554 4704 3579 4732 ι
3615 4693 3668 4740 et

2065 4777 2168 4832 rel.
2203 4777 2258 4832 Si
2288 4776 2455 4831 frater
2501 4775 2746 4832 inﬁmus
2801 4777 2963 4833 alicui
2993 4789 3215 4850 peccato
3273 4781 3617 4836 consenserit
3648 4821 3664 4870 ς

2069 4894 2092 4924 α
2128 4872 2274 4945 quod
2307 4873 2353 4927 si
2385 4873 2617 4928 voluerit
2659 4871 2728 4928 de
2760 4873 3019 4929 fratribus
3042 4878 3177 4945 ejus,
3244 4898 3266 4926 ι
3302 4877 3358 4931 id
3388 4886 3470 4932 est
3502 4879 3666 4933 Chri-

2064 4951 2254 5026 stianis
2280 4988 2376 5042 per
2403 4971 2707 5026 orationem
2737 4972 2822 5026 vel
2853 4973 3153 5028 doctrinam
3168 4982 3343 5044 potest
3365 4991 3490 5030 eum
3524 4976 3663 5032 libe-

2063 5085 2186 5126 rare
2211 5089 2225 5138 ;
2249 5070 2335 5126 vel
2366 5070 2411 5124 si
2442 5069 2559 5140 ipse
2589 5071 2764 5126 zelum
2813 5072 3065 5128 habuerit
3093 5073 3412 5143 paenitendi,
3446 5083 3666 5146 reputet

2065 5175 2280 5240 tempus
2335 5167 2660 5224 venditionis
2719 5186 2849 5237 suae,
2911 5186 3017 5241 quo
3047 5171 3267 5226 servivit
3323 5180 3576 5242 peccato,
3611 5181 3666 5228 et

2063 5265 2285 5339 dignam
2316 5266 2694 5337 paenitentiam
2725 5267 2778 5321 in
2810 5268 3059 5339 sequenti
3112 5268 3223 5324 vita
3252 5269 3465 5324 studeat
3495 5286 3666 5326 exer-

2063 5379 2209 5420 cere.
2241 5366 2362 5420 Non
2390 5365 2602 5438 aﬂliges
2657 5383 2779 5421 eum
2809 5366 3079 5421 violenter
3104 5366 3159 5420 in
3189 5376 3489 5436 conspectu
3547 5377 3661 5427 tuo:

2063 5460 2219 5531 quasi
2275 5461 2419 5516 dicat
2453 5479 2466 5516 :
2499 5462 2725 5518 Debitor
2781 5463 2855 5517 illi
2887 5480 2965 5532 es,
3002 5472 3060 5518 ut
3087 5479 3195 5518 non
3251 5464 3479 5535 patiaris
3537 5481 3665 5520 eum

2062 5548 2248 5620 afﬂigi,
2282 5549 2379 5604 sed
2411 5550 2630 5606 liberes.
2669 5573 2691 5602 α
2729 5549 2886 5620 Quod
2919 5552 2964 5606 si
2993 5561 3113 5624 post
3141 5553 3257 5608 haec
3318 5552 3512 5608 redimi
3551 5570 3664 5610 non

363 5627 568 5686 oratio:
591 5625 786 5685 domus
806 5625 863 5682 in
878 5623 1003 5683 villa
1039 5639 1226 5681 muros
1254 5642 1364 5683 non
1385 5627 1616 5684 habente
1644 5629 1745 5686 sub
1773 5630 1962 5688 condio
2058 5645 2257 5710 potest,
2297 5659 2320 5690 ι
2354 5646 2408 5696 et
2434 5639 2534 5696 rel.
2568 5641 2632 5696 1d
2653 5648 2736 5696 est
2757 5640 2803 5696 si
2829 5657 2933 5712 per
2960 5623 3020 5698 se
3048 5643 3136 5698 vel
3160 5642 3328 5700 alium
3354 5643 3516 5700 citius
3549 5660 3664 5701 non
