4002 6184
393 331 497 387 8-15

1332 331 1640 389 EPITOME
1670 331 2030 390 COMMENT.
2071 331 2330 387 RABANI
2389 332 2460 394 ΙΝ
2509 331 2732 388 LEVIT.

3587 332 3690 388 856

390 455 688 526 redimitur,
744 455 1040 530 aliquando
1100 465 1304 528 tamen,
1353 458 1398 512 si
1426 458 1739 529 paenituerit
1793 457 1993 512 remis-
2023 456 2449 524 Asaturemini;
2489 480 2509 507 α
2546 457 2638 530 qui
2668 456 2919 513 conficiat
2962 455 3152 512 oculos
3183 463 3414 522 vestros,
3454 477 3476 507 α
3512 457 3566 511 id
3598 463 3683 512 est

393 546 545 600 sione
577 553 824 616 accepta,
880 561 1004 601 cum
1025 545 1183 601 bonis
1204 547 1460 617 operibus
1480 547 1724 602 redditus
1738 546 1990 601 libertati.

394 655 416 684 α
451 634 628 690 Eduxi
646 633 715 689 de
736 642 888 690 terra
909 634 1146 706 Egypti,
1177 655 1199 685 ι
1220 635 1276 690 id
1293 642 1373 690 est
1402 635 1471 690 de
1497 635 1700 691 diaboli
1727 642 1992 706 potestate

401 722 630 778 redemi.

982 831 1208 888 CAPUT
1237 830 1443 886 XXVI.

457 1030 480 1058 α
515 1007 639 1062 Non
665 1005 879 1062 facietis
910 1007 1064 1062 vobis
1098 1006 1323 1074 idolum,
1352 1029 1374 1057 ι)
1405 1015 1458 1063 et
1481 1007 1604 1075 rel.,
1636 1007 1690 1062 id
1713 1015 1794 1064 est
1816 1007 1988 1063 avari-

382 1097 512 1151 tiam
570 1111 680 1152 non
738 1095 1005 1162 habeatis,
1046 1119 1067 1145 α
1115 1113 1236 1167 quae
1290 1105 1372 1151 est
1427 1095 1696 1152 idolorum
1754 1097 1988 1153 servitus

256 1257 274 1264 ο
365 1187 384 1256 (
427 1186 626 1258 Ephes.
647 1200 683 1238 v
696 1185 726 1255 )
752 1201 764 1240 :
797 1205 819 1234 ι
856 1215 925 1224 -
959 1206 981 1235 ε
1003 1185 1119 1241 Nec
1149 1185 1330 1240 titulos
1360 1185 1512 1256 erige
1527 1185 1612 1252 tis,
1642 1206 1664 1235 »
1691 1186 1987 1241 secundum

372 1273 622 1329 litteram
653 1273 843 1332 altaria
897 1273 1128 1344 plurima
1183 1273 1330 1342 dicit,
1383 1275 1609 1346 mystice
1663 1273 1986 1345 principalia

377 1362 507 1418 vitia
536 1370 590 1418 et
622 1362 850 1420 crimina
907 1362 1170 1433 capitalia.
1212 1385 1234 1412 α
1269 1363 1384 1418 Nec
1441 1363 1712 1434 insignem
1745 1362 1984 1434 lapidem

377 1451 614 1522 ponetis,
655 1473 677 1500 ι
714 1459 766 1506 et
799 1451 898 1506 rel.
935 1452 1050 1506 Hoc
1073 1451 1221 1520 juxta
1259 1451 1543 1506 historiam
1576 1459 1742 1521 patet,
1775 1451 1985 1525 allego-

377 1540 492 1595 rice
524 1548 707 1595 autem
763 1539 1013 1610 prohibet
1040 1556 1139 1610 per
1171 1540 1408 1595 avaritiae
1457 1539 1722 1595 culturam
1778 1540 1982 1610 pretio-

373 1644 558 1684 sarum
579 1644 780 1694 rerum,
807 1628 921 1683 sive
942 1627 1202 1699 lapidum,
1228 1629 1342 1684 sive
1365 1628 1595 1683 aliorum
1614 1628 1978 1695 metallorum,

379 1734 477 1772 seu
537 1732 985 1788 quarumcumque
1043 1734 1227 1772 rerum
1303 1717 1622 1789 congeriem
1679 1717 1977 1772 cumulare.

2093 546 2258 601 ardor
2286 546 2473 602 oculos
2502 554 2716 602 vestros
2747 544 2982 602 deficere
3011 544 3192 614 faciat,
3217 553 3271 600 et
3292 545 3508 600 videant
3539 544 3685 616 quod

2093 635 2318 702 nolunt;
2356 657 2379 686 α
2413 642 2467 690 et
2495 643 2780 690 consumat
2809 635 3036 699 animas,
3084 657 3104 683 υ
3131 642 3353 705 propter
3384 633 3684 706 angustias.

2092 723 2304 778 Ardore
2334 731 2387 778 et
2417 733 2657 797 egestate
2687 723 2936 796 designat
2967 723 3433 793 contemptoribus
3463 722 3686 776 manda-

2092 819 2270 867 torum
2299 811 2398 868 Dei
2430 812 2574 866 sitim
2629 812 2926 883 spiritualis
2981 812 3356 884 intelligentiae
3411 811 3684 866 insistere.

2093 921 2117 951 α
2155 901 2372 956 Frustra
2406 901 2598 957 seretis
2655 910 2975 967 sementem,
3014 923 3035 950 »
3069 909 3122 956 et
3151 901 3334 972 reliq.,
3367 901 3422 955 id
3452 908 3534 956 est
3564 916 3683 967 vos,

2090 989 2182 1060 qui
2213 989 2330 1045 sine
2361 990 2572 1045 Christo
2602 990 2762 1044 vultis
2789 1006 2931 1054 esse,
2983 989 3190 1044 frustra
3218 989 3446 1044 virtutes
3475 989 3685 1060 aliquas

2088 1077 2390 1147 imitamini,
2427 1079 2548 1150 quia
2579 1095 2671 1133 eas
2710 1079 2959 1134 diabolus
2990 1095 3085 1133 sua
3141 1078 3496 1149 perversitate
3554 1093 3684 1133 cor-

2087 1167 2308 1238 rumpit.
2345 1166 2477 1235 Quaa
2507 1176 2805 1240 sequuntur
2831 1168 2898 1222 ad
2930 1168 3183 1222 eumdem
3237 1167 3506 1237 pertinent
3553 1182 3683 1222 sen-

2087 1272 2225 1310 sum.
2256 1277 2278 1305 (ι
2305 1256 2546 1329 Fugietis
2588 1257 2804 1311 nemine
2833 1264 3212 1327 persequente,
3242 1277 3262 1306 ι
3285 1255 3338 1311 id
3368 1263 3451 1310 est
3480 1254 3686 1311 nullam

2085 1339 2471 1400 conﬁdentiam
2526 1345 2810 1411 habentes,
2872 1343 3201 1400 conscientia
3254 1351 3563 1414 accusante,
3623 1344 3679 1398 in

2087 1433 2326 1504 peccatis
2383 1433 2578 1489 vestris
2634 1433 2943 1490 tabescetis.
2983 1457 3004 1483 α
3059 1433 3268 1488 Addam
3299 1433 3673 1504 correptiones

2084 1531 2293 1577 vestras
2325 1523 2650 1593 septuplum,
2681 1544 2702 1572 ιο
2724 1523 2779 1578 id
2808 1531 2888 1578 est
2917 1521 3213 1593 perfectam
3243 1522 3556 1578 vindictam.
3593 1521 3684 1577 Sic

2083 1618 2135 1666 et
2155 1611 2211 1664 in
2235 1611 2610 1684 sequentibus.
2643 1633 2664 1661 α
2691 1612 2842 1666 Dabo
2875 1611 3027 1666 vobis
3053 1611 3251 1666 cmlum
3271 1611 3510 1682 desuper
3542 1610 3683 1666 sicut

2082 1699 2285 1754 ferrum
2316 1709 2367 1754 et
2400 1708 2598 1755 terram
2629 1716 2856 1756 mneam.
2898 1722 2919 1749 ι
2956 1700 3285 1770 Simpliciter
3311 1708 3539 1771 propter
3565 1707 3679 1755 ste-

377 1827 401 1856 α
439 1787 597 1861 Dabo
629 1807 786 1862 vobis
811 1787 1024 1876 pluvias
1081 1787 1580 1876 temporibus'suis,
1619 1825 1641 1854 »
1678 1804 1732 1859 id
1766 1813 1847 1860 est
1877 1806 1971 1860 do-

2086 1787 2342 1843 rilitatem
2398 1789 2549 1855 dicit,
2611 1789 2736 1860 quia
2763 1789 2938 1844 imbre
2997 1788 3236 1859 desuper
3263 1805 3373 1844 non
3429 1788 3680 1845 veniente

369 1895 604 1949 ctrinam
621 1894 1029 1966 Scripturarum
1044 1894 1128 1948 vel
1140 1894 1409 1949 bonorum
1443 1893 1848 1966 magistrorum.
1877 1915 1899 1942 «
1917 1895 1985 1949 Et

373 1992 522 2038 terra
547 1983 736 2056 gignet
759 1999 1006 2056 germen,
1032 1999 1208 2049 suum,
1235 2003 1255 2031 »
1273 1982 1325 2036 id
1341 1991 1422 2038 est
1436 1990 1618 2038 vestra
1635 1982 1741 2037 vita
1759 1982 1982 2038 virtutes

376 2073 645 2128 bonorum
677 2089 923 2144 operum.
957 2094 978 2122 ε
1005 2073 1071 2126 Et
1095 2071 1272 2142 pomis
1289 2071 1518 2126 arbores
1543 2071 1914 2143 replebuntur,
1955 2092 1977 2121 ι)

373 2161 431 2217 id
481 2171 563 2217 est
621 2161 822 2218 sanctis
856 2160 1164 2216 virtutibus.
1222 2182 1243 2208 «ι
1280 2161 1666 2232 Apprehendet
1720 2160 1979 2215 messium

366 2250 568 2306 tritura
597 2249 960 2314 vendemiam,
991 2270 1013 2300 ι
1043 2257 1096 2304 et
1118 2248 1217 2304 rel.
1254 2248 1790 2304 Consummationem
1821 2248 1980 2304 unius

372 2340 584 2396 virtutis
646 2339 755 2394 alia
810 2355 912 2411 pro
965 2339 1224 2393 mercede
1281 2338 1648 2409 subsequitur,
1693 2345 1749 2392 ut
1780 2337 1979 2392 Paulus

372 2427 505 2484 dicit
529 2447 542 2482 :
573 2450 594 2477 ε
622 2429 789 2493 Deus,
823 2427 916 2499 qui
946 2435 1204 2498 operatur
1227 2426 1284 2480 in
1309 2426 1466 2482 vobis
1485 2434 1538 2481 et
1565 2426 1706 2482 velle
1737 2434 1791 2481 et
1819 2424 1980 2498 proﬁ-

373 2532 500 2573 cere
531 2532 632 2587 pro
663 2517 803 2572 bona
834 2515 1154 2586 voluntate(
1165 2515 1313 2570 Phil.
1334 2529 1372 2568 ιι
1394 2515 1434 2585 ).
1473 2535 1494 2564 n
1529 2515 1632 2570 Pro
1659 2515 1804 2569 bona
1834 2514 1977 2570 enim

369 2605 651 2661 voluntate
679 2604 1070 2676 perfectionem
1091 2604 1222 2660 dicit
1253 2603 1410 2658 bonis
1431 2603 1690 2674 operibus
1721 2603 1980 2658 submini-

375 2695 555 2750 strari.
588 2716 608 2744 α
637 2695 704 2749 Et
732 2693 1031 2750 comedetis
1049 2708 1248 2763 panem
1279 2700 1522 2747 vestrum
1545 2691 1602 2745 in
1624 2692 1917 2760 saturitate,
1949 2712 1971 2741 ι

373 2782 429 2838 id
458 2791 540 2838 est
567 2782 874 2838 doctrinam
931 2781 1308 2853 spiritualem;
1366 2802 1388 2832 α
1425 2789 1477 2836 et
1506 2781 1715 2851 absque
1771 2796 1976 2851 pavore

369 2871 702 2927 habitabitis.
741 2892 763 2920 ι
800 2870 905 2940 Qui
965 2870 1109 2926 enim
1137 2871 1390 2926 mandata
1447 2869 1665 2925 Domini
1719 2869 1972 2936 custodit,

375 2961 592 3016 insidiis
623 2959 826 3015 diaboli
856 2976 966 3015 non
998 2960 1228 3030 capitur.
1257 2981 1280 3010 α
1305 2960 1502 3018 Pacem
1533 2958 1676 3014 dabo
1695 2957 1748 3012 in
1778 2957 1976 3012 finibus

373 3049 592 3119 vestris,
632 3072 653 3098 η
688 3049 742 3103 id
775 3057 859 3104 est
891 3049 946 3102 in
975 3048 1243 3115 Ecclesia,
1295 3048 1412 3104 sive
1442 3047 1496 3102 in
1525 3062 1852 3119 unoquoque
1880 3048 1978 3102 ho-

365 3139 514 3194 mine
539 3156 552 3193 :
579 3146 705 3193 tunc
735 3145 910 3191 autem
942 3153 1066 3191 vera
1094 3153 1216 3207 pax,
1240 3136 1369 3191 dum
1398 3138 1560 3192 homo
1590 3135 1645 3190 in
1675 3135 1966 3206 semetipso
1985 3170 2034 3234 Ο

364 3226 797 3284 conﬂictationes
828 3225 1082 3280 vitiorum
1110 3241 1220 3280 non
1267 3225 1446 3280 sentit.
1503 3245 1525 3275 α
1560 3225 1872 3293 Dormietis,
1907 3232 1960 3280 et

367 3333 480 3372 non
511 3315 616 3371 erit
646 3314 736 3387 qui
783 3321 1070 3382 exterreat,
1111 3335 1132 3363 ιι
1169 3313 1221 3368 id
1271 3322 1352 3369 est
1400 3313 1766 3384 requiescetis
1814 3313 1963 3367 nullo

368 3404 745 3476 perturbante.
784 3423 806 3453 ι
840 3402 1099 3458 Auferam
1133 3402 1308 3457 malas
1339 3401 1559 3468 bestias,
1599 3422 1621 3452 »
1656 3402 1711 3456 id
1741 3408 1824 3456 est
1854 3401 1966 3471 spi-

372 3493 599 3550 rituales
632 3490 901 3547 inimicos.
941 3513 962 3541 α
998 3490 1225 3546 Gladius
1267 3507 1374 3546 non
1423 3489 1671 3545 transibit
1702 3488 1964 3545 terminos

365 3592 602 3649 vestros,
637 3602 659 3631 ιι
708 3580 764 3635 id
794 3588 874 3635 est
929 3579 1143 3653 gladius
1199 3579 1491 3636 discordia-3
1545 3579 1632 3634 vel
1688 3578 1960 3634 vindictae.

371 3694 393 3722 α
431 3669 837 3742 Persequemini
866 3669 1115 3725 inimicos
1147 3676 1379 3733 vestros,
1409 3689 1430 3718 ι
1467 3675 1594 3737 etc.,
1627 3667 1682 3722 id
1713 3675 1796 3723 est
1823 3667 1962 3722 bene

373 3760 652 3831 Operando
683 3758 955 3813 diabolum
1014 3757 1258 3814 vincetis.
1296 3777 1318 3806 ι
1358 3757 1754 3827 Persequcntur
1800 3755 1964 3826 quin-

368 3865 472 3921 que
502 3849 572 3904 de
604 3848 766 3903 vobis
797 3855 1011 3904 centum
1043 3846 1272 3914 alienos,
1301 3866 1323 3895 ιο
1349 3845 1404 3899 id
1424 3853 1506 3900 est
1534 3845 1694 3916 pauci
1723 3844 1965 3899 ﬁdelium

363 3938 451 4010 qui
483 3946 610 3994 tunc
639 3953 831 3992 sensus
860 3953 988 3990 suos
1019 3936 1157 3991 bene
1184 3942 1401 4008 regunt,
1436 3942 1489 3989 et
1515 3933 1755 3988 divinam
1783 3933 1966 4006 legem

364 4034 684 4098 sequuntur,
736 4024 1133 4096 plenitudinem
1183 4024 1432 4078 adversm
1462 4022 1748 4093 potestatis
1777 4021 1966 4092 depel-

363 4114 479 4170 lunt
505 4133 518 4170 :
542 4113 772 4186 perfecti
823 4113 1037 4168 numeri
1065 4112 1202 4169 sicut
1230 4111 1284 4166 in
1313 4112 1458 4167 bono
1505 4111 1859 4182 accipiuntur,
1895 4110 1967 4164 ita

365 4203 664 4260 contrarias
699 4202 898 4257 habent
929 4201 1194 4256 malorum
1223 4199 1662 4256 numerositates.
1703 4221 1724 4251 ¢
1761 4200 1968 4256 Cadent

367 4291 572 4348 inimici
631 4291 799 4346 vestri
829 4289 1032 4361 gladio,
1069 4311 1090 4340 ιο
1126 4289 1180 4344 id
1211 4297 1293 4344 est
1323 4289 1548 4362 maligni
1605 4289 1826 4360 spiritus
1868 4289 1968 4344 Dei

365 4381 620 4436 vindicta.
683 4401 705 4430 cz
740 4379 1047 4450 Respiciam
1102 4394 1219 4446 vos,
1285 4398 1307 4428 ι
1357 4395 1457 4449 per
1511 4377 1964 4434 misericordiam.

364 4491 386 4521 ¢
424 4468 734 4524 Comedetis
789 4466 1152 4522 vetustissima
1210 4474 1450 4522 veterum
1482 4474 1535 4521 et
1560 4475 1742 4522 vetera
1799 4466 1954 4520 novis

2083 1883 2230 1931 terra
2262 1893 2371 1932 non
2401 1878 2598 1951 gignit.
2662 1877 2887 1948 Mystiee
2918 1885 3092 1931 autem
3121 1893 3223 1934 nec
3251 1877 3494 1933 divinum
3522 1877 3681 1933 auxi-

2083 1963 2213 2019 lium
2249 1965 2465 2030 habent,
2501 1981 2603 2021 neo
2634 1965 2869 2021 fructum
2897 1965 2952 2019 in
2985 1965 3298 2036 Scripturis,
3356 1966 3443 2020 vel
3474 1967 3529 2020 in
3557 1982 3681 2022 cor-

2082 2053 2243 2108 dibus
2274 2053 2388 2108 suis
2414 2053 2690 2110 invenient
2721 2054 2993 2110 Christum
3042 2062 3470 2109 contemnentes.
3509 2075 3530 2104 ι
3564 2055 3681 2110 Nec

2081 2141 2310 2197 arbores
2337 2158 2501 2213 poma
2532 2143 2868 2213 praebebunt,
2907 2163 2929 2192 υ
2965 2143 3018 2196 id
3048 2151 3128 2197 est
3157 2143 3247 2214 qui
3277 2143 3532 2198 videntur
3560 2142 3678 2198 fru-

2082 2239 2230 2286 ctum
2260 2232 2436 2286 tacere
2479 2231 2702 2299 debere,
2734 2231 2894 2284 nullis
2948 2230 3234 2285 virtutibus
3290 2231 3674 2303 insigniuntur.

2087 2341 2109 2370 α
2150 2320 2405 2374 Emittam
2435 2319 2636 2374 bestias
2664 2319 2799 2392 agri,
2840 2339 2860 2368 ι
2898 2318 2954 2373 id
2984 2327 3066 2373 est
3110 2319 3380 2391 malignos
3433 2319 3674 2390 spiritus,

2086 2429 2108 2456 α
2137 2408 2227 2478 qui
2256 2416 2578 2463 consumant
2597 2415 2651 2463 et
2670 2423 2768 2463 vos
2801 2415 2854 2462 et
2884 2423 3082 2477 pecora
3112 2415 3315 2473 vestra,
3341 2428 3363 2456 υ
3387 2407 3443 2461 id
3472 2416 3554 2463 est
3583 2423 3671 2462 sa-

2077 2495 2290 2566 pientes
2320 2504 2372 2551 et
2393 2497 2616 2551 hebetes
2641 2514 2653 2549 :
2683 2517 2706 2546 «
2731 2495 3072 2567 desertaeque
3102 2493 3231 2550 ﬁent
3260 2495 3360 2549 viae
3389 2503 3606 2562 vestrae,
3646 2515 3669 2546 ι

2078 2584 2135 2639 id
2163 2592 2246 2639 est
2276 2585 2534 2651 actiones,
2568 2583 2717 2639 nullo
2747 2600 2838 2640 eas
2893 2593 3200 2640 exercente.
3240 2606 3261 2633 ιι
3296 2585 3415 2657 Ego
3459 2598 3673 2656 quoque

2078 2682 2272 2728 contra
2303 2690 2401 2729 vos
2430 2674 2697 2731 adversus
2725 2672 2992 2729 incedam.
3034 2695 3055 2723 ι
3092 2673 3194 2741 Qui
3225 2673 3442 2728 Domini
3471 2673 3668 2728 volun-

2079 2763 2169 2817 tati
2200 2763 2455 2819 contrarii
2512 2771 2655 2829 sunt,
2714 2763 2887 2818 sciant
2918 2763 3021 2817 sibi
3079 2762 3369 2817 Dominum
3397 2777 3506 2818 non
3535 2761 3666 2817 satis

2079 2866 2202 2906 esse
2259 2859 2590 2922 prmsentem
2616 2851 2685 2906 ad
2716 2851 2992 2906 auxilium.
3028 2871 3050 2901 «
3086 2850 3455 2922 Inducamque
3504 2866 3672 2920 super

2077 2955 2175 2995 vos
2207 2940 2465 3011 gladium,
2495 2961 2517 2990 ιι
2543 2948 2595 2994 et
2625 2940 2745 3006 rel.,
2769 2940 2824 2994 id
2846 2947 2928 2994 est
2948 2939 3176 2994 verbum
3196 2939 3315 3006 Dei,
3349 2939 3441 3011 qui
3467 2955 3565 2994 vos
3583 2940 3670 2995 Ju-

2076 3028 2179 3084 daei
2199 3029 2482 3084 convincat
2515 3028 2632 3084 sine
2655 3028 2830 3100 gratia
2849 3027 3135 3100 Evangelii
3157 3027 3334 3100 legem
3365 3043 3473 3082 non
3503 3043 3669 3097 posse

2077 3117 2309 3172 salvare.
2344 3117 2544 3172 Cuncta
2573 3117 2717 3171 enim
2765 3117 2882 3171 haec
2939 3133 3060 3188 quae
3088 3116 3440 3172 circumstant
3469 3115 3537 3170 ad
3564 3116 3665 3171 Ju-

2064 3205 2212 3261 daeos
2231 3205 2522 3276 pertinent,
2539 3205 2812 3260 Christum
2840 3205 3148 3260 venientem
3162 3219 3272 3259 non
3285 3204 3663 3274 suscipientes.

2070 3315 2092 3344 α
2126 3294 2370 3365 Cumque
2381 3293 2735 3366 confugeritis
2754 3293 2809 3347 in
2825 3294 3011 3360 urbes,
3041 3314 3064 3343 υ
3091 3301 3142 3374 et
3156 3292 3278 3359 rel.,
3296 3292 3350 3347 id
3366 3301 3447 3348 est
3469 3293 3538 3348 ad
3550 3309 3652 3364 pro

2063 3383 2254 3452 phetas
2285 3391 2496 3438 vestros
2528 3383 2814 3438 convincet
2836 3389 2887 3436 te
2911 3398 3101 3437 eorum
3131 3397 3326 3437 sensus
3353 3381 3656 3438 mortaliter

2067 3487 2275 3541 sapere.
2314 3493 2334 3520 α
2370 3472 2660 3541 Postquam
2718 3469 3043 3543 confregero
3093 3471 3342 3526 baculum
3372 3471 3529 3542 panis
3558 3487 3658 3528 ve-

2065 3560 2183 3625 stri,
2223 3581 2244 3609 »
2279 3567 2332 3614 et
2362 3559 2486 3625 rel.,
2518 3559 2573 3613 id
2603 3567 2684 3614 est
2714 3558 3083 3614 fortitudinem
3140 3560 3449 3631 Scriptura,
3491 3576 3655 3632 quam

2065 3648 2352 3704 carnaliter
2405 3647 2722 3703 observatis.
2784 3647 2891 3701 Lex
2924 3647 3069 3703 enim
3106 3647 3222 3703 sine
3279 3649 3492 3704 Christo
3521 3649 3655 3704 nihil

2065 3735 2227 3791 valet.
2258 3758 2279 3784 α
2307 3737 2383 3790 Ita
2405 3745 2461 3790 ut
2482 3737 2672 3792 decem
2692 3734 2950 3790 mulieres
2971 3735 3026 3789 in
3046 3750 3154 3790 uno
3183 3735 3396 3791 clibano
3417 3745 3653 3807 coquant

2065 3839 2255 3894 panes,
2287 3845 2308 3874 ιν
2335 3830 2386 3879 et
2415 3825 2538 3891 rel.,
2561 3824 2617 3879 id
2637 3832 2720 3879 est
2747 3823 2940 3880 decem
2969 3823 3222 3878 mandata
3251 3823 3307 3877 in
3327 3823 3466 3897 legis
3486 3839 3654 3898 angu-

2066 3912 2171 3966 stia
2198 3920 2508 3983 praeparent
2537 3928 2758 3968 sensum
2783 3931 2796 3979 ;
2821 3935 2842 3962 α
2875 3913 2973 3967 sed
3002 3911 3221 3966 minime
3251 3911 3382 3967 dent
3408 3913 3478 3966 ad
3509 3920 3652 3967 satu-

2066 4001 2302 4066 ritatem,
2344 4021 2365 4051 to
2401 4001 2523 4073 quia
2553 4001 2892 4056 latitudinem
2947 3999 3241 4072 spiritualis
3283 4000 3654 4074 intelligentiae

2068 4106 2176 4145 non
2224 4090 2444 4144 habent.
2484 4111 2506 4141 κ
2542 4091 2621 4144 Ita
2649 4097 2706 4144 ut
2737 4089 3032 4145 comedatis
3062 4105 3283 4145 carnem
3335 4087 3572 4145 ﬁliorum
3604 4097 3658 4144 et

2069 4177 2300 4232 filiarum
2329 4187 2654 4234 vestrarum.
2694 4199 2716 4228 ν
2751 4177 2910 4246 Quod
2940 4186 3230 4250 utrumque
3261 4186 3313 4234 et
3341 4178 3394 4232 in
3425 4178 3654 4249 captivi-

2071 4273 2175 4321 tate
2205 4267 2536 4338 Babylonica
2567 4275 2620 4320 et
2649 4282 2874 4321 romana
2921 4275 3100 4323 actum
3131 4274 3232 4322 est.
3290 4267 3556 4322 Caeterum
3587 4265 3657 4321 fi-

2070 4353 2269 4408 liorum
2296 4369 2360 4408 ac
2390 4354 2626 4409 filiarum
2651 4369 2849 4409 carnes
2889 4354 3266 4418 comedebant,
3326 4353 3455 4408 dum
3483 4353 3658 4408 disci-

2071 4442 2228 4512 pulos
2249 4457 2379 4497 suos
2394 4459 2654 4514 perversa
2674 4441 2921 4498 doctrina
2938 4443 3302 4513 decipiebant.
3331 4462 3352 4491 «
3372 4442 3659 4497 Destruam

364 4557 874 4630 supervenientibus
928 4555 1245 4627 projicietis.
1284 4578 1305 4606 »
1339 4556 1571 4626 Propter
1630 4555 1956 4610 fertilitatem
1991 4527 2045 4588 D
2077 4539 2290 4595 excelsa
2348 4548 2526 4595 "cst-1'3
2555 4548 2608 4595 θῐ
2655 4539 2952 4594 είῐΠυῙίιοΓδ
3007 4538 3373 4610 οοηΐνίηεδω›
3412 4559 3435 4589 ³
3469 4539 3525 4593 id
3580 4547 3663 4595 θεῖ

363 4655 527 4702 terrae
557 4647 703 4702 dicit.
765 4645 989 4716 Mystice
1021 4646 1126 4700 hoc
1171 4643 1414 4710 facimus,
1475 4644 1604 4698 dum
1660 4643 1959 4698 secundum

363 4735 703 4806 Apostolum,
743 4756 765 4785 α
802 4750 924 4805 quae
979 4743 1123 4789 retro
1180 4742 1302 4788 sunt
1329 4732 1481 4788 obliti
1510 4733 1528 4803 (
1553 4733 1759 4804 Philip.
1794 4731 1898 4802 ιιι),
1938 4751 1960 4781 »

361 4823 418 4878 id
447 4832 530 4879 est
577 4823 835 4878 interiora
893 4822 1234 4878 extendimur
1266 4840 1280 4877 :
1313 4837 1532 4891 semper
1592 4819 1737 4875 enim
1795 4821 1970 4876 sancti

363 4912 522 4983 quasi
552 4912 606 4966 in
635 4911 788 4967 initio
848 4911 1106 4966 virtutum
1165 4919 1307 4979 sunt,
1341 4911 1470 4964 dum
1526 4908 1794 4980 praeterita
1823 4909 1968 4963 bona

370 5001 476 5056 sibi
505 4999 757 5057 sufﬁcere
794 5014 905 5055 non
937 5007 1142 5071 putant.
1184 5020 1206 5049 ει
1241 5000 1444 5054 Ponam
1473 4998 1884 5056 tabernaculum
1912 4997 1967 5052 in

363 5090 546 5146 medio
575 5090 759 5156 vestri,
800 5112 822 5139 ι»
858 5089 914 5144 id
948 5096 1030 5145 est
1060 5087 1117 5143 in
1147 5103 1474 5159 unoquoque
1494 5088 1641 5156 justo
1670 5086 1963 5141 habitatio-

361 5196 491 5236 nem
519 5196 714 5235 meam.
756 5201 778 5229 α
815 5177 1120 5234 Ambulabo
1168 5177 1310 5231 inter
1339 5191 1456 5244 vos,
1500 5196 1522 5226 ν
1565 5176 1620 5230 id
1641 5183 1724 5230 est
1779 5184 1836 5230 ut
1867 5191 1964 5231 vos

358 5269 641 5324 ambulare
699 5267 891 5324 faciam
922 5267 978 5320 in
1007 5266 1293 5337 praeceptis
1349 5265 1508 5320 meis.
1547 5286 1569 5316 ι
1605 5266 1673 5319 Et
1720 5263 1965 5336 confregi

361 5366 586 5414 catenas
616 5357 888 5413 cervicum
925 5363 1231 5410 vestrarum
1262 5360 1320 5408 ut
1348 5352 1670 5408 incederetis
1708 5354 1894 5422 erecti,
1937 5376 1957 5403 υ

359 5445 415 5502 id
445 5455 528 5502 est
560 5446 802 5517 pondera
832 5451 1180 5515 peccatorum
1220 5442 1434 5508 abstuli,
1469 5449 1526 5498 ut
1553 5443 1727 5496 Deum
1757 5457 1964 5512 cogno-

360 5535 543 5604 scatis,
577 5542 630 5590 et
661 5535 777 5602 ejus
812 5533 1135 5588 memoriam
1165 5532 1434 5601 habeatis,
1469 5546 1571 5586 nec
1602 5530 1830 5584 terrenis
1857 5531 1959 5586 de—

362 5623 574 5679 sideriis
603 5622 948 5678 incumbatis.
988 5643 1010 5673 κ
1048 5621 1290 5676 Visitabo
1320 5636 1418 5676 vos
1452 5618 1708 5676 velociter
1736 5618 1791 5672 in
1823 5635 1960 5692 ege-

365 5720 502 5769 state
533 5720 585 5769 et
631 5711 848 5779 ardore,
885 5732 907 5763 ι
940 5719 1000 5766 ut
1051 5725 1270 5781 semper
1323 5708 1520 5765 sitiatis
1576 5716 1631 5764 et
1685 5723 1960 5782 nunquam

2071 4637 2384 4692 sacerdotes
2414 4645 2466 4692 et
2496 4636 2807 4708 magistros.
2845 4656 2866 4685 α
2896 4634 3112 4690 Cadetis
3153 4634 3296 4690 inter
3326 4636 3511 4690 ruinas
3536 4635 3661 4692 ido-

2071 4732 2246 4788 lorum
2301 4741 2624 4797 vestrorum,
2665 4753 2687 4783 ν
2723 4732 2941 4788 Scribas
2990 4740 3042 4787 et
3076 4733 3401 4802 Pharisaeos,
3456 4734 3659 4790 idcirco

2070 4830 2232 4898 idola,
2267 4831 2395 4902 quia
2424 4847 2613 4886 eorum
2671 4829 3086 4901 superstitiones
3117 4830 3333 4887 Domini
3389 4832 3657 4887 mandatis

2067 4928 2452 5000 praeferebant,
2492 4950 2513 4980 «
2548 4929 2714 4984 urbes
2769 4937 2984 4984 vestras
3043 4929 3290 5002 redigam
3322 4930 3377 4985 in
3407 4929 3660 4987 solitudi-

2068 5041 2212 5091 nem,
2252 5046 2273 5075 ιο
2310 5024 2363 5078 in
2393 5026 2675 5096 prophetis
2718 5025 2991 5082 carnalem
3049 5043 3270 5081 sensum
3327 5042 3435 5082 non
3463 5044 3660 5100 sequa-

2066 5122 2197 5177 mini
2223 5143 2237 5189 ;
2275 5143 2297 5172 κ
2325 5131 2377 5177 et
2407 5123 2626 5178 deserta
2657 5123 2854 5178 faciam
2883 5123 3186 5178 sanctuaria
3216 5131 3414 5191 vestra,
3444 5147 3466 5176 ι
3493 5125 3547 5180 id
3577 5134 3661 5183 est

2065 5220 2445 5291 derelinquere
2500 5219 2703 5275 cultum
2733 5226 2787 5276 et
2812 5219 3135 5291 religionem
3187 5228 3443 5276 vestram.
3479 5243 3502 5273 α
3535 5223 3660 5278 Νοιι

2066 5317 2327 5389 recipiam
2355 5317 2584 5372 odorem
2614 5317 2749 5372 ultra
2797 5317 3201 5384 suavissimum,
3240 5340 3261 5368 n
3295 5319 3350 5373 id
3380 5327 3462 5374 est
3492 5318 3652 5374 victi-

2064 5427 2301 5479 marum,
2323 5429 2442 5484 quze
2458 5412 2514 5467 in
2535 5413 2728 5468 umbra
2749 5414 2878 5468 mihi
2899 5414 3240 5484 placuerunt.
3269 5436 3291 5465 α
3317 5413 3662 5484 Disperdam-

2065 5526 2173 5582 que
2203 5518 2403 5564 terram
2433 5518 2688 5576 vestram,
2727 5531 2749 5560 »
2785 5511 2838 5565 id
2873 5519 2954 5567 est
2983 5513 3320 5582 Scripturam
3365 5509 3659 5566 carnaliter

2063 5608 2391 5664 intellectam
2419 5609 2489 5663 ita
2505 5625 2822 5680 permanere
2852 5625 2960 5665 non
2987 5611 3181 5681 patiar.
3211 5630 3232 5659 α
3265 5609 3332 5662 Et
3361 5607 3655 5676 stupebunt

2063 5722 2230 5778 super
2255 5722 2374 5763 eam
2403 5722 2595 5763 omnes
2653 5706 2858 5764 inimici
2906 5707 3091 5772 vestri,
3150 5720 3273 5762 cum
3326 5703 3657 5762 habitatores
