4002 6184
327 256 430 311 847

809 252 1215 310 WALAFRIDI
1249 252 1491 310 STRABI
1520 252 1720 308 FULD.
1751 250 1923 308 MON.
1957 250 2109 307 OPP.
2142 252 2319 308 PARS
2348 251 2390 306 Ι.
2423 281 2493 293 -
2519 251 2993 308 THEOLOGICA.

3518 255 3622 309 848

330 366 476 433 illius
507 377 727 434 fuerint.
769 399 790 428 r
819 379 879 433 Id
903 386 985 432 est
1008 377 1258 434 conversi
1277 378 1344 432 de
1367 377 1642 450 gentibus,
1677 377 1770 448 qui
1801 376 1928 432 ﬁdei
1957 377 2201 448 Aipsam
2233 377 2545 449 diligenter,
2579 377 2624 431 si
2654 376 2864 432 ﬁrmior
2895 385 2995 444 est,
3053 376 3492 433 observationem
3523 394 3626 432 ex-

328 467 702 522 hrereditatem
735 483 834 538 pro
858 467 1011 522 vobis
1043 474 1389 537 acceperunt,
1409 467 1666 521 duritiam
1683 474 1923 522 vestram

329 556 709 612 mirabuntur:
734 556 982 610 inimicos
1012 563 1191 609 autem
1212 571 1308 610 eos
1337 555 1486 621 dicit,
1522 555 1678 626 quasi
1708 564 1923 611 contra-

331 644 462 700 rios.
503 666 525 695 σι
553 645 661 700 Vos
703 653 883 700 autem
946 644 1259 717 dispergam
1290 644 1344 698 in
1393 644 1680 717 gentibus,
1719 665 1742 694 ι
1785 643 1922 699 sicut

333 734 594 804 deinceps
637 742 759 804 post
799 733 1112 804 passionem
1169 733 1370 788 Christi
1427 741 1603 788 actum
1651 732 1919 788 videmus.

337 843 358 872 α
393 823 462 876 Et
492 822 797 892 evaginabo
846 829 968 891 post
1015 837 1115 877 vos
1163 822 1426 894 gladium.
1466 843 1487 871 ν
1520 821 1730 892 Ubique
1779 821 1924 876 enim

339 911 566 965 verbum
600 909 699 964 Dei
729 910 854 964 illos
883 910 1184 983 impugnat.
1219 933 1240 960 σι
1261 911 1411 965 Tunc
1441 910 1734 980 placebunt
1762 918 1924 965 terra:

334 998 556 1052 sabbata
586 1013 705 1066 sua,
736 1018 757 1047 ι
783 998 838 1052 id
869 1006 955 1052 est
985 999 1300 1068 Scripturae,
1335 999 1479 1069 quod
1512 998 1784 1069 quiescita
1803 1013 1923 1054 car-

326 1086 437 1141 nali
465 1086 860 1154 observatione,
886 1087 975 1141 cui
1000 1103 1098 1142 vos
1119 1087 1362 1158 requiem
1385 1087 1544 1156 justa:
1564 1086 1923 1142 observantiae

323 1191 433 1231 non
461 1175 808 1246 praestitistis.
839 1196 861 1226 α
883 1176 952 1229 Et
972 1175 1065 1246 qui
1087 1176 1464 1244 remanserint,
1490 1176 1634 1230 dabo
1667 1192 1923 1245 pavorem

326 1263 383 1318 in
414 1264 673 1320 cordibus
704 1280 913 1319 eorum.
944 1286 965 1312 ι»
992 1265 1051 1319 Id
1075 1273 1156 1318 est
1175 1264 1267 1336 qui
1296 1263 1445 1334 prius
1477 1265 1844 1332 crediderunt,
1877 1264 1924 1318 si

327 1353 535 1408 reversi
568 1352 785 1420 fuerint,
818 1353 962 1408 dabo
1019 1353 1099 1408 eis
1148 1352 1582 1423 inquietudinem
1634 1353 1735 1407 sub
1763 1352 1924 1407 Chri-

325 1441 502 1496 stiano
533 1441 734 1512 populo
765 1441 1100 1510 constitutis,
1128 1442 1198 1496 de
1221 1441 1456 1512 propriis
1481 1441 1704 1496 sedibus
1729 1440 1921 1512 pulsis.

331 1550 354 1582 ι
387 1530 638 1585 Terrebit
666 1545 761 1584 eos
793 1530 999 1584 sonitus
1031 1529 1143 1585 folii
1178 1529 1432 1597 volantis,
1465 1551 1487 1580 υ
1518 1529 1574 1584 id
1603 1538 1685 1585 est
1716 1537 1927 1584 senten-

214 1601 225 1607 ’
322 1619 398 1673 tia
428 1620 821 1690 prophetarum
847 1637 860 1672 :
886 1619 1150 1690 quidquid
1181 1619 1326 1673 enim
1355 1627 1550 1692 gentes
1579 1617 1816 1673 viderint
1855 1618 1925 1674 de

2022 465 2224 520 hibeat.
2260 487 2280 515 α
2315 466 2369 519 Si
2415 474 2596 520 autem
2652 466 2868 531 mulier,
2921 467 3133 535 decem,
3175 487 3196 516 υ
3233 466 3287 520 id
3320 475 3421 536 est,
3464 464 3624 520 inﬁr—

2021 554 2162 609 mior
2191 562 2368 609 tamen
2389 554 2742 610 historialiter
2763 554 3094 627 decalogum
3117 563 3315 610 servet.
3347 577 3369 604 α
3399 556 3482 610 Ab
3513 570 3627 610 uno

2021 659 2209 698 mense
2248 660 2419 714 usque
2449 644 2520 698 ad
2566 659 2768 698 annum
2825 643 3091 714 quintum,
3131 665 3154 693 »
3190 643 3245 698 id
3277 652 3377 709 est,
3413 645 3484 698 ab
3516 643 3627 698 ini-

2023 731 2095 786 tio
2126 732 2556 788 conversationis
2587 747 2761 803 usque
2789 731 2858 786 ad
2888 731 3329 786 observationem
3361 749 3628 787 sensuum

2023 818 2234 886 fortior,
2257 820 2493 892 quinque
2515 820 2697 888 siclos,
2724 820 2778 873 id
2799 829 2880 875 est
2903 821 3145 891 quinque
3169 837 3429 875 sensuum
3450 820 3628 875 domi-

2023 908 2646 975 nationem;inﬁrmior,
2696 917 2826 974 tres,
2861 911 2967 964 hoc
2998 917 3083 964 est
3129 909 3408 963 Trinitatis
3461 907 3632 964 ﬁdem

2023 997 2213 1053 offerat
2271 999 2406 1053 Deo.
2471 997 2684 1066 Quibus
2738 997 3120 1068 incipientibus
3179 998 3371 1053 Petrus
3428 997 3561 1054 dicit
3611 1015 3627 1052 :

2025 1087 2178 1159 quasi
2255 1087 2418 1141 modo
2493 1085 2662 1159 geniti
2737 1085 2965 1141 infantes
2995 1089 3015 1158 (
3048 1087 3069 1140 Ι
3100 1089 3254 1141 Petr.
3305 1101 3345 1141 II
3366 1086 3396 1157 )
3423 1129 3437 1155 ,
3516 1095 3625 1142 etc.

2028 1198 2049 1226 (ι
2087 1174 2488 1249 Sexagenarius
2519 1183 2570 1230 et
2601 1175 2741 1229 ultra
2784 1175 3058 1230 masculus
3110 1175 3257 1229 dabit
3305 1175 3622 1246 quindecim

2026 1264 2210 1319 siclos.
2249 1285 2272 1314 ν
2326 1263 2728 1334 Sexagenarius
2779 1264 2892 1333 jam
2944 1263 3089 1318 bello
3149 1271 3202 1318 et
3256 1263 3459 1334 nuptiis
3517 1279 3632 1318 non

2026 1351 2158 1407 satis
2187 1359 2362 1421 aptus,
2397 1359 2446 1406 et
2469 1367 2594 1405 eum
2628 1351 2805 1424 signat
2837 1350 2929 1423 qui
2953 1351 3020 1405 ad
3051 1350 3267 1406 culmen
3287 1367 3630 1406 summarum

2025 1439 2285 1495 virtutum
2340 1440 2640 1495 ascendere
2697 1440 2876 1494 minus
2933 1439 3164 1494 idoneus
3222 1447 3323 1508 est,
3375 1439 3516 1495 sicut
3548 1447 3635 1494 est

2025 1528 2310 1600 virginitas
2339 1536 2391 1583 et
2421 1528 2737 1599 martyrium
2769 1536 2821 1584 et
2867 1528 3262 1583 monachorum
3311 1536 3457 1584 recta
3487 1544 3632 1584 con-

2026 1617 2282 1673 versatio.
2308 1616 2411 1685 Qui
2439 1618 2555 1673 haec
2579 1617 2695 1686 jam
2723 1617 2902 1671 minus
2932 1616 3161 1687 implere
3190 1625 3388 1687 potest,
3424 1617 3630 1672 reddat

320 1708 408 1762 bis
439 1725 560 1779 qua:
589 1708 675 1763 lex
730 1708 983 1779 prohibet
1028 1724 1383 1778 praesumere,
1435 1715 1601 1762 terret
1631 1723 1726 1762 eos
1755 1715 1990 1795 atqueB
2029 1705 2337 1778 quindecim
2387 1704 2572 1771 siclos,
2607 1705 2662 1760 id
2705 1713 2787 1760 est
2834 1705 3041 1761 fortiter
3064 1705 3318 1788 .quinque
3365 1720 3634 1761 sensuum

325 1795 512 1851 videre
535 1795 837 1868 refugiunt;
861 1817 881 1846 α
901 1803 954 1850 et
972 1796 1042 1850 ita
1063 1795 1273 1866 fugiunt
1294 1795 1451 1866 quasi
1472 1795 1731 1867 gladium,
1767 1816 1789 1845 ι
1807 1803 1914 1853 etc.

326 1885 470 1939 Dum
501 1884 580 1938 eis
610 1883 896 1955 quisquam
927 1883 1324 1954 Scripturarum
1372 1883 1626 1951 ostendit,
1666 1905 1688 1934 ι
1722 1883 1920 1940 cadent

327 1972 481 2027 nullo
523 1980 908 2043 persequente,
939 1972 1039 2026 »ἰὰ
1070 1980 1152 2026 est
1198 1980 1385 2042 putant
1427 1973 1484 2026 in
1510 1973 1714 2026 malum
1761 1988 1919 2026 suum

327 2060 433 2116 hoc
459 2060 569 2132 agi,
603 2076 727 2116 cum
757 2075 866 2114 non
911 2067 1134 2131 pr0pter
1180 2060 1324 2114 aliud
1373 2076 1534 2132 quam
1583 2060 1919 2116 benevolen-

328 2149 454 2202 tiam
484 2148 605 2203 talis
635 2148 714 2203 eis
743 2149 978 2205 charitas
1006 2149 1342 2204 ostendatur.
1371 2171 1392 2200 α
1417 2149 1686 2205 Corruent
1717 2149 1922 2222 singuli

326 2253 493 2308 super
537 2236 730 2292 fratres
795 2253 943 2306 suos,
984 2257 1006 2288 ι
1049 2236 1105 2291 id
1135 2245 1218 2292 est
1264 2237 1538 2294 deducent
1585 2237 1642 2291 in
1688 2237 1917 2292 ruinam.

330 2348 352 2376 ι
388 2325 613 2380 Hostilis
641 2341 740 2381 vos
782 2333 924 2381 terra
955 2333 1256 2381 consumet.
1297 2347 1318 2376 ››
1358 2326 1638 2397 Scriptura
1667 2326 1921 2382 videlicet

327 2413 642 2488 evangelica
689 2429 786 2470 vos
836 2430 1016 2473 errare
1061 2413 1369 2470 convincet.
1407 2435 1430 2466 α
1468 2413 1628 2483 Quod
1676 2414 1821 2469 side
1853 2413 1920 2468 iis

325 2501 492 2575 aliqui
575 2502 960 2572 remanserint,
1052 2503 1334 2559 tabescent
1405 2503 1462 2557 in
1549 2502 1922 2574 iniquitatibus

325 2591 458 2660 suis,
498 2612 521 2642 ι
555 2599 661 2647 etc.
707 2590 810 2660 Qui
855 2591 1154 2662 persistere
1201 2592 1389 2647 volunt
1419 2591 1474 2646 in
1504 2599 1684 2662 coepto
1731 2607 1919 2647 errore

326 2680 502 2751 patria
528 2680 759 2750 perdita,
795 2679 898 2751 ipsi
929 2696 1145 2752 quoque
1174 2680 1351 2751 poenis
1380 2679 1658 2747 deﬁciunt,
1699 2701 1719 2730 ιι
1746 2680 1923 2734 donec

327 2766 689 2825 confiteantur
715 2768 1021 2840 iniquitates
1053 2785 1201 2838 suas,
1231 2791 1254 2820 «
1278 2769 1364 2825 vel
1396 2769 1482 2823 hic
1522 2786 1619 2839 per
1646 2767 1922 2840 paeniten-

329 2856 479 2925 tiam,
513 2858 600 2913 vel
630 2857 686 2911 in
714 2856 893 2913 futuro
925 2857 994 2913 ad
1015 2858 1282 2913 rationem
1315 2858 1670 2912 reddendam.
1700 2878 1721 2907 α
1743 2857 1811 2911 Et
1837 2857 1924 2910 in-

327 2945 525 3002 ducam
571 2945 628 3000 in
683 2953 886 3000 terram
940 2945 1212 3013 hostilem,
1253 2967 1274 2994 n
1310 2945 1365 2999 id
1395 2953 1477 3000 est
1509 2945 1566 2998 in
1621 2945 1924 3000 doctrinam

325 3034 720 3106 evangelicam,
761 3056 782 3083 α
809 3035 985 3089 donec
1016 3034 1307 3089 erubescat
1354 3032 1739 3088 incircumcisa
1765 3049 1922 3088 mens

327 3138 537 3190 eorum,
574 3144 595 3170 ι»
631 3137 664 3176 a
683 3121 911 3176 veritate
944 3129 1218 3192 superata.
1247 3142 1268 3171 σι
1296 3122 1364 3175 Et
1394 3121 1728 3176 recordabor
1757 3120 1923 3177 foede-

327 3209 405 3264 ris
451 3208 580 3276 mei,
618 3230 640 3258 ιι
696 3218 825 3276 etc.,
879 3209 1172 3280 spiritualis
1218 3209 1621 3280 promissionis.
1676 3230 1700 3260 α
1745 3211 1923 3265 Terra

327 3312 544 3369 quoque
594 3313 806 3352 memor
853 3313 968 3367 ero,
1009 3318 1032 3347 υ
1059 3297 1112 3352 id
1144 3305 1227 3352 est
1255 3313 1552 3370 synagoga
1601 3313 1809 3353 eorum.
1844 3298 1924 3352 De

328 3385 663 3440 sabbatismo
695 3393 856 3442 terrae
895 3403 1058 3456 supra
1089 3385 1296 3442 dictum
1327 3395 1428 3441 est.
1467 3409 1487 3434 «
1518 3389 1772 3441 Attamen
1801 3401 1925 3441 cum

328 3481 512 3529 essent
540 3473 596 3527 in
626 3483 770 3529 terra
799 3475 1001 3544 hostili,
1036 3491 1146 3530 non
1163 3475 1379 3546 penitus
1411 3474 1586 3543 abjeci
1620 3490 1735 3544 eos,
1765 3494 1788 3524 ι
1815 3481 1920 3530 etc.

334 3563 450 3617 Hoc
479 3571 562 3617 est
609 3563 754 3634 quod
803 3563 934 3619 dicit
971 3563 1285 3634 Apostolus.
1326 3584 1346 3613 (ι
1385 3563 1610 3619 Cazcitas
1658 3579 1724 3618 ex
1767 3570 1926 3634 parte

329 3651 558 3723 contigit
588 3650 643 3704 in
675 3651 843 3706 Israel
881 3652 1060 3707 donec
1090 3651 1370 3722 plenitudo
1401 3651 1647 3724 gentium
1674 3651 1924 3718 intraret,

331 3747 385 3794 et
415 3739 492 3795 sic
522 3740 700 3794 omnis
731 3740 899 3796 Israel
931 3739 1114 3795 salvus
1137 3739 1294 3796 ﬁeret
1319 3742 1496 3812 (Rom.
1517 3741 1622 3811 χι).
1663 3760 1685 3790 »
1709 3769 1779 3780 --
1805 3761 1827 3790 α
1861 3741 1930 3794 Et

332 3827 665 3884 recordabor
693 3827 917 3884 foederis
945 3829 1053 3884 mei
1083 3829 1316 3901 pristini,
1347 3849 1369 3879 ι
1393 3836 1522 3896 etc.,
1557 3828 1685 3901 quia
1705 3827 1785 3884 eis
1805 3842 1931 3899 pro-

333 3915 622 3972 missiones
653 3916 904 3973 exhibita;
936 3925 1080 3972 sunt.

873 4129 1099 4186 CAPUT
1134 4129 1361 4185 XXVII.

421 4326 444 4358 «
480 4302 582 4375 Qui
600 4301 952 4377 spoponderit
980 4303 1220 4360 animam
1252 4319 1426 4372 suam,
1452 4304 1553 4358 sub
1581 4303 1935 4360 aestimatione

344 4395 495 4450 dabit
524 4395 777 4465 pretium.
817 4415 839 4443 ν
873 4393 977 4462 Qui
1007 4393 1170 4447 vitam
1229 4409 1382 4447 suam
1441 4393 1672 4448 Domino
1729 4393 1936 4448 voverit

348 4497 449 4553 pro
495 4482 850 4538 aestimatione
895 4481 1094 4537 virium
1123 4481 1199 4535 illi
1251 4481 1473 4536 serviat.
1513 4502 1534 4531 α
1573 4481 1631 4536 Si
1661 4481 1939 4536 masculus

348 4570 565 4626 fuerita
593 4571 854 4627 vicesimo
903 4586 1046 4625 anno
1096 4587 1268 4641 usque
1317 4571 1384 4624 ad
1433 4570 1855 4643 sexagesimum,
1909 4589 1932 4620 ι

345 4659 401 4714 id
431 4667 512 4715 est
570 4659 724 4714 fortis
755 4659 822 4713 ad
854 4660 992 4714 bene
1022 4659 1377 4730 cperandum,
1414 4675 1443 4713 a
1474 4659 1836 4728 completione
1865 4659 1939 4714 le-

347 4748 452 4820 gis,
486 4765 606 4820 quaa
635 4747 692 4802 in
719 4747 988 4820 decalogo
1020 4756 1250 4815 constat,
1287 4747 1448 4818 quiet
1471 4748 1767 4802 secundum
1795 4747 1937 4804 litte-

344 4852 465 4892 ram
495 4845 548 4891 et
576 4835 891 4908 allegoriam
930 4835 1092 4890 debet
1142 4836 1423 4891 observari
1471 4852 1644 4906 usque
1673 4835 1743 4890 ad
1773 4852 1936 4890 sexa-

345 4925 649 4994 genarium,
696 4925 751 4978 id
782 4932 862 4979 est
915 4923 1309 4996 perfectionem
1365 4940 1614 4994 operum.
1675 4925 1936 4979 Senarius

344 5011 618 5081 perfectus
647 5029 746 5082 per
775 5013 1080 5080 denarium,
1113 5029 1269 5084 aeque
1298 5013 1621 5084 perfectum,
1667 5013 1934 5084 multipli-

345 5106 519 5166 catur,
545 5107 603 5153 ut
622 5100 709 5154 hic
736 5102 1074 5171 proponitur.
1114 5102 1276 5156 Dabit
1316 5101 1704 5174 quinquaginta
1748 5103 1929 5169 siclos,

344 5187 400 5242 id
431 5195 530 5256 est,
565 5194 731 5240 totam
789 5189 954 5243 vitam
1003 5207 1154 5244 suam
1202 5190 1563 5260 Spiritualiter
1617 5191 1778 5246 vivat.
1817 5211 1840 5242 α
1877 5190 1934 5246 Si

339 5276 554 5344 mulier,
588 5273 828 5347 triginta,
868 5297 889 5325 υ
914 5276 969 5330 id
999 5285 1101 5343 est,
1160 5277 1428 5334 inﬁrmior
1476 5287 1598 5335 actu
1657 5279 1933 5334 Trinitatis

333 5364 500 5421 ﬁdem
557 5379 682 5420 cum
727 5364 1103 5420 observatione
1153 5367 1554 5422 mandatorum.
1593 5389 1614 5417 α
1651 5371 1696 5422 Α
1745 5368 1931 5439 quinto

325 5470 469 5511 anno
517 5468 690 5525 usque
719 5453 789 5508 ad
848 5451 1167 5508 vicesimum
1227 5456 1497 5510 masculus
1544 5456 1690 5510 dabit
1739 5457 1931 5530 viginti

319 5543 504 5612 siclos,
544 5564 566 5594 υ
603 5543 657 5598 id
689 5550 789 5611 est,
823 5549 1113 5615 postquam
1148 5543 1371 5598 sciverit
1401 5545 1642 5615 quinque
1676 5546 1930 5600 sensibus

316 5631 565 5702 corporis
597 5632 691 5702 uti,
755 5648 930 5704 usque
959 5633 1029 5688 ad
1059 5631 1442 5704 supradictam
1489 5633 1912 5705 completionem

2020 1794 2323 1851 custodiam
2353 1810 2477 1850 cum
2509 1793 2648 1867 legis
2677 1795 3045 1864 observantia,
3076 1815 3097 1844 α
3127 1793 3348 1860 femina,
3377 1794 3630 1862 decem,-

2021 1884 2078 1938 id
2109 1891 2193 1938 est
2220 1881 2504 1950 inﬁrmior,
2555 1883 2815 1956 decalogi
2836 1882 2920 1938 vel
2951 1883 3286 1938 historialem
3320 1884 3635 1939 observan-

2023 1972 2181 2027 tiam.
2217 1972 2272 2028 Si
2318 1988 2529 2042 pauper
2577 1971 2762 2038 fuerit,
2801 1993 2822 2020 ι»
2860 1980 2988 2040 etc.,
3018 1971 3079 2026 id
3113 1980 3215 2037 est,
3249 1971 3294 2026 si
3323 1972 3486 2044 inops
3515 1971 3634 2027 vir—

2019 2069 2211 2129 tutum,
2282 2061 2557 2132 promissa
2583 2077 3004 2131 recompensare
3045 2076 3154 2115 non
3184 2062 3442 2131 potuerit,
3473 2077 3647 2132 quan-

2024 2157 2138 2204 tum
2169 2151 2219 2205 ei
2248 2149 2555 2221 imponatur
2583 2166 2616 2204 a
2645 2149 2940 2218 majoribus
2983 2149 3333 2205 considerata
3361 2151 3483 2218 ejus
3517 2150 3636 2204 vir-

2025 2247 2134 2294 tute
2165 2237 2429 2309 perﬁciat.
2467 2260 2489 2288 «
2523 2237 2736 2293 Animal
2770 2238 2914 2309 quod
2963 2237 3232 2293 immolari
3258 2238 3493 2294 Domino
3525 2253 3633 2309 po-

2025 2335 2149 2394 test,
2189 2349 2210 2376 »
2247 2335 2350 2383 etc.
2411 2327 2725 2398 Discipulus
2760 2327 3036 2398 quem‘ad
3066 2326 3286 2382 Domini
3339 2327 3629 2383 servitium

2024 2415 2358 2486 disposueris
2406 2432 2516 2472 non
2563 2416 2871 2486 abjiciatur,
2904 2423 2963 2470 ut
2993 2432 3205 2488 quaeras
3238 2415 3426 2483 alium,
3465 2437 3489 2466 ι
3525 2430 3634 2473 nec

2024 2504 2221 2560 melius
2261 2505 2428 2570 malo,
2482 2520 2585 2560 nec
2636 2505 2796 2576 pejus
2824 2505 2988 2560 bono.
3031 2525 3050 2552 η
3087 2505 3296 2559 Bonum
3345 2504 3490 2560 malo
3521 2520 3634 2560 non

2024 2601 2347 2649 commutes.
2385 2594 2441 2649 Si
2474 2609 2604 2649 vero
2654 2594 2829 2648 malus
2874 2602 2974 2662 est,
3008 2593 3076 2648 de
3121 2594 3464 2649 correctione
3511 2595 3635 2663 ejus

2023 2683 2092 2736 n'e
2122 2680 2345 2738 deﬁcias
2376 2697 2479 2738 nec
2528 2682 2742 2752 penitus
2795 2682 3038 2750 abjicias,
3069 2682 3166 2736 sed
3196 2682 3266 2736 ad
3292 2682 3634 2752 promissum

2023 2779 2358 2842 praesentare
2408 2778 2618 2843 satage.
2655 2791 2677 2820 α
2713 2769 2817 2839 Qui
2871 2771 3180 2839 mutaverit,
3222 2791 3244 2819 ι
3278 2779 3406 2839 etc.,
3461 2771 3518 2825 id
3551 2779 3636 2826 est

2026 2859 2072 2914 si
2101 2859 2263 2913 alium
2295 2875 2397 2930 pro
2422 2859 2514 2914 illo
2545 2858 2850 2929 meliorem,
2901 2859 3241 2930 acquisieris,
3289 2861 3485 2915 ambos
3516 2859 3632 2913 sal-

2025 2963 2153 3002 vare
2183 2957 2477 3004 memento.
2519 2970 2540 2997 α
2571 2947 2787 3002 Animal
2819 2948 3174 3014 immundum,
3230 2949 3375 3020 quod
3424 2948 3629 3004 immo-

2027 3036 2125 3091 lari
2156 3037 2388 3092 Domino
2436 3052 2542 3091 non
2596 3044 2794 3107 potest,
2831 3057 2853 3087 ιδ
2890 3044 2993 3092 etc.
3029 3037 3089 3091 Id
3118 3044 3218 3104 est,
3255 3037 3299 3091 si
3333 3037 3457 3107 quis
3505 3053 3634 3092 eum

1964 3095 2262 3181 CDomino
2293 3125 2606 3196 promiserit
2635 3125 2786 3194 cujus
2839 3125 2966 3180 vitia
3015 3141 3083 3180 ne
3113 3124 3374 3180 offeratur
3404 3133 3633 3180 contra-

2024 3214 2230 3282 dicunt,
2299 3214 2532 3284 pretium
2580 3214 2695 3282 ejus
2739 3222 2987 3283 ponatur,
3021 3213 3074 3267 id
3106 3222 3189 3268 est
3237 3214 3474 3268 studium
3523 3214 3633 3268 im-

2025 3302 2310 3374 pendatur,
2347 3309 2405 3356 ut
2433 3302 2502 3356 de
2532 3301 2624 3356 illa
2653 3302 2988 3356 immunditia
3031 3301 3305 3357 liberetur.
3345 3301 3507 3371 Quod
3537 3317 3634 3356 sa-

2027 3392 2224 3447 cerdos
2273 3390 2534 3460 dijudicat
2586 3391 2787 3445 bonum
2837 3405 2908 3445 an
2954 3391 3160 3445 malum
3209 3391 3295 3455 sit,
3358 3389 3634 3461 signiﬁcat

2022 3480 2175 3534 illum
2206 3479 2524 3552 magistrum
2553 3479 2911 3535 considerare
2940 3480 3141 3535 debere
3173 3487 3353 3534 utrum
3373 3479 3441 3534 sit
3465 3479 3632 3535 corri-

2029 3568 2213 3641 gibilis
2243 3584 2313 3622 an
2343 3584 2472 3636 non,
2508 3568 2608 3623 etsi
2637 3568 2724 3637 sit,
2760 3568 2996 3623 studium
3027 3568 3380 3624 correctionis
3403 3568 3455 3624 ei
3485 3567 3637 3623 adhi-

2030 3658 2175 3711 beat.
2209 3655 2368 3726 Quod
2406 3657 2450 3710 si
2476 3655 2655 3711 facere
2682 3656 2931 3722 voluerit,
2953 3657 3114 3711 addet
3132 3657 3374 3728 quintam
3393 3665 3630 3727 partem,

2029 3745 2086 3800 id
2115 3753 2197 3800 est
2227 3761 2326 3816 per
2358 3744 2691 3802 intellectum
2737 3761 2891 3800 suum
2921 3746 3026 3800 hoc
3059 3745 3271 3802 efficiat.
3307 3745 3437 3800 Ideo
3469 3746 3634 3816 quin-

2031 3842 2142 3889 tam
2169 3841 2382 3904 partem
2411 3833 2749 3890 intellectum
2795 3834 3024 3888 dicimus
3054 3833 3181 3904 quia
3213 3833 3444 3906 singulis
3477 3834 3635 3905 quin-

2033 3939 2139 3994 que
2170 3939 2429 3978 sensuum
2476 3922 2620 3978 idem
2669 3929 2888 3993 praeest.
2925 3944 2948 3973 α
2985 3921 3162 3977 Homo
3191 3923 3236 3977 si
3266 3922 3480 3979 voverit
3525 3923 3632 3978 do-

2032 4029 2181 4067 mum
2221 4028 2395 4078 suam,
2435 4031 2456 4062 »
2493 4019 2621 4080 etc.,
2655 4011 2711 4066 id
2742 4019 2824 4067 est
2873 4011 3231 4068 domesticam
3275 4011 3584 4068 Ecclesiam
3614 4031 3629 4079 ;

2036 4099 2209 4172 qualis
2275 4101 2343 4155 sit
2405 4099 2603 4171 probet
2651 4107 2719 4186 ‘et
2750 4108 3012 4171 quantum
3075 4100 3236 4170 valet,
3304 4107 3516 4160 tantum
3577 4098 3634 4155 in

2035 4188 2252 4244 Domini
2281 4187 2559 4243 servitium
2589 4186 2890 4261 redigatur.
2935 4211 2958 4240 α
2996 4188 3053 4244 Si
3084 4197 3264 4244 autem
3294 4186 3388 4243 ille
3417 4188 3510 4260 qui
3539 4203 3633 4244 vo-

2035 4285 2188 4334 verat
2217 4277 2446 4333 voluerit
2478 4276 2753 4332 redimere
2785 4291 2927 4344 eam,
2958 4297 2980 4327 ι
3005 4277 3058 4332 id
3090 4286 3174 4332 est
3203 4277 3248 4332 si
3279 4277 3477 4333 iterum
3507 4292 3632 4332 eum

2037 4383 2235 4439 gerere
2265 4366 2496 4422 voluerit
2511 4366 2666 4435 juxta
2695 4366 3028 4422 intellectum
3063 4381 3241 4432 suum,
3275 4366 3487 4422 fructus
3517 4367 3631 4435 ejus

1955 4451 2007 4512 D
2036 4471 2434 4535 recompenset.
2474 4485 2494 4513 α
2531 4462 2689 4530 Quod
2710 4462 2755 4517 si
2775 4479 2970 4535 agrum
2999 4462 3366 4533 possessionis
3395 4478 3510 4517 suae
3541 4473 3627 4518 vo-

2038 4561 2195 4628 verit,
2234 4582 2256 4611 ι)
2291 4569 2419 4628 etc.,
2477 4560 2532 4615 id
2562 4569 2644 4616 est
2680 4560 3103 4628 meditationem,
3152 4576 3314 4631 quam
3346 4560 3401 4614 in
3447 4559 3630 4614 divina

2039 4660 2316 4730 Scriptura
2343 4660 2505 4715 debet
2534 4661 2738 4716 habere
2764 4680 2777 4727 ;
2797 4661 2953 4729 juxta
3007 4677 3321 4715 mensuram
3371 4657 3630 4715 sementis

2036 4759 2405 4827 aestimabitur,
2437 4759 2493 4812 id
2523 4767 2605 4813 est
2660 4759 2960 4814 secundum
3019 4758 3378 4830 capacitatem
3438 4774 3630 4814 sensus

2037 4855 2116 4910 sic
2143 4855 2503 4927 promittatur.
2530 4874 2552 4906 α
2579 4855 2634 4911 Si
2665 4855 2889 4929 triginta
2910 4855 3106 4911 modiis
3130 4855 3322 4911 hordei
3353 4857 3574 4926 seritur,
3603 4876 3625 4906 ι

2036 4958 2140 5006 etc.
2177 4951 2231 5006 Si
2262 4969 2361 5022 per
2415 4951 2689 5006 Trinitatis
2746 4949 2909 5006 ﬁdem
2958 4967 3153 5005 sensus
3199 4950 3341 5023 legis
3370 4951 3425 5005 in
3456 4951 3630 5006 littera

2035 5046 2249 5102 latentis
2279 5048 2440 5118 capit,
2473 5047 2542 5102 ad
2574 5046 2804 5118 Spiritus
2833 5046 3002 5102 sancti
3052 5045 3283 5119 gratiam
3318 5046 3631 5117 percipien-

2035 5144 2159 5198 dam
2215 5144 2525 5199 meditetur.
2565 5164 2586 5194 α
2624 5142 2680 5198 Si
2702 5142 2878 5197 statim
2909 5142 2979 5196 ab
3009 5158 3148 5196 anno
3199 5141 3511 5212 incipientis
3537 5142 3629 5210 ju-

2035 5242 2177 5298 bilaei
2206 5242 2434 5308 voverit,
2473 5263 2493 5290 »
2529 5250 2632 5298 etc.
2666 5240 2723 5296 Si
2766 5241 2821 5295 in
2848 5239 2999 5295 initio
3047 5239 3481 5296 conversationis
3510 5256 3630 5296 me-

2033 5339 2345 5396 ditationem
2419 5357 2568 5394 suam
2625 5339 2692 5393 ad
2747 5338 2983 5394 divinam
3038 5337 3218 5410 legem
3277 5339 3631 5393 scrutandam

2033 5434 2513 5502 commendaverit,
2549 5445 2803 5509 quantum
2849 5436 3100 5491 laborare
3129 5434 3386 5506 potuerit.
3423 5443 3631 5490 tantum

2032 5536 2487 5592 remunerabitur.
2526 5557 2547 5586 «
2585 5534 2679 5591 Sin
2704 5543 2885 5590 autem
2942 5541 3064 5604 post
3118 5531 3455 5605 aliquantum
3488 5540 3630 5589 tem-

2028 5635 2201 5708 poris,
2240 5656 2263 5688 ι
2297 5642 2425 5702 etc.,
2459 5633 2515 5690 id
2544 5641 2626 5690 est
2654 5633 2701 5689 si
2729 5633 2787 5688 in
2832 5631 3165 5705 provectiori
3214 5639 3377 5688 aetate
3423 5631 3497 5687 ad
3524 5631 3629 5688 hoc
