4002 6184
403 304 508 358 849

1384 299 1676 357 HOMILIA
1708 301 1782 356 IN
1820 299 1982 355 ῙΝΙΤ.
2015 295 2278 356 EVANG.
2312 299 2568 355 ΜΑΤΤΗ.

3605 297 3708 355 850

411 425 685 498 agendum
713 424 1105 491 convolaverit,
1141 425 1279 481 sicut
1308 425 1488 480 minus
1526 426 1638 494 jam
1682 439 1878 496 capere
1908 439 2005 494 po-
2037 425 2240 489 Amal,
2290 445 2312 474 ι
2345 432 2448 480 etc.
2499 421 2805 478 Debilitatis
2847 421 3243 477 immunditiam
3290 422 3437 478 dicit.
3483 422 3538 478 Si
3587 423 3708 495 quis

409 515 554 579 terit,
589 514 671 569 sic
719 514 989 568 minorem
1032 513 1225 584 recipit
1273 513 1600 569 mercedem.
1641 534 1663 563 α
1698 513 1752 568 Si
1782 513 2016 568 voluerit

413 602 688 658 redimere
718 617 913 672 agrum
942 602 1034 674 qui
1081 610 1326 666 voverat,
1366 622 1388 651 ιο
1423 610 1525 656 etc.
1562 601 1620 655 Id
1647 609 1730 657 est
1760 600 1805 655 si
1837 601 2016 655 medi-

414 691 673 746 tationem
704 707 859 746 suam
890 699 948 745 ut
977 691 1329 761 semetipsum
1359 691 1413 744 in
1465 690 1758 760 Scripturis
1789 689 2020 744 instruat

416 795 677 835 revocare
721 778 970 844 voluerit,
1008 795 1115 834 non
1147 786 1204 832 ut
1233 794 1450 848 semper
1491 778 1717 832 alterum
1767 777 2015 846 audiens,

418 883 692 939 nunquam
725 868 829 922 sibi
859 867 963 938 ipsi
991 867 1232 938 praibeat
1263 866 1634 931 refectionem,
1679 867 1834 935 juxta
1862 865 2022 921 intel-

416 957 619 1012 lectum
647 956 886 1011 veritatis
934 971 1056 1010 eam
1107 955 1388 1026 percipiat,
1438 963 1494 1010 ut
1523 955 1640 1023 ejus
1675 954 1904 1009 fructum
1935 970 2020 1009 re-

418 1052 738 1115 compenset
785 1044 1016 1099 Domino
1046 1043 1133 1099 cui
1159 1044 1310 1098 illam
1362 1043 1631 1114 promisit,
1693 1050 1746 1097 et
1776 1043 1878 1096 sibi
1910 1041 2022 1097 fru-

419 1141 564 1189 ctum
596 1133 722 1188 inde
765 1132 1068 1187 dulcedinis
1097 1140 1281 1188 metat.
1319 1154 1341 1182 ι
1380 1132 1436 1187 Si
1465 1140 1642 1186 autem
1672 1131 1903 1185 noluerit
1932 1147 2021 1186 re-

421 1223 650 1290 dimere,
703 1222 800 1276 sed
857 1221 1039 1276 alteris
1096 1221 1345 1277 civilibus
1389 1220 1551 1276 fuerit
1596 1219 1954 1286 venundatus,
1991 1240 2014 1271 ι

416 1319 520 1366 etc.
577 1310 632 1365 Si
672 1310 1076 1365 meditationem
1125 1325 1300 1374 suam,
1350 1316 1408 1364 ut
1457 1325 1558 1380 per
1598 1324 1658 1364 se
1685 1309 1830 1379 legat
1861 1309 2022 1363 etin-

418 1399 648 1472 telligat,
681 1399 749 1453 ad
778 1415 839 1454 se
889 1399 1152 1454 reducere
1195 1397 1512 1464 tardaverit,
1548 1405 1600 1453 et
1619 1397 1774 1452 alteri
1805 1414 2023 1468 semper

421 1488 576 1543 inniti
626 1487 877 1557 voluerit,
928 1495 1110 1558 potest
1153 1486 1472 1558 contingere
1519 1494 1576 1541 ut
1605 1486 1682 1540 illi
1724 1486 2018 1553 adhaereat,

415 1577 484 1632 de
518 1591 626 1647 quo
656 1591 891 1632 errorem
923 1576 1119 1646 capiat,
1172 1575 1315 1630 unde
1365 1591 1475 1630 non
1504 1573 1663 1630 facile
1703 1574 2019 1630 redimatur.

428 1685 449 1716 ε
478 1662 619 1734 Quia
649 1679 772 1720 cum
797 1663 1002 1734 jubilaei
1024 1664 1234 1720 venerit
1251 1663 1388 1734 dies,
1413 1661 1774 1719 sanctiﬁcatus
1792 1663 1895 1717 erit
1915 1664 2025 1718 Do-

2119 513 2468 582 semetipsum
2517 510 2895 566 constrinxerit
2935 511 2987 565 in
3034 511 3212 582 aliquo
3254 519 3400 576 voto,
3448 510 3585 565 sicut
3631 519 3714 567 est

2119 601 2445 671 virginitatis
2488 600 2797 670 promissio,
2845 607 2896 654 et
2944 615 3132 654 rursus
3177 599 3232 652 in
3260 598 3441 670 aliquo
3487 599 3712 654 vitiosus

2119 688 2298 754 fuerit,
2333 689 2386 742 in
2409 703 2474 743 eo
2520 688 2664 760 quod
2708 704 2773 742 ex
2825 703 2926 742 sua
2973 687 3334 758 promissione
3363 687 3615 753 servavit,
3640 687 3710 743 ab

2119 776 2224 832 alio
2252 792 2361 831 non
2391 784 2569 846 potest
2615 776 2730 831 Deo
2777 774 2994 843 offerri;
3024 775 3078 830 in
3120 775 3227 830 alio
3273 791 3423 841 vero,
3470 790 3578 848 quo
3607 774 3715 829 mi-

2120 881 2222 919 nus
2279 864 2578 935 perfectum
2631 872 2714 919 est
2771 865 2982 932 redimi,
3036 864 3184 932 juxta
3222 863 3716 919 considerationem

2120 953 2459 1008 necessitatis
2510 968 2648 1024 opus
2720 953 2900 1008 habet.
2964 973 2986 1002 ‹
3025 953 3081 1008 Si
3133 951 3406 1007 redimere
3462 952 3713 1019 noluerit,

2119 1043 2384 1097 vendetur
2410 1041 2584 1096 alteri.
2624 1060 2646 1090 ν
2681 1040 2736 1096 Si
2767 1057 2908 1095 unus
2941 1056 3068 1096 eum
3097 1056 3208 1096 non
3238 1039 3544 1106 redemerit,
3577 1040 3716 1096 alius

2121 1146 2245 1185 eum
2291 1145 2390 1184 suo
2436 1129 2616 1185 studio
2665 1129 2866 1200 poterit
2914 1137 3240 1184 restaurare.
3293 1150 3316 1179 ι
3351 1128 3526 1184 Omne
3569 1129 3718 1200 quod

2122 1217 2354 1272 Domino
2383 1225 2746 1284 consecratur,
2795 1217 2911 1272 sive
2961 1218 3145 1283 homo,
3184 1238 3206 1267 ι
3241 1224 3370 1285 etc.,
3402 1217 3517 1272 sive
3547 1217 3716 1273 ratio-

2121 1306 2263 1361 nalis
2296 1313 2350 1361 et
2379 1306 2620 1376 sapiens,
2664 1307 2779 1362 sive
2823 1305 3116 1376 subjectus,
3147 1306 3266 1362 sive
3294 1306 3572 1362 meditatio
3601 1307 3717 1362 Do-

2121 1395 2270 1450 mino
2301 1393 2586 1450 offerenda
2627 1402 2997 1460 consecratur,
3046 1411 3155 1450 non
3199 1401 3560 1450 commutetur
3588 1394 3714 1462 alio,

2122 1492 2181 1539 ut
2209 1499 2377 1554 supra
2421 1483 2626 1540 dictum
2671 1492 2788 1552 est;
2823 1505 2845 1535 «
2881 1499 2983 1539 nec
3013 1483 3208 1539 redimi
3248 1483 3460 1554 poterit,
3498 1504 3520 1533 ι
3554 1483 3609 1538 id
3638 1491 3722 1540 est

2123 1573 2542 1629 commutatione
2559 1572 2804 1629 alterius.
2833 1593 2857 1624 ι
2880 1574 3052 1628 Morte
3081 1572 3362 1628 moriatur.
3387 1592 3410 1622 ι
3445 1571 3721 1645 Quidquid

2124 1669 2356 1725 Domino
2386 1669 2712 1740 promittitur
2739 1667 2890 1724 nullo
2918 1669 3083 1724 modo
3124 1668 3586 1740 praetermittatur,
3621 1668 3721 1724 sed

421 1753 571 1808 mino
595 1773 644 1822 ,ι
663 1760 765 1809 etc.
795 1753 929 1808 Cum
951 1752 1094 1808 enim
1113 1751 1323 1808 venerit
1341 1751 1458 1806 dies
1489 1751 1876 1817 retributionis,
1903 1771 1925 1802 α
1951 1751 2021 1806 ad
2050 1781 2104 1841 B
2127 1774 2298 1830 usque
2330 1758 2400 1813 ad
2446 1765 2678 1812 mortem
2722 1765 2986 1813 servetur.
3039 1756 3180 1812 Dicit
3222 1757 3386 1812 etiam
3428 1756 3722 1827 Apostolus

418 1842 510 1911 jus
541 1841 774 1912 pertinet
821 1840 1138 1909 sacerdotis,
1179 1862 1201 1891 ι
1237 1840 1361 1912 quia
1395 1839 1443 1894 ei
1473 1856 1570 1911 per
1598 1856 1758 1911 quem
1788 1839 2018 1895 Domino

423 1931 640 1987 oblatus
685 1938 767 1985 est
814 1946 1028 1986 merces
1070 1937 1236 1985 restat
1277 1928 1502 1995 laboris,
1535 1929 1660 1984 licet
1687 1928 1804 1999 ipse
1833 1938 2024 1999 postea

423 2019 667 2090 perierit.
711 2019 831 2089 Ipse
870 2019 1015 2073 enim
1042 2017 1136 2090 qui
1165 2018 1312 2073 vovit
1357 2017 1612 2073 sacerdos
1641 2017 1739 2072 Dei
1769 2025 1870 2072 est.
1909 2038 1932 2068 α
1967 2017 2025 2072 Si

417 2123 557 2180 ager
585 2115 798 2178 emptus
828 2114 884 2162 et
912 2122 1019 2162 non
1052 2107 1120 2162 de
1149 2106 1498 2176 possessione
1528 2106 1816 2174 majorum,
1857 2125 1879 2155 ι
1913 2113 2020 2161 etc.

419 2196 482 2250 Id
519 2202 622 2261 est,
670 2195 714 2250 si
764 2195 1064 2266 discipulus
1111 2194 1328 2249 aliunde
1359 2193 1584 2249 veniens
1615 2192 2024 2249 meditationem

422 2283 606 2338 inierit
631 2299 766 2356 erga
809 2291 882 2350 te,
934 2284 1025 2355 qui
1054 2299 1162 2338 non
1212 2282 1282 2337 sit
1309 2283 1376 2338 de
1407 2283 1596 2338 schola
1641 2290 1749 2352 tua,
1793 2288 2024 2352 supputa

421 2380 684 2444 quantum
713 2373 767 2426 in
799 2387 864 2427 eo
894 2371 1074 2443 possis
1113 2371 1424 2438 elaborare,
1458 2379 1511 2426 et
1541 2370 1778 2426 studium
1825 2369 2024 2425 adhibe

420 2460 671 2516 lucrandi
702 2477 845 2515 eum.
874 2481 897 2510 ι
925 2460 984 2515 In
1009 2459 1232 2529 jubilaeo
1261 2468 1439 2514 autem
1459 2466 1763 2514 revertetur
1784 2458 1852 2513 ad
1873 2458 2025 2529 prio-

420 2565 538 2605 rem
596 2549 905 2614 Dominum,
946 2569 969 2598 ι
1030 2549 1086 2604 id
1133 2556 1235 2614 est,
1270 2549 1318 2604 ei
1367 2548 1459 2620 qui
1500 2548 1718 2619 primun
1767 2546 2026 2602 laboravit

422 2638 478 2692 in
509 2653 576 2692 eo
606 2653 816 2693 merces
846 2637 1049 2692 laboris
1096 2636 1392 2708 impendet,
1425 2643 1478 2694 te
1527 2635 1690 2691 studii
1737 2635 1811 2690 tui
1842 2635 2022 2690 susci-

419 2725 604 2798 piente
662 2725 1162 2782 remunerationen.
1230 2747 1251 2775 ‹
1290 2724 1480 2780 Omnis
1545 2723 1832 2780 aestimatio
1889 2723 2025 2778 siclo

422 2815 717 2870 sanctuarii
747 2813 1153 2885 ponderabitur,
1193 2833 1216 2863 ι
1281 2812 1458 2868 omnis
1483 2812 1674 2882 judicii
1701 2821 1752 2868 et
1777 2811 2025 2886 negotio-

419 2919 541 2958 rum
570 2903 856 2958 diversitas
887 2903 1033 2971 juxta
1084 2901 1384 2958 doctrinam
1426 2901 1855 2957 ecclesiasticam
1885 2915 2025 2971 pen-

423 3000 594 3047 setur.
632 3013 654 3043 α
694 2991 869 3047 Siclus
896 2990 1088 3065 viginti
1139 2990 1331 3046 obolos
1379 2990 1559 3045 habet.
1598 3009 1620 3039 ι
1654 2990 1774 3060 Ipse
1805 2989 2026 3060 quidem

421 3081 618 3136 modus
668 3080 932 3135 doctrina:
961 3079 1159 3134 divinae
1191 3079 1248 3133 in
1276 3079 1544 3151 decalogo
1573 3078 1897 3143 continetur,
1932 3076 2025 3148 qui

417 3169 476 3223 in
505 3167 778 3224 vicenario
811 3168 894 3222 bis
923 3167 1151 3234 ducitur,
1185 3167 1271 3222 vel
1302 3167 1426 3239 quia
1457 3167 1564 3222 duo
1589 3174 1860 3237 pracepta
1889 3181 2024 3221 con-

417 3257 554 3312 tinet
601 3256 900 3326 charitatis,
949 3256 1036 3312 vel
1077 3255 1204 3328 quia
1250 3263 1304 3311 et
1352 3255 1699 3310 historialiter
1729 3261 1782 3310 et
1811 3254 2021 3327 allego-

417 3345 534 3401 rice
565 3354 648 3401 est
675 3345 1072 3401 observandus.
1123 3366 1145 3396 ι
1181 3344 1551 3416 Primogenita
1598 3359 1719 3415 qua:
1747 3343 1816 3397 ad
1846 3344 2019 3398 Deum

412 3433 707 3504 pertinent,
747 3454 770 3484 ι
804 3440 908 3489 etc.
944 3432 1010 3487 Hi
1057 3431 1149 3504 qui
1180 3432 1235 3486 in
1263 3431 1561 3503 primordio
1591 3431 2019 3486 conversationis

413 3522 742 3593 semetipsos
798 3523 914 3578 Deo
962 3520 1233 3587 dedicant,
1280 3537 1391 3576 non
1437 3527 1666 3591 possunt
1712 3518 1768 3573 in
1813 3518 1893 3574 eis
1924 3519 2017 3575 alii

414 3617 848 3674 conversationis
887 3617 991 3672 sibi
1033 3633 1298 3689 usurpare
1341 3614 1612 3674 effectum.
1650 3637 1673 3667 ι
1737 3615 1862 3672 Sive
1893 3616 2014 3682 bos,

413 3715 532 3772 sive
561 3715 699 3785 ovis,
738 3736 762 3766 ι
795 3722 854 3771 ut
878 3731 1064 3788 supra.
1101 3737 1124 3767 ι
1158 3714 1318 3786 Quod
1349 3714 1395 3770 si
1433 3712 1770 3769 immundum
1800 3720 1884 3768 est
1912 3713 2023 3768 ani-

2125 1847 2194 1902 de
2223 1845 2472 1901 ﬁdelibus
2518 1845 2734 1901 Domini
2767 1864 2779 1899 :
2817 1867 2838 1896 α
2876 1847 3107 1900 Carnem
3150 1861 3302 1899 suam
3345 1843 3724 1900 cruciﬁxerunt

2125 1951 2248 1990 cum
2288 1934 2430 1990 vitiis
2459 1942 2510 1990 et
2541 1933 2994 2005 concupiscentiis
3025 1935 3170 2004 (Gal.
3203 1933 3282 2004 v).
3309 1954 3330 1983 ι
3357 1955 3378 1983 ι
3406 1933 3610 1988 Omnes
3631 1933 3728 1990 de-

2127 2023 2283 2078 cinia
2325 2030 2503 2091 terrae,
2544 2042 2566 2072 ι
2603 2030 2731 2089 etc.,
2759 2021 2813 2076 id
2843 2029 2944 2088 est,
2995 2021 3235 2076 omnium
3265 2037 3494 2091 operum
3537 2020 3724 2091 perfe-

2127 2110 2234 2166 ctio
2265 2111 2494 2166 Domino
2525 2119 2889 2167 consecretur.
2917 2131 2940 2161 α
2968 2109 3024 2166 Si
3047 2110 3166 2181 quis
3195 2108 3467 2165 redimere
3495 2108 3727 2164 voluerit

2126 2199 2366 2255 decimas
2397 2215 2541 2265 suas,
2581 2219 2602 2248 ι
2637 2207 2763 2264 etc.,
2798 2198 2854 2253 id
2883 2206 2964 2253 est
3011 2198 3155 2253 bona
3201 2213 3366 2268 opera
3397 2197 3498 2252 sibi
3527 2197 3726 2254 conﬁr-

2125 2303 2277 2342 mare
2322 2287 2469 2356 justo
2518 2286 2813 2352 intellectu,
2857 2302 3045 2341 eorum
3086 2285 3319 2341 fructum
3368 2285 3602 2341 Domino
3631 2301 3726 2342 re-

2126 2383 2462 2446 compenset.
2504 2395 2526 2425 ι
2563 2373 2821 2429 Omnium
2867 2374 3227 2441 decimarum,
3264 2394 3287 2424 ι
3323 2381 3451 2440 etc.,
3482 2373 3725 2429 omnium

2125 2463 2382 2520 ordinum
2413 2462 2504 2535 qui
2535 2463 2638 2517 sub
2669 2462 2955 2534 disciplina
2984 2462 3182 2517 Christi
3211 2470 3354 2516 sunt.
3394 2484 3416 2512 α
3443 2460 3724 2534 Quidquid

2125 2551 2395 2606 decimum
2465 2551 2691 2619 venerit,
2732 2572 2754 2600 ι
2819 2559 2944 2615 etc.,
3004 2550 3057 2604 id
3115 2557 3216 2616 est,
3280 2549 3588 2622 quicunque
3638 2549 3723 2606 le-

2125 2639 2212 2713 gis
2249 2640 2450 2708 justam
2495 2639 2661 2694 habet
2703 2639 3138 2710 intelligentiam,
3189 2637 3421 2693 Domino
3466 2638 3583 2694 sine
3612 2637 3725 2693 ulla

2125 2727 2543 2784 commutatione
2601 2743 2666 2783 ex
2723 2727 2905 2782 debito
2962 2727 3138 2782 hostia
3192 2725 3462 2782 oﬁertur:
3523 2734 3720 2784 caetera

2126 2825 2183 2872 ut
2213 2831 2397 2887 supra.
2431 2816 2689 2871 Pietatem
2719 2823 2901 2872 autem
2939 2824 3112 2883 tuam,
3157 2815 3306 2871 Deus
3355 2814 3718 2886 omnipotens,

2125 2905 2321 2960 obnixe
2360 2903 2627 2974 deprecor
2654 2911 2712 2958 ut
2740 2919 2829 2959 me
2871 2903 3036 2960 facias
3083 2903 3181 2958 tibi
3225 2919 3439 2974 semper
3465 2902 3725 2974 placitum

2126 2991 2454 3048 sacriﬁcium
2482 2992 2702 3047 laudum
2734 3000 2945 3047 tuarum
2975 2989 3193 3060 offerre,
3216 2999 3273 3046 ut
3289 2999 3343 3046 et
3363 3007 3484 3062 quae
3503 2991 3721 3063 agenda

2125 3088 2251 3135 sunt
2306 3081 2569 3136 veraciter
2612 3096 2927 3152 agnoscam,
2975 3087 3028 3136 et
3069 3080 3252 3151 agnita
3294 3078 3443 3135 ﬁdeli
3491 3095 3722 3150 operum

2123 3170 2471 3225 exsecutione
2526 3168 2829 3240 perficiam,
2889 3184 2958 3224 ne
2998 3168 3142 3241 ignis
3187 3167 3420 3238 Spiritus
3463 3167 3638 3223 sancti
3667 3174 3722 3223 et

2121 3258 2446 3314 venerandae
2501 3257 2783 3313 charitatis
2840 3273 3006 3328 quem
3065 3263 3330 3328 perpetuo
3387 3255 3718 3311 servandum

2120 3345 2446 3417 praecepisti,
2482 3362 2646 3416 quem
2673 3362 2773 3416 per
2819 3344 3141 3400 effusionem
3187 3343 3304 3400 veri
3351 3343 3631 3414 sanguinis
3661 3343 3716 3398 in

2119 3434 2285 3490 corde
2317 3442 2369 3489 et
2398 3442 2621 3504 pectore
2667 3449 2791 3488 meo
2833 3431 3183 3502 conﬁrmasti,
3230 3431 3482 3499 deﬁciat;
3515 3432 3613 3487 sed
3642 3431 3713 3486 ad

2117 3521 2338 3576 laudem
2367 3530 2419 3577 et
2453 3522 2717 3576 honorem
2745 3520 2978 3576 nominis
3008 3521 3104 3586 tui,
3140 3521 3197 3574 in
3226 3527 3330 3576 ture
3374 3519 3595 3576 servitio
3623 3519 3712 3575 di-

2117 3609 2366 3666 lectionis
2395 3610 2649 3668 ardescat
2676 3609 2732 3666 in
2761 3609 3040 3667 saculum.
3070 3610 3265 3666 Amen.

1219 4045 2170 4180 WALAFRIDI
2281 4045 2884 4182 STRABI

1658 4263 2043 4319 FULDENSIS
2089 4263 2411 4321 MONACHI

731 4414 1134 4501 HOMILIA
1244 4413 1337 4498 IN

1445 4413 1806 4499 lNlTIllll
1915 4413 2425 4500 EVANGELII
2536 4417 2874 4506 SANC'I‘I
2989 4419 3441 4507 MATTMEI

1288 4601 1458 4671 (Pez.,
1491 4600 1802 4657 Thesaurus
1829 4599 2034 4657 noviss.
2067 4602 2298 4671 Anecd.,
2333 4610 2469 4660 tom.
2510 4605 2578 4672 II,
2619 4621 2673 4677 p.
2709 4606 2822 4678 41.)

455 4838 679 4892 lim-mu
707 4848 904 4890 SANC'I'I
930 4834 1248 4889 Evmcam
1277 4847 1575 4888 sscuxnuu
1603 4831 1954 4886 Illnrmauu.
2033 4834 2086 4894 D
2109 4841 2190 4887 est
2237 4832 2498 4904 perfectio
2537 4843 2756 4892 eterna:
2792 4834 3142 4891 beatitudinis
3185 4843 3406 4905 nostrae,
3459 4851 3708 4910 congruo

481 4925 644 4980 Liber
677 4925 1060 4996 generationis
1084 4925 1219 4979 Iesu
1263 4923 1474 4978 Christi
1515 4922 1624 4990 ﬁlii
1664 4921 1855 4988 David,
1896 4921 2006 4989 ﬁlii

407 5013 995 5070 Abraham.Abraham
1009 5014 1207 5084 genuit
1230 5011 1576 5082 Isaac,flsaac
1593 5014 1788 5066 autem
1807 5011 2007 5081 genuit

409 5103 596 5170 Iacob,
629 5101 794 5159 Iacob
825 5105 1020 5157 autem
1048 5100 1246 5172 genuit
1275 5099 1481 5156 ludam
1524 5102 1580 5155 et
1617 5102 1830 5171 fratres
1861 5100 2003 5169 ejus,

410 5200 518 5247 etc.

483 5279 699 5351 Moyses
723 5278 805 5333 vir
825 5286 1044 5333 sanctus
1064 5275 1264 5331 librum
1293 5275 1588 5332 creationis
1609 5275 1734 5332 coeli
1751 5283 1802 5331 et
1825 5283 2005 5341 terrae,

411 5368 598 5424 divina
643 5365 808 5422 fultus
851 5365 1187 5432 auctoritate,
1239 5365 1580 5435 conscripsit,
1628 5364 1683 5418 in
1727 5379 1834 5436 quo
1862 5363 2012 5434 peri-

412 5457 522 5511 turi
552 5455 786 5512 hominis
818 5455 1089 5527 originem
1135 5461 1362 5510 texerat.
1397 5454 1699 5519 Matthaeus,
1736 5453 2013 5524 apostolus

415 5545 617 5601 Christi
675 5553 728 5601 et
785 5544 1136 5615 evangelista,
1195 5543 1390 5598 librum
1461 5541 1828 5614 generationis
1881 5543 2012 5597 Jesu

419 5633 640 5708 Christi,
673 5633 730 5690 in
782 5648 890 5710 quo
939 5640 1021 5689 est
1059 5632 1273 5689 initium
1319 5631 1508 5689 salutis
1555 5640 1776 5701 nostra,
1827 5639 1879 5687 et
1925 5632 2017 5707 qui

2107 4932 2320 5002 scripsit
2351 4933 2573 4988 exordio
2608 4951 2621 4987 :
2658 4933 2783 5004 quia
2811 4933 2970 4988 Jesus
2998 4933 3256 4990 Salvator
3277 4933 3705 5004 interpretatur;

2108 5030 2349 5086 Christus
2367 5035 2592 5097 unctus,
2619 5031 2762 5103 quod
2792 5039 2874 5086 est
2903 5047 3101 5087 nomen
3132 5048 3358 5087 summa:
3389 5032 3705 5105 dignitatis;

2109 5129 2237 5200 quia
2293 5128 2499 5200 antiqui
2556 5145 2715 5201 reges
2760 5137 2812 5184 et
2856 5130 3134 5200 praphetze
3174 5138 3336 5201 atque
3388 5130 3705 5186 sacerdotes

2109 5227 2230 5282 oleo
2247 5227 2590 5299 ungebantur
2600 5225 3061 5282 sanctiﬁcationis.
3081 5229 3106 5281 .l
3114 5244 3240 5282 esus
3261 5235 3442 5283 autem
3455 5227 3706 5282 Christus

2112 5327 2376 5383 Dominus
2407 5333 2592 5381 noster
2639 5324 2761 5380 oleo
2804 5325 3002 5381 laetitia:
3047 5343 3162 5397 prae
3209 5326 3562 5397 participibus
3593 5323 3706 5378 suis

2113 5433 2305 5482 unctus
2331 5441 2362 5480 a
2391 5423 2621 5480 Domino
2668 5423 2882 5496 legitur.
2930 5422 3035 5493 Qui
3081 5424 3226 5480 venit
3254 5424 3309 5478 in
3351 5425 3494 5476 hunc
3544 5437 3707 5474 mun-

2113 5524 2240 5579 dum
2271 5540 2367 5594 per
2395 5523 2597 5578 electos
2627 5529 2681 5576 et
2710 5521 3060 5578 circumcisos
3090 5531 3292 5592 patres,
3349 5533 3579 5589 quorum
3611 5533 3709 5574 no-

2115 5627 2263 5684 mina
2307 5643 2407 5702 per
2461 5625 2708 5683 ordinem
2759 5624 3042 5682 Matthaeus
3087 5623 3210 5679 ideo
3268 5621 3324 5675 in
3354 5619 3581 5677 exordio
3626 5619 3712 5678 sui
