4002 6184
304 311 400 365 851

792 295 1196 356 WALAFRIDI
1234 289 1476 346 STRABI
1517 283 1894 344 FULDMON.
1936 282 2088 336 OPP.
2134 279 2308 335 PARS
2347 279 2386 332 Ι.
2423 307 2489 318 --
2526 272 2999 330 THEOLOGICA.

3492 273 3600 327 852

309 432 432 488 libri
477 427 678 500 posuit,
747 424 876 496 quia
921 423 978 477 in
1022 420 1107 474 his
1149 425 1350 472 nostrae
1411 410 1801 482 redemptionis
1851 416 1904 464 et
1925 414 1981 474 Α
2011 406 2126 474 ejus
2191 402 2513 458 ascensione
2571 401 2816 493 gaudere
2879 403 3115 468 oportet,
3170 402 3229 450 ut
3283 393 3356 449 ad
3411 392 3618 466 gaudia

313 499 532 577 eterna:
582 515 770 570 salutis
829 511 1081 584 ﬁguram,
1133 505 1333 576 Spiritu
1381 510 1570 556 sancto
1610 499 1907 563 revelante,

315 624 439 663 esse
470 604 745 678 cognovit,
777 609 830 656 et
859 598 1077 654 easdem
1099 593 1306 667 figuras
1323 608 1423 663 per
1443 589 1718 645 Christum
1746 587 1802 640 in
1819 602 1913 641 ve-

317 697 476 751 ritate
524 677 837 762 completas.
887 687 1034 741 Sicht
1089 683 1235 738 enim
1279 679 1522 735 Christus
1567 693 1667 747 per
1717 677 1913 729 horum

317 783 752 856 patriarcharum
815 773 1197 849 genealogiam
1253 769 1322 824 ad
1381 774 1626 821 nostram
1671 765 1727 818 in
1771 765 1916 818 hunc

318 853 579 930 mundum
623 868 766 923 venit
814 866 1064 928 salutem,
1119 869 1171 916 et
1219 861 1411 914 horum
1457 855 1697 911 omnium
1737 853 1790 907 in
1821 867 1914 906 se-

318 961 548 1030 metipso
573 957 801 1029 gerebat
831 952 1086 1008 ofﬁcium:
1133 949 1204 1003 ita
1244 947 1402 1002 etiam
1454 945 1509 998 in
1557 945 1750 998 horum
1798 956 1915 994 om-

317 1029 467 1104 nium
525 1042 969 1114 interpretatione
1046 1038 1326 1093 nominum
1384 1041 1627 1088 nostram
1685 1029 1916 1084 salutem

319 1134 671 1208 spiritualiter
702 1131 871 1188 voluit
901 1125 1198 1199 designari.
1231 1126 1344 1179 Nos
1367 1136 1603 1194 quoque,
1630 1125 1913 1189 quantum,

316 1226 438 1296 ipso
469 1222 766 1292 inspirante
796 1228 958 1288 atque
1003 1215 1312 1283 adjuvante,
1362 1225 1674 1281 possumus,
1726 1219 1917 1260 eorum

319 1295 519 1368 imitari
577 1310 842 1365 debemus
886 1302 1408 1375 interpretationem,
1458 1306 1515 1352 ut
1561 1297 1636 1351 ait
1681 1295 1918 1349 Joannes

320 1400 660 1471 evangelista
693 1415 705 1451 :
741 1396 845 1465 Qui
877 1394 1152 1449 Christum
1181 1390 1461 1444 desiderat
1503 1383 1722 1449 imitari,
1760 1382 1917 1437 debet

325 1489 589 1564 quomodo
643 1487 898 1543 Christus
955 1481 1286 1545 ambulavit,
1336 1481 1392 1532 et
1436 1479 1556 1548 ipse
1602 1471 1912 1528 ambulare.

321 1580 483 1634 Nune
512 1577 580 1632 ad
608 1575 779 1646 ipsius
809 1572 932 1627 libri
963 1569 1212 1626 ordinem
1242 1567 1549 1622 redeamus.

393 1722 564 1776 Vnus.
600 1722 650 1773 1.
683 1747 753 1757 -—
784 1715 940 1772 Liber
980 1711 1364 1785 generationis
1401 1709 1532 1764 Iesu
1579 1703 1791 1762 Christi
1809 1701 1923 1770 ﬁlii

329 1809 522 1875 David,
544 1807 652 1876 ﬁlii
677 1805 976 1860 Abraham.
996 1801 1095 1855 Hic
1112 1798 1339 1870 qumstio
1355 1796 1544 1859 oritur,
1578 1809 1672 1848 cur
1701 1799 1929 1862 antepo-

333 1898 477 1953 nitur
492 1895 665 1951 David
689 1893 957 1947 Abraham
970 1891 998 1944 ?
1020 1888 1286 1957 Quoniam
1305 1885 1520 1957 quidem
1542 1882 1714 1951 major
1733 1881 1924 1936 electio

327 1987 384 2040 in
412 1983 608 2049 David,
641 1997 802 2053 quam
831 1975 1205 2049 repromissio.
1239 1975 1380 2027 Nam
1411 1971 1606 2026 electio
1639 1970 1691 2022 in
1724 1968 1919 2037 David,

329 2075 399 2130 de
430 2088 537 2144 quo
559 2071 753 2126 dicitur
777 2087 789 2122 :
817 2067 1010 2122 Inveni
1030 2063 1206 2120 David
1233 2063 1421 2132 ﬁlium
1440 2063 1590 2116 Iesse
1612 2057 1924 2114 secundum

331 2179 426 2219 eor
456 2176 665 2224 meum,
687 2159 783 2230 qui
803 2157 975 2227 faciet
997 2167 1187 2208 omnes
1210 2151 1528 2205 voluntates
1550 2163 1722 2202 meas.
1745 2146 1813 2199 Et
1834 2145 1927 2199 ite-

332 2265 454 2304 rum
481 2266 492 2302 :
510 2250 584 2303 De
605 2249 801 2317 fructu
823 2243 1034 2299 ventris
1049 2240 1135 2294 tui
1148 2255 1354 2311 ponam
1367 2252 1536 2308 super
1547 2235 1730 2290 sedem
1746 2237 1922 2288 tuam.

330 2334 703 2408 Repromissio
734 2347 866 2386 vero
897 2330 964 2385 ad
1014 2328 1303 2383 Abraham.
1337 2324 1436 2379 Cui
1464 2322 1662 2378 dicitur
1695 2339 1707 2375 :
1743 2322 1804 2376 In
1836 2337 1927 2376 se-

335 2428 492 2482 mine
524 2428 620 2479 tuo
649 2420 1050 2478 benedicentur
1078 2431 1271 2472 omnes
1303 2413 1480 2469 tribus
1514 2415 1698 2468 terrae.

402 2547 576 2604 David
606 2561 785 2600 manu
813 2543 979 2614 fortis
1009 2541 1422 2610 interpretatur;
1455 2535 1581 2606 quia
1611 2533 1932 2606 superbissi-

328 2654 480 2694 mum
509 2635 722 2692 Goliath
753 2631 902 2687 solus
936 2629 1064 2685 vicit
1093 2637 1145 2683 et
1173 2625 1419 2697 peremit.
1452 2625 1725 2680 Abraham
1766 2626 1932 2695 pater

327 2729 649 2784 multarum
689 2723 946 2795 gentium
987 2718 1411 2787 interpretatur;
1454 2713 1601 2784 quod
1646 2721 1931 2784 utrumque

331 2815 580 2870 Christus
609 2809 946 2882 intelligitur.
978 2807 1102 2876 lpse
1142 2804 1288 2859 enim
1332 2811 1414 2858 est
1464 2801 1698 2856 bellator
1745 2807 1933 2855 noster

335 2902 685 2965 fortissimus,
719 2897 812 2970 qui
843 2895 991 2952 solus
1021 2909 1145 2950 cum
1176 2892 1416 2960 diabolo,
1449 2891 1606 2946 hoste
1637 2888 1935 2945 fortissimo

331 2991 611 3065 pugnavit,
661 3000 895 3057 eumque
943 2982 1223 3054 superavit
1267 2988 1318 3036 et
1355 2978 1650 3046 damnavit,
1702 2985 1756 3032 et
1804 2984 1926 3046 post

330 3083 474 3136 hanc
501 3076 786 3135 victoriam
814 3072 1108 3128 multorum
1137 3067 1361 3124 effectus
1412 3074 1496 3122 est
1540 3074 1696 3136 pater
1743 3081 1919 3136 pepu-

329 3169 530 3232 lorum,
562 3165 617 3219 id
647 3171 729 3218 est
757 3169 911 3233 pater
939 3158 1180 3215 omnium
1211 3155 1561 3219 credentium,
1616 3154 1708 3225 qui
1737 3153 1918 3208 omni-

337 3256 443 3310 bus
470 3254 525 3308 in
554 3269 614 3307 se
644 3248 993 3307 credentibus
1022 3248 1241 3301 Patrem
1271 3261 1330 3300 se
1345 3243 1606 3298 invocare
1635 3241 1935 3308 concessit,

342 3344 532 3398 dicens
568 3357 580 3395 :
611 3341 700 3396 Sic
732 3341 926 3393 autem
953 3335 1185 3393 orabitis
1205 3354 1222 3389 :
1244 3335 1416 3389 Pater
1444 3335 1635 3387 noster
1663 3331 1759 3403 qui
1787 3346 1845 3387 es
1872 3331 1937 3386 in

343 3431 518 3489 caelis.
551 3429 665 3483 Nos
705 3441 922 3498 quoque
952 3425 1007 3478 in
1036 3423 1307 3494 baptismo
1353 3419 1636 3476 diabolicis
1685 3419 1936 3475 omnibus

345 3517 718 3574 renuntiantes
773 3511 1048 3584 operibus,
1122 3511 1376 3566 omnibus
1435 3525 1654 3580 quoque
1722 3508 1936 3579 pompis

345 3604 544 3661 diaboli
573 3604 932 3675 abnegantes,
965 3598 1336 3654 difﬁcillimum
1377 3605 1571 3654 contra
1599 3612 1723 3652 eum
1770 3595 1937 3666 spiri-

347 3694 603 3764 tualeque
630 3700 909 3748 certamen
939 3689 1222 3754 inivimus;
1247 3694 1300 3742 et
1329 3686 1602 3758 quomodo
1634 3685 1750 3755 ipse
1780 3684 1938 3739 nobis

347 3798 632 3854 nunquam
660 3779 914 3834 insidiare
943 3776 1154 3833 desistit
1179 3794 1192 3842 ;
1225 3775 1294 3830 ita
1325 3775 1481 3830 nobis
1524 3772 1940 3844 diligentissima

347 3886 482 3928 cura
510 3869 800 3942 vigilanter
830 3875 993 3938 atque
1042 3864 1270 3920 sollicite
1298 3879 1470 3934 usque
1499 3862 1556 3917 in
1585 3862 1730 3916 diem
1767 3860 1940 3916 exitus

349 3959 522 4016 nostri
549 3959 603 4013 in
634 3958 827 4013 eodem
857 3955 1151 4011 certamine
1197 3967 1522 4024 permanere
1569 3965 1796 4006 necesse
1835 3958 1936 4015 est,

349 4049 557 4119 Deique
595 4044 978 4115 omnipotentis
1022 4040 1502 4098 clementissimam
1548 4038 1803 4110 pietatem
1846 4039 1940 4107 ju-

351 4137 494 4210 giter
523 4134 838 4205 implorare,
871 4139 1138 4202 quatenus
1175 4129 1333 4185 nobis
1363 4143 1462 4183 sua
1490 4142 1691 4198 magna
1720 4125 1942 4181 miseri-

352 4223 543 4280 cordia
586 4221 871 4278 victoriam
916 4219 1132 4288 tribuat,
1183 4227 1235 4273 et
1277 4225 1464 4288 patres
1506 4232 1607 4271 nos
1650 4214 1941 4269 multarum

354 4313 609 4368 virtutum
667 4325 789 4366 esse
832 4308 1116 4375 concedat,
1170 4306 1314 4378 quod
1372 4313 1496 4359 sunt
1540 4319 1695 4359 arma
1741 4303 1942 4358 militiae

353 4400 668 4473 spiritualis.

425 4543 592 4598 VERS.
625 4546 680 4599 2.
711 4571 782 4581 —
808 4539 1090 4596 Abraham
1118 4540 1312 4593 autem
1352 4536 1549 4608 genuit
1579 4535 1755 4590 Isaac.
1789 4533 1942 4589 Isaac

351 4639 532 4688 autem
584 4630 854 4702 gaudium
911 4627 1317 4698 interpretatur.
1376 4624 1520 4679 Bene
1577 4623 1739 4678 etiam
1786 4630 1944 4692 pater

352 4719 594 4776 omnium
653 4717 986 4773 credentium
1059 4714 1325 4781 Christus,
1386 4711 1649 4785 gaudium
1700 4711 1941 4766 omnium

351 4823 573 4864 suorum
605 4804 829 4861 effectus
877 4813 959 4859 est
1000 4803 1366 4874 populorum;
1400 4801 1524 4872 quia
1571 4800 1625 4854 in
1665 4799 1940 4854 nativitate

351 4897 466 4965 ejus
505 4895 736 4967 angelus
780 4892 1090 4964 pastoribus
1133 4890 1346 4946 locutus
1385 4896 1486 4955 est,
1538 4888 1726 4944 dicens
1759 4905 1771 4941 :
1808 4889 1942 4943 Ecce

351 4985 668 5054 evangelizo
698 4983 843 5039 vobis
869 4980 1142 5054 gaudium
1173 4995 1462 5051 magnum,
1497 4977 1638 5050 quod
1659 4977 1769 5032 erit
1785 4978 1942 5032 omni

349 5072 568 5144 papula.
602 5071 679 5124 Ita
709 5079 761 5125 et
789 5086 888 5124 nos
918 5086 1018 5140 per
1061 5067 1564 5138 multiplicationem
1595 5066 1649 5119 in
1678 5081 1939 5136 perseve-

350 5167 527 5222 rantia
553 5167 817 5222 bonorum
846 5183 1071 5238 Operum
1100 5166 1358 5239 gaudium
1387 5166 1546 5220 nobis
1576 5164 1700 5220 vita
1721 5172 1939 5219 aeternae

345 5281 472 5322 cum
501 5262 703 5318 sanctis
725 5263 932 5334 angelis
952 5279 1264 5335 praiparare
1285 5263 1568 5318 debemus.
1590 5261 1655 5316 Et
1675 5261 1727 5315 in
1747 5261 1938 5330 eodem

347 5379 449 5419 nos
479 5376 698 5432 semper
726 5360 923 5430 gaudio
954 5377 1238 5430 speremus
1265 5376 1506 5428 manere,
1538 5367 1595 5413 ut
1648 5359 1938 5429 Apostolus

346 5462 619 5529 admonet,
645 5457 861 5513 dicens:
880 5456 1122 5512 Gaudete
1142 5458 1202 5511 in
1217 5458 1448 5513 Domino
1465 5473 1702 5528 semper,
1727 5456 1939 5511 iterum

345 5559 467 5615 dico
495 5557 749 5631 gaudete,
783 5563 840 5610 ut
872 5553 1246 5620 subaudiatur,
1278 5553 1352 5608 ita
1382 5556 1450 5610 de
1478 5554 1674 5609 Christi
1706 5570 1807 5609 nos
1837 5570 1937 5608 na-

343 5656 568 5723 tivitate,
618 5655 874 5727 passione
917 5663 970 5711 et
1019 5650 1440 5720 resurrectione,
1489 5660 1652 5724 atque
1683 5651 1736 5706 in
1768 5653 1939 5709 oculos

2010 498 2214 546 interna
2243 502 2554 544 mereamur
2583 484 2893 556 pervenire.

2086 616 2240 670 Isaac
2270 615 2462 667 autem
2491 610 2688 682 genuit
2718 608 2900 663 Iacob.
2932 604 3101 660 Iacob
3123 603 3528 676 supplantator
3543 603 3624 658 in-

2012 709 2361 772 terpretatur.
2395 701 2691 769 Postquam
2721 711 2852 750 vero
2879 694 3129 749 Christus
3177 691 3478 746 nativitatis
3509 707 3623 746 suae

2015 791 2215 862 gaudia
2243 788 2447 842 mundo
2489 785 2782 850 concessit,
2827 782 3106 838 diabolum
3158 781 3344 844 etiam,
3396 781 3625 834 humani

2014 878 2234 952 generis
2274 883 2623 940 vastatorem,
2676 888 2773 927 sua
2820 872 3076 943 passione
3129 868 3518 938 supplantavit,
3572 877 3627 924 et

2017 983 2151 1023 vasa
2190 967 2307 1034 ejus
2339 963 2577 1034 diripuit.
2610 964 2685 1016 Ita
2717 971 2769 1016 et
2799 976 2900 1015 nos
2929 976 3030 1031 per
3059 959 3321 1031 gaudium
3371 958 3632 1014 secundae

2014 1055 2332 1120 nativitatis,
2391 1053 2445 1107 id
2505 1058 2587 1106 est
2645 1058 2769 1122 post
2817 1050 3222 1120 perceptionem
3280 1049 3630 1105 remissionis

2015 1144 2257 1200 omnium
2316 1147 2671 1212 peccatorum
2731 1139 2787 1192 in
2830 1138 3120 1208 baptismo,
3182 1139 3629 1209 supplantatores

2015 1249 2138 1288 esse
2170 1246 2399 1286 necesse
2429 1237 2513 1284 est
2542 1227 2783 1284 omnium
2829 1227 3084 1282 vitiorum
3116 1234 3169 1282 et
3199 1227 3499 1283 carnalium
3529 1226 3630 1280 de-

2013 1319 2388 1385 lectationum,
2441 1326 2493 1372 et
2541 1317 2741 1371 diaboli
2771 1315 2826 1370 in
2857 1315 3015 1370 nobis
3063 1315 3416 1386 supplantare
3448 1324 3629 1370 tenta-

2018 1417 2222 1475 menta,
2257 1408 2484 1478 ejusque
2517 1404 2734 1460 fraudes
2765 1413 2820 1460 et
2865 1403 3092 1458 insidias
3136 1404 3358 1460 omnino
3409 1418 3624 1468 cavere,

2020 1506 2500 1568 quantumcunque
2529 1493 2804 1565 possimus
2836 1493 2936 1547 Dei
2966 1492 3148 1565 gratia
3177 1492 3469 1565 largiente.

2095 1621 2257 1676 Iacob
2285 1620 2480 1691 genuit
2509 1617 2733 1674 Iudam.
2765 1615 2930 1670 Judas
2961 1618 3238 1688 confessio
3287 1616 3627 1687 interpreta-

2025 1718 2132 1764 tur.
2166 1707 2451 1764 Confessio
2481 1722 2719 1777 namque
2745 1721 2854 1760 non
2907 1721 3122 1775 semper
3151 1705 3221 1759 ad
3251 1705 3632 1776 paenitentiam

2032 1797 2284 1869 pertinet,
2320 1797 2418 1851 sed
2450 1794 2744 1866 aliquando
2774 1793 2840 1848 ad
2871 1794 2971 1848 Dei
3017 1793 3234 1848 laudern
3281 1802 3333 1849 et
3382 1794 3450 1848 ad
3500 1810 3632 1867 gra-

2026 1888 2217 1941 tiarum
2247 1884 2536 1940 actionem.
2571 1885 2716 1938 Bene
2747 1882 2925 1953 itaque
2957 1881 3224 1950 Christus,
3272 1881 3632 1954 supplantatis

2026 1974 2228 2030 diaboli
2267 1972 2630 2038 tentamentis,
2679 1969 3100 2036 confessionem,
3152 1970 3206 2024 id
3251 1978 3333 2025 est
3383 1970 3630 2036 laudem,

2027 2063 2216 2118 obtulit
2249 2063 2365 2116 Deo
2397 2061 2557 2124 Patri,
2591 2068 2646 2114 ut
2678 2059 2750 2114 ibi
2784 2077 2797 2112 :
2835 2060 3111 2128 Conﬁteor
3142 2059 3261 2125 tibi,
3296 2062 3488 2126 Pater,
3523 2061 3633 2115 Do-

2027 2153 2182 2206 mine
2211 2151 2336 2206 caeli
2364 2153 2420 2204 et
2453 2153 2634 2214 terrae,
2670 2148 2812 2219 quod
2838 2147 2906 2201 ad
2936 2135 3157 2201 laudem
3209 2147 3462 2217 pertinet.
3516 2148 3634 2202 Nos

2029 2255 2248 2311 quoque
2277 2239 2426 2308 dum,
2461 2236 2749 2291 auxiliante
2780 2235 3154 2290 misericordia
3185 2235 3403 2290 Domini
3435 2236 3635 2291 Salva-

2031 2328 2164 2383 toris
2222 2325 2414 2391 nostri,
2476 2323 2868 2396 aliquantulum
2924 2324 3176 2378 vitiorum
3223 2332 3275 2378 et
3331 2324 3634 2378 carnalium

2029 2415 2448 2471 delectationum
2478 2414 2534 2468 in
2563 2412 2968 2484 nobismetipsis
3013 2412 3254 2478 vincere,
3303 2420 3356 2466 et
3394 2413 3636 2467 senseri-

2032 2521 2152 2559 mus
2184 2519 2463 2574 superare,
2510 2503 2614 2558 hoc
2659 2511 2827 2557 totum
2875 2501 2974 2556 Dei
3016 2500 3410 2556 misericordia;
3451 2502 3635 2572 depu-

2031 2602 2227 2658 temus,
2261 2592 2392 2645 nihil
2423 2591 2625 2646 nostris
2669 2590 2872 2644 meritis
2917 2590 3253 2658 tribuamus;
3285 2589 3383 2645 sed
3413 2606 3639 2660 semper

2031 2680 2426 2753 praeveniamus
2454 2679 2645 2735 faciem
2676 2679 2792 2748 ejus
2822 2679 2877 2732 in
2907 2677 3246 2734 confessione
3275 2687 3632 2749 peccatorum

2033 2778 2392 2826 nostrorum:
2443 2769 2531 2823 die
2575 2783 2788 2839 quoque
2837 2782 2904 2824 ac
2950 2775 3109 2824 nocte
3157 2767 3211 2820 in
3259 2768 3376 2836 ejus
3409 2783 3634 2838 semper

2033 2873 2450 2930 permaneamus
2478 2855 2661 2924 laude,
2695 2864 2753 2911 ut
2783 2872 2882 2910 sua
2913 2871 3012 2910 nos
3043 2854 3468 2910 clementissima
3497 2872 3632 2927 pro-

2035 2949 2268 3004 tectione
2299 2947 2367 3002 ab
2398 2945 2608 3000 insidiis
2657 2944 2864 3016 antiqui
2907 2943 3079 2999 hostis
3126 2942 3425 3000 defendere
3467 2953 3634 3017 atque

2037 3045 2325 3108 protegere
2364 3035 2640 3107 dignetur,
2691 3041 2744 3089 et
2785 3031 3142 3089 confiteamur
3188 3032 3394 3088 nomini
3441 3043 3635 3090 sancto

1938 3119 1987 3180 Ο
2015 3126 2154 3195 ejus,
2187 3133 2239 3180 et
2271 3123 2569 3197 gloriemur
2599 3123 2656 3178 in
2705 3121 2865 3177 laude
2921 3122 3094 3194 ipsius
3125 3122 3180 3177 in
3210 3122 3412 3178 szecula
3461 3139 3635 3178 saecu-

2034 3215 2231 3269 lorum.

2108 3337 2277 3391 Vnus.
2302 3339 2354 3390 3.
2387 3365 2457 3376 —
2485 3335 2657 3391 Iudas
2686 3338 2880 3390 autem
2905 3335 3104 3407 genuit
3131 3334 3345 3390 Phares
3374 3339 3432 3390 et
3462 3335 3635 3390 Zara.

2034 3425 2236 3480 Phares
2282 3424 2480 3480 divisio
2530 3423 2928 3493 interpretatur,
2960 3430 3013 3477 et
3056 3424 3189 3477 Zara
3233 3424 3459 3491 oriens;
3491 3423 3634 3478 bene

2037 3515 2201 3569 etiam
2232 3512 2481 3567 Christus
2510 3511 2705 3567 divisio
2736 3519 2914 3582 potest
2943 3511 3192 3584 intelligi,
3227 3511 3356 3582 quia
3385 3520 3634 3567 sanctam

2036 3601 2342 3658 Ecclesiam
2365 3617 2396 3655 a
2417 3600 2676 3657 societate
2708 3599 3006 3655 infidelium
3036 3600 3330 3670 separavit.
3393 3601 3637 3672 Itemque

2038 3691 2091 3745 in
2114 3690 2320 3759 judicio
2367 3697 2626 3762 segregat
2665 3689 2840 3757 justos
2869 3704 2902 3742 a
2932 3688 3328 3758 peccatoribus,
3363 3696 3415 3743 et
3444 3689 3638 3743 reddet

2038 3779 2330 3850 unicuique
2360 3778 2657 3834 secundum
2700 3793 2863 3848 opera
2909 3791 3028 3831 sua.
3077 3777 3360 3847 Nobisque
3407 3793 3638 3832 necesse

2039 3875 2121 3923 est
2151 3875 2208 3921 ut
2237 3867 2544 3922 dividamus
2573 3881 2674 3921 nos
2701 3866 2770 3918 ab
2802 3865 2983 3936 impiis
3013 3873 3067 3920 et
3094 3865 3404 3920 infidelibus
3436 3883 3452 3918 :
3485 3873 3638 3921 actus

2041 3971 2256 4026 quoque
2288 3963 2506 4010 nostros
2535 3955 2603 4008 ab
2634 3970 2821 4010 eorum
2867 3953 3128 4009 societate
3175 3969 3549 4020 secernamus,
3584 3962 3640 4008 ut

2038 4045 2096 4098 in
2124 4043 2392 4098 divisione
2439 4042 2629 4097 ultima
2676 4058 2785 4098 non
2835 4059 2958 4097 cum
3001 4041 3183 4112 impiis
3230 4042 3501 4106 damnari,
3536 4043 3636 4097 sed

2041 4148 2164 4187 cum
2187 4131 2349 4200 justis
2377 4147 2686 4186 mereamur
2731 4131 3000 4186 coronari.
3046 4131 3190 4185 Bene
3237 4129 3293 4183 in
3335 4132 3494 4195 Zara,
3523 4131 3638 4202 [qui

2040 4223 2225 4276 oriens
2274 4221 2674 4290 interpretatur,
2726 4219 2973 4274 Christus
3019 4217 3360 4292 intelligitur,
3412 4219 3482 4274 de
3530 4235 3639 4290 quo

2037 4309 2350 4379 Propheta:
2382 4309 2608 4365 Orietur
2637 4308 2784 4364 vobis
2817 4309 3146 4363 timentibus
3177 4323 3382 4363 nomen
3415 4309 3643 4364 Domini

2041 4399 2123 4453 sol
2143 4398 2410 4469 justitire.
2434 4398 2502 4451 Et
2521 4397 2637 4467 ipse
2653 4396 2709 4450 in
2729 4395 2879 4450 initio
2900 4395 3298 4467 praedicationis
3329 4411 3464 4464 suae,
3487 4397 3639 4450 Isaiae

1969 4475 2022 4534 D
2041 4503 2171 4540 usus
2198 4485 2533 4553 testimonio,
2563 4485 2630 4540 de
2661 4484 2954 4555 semetipso
3005 4483 3184 4538 aiebat
3216 4501 3230 4538 :
3265 4485 3515 4555 Populus
3545 4486 3640 4557 qui

2043 4575 2366 4630 ambulabat
2396 4576 2455 4629 in
2479 4574 2741 4639 tenebris,
2776 4572 2915 4628 vidit
2947 4573 3129 4628 lucem
3158 4588 3445 4644 magnam.
3469 4573 3638 4628 Habi-

2045 4663 2296 4718 tantibus
2327 4663 2389 4717 in
2413 4663 2633 4733 regione
2664 4662 2876 4717 umbra:
2904 4661 3104 4716 mortis
3137 4661 3241 4716 lux
3270 4664 3398 4716 orta
3417 4665 3504 4716 est
3534 4663 3635 4716 eis.

2041 4752 2111 4805 Et
2141 4751 2269 4805 alibi
2302 4769 2314 4804 :
2348 4753 2454 4823 Ego
2474 4767 2602 4805 sum
2635 4751 2738 4804 lua:
2759 4749 2978 4804 mundi.
3029 4750 3106 4803 Ita
3137 4757 3192 4804 et
3219 4765 3320 4804 nos
3346 4758 3635 4821 postquam

2042 4839 2346 4894 dividamus
2388 4854 2490 4893 nos
2535 4839 2603 4892 ab
2653 4836 2952 4894 infidelium
3009 4838 3241 4905 actibus,
3292 4845 3346 4892 et
3401 4838 3640 4892 carnalia

2042 4927 2315 4982 desideria
2345 4927 2637 5000 fugiamus,
2671 4926 2845 4981 oritur
2864 4927 2918 4980 in
2940 4925 3196 4981 cordibus
3223 4926 3428 4981 nostris
3458 4926 3640 4998 splen-

2043 5017 2144 5070 dor
2186 5015 2324 5071 lucis
2373 5023 2610 5085 aeternae,
2657 5015 2740 5070 sol
2777 5014 2998 5083 justitias
3045 5013 3315 5080 Christus,
3349 5022 3403 5069 et
3431 5013 3550 5085 ipse
3587 5013 3642 5068 in

2041 5104 2200 5159 nobis
2257 5103 2504 5158 habitare
2561 5104 2835 5176 dignetur,
2885 5103 3072 5174 sicque
3116 5119 3218 5174 per
3262 5103 3639 5174 operationem

2041 5193 2295 5248 virtutum
2327 5193 2616 5262 impleatur
2639 5193 2694 5246 in
2713 5191 2891 5259 nobis,
2926 5192 3072 5263 quod
3100 5192 3218 5262 ipse
3246 5192 3527 5262 praecepit,
3559 5191 3641 5246 di-

2041 5297 2172 5337 cens
2208 5299 2221 5335 :
2253 5282 2342 5336 Sic
2366 5282 2552 5338 luceat
2585 5282 2778 5336 lumen
2815 5285 3084 5346 vestrum,
3109 5285 3177 5336 ut
3204 5278 3431 5335 videant
3472 5296 3640 5352 Opera

2039 5373 2227 5426 vestra
2263 5370 2424 5436 bona,
2457 5375 2514 5426 et
2547 5369 2864 5442 gloriﬁcent
2897 5373 3126 5424 Patrem
3162 5371 3412 5424 vestrum
3449 5369 3548 5441 qui
3575 5369 3639 5422 in

2040 5460 2195 5515 caelis
2225 5463 2329 5514 est.

2110 5567 2322 5620 Phares
2346 5569 2538 5619 autem
2558 5565 2755 5635 genuit
2778 5565 2975 5619 Esron.
3001 5563 3179 5618 Esron
3198 5562 3407 5635 sagitta
3426 5564 3636 5618 salutis

2038 5655 2264 5711 Domini
2295 5653 2702 5724 interpretatur.
2737 5651 2984 5707 Christus
3014 5651 3158 5707 enim
3206 5651 3396 5706 salutis
3439 5660 3640 5708 nostra
