4002 6184
351 272 457 325 853

1403 264 1696 321 HOMILIA
1731 265 1806 320 IN
1859 265 2018 320 INlT.
2065 263 2329 320 EVANG.
2383 265 2637 320 MATTH.

3548 269 3651 325 854

352 392 552 463 sagitta
582 399 759 462 potest
785 389 1043 463 intelligi;
1077 391 1206 462 quia
1254 389 1452 463 sagitta
1505 398 1772 446 venenata
1826 405 1951 446 curn
1979 372 2119 454 Ade
2150 390 2406 460 passione
2422 389 2706 460 discipulis
2734 388 2962 461 loquens
2976 389 3270 446 suisdixit:
3307 391 3442 448 Cum
3455 398 3650 449 autem

356 481 414 535 in
461 481 742 552 quodlibet
799 480 982 534 vivum
1038 477 1350 552 configitur,
1406 478 1740 535 mortificat:
1799 479 1874 533 ita
1903 487 1956 534 et

357 569 605 624 Christus
630 569 824 639 sagitta
868 567 1267 639 prazdicationis
1298 584 1411 623 suae
1439 576 1620 622 nostra
1676 567 1732 621 in
1796 568 1955 622 nobis

357 657 486 713 vitia
539 666 593 713 et
639 665 862 728 peccata
917 657 1224 721 mortificat,
1287 656 1515 712 dicens:
1550 656 1955 711 Paenitentiam

357 748 528 818 agite,
544 736 1015 818 appropinquavit
1030 747 1185 800 enim
1196 761 1437 816 regnum
1449 745 1734 800 caelorum.
1751 744 1818 798 Et
1834 759 1958 798 san-

358 843 432 900 cti
451 841 703 913 apostoli,
725 842 1118 912 praedicatores
1161 841 1444 907 Ecclesiae,
1495 841 1708 912 sagittas
1738 839 1954 894 Domini

355 941 532 987 acuta:
555 931 830 996 dicuntur,
888 946 1118 1000 quorum
1165 930 1552 1000 praedicatione
1580 928 1959 1000 fcorripiuntur

356 1018 612 1074 infideles
668 1027 723 1074 et
777 1019 1128 1091 corriguntur
1175 1017 1364 1073 ﬁdeles
1394 1018 1521 1072 dum
1553 1033 1653 1088 pro
1709 1017 1954 1088 peccatis

355 1108 472 1163 suis
501 1117 946 1178 cumpunguntur
987 1107 1058 1161 ad
1116 1107 1508 1178 paenitentiam.
1568 1108 1684 1161 Nos
1739 1121 1954 1178 quoque

353 1197 615 1268 sagittam
668 1195 930 1252 districtus
994 1195 1404 1251 examinationis
1443 1196 1577 1264 justi
1629 1195 1821 1264 judicii
1853 1194 1954 1250 Dei

353 1300 628 1356 ponamus
657 1293 782 1340 ante
821 1285 1009 1340 oculos
1064 1291 1300 1350 nostros,
1360 1291 1414 1340 et
1456 1285 1623 1356 digna
1653 1284 1954 1339 deﬂeamus

353 1373 674 1444 poenitentia
738 1373 882 1427 mala
924 1388 1043 1445 quae
1110 1371 1358 1438 fecimus,
1419 1381 1472 1427 et
1527 1380 1585 1427 ut
1640 1381 1956 1428 nostrorum

351 1477 663 1517 mereamur
692 1461 908 1517 veniam
935 1461 1257 1517 delictorum
1285 1468 1339 1516 et
1369 1460 1490 1517 aliis
1520 1460 1752 1516 formam
1807 1477 1954 1533 prae-

350 1550 582 1607 beamus
615 1549 831 1605 salutis.

429 1667 607 1722 Esron
646 1666 844 1737 genuit
874 1665 1064 1720 Aram.
1101 1666 1269 1718 Aram
1297 1665 1511 1721 electus
1540 1665 1948 1736 interpretatur.

2058 481 2351 534 exaltatus
2371 481 2531 549 fuero
2557 496 2591 533 a
2606 482 2778 544 terra,
2803 479 2994 534 omnia
3017 479 3246 534 traham
3265 479 3337 534 ad
3351 483 3648 552 meipsum.

2057 568 2124 622 Et
2149 567 2276 621 alibi
2311 570 2684 622 :Potestatem
2715 567 2881 622 habeo
2909 568 3154 639 ponendi
3195 568 3449 622 animam
3468 585 3652 624 meam

2056 660 2114 711 et
2133 658 2341 711 iterum
2371 655 2631 711 sumendi
2659 656 2924 711 eam.Nos
2955 657 3253 727 quoquent
3283 655 3660 712 confortemur

2055 743 2111 798 in
2140 745 2391 810 Domino,
2427 752 2478 798 et
2510 743 2739 799 viriliter
2767 759 2998 816 agamus
3040 744 3254 798 Christo
3297 743 3654 800 confirmante

2055 847 2249 886 manus
2279 841 2494 887 nostras
2539 832 2608 886 ad
2641 832 2906 902 prmlium,
2967 840 3018 888 et
3073 831 3275 904 digitos
3332 841 3546 888 nostros
3585 832 3656 888 ad

2055 921 2274 989 bellum,
2310 930 2367 975 ut
2397 921 2589 977 robore
2617 921 2890 991 patientia:
2945 919 3141 974 firmati
3199 921 3442 975 omnium
3469 929 3652 976 tenta-

2056 1009 2260 1063 tionum
2292 1026 2493 1083 genera
2541 1008 2792 1089 sufferre,
2828 1017 2880 1064 et
2927 1009 2994 1063 de
3052 1008 3286 1064 inimicis
3314 1009 3648 1080 triumphare

2055 1098 2348 1168 possimus,
2405 1113 2708 1168 sensusque
2747 1105 2966 1154 nostros
3025 1097 3347 1152 exercitatos
3388 1098 3650 1152 habentes

2057 1187 2126 1240 ad
2157 1186 2538 1242 discretionem
2571 1186 2699 1241 boni
2732 1194 2783 1240 et
2815 1186 2962 1251 mali,
2998 1194 3240 1241 tenentes
3261 1186 3392 1240 illud
3422 1193 3647 1257 aposto-

2055 1274 2238 1342 licum,
2273 1275 2364 1346 qui
2391 1275 2634 1331 dicebat:
2671 1275 2871 1330 Omnia
2882 1291 3109 1348 possum
3126 1276 3185 1330 in
3203 1291 3262 1331 eo
3278 1276 3373 1348 qui
3402 1291 3490 1330 me
3507 1291 3646 1332 con-

2053 1365 2254 1435 fortat.

2125 1491 2265 1546 Βοοχ
2275 1492 2469 1544 autem
2498 1490 2694 1560 genuit
2712 1488 2899 1545 Obeth.
2918 1487 3096 1544 Obeth
3117 1489 3365 1544 serviens
3380 1488 3645 1559 interpre-

2053 1584 2213 1645 tatur,
2249 1577 2492 1631 Christus
2520 1578 2658 1633 bene
2705 1579 2952 1634 serviens
2983 1577 3313 1650 intelligitur,
3347 1576 3437 1648 qui
3467 1576 3601 1632 dixit
3632 1594 3647 1633 :

2052 1666 2173 1721 Non
2189 1667 2317 1720 veni
2340 1666 2683 1730 ministrari,
2717 1667 2812 1722 sed
2845 1667 3196 1730 ministrare,
3228 1668 3474 1736 formam
3495 1666 3644 1720 servi

357 1754 605 1808 Christus
634 1761 716 1809 est
745 1754 951 1808 electus
982 1753 1102 1816 Dei,
1163 1753 1232 1808 de
1288 1768 1396 1824 quo
1452 1755 1611 1808 Pater
1664 1754 1903 1825 loquitur
1936 1743 2026 1808 :B
2054 1756 2357 1826 accipiens,
2375 1758 2431 1808 et
2451 1755 2645 1809 habitu
2668 1757 2931 1810 inventus
2953 1759 3020 1809 ut
3045 1755 3220 1818 homo,
3245 1755 3570 1809 humiliavit
3587 1769 3647 1809 se

355 1845 496 1900 Ecce
519 1859 664 1916 puer
679 1859 856 1907 meus,
873 1843 1084 1898 electus
1099 1859 1272 1907 meus,
1293 1858 1456 1914 quem
1472 1844 1634 1914 elegi.
1650 1843 1764 1898 Nos
1796 1859 1904 1916 quo
1917 1874 1947 1888 -

356 1948 464 2005 que
485 1947 816 2004 magnopere
847 1931 1114 2003 eligamus
1142 1947 1264 2002 qua:
1296 1931 1626 1986 sitvoluntas
1657 1931 1776 1997 Dei,
1803 1948 1948 1986 eam-

355 2036 485 2092 que,
519 2029 777 2092 quantum
809 2020 1101 2090 possimus,
1132 2035 1438 2090 operemur,
1464 2027 1521 2074 ut
1560 2020 1632 2074 ait
1657 2021 1949 2090 Apostolus

355 2110 552 2165 Petrus
589 2127 602 2163 :
636 2110 728 2166 Vos
760 2113 951 2165 autem
975 2125 1150 2181 genus
1181 2110 1425 2165 electum
1457 2110 1643 2181 regale
1688 2109 1947 2167 sacerdo-

361 2207 531 2261 tium.

433 2321 604 2376 Vens.
635 2322 687 2375 4.
706 2349 776 2363 --
821 2320 1408 2392 Aramautemgenuit
1435 2319 1767 2375 Aminadab.
1793 2320 1948 2375 Ami-

354 2409 538 2464 nadab
567 2410 806 2482 populus
835 2425 992 2465 meus
1021 2413 1371 2480 spontanens
1393 2408 1948 2478 interpretatur,Chri-

354 2513 473 2560 stus
495 2513 676 2560 autem
693 2509 1038 2578 spontaneus
1049 2513 1199 2561 recte
1216 2505 1626 2575 interpretatur,
1644 2505 1770 2577 quia
1784 2520 1948 2575 spon-

350 2602 404 2650 te
436 2594 789 2664 semetipsum
811 2594 1111 2663 obtulitpro
1141 2602 1324 2648 nostra
1369 2594 1544 2649 salute
1579 2593 1809 2649 hostiam
1841 2594 1947 2648 im-

356 2683 705 2738 maculatam.
741 2683 854 2738 Nos
886 2698 1102 2754 quoque
1131 2689 1324 2753 sponte
1355 2682 1587 2738 Domino
1617 2683 1734 2738 Deo
1762 2689 1948 2738 nostro

351 2772 579 2828 obedire
649 2779 877 2842 oportet,
939 2771 1166 2843 ejusque
1223 2770 1559 2826 voluntatem
1613 2813 1628 2836 ,
1688 2779 1948 2843 quantum

353 2861 650 2932 possimus,
682 2875 791 2916 non
807 2859 1003 2923 coacti,
1037 2860 1134 2914 sed
1164 2867 1378 2930 sponte,
1410 2859 1620 2930 operari
1643 2857 1786 2914 facto
1827 2867 1946 2915 stu-

353 2949 605 3004 deamus.
645 2949 713 3003 Et
741 2949 858 3020 ipse
889 2949 943 3002 in
974 2948 1273 3020 Evangelio
1329 2964 1425 3004 eos
1483 2949 1575 3020 qui
1617 2948 1946 3004 voluntatem

354 3039 472 3107 ejus
501 3036 719 3103 faciunt,
751 3045 803 3092 et
829 3036 1020 3092 fratres
1048 3045 1100 3092 et
1143 3043 1391 3105 matrem,
1453 3044 1506 3091 et
1551 3051 1774 3092 sorores
1828 3037 1946 3106 ejus

2050 1845 2236 1914 ipsum
2256 1845 2446 1913 factus
2467 1843 2724 1898 obedicns
2739 1860 2908 1914 usque
2921 1843 2993 1898 ad
3014 1847 3274 1898 mortem.
3296 1843 3518 1912 Nosque
3535 1858 3650 1896 ser-

2049 1929 2261 1985 viamus
2285 1930 2515 1985 Domino
2569 1930 2621 1984 in
2657 1931 2856 1995 laetitia,
2892 1930 3144 1986 videlicet
3204 1929 3480 1998 servitute,
3541 1944 3650 2001 qua

2049 2034 2158 2074 non
2187 2034 2287 2088 per
2314 2018 2559 2089 spiritum
2590 2018 2820 2084 timoris,
2854 2019 2950 2073 sed
2981 2035 3081 2088 per
3110 2018 3360 2089 spiritum
3397 2017 3650 2088 adeptio-

2049 2107 2134 2161 nis
2163 2107 2400 2161 servitur
2426 2107 2656 2162 Domino
2682 2123 2695 2163 :
2728 2123 2794 2163 ac
2824 2106 3064 2178 perfecta
3093 2106 3352 2162 servitute
3381 2105 3651 2177 perfectos

2049 2211 2242 2251 servos
2282 2195 2636 2250 exhibeamus
2691 2212 2792 2250 nos
2839 2195 3090 2252 Domino.
3155 2203 3210 2250 ut
3256 2210 3380 2252 cum
3439 2202 3653 2265 tempus

2051 2284 2322 2338 servitutis
2379 2283 2540 2338 fuerit
2603 2282 2834 2350 finitum,
2892 2299 3154 2340 vocemur
3213 2299 3247 2338 a
3292 2283 3526 2340 Domino
3577 2282 3647 2338 ad

2049 2372 2237 2428 aeterni
2267 2373 2426 2446 regni
2454 2372 2672 2444 gaudia.

2124 2514 2294 2570 Obeth
2310 2518 2502 2570 autem
2527 2515 2726 2586 genuit
2757 2516 2926 2570 Iesse.
2957 2515 3113 2568 Jesse
3159 2516 3459 2570 incensum
3490 2513 3654 2570 inter-

2048 2611 2308 2674 pretatur.
2344 2603 2584 2658 Christus
2615 2602 2758 2657 enim
2789 2603 2928 2658 bene
2958 2603 3239 2658 incensum
3301 2602 3517 2668 dicitur,
3556 2601 3649 2674 qui

2049 2692 2123 2746 ait
2148 2709 2160 2746 :
2195 2693 2394 2764 [gnum
2417 2692 2545 2746 veni
2561 2692 2787 2747 mittere
2806 2692 2865 2746 in
2886 2696 3287 2764 terram,quem
3310 2693 3448 2757 volo,
3472 2695 3644 2746 utar-

2049 2775 2217 2831 deat:
2249 2776 2470 2846 Nosque
2499 2775 2778 2830 incensum
2810 2775 3113 2831 orationum
3141 2783 3450 2830 nostrarum
3474 2775 3529 2829 in
3560 2790 3650 2830 ara

2050 2863 2230 2920 cordis
2247 2863 2413 2918 nostri
2435 2863 2638 2934 jugiter
2665 2863 3038 2933 incendamus,
3087 2871 3141 2919 et
3199 2864 3254 2918 in
3311 2879 3498 2918 amore
3536 2865 3648 2919 Do—

2049 2952 2182 3006 mini
2229 2951 2396 3008 nostri
2453 2967 2666 3008 summo
2715 2951 3004 3025 flagremus
3033 2952 3342 3018 desiderio,
3402 2952 3646 3007 dicentes

2050 3055 2174 3097 cum
2203 3040 2486 3095 Psalmista
2516 3040 2786 3096 Domino:
2819 3043 3112 3113 Dirigatur
3140 3043 3321 3098 oratio
3351 3050 3476 3097 mea
3497 3042 3647 3097 sicut

353 3126 574 3191 asserit,
589 3126 797 3181 dicens:
819 3126 878 3181 Si
893 3127 1016 3199 quis
1028 3128 1231 3196 fecerit
1248 3127 1601 3182 voluntatem
1619 3127 1809 3182 Patris
1833 3130 1946 3183 mei
1969 3096 2018 3159 Ο
2046 3132 2348 3186 incensum
2379 3130 2442 3185 in
2473 3134 2773 3201 conspectu
2805 3133 2917 3186 tuo.

357 3216 453 3288 qui
467 3217 529 3270 in
542 3215 694 3269 caelis
707 3219 811 3281 est,
825 3217 944 3286 ipse
955 3231 1114 3270 meus
1129 3217 1315 3284 frater
1326 3217 1380 3270 et
1393 3229 1556 3270 soror
1567 3217 1820 3270 etmater
1837 3219 1942 3270 est.

422 3321 737 3376 Aminadab
763 3321 964 3393 genuit
993 3321 1263 3377 Naasson.
1293 3320 1541 3374 Naasson
1570 3336 1755 3391 augur
1777 3322 1944 3391 fortis

345 3410 758 3480 interpretatur,
845 3407 990 3480 quod
1073 3407 1318 3462 Christus
1356 3408 1674 3479 intelligitur
1726 3409 1818 3480 qui
1865 3418 1948 3465 est

349 3499 614 3571 propheta
646 3496 822 3562 fortis,
857 3514 981 3552 cum
1041 3496 1110 3551 de
1155 3497 1242 3552 die
1275 3496 1466 3565 judicii
1495 3497 1776 3569 discipulis
1833 3499 1947 3552 suis

351 3585 903 3658 praedicavit,dicens:
924 3587 1062 3642 Cum
1074 3587 1294 3641 venerit
1306 3586 1481 3641 Filius
1496 3585 1740 3642 hominis
1753 3589 1815 3641 in
1828 3604 1947 3642 ma-

340 3676 553 3746 jestate
581 3691 706 3741 sua,
739 3674 1100 3730 tuncsedebit
1130 3675 1192 3728 in
1223 3674 1350 3729 sede
1379 3676 1702 3743 maiestatis
1736 3683 1949 3741 suw,ut

344 3763 555 3830 judicet
585 3763 778 3817 orbem
809 3770 966 3818 terra:
989 3763 1044 3816 in
1056 3762 1332 3833 aequitate,
1357 3770 1409 3817 et
1435 3763 1627 3817 reddet
1655 3762 1947 3835 unicuique

349 3846 655 3901 secundum
683 3861 849 3917 Opera
880 3846 1014 3915 ejus.
1047 3847 1159 3900 Nos
1191 3860 1339 3911 vero,
1390 3845 1442 3899 in
1492 3845 1690 3902 virtute
1723 3846 1942 3905 Christi,

349 3934 641 3988 mundanis
689 3935 930 4006 auguriis
977 3935 1256 4007 gentilium
1275 3934 1499 4000 relictis,
1533 3935 1821 4005 promissis
1853 3935 1945 3991 di-

349 4023 493 4078 vinis
546 4021 709 4078 fidem
765 4023 1141 4089 adhibeamus,
1174 4031 1226 4077 et
1258 4023 1499 4078 omnium
1532 4024 1947 4094 prosperitatem

349 4127 537 4167 rerum
570 4111 624 4166 in
657 4112 757 4167 Dei
816 4111 986 4166 solius
1040 4112 1335 4177 voluntate,
1369 4127 1480 4166 non
1537 4113 1593 4166 in
1631 4112 1780 4168 falsis
1808 4113 1952 4168 divi-

347 4199 666 4254 nationibus
723 4199 1074 4267 collocemus,
1107 4201 1208 4256 sed
1248 4199 1448 4256 divinis
1488 4201 1722 4273 pleniter
1749 4200 1946 4258 creda-

349 4305 474 4342 mus
506 4287 767 4344 oraculis.

421 4379 673 4432 Naasson
690 4381 885 4432 autem
899 4378 1096 4448 genuit
1115 4377 1365 4434 Salmon.
1403 4377 1619 4434 Salmon
1653 4378 1939 4434 sensibilis

343 4465 757 4535 interpretatur.
793 4465 1039 4520 Christus
1069 4465 1365 4530 sensibilis,
1411 4467 1502 4538 qui
1524 4466 1737 4521 mulieri
1794 4454 2012 4521 retroD

341 4553 671 4609 vestimenta
702 4553 946 4625 tangenti
979 4553 1116 4608 dixi:
1140 4555 1342 4625 Tetigit
1371 4539 1460 4610 me
1483 4555 1710 4627 aliquis,
1740 4571 1877 4610 nam
1889 4558 1944 4610 et

347 4659 444 4714 ego
474 4644 606 4699 novi
631 4645 905 4700 virtutem
934 4643 1000 4698 de
1030 4658 1120 4698 me
1145 4643 1476 4714 exisse:qui
1495 4643 1786 4698 scitomnia
1799 4651 1950 4698 ante-

347 4747 513 4802 quam
543 4729 694 4796 fiant,
729 4731 821 4802 qui
858 4731 1007 4786 novit
1055 4731 1236 4786 omnia
1293 4731 1583 4802 praeterita,
1653 4732 1944 4802 prasentia

348 4827 516 4890 atque
576 4818 778 4874 futura.
827 4819 944 4875 Nos
987 4835 1205 4892 quoque
1259 4819 1314 4873 in
1368 4819 1600 4875 Domino
1656 4820 1944 4876 sensibiles

347 4915 562 4979 oportet
589 4908 843 4974 existere,
877 4915 930 4962 et
959 4907 1077 4963 sola
1101 4924 1165 4963 ea
1219 4924 1341 4980 quae
1393 4908 1534 4963 bona
1574 4916 1699 4963 sunt
1753 4917 1942 4965 tenea-

344 5013 490 5063 mus,
524 5003 577 5052 et
600 4997 853 5052 sensibus
882 4995 1129 5068 perfecti,
1161 4997 1216 5052 in
1247 4996 1453 5052 malitia
1491 4997 1705 5068 parvuli
1749 4999 1939 5064 simus,

345 5093 404 5140 ut
427 5085 710 5141 unanimes
751 5101 860 5141 uno
888 5101 982 5141 ore
1037 5084 1461 5142 honorificemus
1519 5086 1829 5154 Dominum,
1889 5094 1944 5142 et

347 5174 560 5229 Patrem
615 5173 831 5229 Domini
885 5176 1014 5230 Jesu
1075 5173 1289 5241 Christi,
1331 5190 1397 5231 ac
1437 5191 1604 5232 sacrae
1655 5175 1942 5247 Scriptura:

345 5261 600 5317 sensibus
625 5262 868 5318 instructi
897 5263 1162 5319 docibiles
1191 5263 1288 5318 Dei
1320 5262 1614 5319 efﬁciamur
1643 5265 1942 5321 secundum

350 5351 504 5406 Isaiae
533 5351 840 5407 vaticinium
873 5351 1104 5407 dicentis
1136 5370 1149 5406 :
1184 5354 1252 5408 Et
1274 5356 1446 5408 erant
1461 5369 1655 5410 omnes
1675 5354 1943 5410 docibiles

347 5441 466 5496 Dei.

421 5545 1008 5603 Vans.5.—Salmon
1055 5550 1248 5604 autem
1316 5549 1513 5620 genuit
1583 5550 1740 5604 Booz.
1801 5549 1943 5604 Booz

355 5634 524 5691 robur
554 5636 785 5690 virtutis
839 5633 1232 5707 interpretatur,
1265 5637 1408 5710 quod
1439 5644 1523 5692 est
1551 5636 1813 5704 Christus,
1850 5637 1943 5709 qui

2100 3265 2250 3321 Jesse
2279 3268 2472 3320 autem
2491 3263 2686 3335 genuit
2715 3263 2908 3318 David.
2924 3261 3095 3318 David
3116 3262 3501 3319 desiderabilis
3530 3263 3645 3320 sive

2045 3352 2282 3408 bellator
2307 3353 2473 3424 fortis
2501 3352 3058 3423 interpretatur,quod
3086 3359 3372 3424 utrumque
3403 3351 3649 3407 Christus

2046 3440 2382 3511 intelligitur,
2411 3439 2480 3494 de
2513 3456 2620 3511 quo
2649 3441 2910 3510 prephcta
2939 3461 2956 3496 :
2995 3440 3285 3512 Speciosus
3314 3443 3500 3512 forma
3527 3457 3648 3513 prae

2045 3529 2185 3598 ﬁliis
2204 3529 2516 3584 hominum.
2532 3529 2600 3582 Et
2620 3528 2973 3601 Evangelista
2989 3527 3087 3599 :fEt
3105 3529 3456 3601 resplenduit
3467 3531 3645 3599 facies

2046 3628 2168 3698 ejus
2180 3628 2328 3681 sicut
2344 3625 2444 3682 sol.
2462 3627 2529 3679 Et
2543 3626 2881 3681 vestimenta
2893 3628 3014 3696 ejus
3029 3627 3188 3696 facta
3207 3630 3344 3680 sunt
3356 3626 3482 3680 alba
3493 3627 3644 3681 sicut

2045 3715 2174 3770 nix.
2206 3713 2330 3769 Sive
2348 3713 2590 3778 ',bellator
2618 3711 2790 3778 fortis,
2841 3713 2971 3767 dum
3026 3712 3302 3767 diabolum
3358 3712 3644 3779 vincebat,

2047 3810 2098 3858 et
2126 3801 2424 3856 humiliavit
2478 3800 2925 3856 calumniatorem
2984 3809 3253 3856 nostrum.
3312 3801 3532 3870 Nosque
3583 3801 3639 3854 in

2046 3899 2177 3962 typo
2207 3889 2407 3945 Christi
2435 3904 2499 3945 ac
2529 3889 2700 3944 David
2729 3890 3010 3960 propheta
3030 3888 3281 3960 proprias
3309 3888 3642 3943 remittamus

2045 3979 2293 4049 injurias,
2311 3986 2364 4032 et
2393 3977 2782 4034 desiderabiles
2814 3976 3088 4033 eﬂ‘ciamur
3116 3976 3368 4046 Domino,
3401 3976 3649 4032 avidum-

2045 4084 2149 4141 que
2170 4083 2306 4140 erga
2337 4067 2627 4122 Dominum
2657 4067 2956 4122 habeamus
2983 4066 3318 4122 desiderium
3335 4073 3392 4121 ut
3409 4065 3642 4139 diligen-

2045 4163 2125 4212 tes
2155 4155 2447 4212 Dominum
2477 4155 2769 4226 diligamur
2822 4171 2854 4209 a
2911 4155 3162 4211 Domino.
3224 4155 3416 4211 Fortes
3475 4153 3637 4209 simul

2043 4244 2205 4300 etiam
2249 4244 2564 4311 bellatores,
2583 4243 2638 4299 id
2693 4252 2775 4300 est
2829 4243 3068 4315 perfecto
3121 4259 3284 4315 Opere
3342 4242 3642 4314 spiritalem

2044 4333 2322 4406 gigantem
2351 4333 2628 4388 diabolum
2659 4333 2883 4404 proprio
2909 4333 3223 4389 occidamus
3252 4332 3454 4406 gladio,
3487 4340 3540 4386 et
3569 4331 3638 4387 de

2042 4430 2309 4493 potestate
2340 4423 2454 4491 ejus
2484 4430 2589 4476 tam
2610 4429 2823 4477 nostras
2855 4437 3017 4492 quam
3032 4421 3398 4492 proximorum
3427 4419 3638 4474 animas

2044 4510 2376 4582 eripientes;
2410 4517 2466 4565 ut
2513 4518 2756 4566 extremo
2803 4509 3126 4566 adveniente
3175 4509 3381 4578 judicio
3410 4508 3634 4564 deside-

2044 4597 2244 4655 rabiles
2272 4597 2576 4672 fulgeamus
2605 4597 2839 4654 sicutsol
2869 4599 2924 4653 in
2954 4614 3128 4669 regno
3149 4598 3322 4652 Patris
3349 4597 3538 4657 nostri.
3556 4605 3630 4666 et,

2042 4688 2188 4744 bono
2217 4687 2512 4743 certamine
2542 4685 3061 4757 certato,repositam
3091 4685 3249 4741 nobis
3277 4685 3331 4740 in
3361 4685 3516 4742 ccelis
3541 4702 3635 4743 ac-

2043 4777 2306 4848 cipiamus
2335 4791 2369 4831 a
2381 4777 2528 4845 justo
2559 4775 2743 4844 judice
2765 4774 2986 4844 justitiae
3029 4790 3306 4830 coronam.

2115 4918 2283 4973 Vaas.
2317 4921 2370 4972 6.
2389 4947 2459 4958 —
2474 4915 2646 4973 David
2663 4921 2856 4973 autem
2870 4919 3069 4989 genuit
3083 4917 3456 4975 Sulmonem.
3478 4915 3629 4972 Salo-

2041 5022 2166 5062 mon
2198 5007 2466 5079 paciﬁcus
2506 5006 2903 5076 interpretatur.
2939 5005 3184 5061 Christus
3230 5005 3376 5060 enim
3405 5021 3512 5076 pax
3542 5020 3634 5061 no-

2042 5103 2167 5163 stra,
2191 5103 2249 5148 ut
2279 5094 2354 5149 ait
2386 5094 2694 5165 Apostolus,
2719 5094 2810 5165 qui
2842 5093 2968 5150 facit
2991 5102 3221 5164 utraque
3250 5111 3438 5160 unum,
3462 5093 3516 5148 id
3550 5102 3642 5149 est

2041 5201 2107 5240 ex
2135 5184 2336 5239 Iudaeis
2380 5191 2432 5239 et
2461 5183 2714 5257 gentibus
2755 5199 2916 5237 unam
2973 5182 3076 5237 sibi
3129 5182 3257 5238 fecit
3303 5183 3627 5249 Ecclesiam,

2041 5289 2202 5345 quam
2230 5271 2466 5343 pretioso
2495 5271 2757 5345 sanguine
2788 5287 2886 5326 suo
2915 5270 3142 5327 redemit
3182 5279 3234 5327 et
3262 5269 3628 5327 reconciliavit

2041 5363 2155 5416 Deo
2187 5360 2329 5415 Patri
2359 5375 2475 5415 suo.
2508 5360 2622 5415 Nos
2651 5376 2863 5433 quoque
2895 5377 3018 5416 cum
3050 5361 3328 5432 Apostolo,
3371 5367 3626 5432 quantum

2042 5467 2107 5504 ex
2137 5449 2292 5504 nobis
2323 5457 2422 5514 est,
2455 5465 2576 5505 cum
2614 5449 2862 5504 omnibus
2879 5449 3190 5504 hominibus
3217 5465 3405 5520 pacem
3428 5447 3633 5501 haben-

2041 5547 2141 5605 tes,
2176 5547 2227 5592 et
2256 5537 2510 5593 intestino
2540 5537 2792 5593 vitiorum
2823 5539 2968 5595 bello
2998 5537 3361 5610 spiritualibus
3392 5535 3624 5590 victores

2040 5635 2346 5704 virtutibus,
2381 5643 2434 5690 et
2463 5643 2686 5709 utroque
2714 5637 2932 5693 homine
2961 5644 3167 5702 nostro,
3191 5634 3246 5688 id
3277 5640 3357 5686 est
3386 5629 3643 5688 interiori
