4002 6184
365 267 468 321 855

923 266 1325 323 WALAFRIDI
1353 265 1596 324 STRABI
1625 266 1826 323 FULD.
1849 263 2024 322 MON.
2057 263 2210 322 OPP.
2243 265 2418 323 PARS
2449 268 2490 322 l.
2511 297 2581 310 —
2606 268 3079 344 THEOLOGJCA.

3581 280 3686 333 856

371 400 425 448 et
447 391 724 461 exteriori,
745 392 801 446 in
813 408 983 447 unum
999 392 1222 447 caeleste
1238 391 1575 446 desiderium
1591 390 1968 458 reconciliato,
2000 385 2053 448 A
2078 390 2395 459 operatione
2424 400 2612 448 nostra
2638 396 2916 465 praecepit,
2951 395 3378 452 dicens:Estote
3410 400 3681 468 perfecti,

369 496 565 552 pacem
593 481 894 535 habeamus
925 481 993 534 ad
1023 480 1313 535 Dominum
1334 487 1386 533 et
1414 479 1741 549 proximum,
1775 488 1827 534 et
1859 494 1970 534 non

373 569 550 625 solum
572 584 697 624 cum
729 569 980 623 omnibus
1035 568 1233 640 pacati,
1289 583 1480 623 verum
1511 568 1766 622 omnibus
1805 567 1969 623 etiam

375 657 670 713 existamus
700 655 934 726 paciﬁci,
968 664 1020 711 et
1040 656 1420 711 discordantes
1446 657 1653 712 scilicet
1674 655 1870 711 fratres
1901 656 1970 710 ad

378 746 733 802 concordiam
766 761 1082 800 revocemus
1107 762 1120 798 :
1153 747 1330 811 Beati,
1361 745 1532 816 inquit
1561 745 1844 813 Dominus,
1865 762 1971 818 pa-

386 835 554 904 ciﬁci,
587 835 852 906 quoniam
871 834 982 902 ﬁlii
1013 834 1113 890 Dei
1142 834 1507 889 vocabuntur.

451 941 620 994 Vsus.
646 942 698 994 ’7.
732 970 801 979 —
823 940 1084 996 Salomon
1119 944 1312 995 autem
1338 943 1534 1012 genuit
1556 940 1811 997 Roboam.
1858 940 1972 995 Ro-

390 1028 550 1082 boam
585 1028 824 1084 latitudo
843 1029 1040 1100 p0puli
1077 1027 1479 1098 interpretatur.
1532 1028 1778 1082 Christus
1833 1029 1980 1083 enim

372 1115 601 1170 latitudo
627 1115 806 1171 fidelis
835 1117 1021 1186 populi
1043 1125 1192 1172 recte
1208 1116 1548 1188 intelligitur;
1587 1116 1714 1187 quia
1733 1117 1883 1171 multi
1906 1117 1976 1172 ab

374 1204 580 1260 oriente
612 1211 663 1259 et
685 1205 969 1260 occidente
993 1205 1226 1270 venient,
1257 1213 1308 1258 et
1329 1205 1646 1261 recumbent
1668 1221 1792 1261 cum
1806 1206 1977 1260 Abra-

373 1293 522 1359 ham,
555 1294 708 1349 Isaac
738 1302 789 1348 et
817 1294 986 1349 Jacob
1018 1295 1072 1347 in
1129 1310 1302 1366 regno
1349 1293 1615 1349 caelorum
1658 1293 1712 1347 id
1762 1302 1862 1358 est,
1913 1310 1978 1349 ex

379 1382 635 1437 omnibus
650 1383 838 1437 mundi
864 1382 1110 1453 partibus
1132 1391 1396 1438 vocantur
1416 1382 1485 1436 ad
1515 1397 1684 1454 regna
1715 1382 1978 1438 ccelorum

377 1468 586 1526 ﬁdeles.
621 1472 844 1542 Nosque
869 1471 1040 1526 latum
1068 1471 1382 1526 mandatum
1405 1470 1707 1542 {charitatis
1746 1471 1980 1542 implen-

379 1565 461 1614 tes
492 1559 608 1613 sine
630 1559 738 1613 ulla
768 1575 1130 1630 personarum
1159 1558 1499 1630 acceptione,
1550 1558 1804 1614 omnibus
1849 1559 1980 1614 cha-

373 1646 592 1702 ritatem
644 1646 943 1702 fraternam
1000 1648 1344 1714 exhibentes,
1406 1647 1673 1720 spirituali
1715 1647 1981 1702 bonorum

374 1736 583 1808 gaudio
623 1735 975 1806 perfruamur
1002 1736 1055 1790 in
1090 1736 1264 1792 caelis.

447 1825 683 1881 Roboam
698 1842 731 1879 a
747 1829 904 1881 utem
917 1828 1119 1896 genuit
1131 1826 1345 1882 Abiam.
1365 1824 1503 1879 Abia
1530 1827 1701 1880 Pater
1716 1825 1991 1883 Dominus

380 1912 791 1983 interpretatur.
828 1913 1074 1968 Christus
1106 1913 1252 1968 enim
1282 1915 1442 1967 Pater
1471 1920 1672 1981 noster,
1708 1913 1800 1983 qui
1833 1913 1987 1968 dixit:

376 2001 562 2056 Nolite
591 2017 784 2056 vocare
816 2003 961 2058 vobis
991 2006 1214 2074 patrem
1251 2019 1422 2074 super
1435 2005 1689 2070 terram;
1720 2017 1871 2057 unus
1906 2005 1992 2058 est

379 2091 535 2145 enim
555 2091 727 2146 Pater
741 2094 922 2146 vester
931 2093 1026 2164 qui
1036 2093 1098 2145 in
1119 2091 1273 2146 cwlis
1289 2090 1620 2160 est.Nosque
1640 2089 1820 2161 dignis
1835 2105 1990 2146 exer-

384 2191 607 2232 ceamus
637 2179 915 2248 operibus,
946 2186 1005 2233 ut
1035 2181 1250 2234 Patrem
1280 2179 1582 2233 habeamus
1603 2178 1912 2246 Dominum,
1936 2187 1989 2234 et

380 2263 576 2321 fratres
606 2266 776 2321 simus
812 2267 866 2321 in
897 2267 1148 2334 Domino,
1173 2275 1230 2323 ut
1259 2267 1527 2323 veraciter
1567 2267 1750 2323 dicere
1802 2267 1985 2337 possi-

383 2370 538 2410 mus:
571 2357 744 2411 Pater
771 2360 983 2426 noster,
1004 2359 1100 2428 qui
1129 2373 1187 2412 es
1225 2359 1288 2412 in
1319 2357 1473 2412 caelis
1503 2375 1522 2412 :
1570 2363 1628 2410 ut
1673 2371 1988 2412 mereamur

392 2442 639 2500 haeredes
657 2444 876 2516 quidem
897 2461 1020 2501 esse
1049 2445 1168 2512 Dei,
1201 2445 1517 2500 cohwredes
1551 2452 1731 2500 autem
1761 2444 1980 2501 Christi.

451 2533 588 2589 Abia
608 2538 801 2590 autem
810 2537 1010 2606 genuit
1028 2535 1330 2591 Aser.Aser
1349 2533 1977 2604 tollensinterpretatur.

387 2622 636 2678 Christus
666 2623 884 2689 tollens,
945 2623 1013 2678 de
1053 2638 1160 2694 quo
1188 2624 1424 2678 Joannes
1466 2622 1541 2677 ait
1572 2639 1586 2676 :
1627 2624 1764 2678 Ecce
1799 2639 1981 2694 agnus

383 2711 504 2777 Dei,
538 2727 663 2769 ecce
683 2713 779 2784 qui
800 2713 952 2768 toll-it
968 2715 1202 2784 peccata
1231 2711 1449 2767 mundi.
1479 2711 1704 2783 Nosque
1725 2710 1981 2766 tollamus

381 2807 594 2855 mentes
623 2807 838 2855 nostras
866 2800 935 2855 de
961 2816 1138 2870 praese
1155 2799 1336 2854 ntibus
1373 2799 1444 2855 ad
1489 2798 1688 2869 futura,
1708 2799 1778 2855 de
1807 2807 1980 2856 terre-

377 2887 464 2944 nis
492 2888 564 2944 ad
588 2889 835 2945 coelestia
863 2889 1228 2944 sublevemus.

457 2995 632 3050 Vsus.
657 2999 709 3050 8.
733 3025 802 3036 —
830 2995 942 3051 Asa
968 2999 1161 3051 autem
1181 2996 1380 3067 genuit
1399 2994 1683 3066 Iosophat.
1717 2993 1980 3064 Josaphat

2070 479 2217 533 sicut
2249 484 2305 535 et
2333 483 2505 536 Pater
2532 487 2713 538 vester
2732 485 2975 539 caelestis
2999 487 3290 556 perfectus
3322 487 3694 557 est[.deoque

2071 580 2242 636 opera
2271 566 2515 637 perfecta
2543 567 2807 625 facientes
2826 612 2840 636 ,
2873 571 3103 641 perfecti
3132 572 3428 627 existamus
3463 582 3518 628 et
3543 574 3688 629 inte-

2072 655 2176 725 gri,
2237 655 2546 710 nullatenus
2592 657 2849 729 malignis
2907 659 3299 716 tentationibus
3354 677 3689 717 consensum

2073 742 2448 798 adhibeamus.
3297 745 3300 747 ’

2135 832 2396 886 Joatham
2407 835 2602 888 autem
2621 837 2820 904 genuit
2831 835 3149 906 Achaz.Qui
3165 838 3604 912 apprehendens
3615 841 3692 896 di-

2074 919 2250 974 citur:
2285 920 2429 990 quod
2460 921 2705 975 Christus
2731 921 3070 995 intelligitur,
3105 927 3198 996 qui
3244 927 3445 983 cmlum
3503 928 3689 998 palmo

2074 1007 2417 1078 ponderavit,
2453 1017 2505 1063 et
2535 1017 2741 1064 terram
2770 1012 2977 1084 pugillo
3006 1014 3302 1082 concludit,
3335 1023 3396 1069 ut
3423 1016 3546 1086 ipse
3563 1017 3638 1071 ait
3672 1033 3686 1071 :

2083 1096 2283 1150 Omnia
2302 1097 2516 1152 tradita
2536 1101 2674 1152 sunt
2690 1099 2833 1154 mihi
2849 1117 2884 1154 ιι
2899 1103 3069 1157 Patre
3087 1118 3235 1159 meo.
3260 1104 3490 1174 Nosque
3511 1112 3568 1158 ut
3585 1120 3689 1175 ap-

2077 1185 2484 1254 prehendamus
2515 1193 2567 1239 et
2589 1186 2978 1242 concludamus
3022 1189 3296 1245 Christum
3326 1191 3383 1245 in
3422 1193 3686 1248 cordibus

2079 1272 2303 1338 nostris,
2363 1273 2730 1342 posteriOrum
2769 1275 3178 1344 obliviscentes,
3239 1280 3310 1334 ad
3362 1279 3548 1336 futura
3587 1297 3691 1336 nos

2081 1376 2300 1431 semper
2321 1362 2696 1432 extendamus,
2729 1370 2788 1418 ut
2816 1365 3090 1436 possimus
3127 1368 3546 1439 apprehendere
3592 1384 3688 1426 ve-

2079 1464 2199 1504 ram
2232 1449 2418 1505 vitam.
2969 1484 2972 1486 -

2133 1555 2319 1612 Achaz
2347 1560 2537 1612 autem
2547 1559 2751 1629 genuit
2779 1557 3098 1616 Ezechiam.
3115 1559 3217 1630 Qui
3229 1564 3402 1633 fortis
3426 1564 3679 1625 Domini.

2083 1643 2169 1698 vel
2183 1647 2511 1714 confortans
2529 1647 2799 1702 Dominus
2820 1645 3218 1719 interpretatur,
3245 1651 3393 1721 quod
3422 1660 3508 1706 est
3523 1651 3686 1708 Chri-

2017 1739 2222 1799 Bstus,
2257 1734 2325 1788 de
2354 1749 2462 1803 quo
2477 1734 2677 1788 Paulus
2707 1735 2985 1805 apostolus
3015 1737 3118 1808 ait':
3143 1739 3251 1794 Nos
3264 1743 3461 1796 autem
3476 1741 3689 1812 prcdi-

2093 1838 2287 1877 camus
2316 1823 2730 1888 Christum,Dei
2748 1825 3018 1880 virtutem
3034 1830 3091 1883 et
3109 1829 3209 1882 Dei
3228 1829 3596 1900 sapientiam.
3619 1830 3690 1885 Et

2092 1909 2209 1979 ipse
2227 1909 2526 1980 discipulos
2543 1911 3126 1979 confortans,dicebat:
3150 1915 3442 1985 Conﬁdite,
3463 1933 3561 1988 ego
3579 1920 3689 1974 vici

2090 1999 2618 2071 mundum.Nosque
2643 2001 2850 2073 jugiter
2880 2000 3254 2059 fortitudinem
3283 2021 3383 2075 pro
3401 2007 3564 2061 nobis
3577 2023 3685 2077 pu-

2089 2087 2305 2159 gnantis
2325 2087 2612 2143 laudemus
2644 2107 2659 2156 ;
2688 2097 2744 2144 ut
2773 2098 2826 2144 et
2877 2090 2994 2160 ipse
3024 2107 3139 2146 nos-
3173 2091 3229 2147 in
3261 2109 3361 2148 sua
3407 2095 3690 2151 voluntate

2087 2174 2355 2231 confortet
2386 2192 2399 2231 :
2432 2176 2704 2232 humiliter
2733 2178 3112 2248 deprecemur,
3147 2189 3204 2235 ut
3233 2197 3333 2236 sua
3362 2182 3686 2239 misericor-

2085 2263 2175 2318 dia
2212 2279 2313 2318 nos
2337 2265 2407 2319 ab
2432 2266 2578 2320 omni
2594 2265 2737 2321 malo
2756 2266 2951 2322 liberet
2979 2276 3032 2323 et
3046 2268 3212 2324 vitam
3230 2270 3391 2326 nobis
3421 2273 3693 2328 concedet

2084 2361 2365 2408 mternam.
3270 2351 3278 2377 -'

2139 2476 2315 2530 Vnus.
2340 2477 2770 2533 tO.—Ezechias
2791 2482 2984 2534 autem
3001 2481 3553 2551 genuitManassem.
3577 2483 3686 2553 Qui

2083 2562 2378 2620 obliviosus
2406 2565 2622 2620 dicitur.
2657 2566 2902 2622 Christus
2923 2568 3068 2623 enim
3099 2577 3181 2623 est
3225 2570 3528 2627 obliviosus
3557 2589 3690 2644 pec-

2081 2659 2328 2708 catorum
2349 2661 2676 2721 nostrorum,
2713 2656 2805 2726 qui
2834 2656 2908 2710 ait
2935 2673 3036 2727 per
3064 2658 3406 2714 Ezechielem
3437 2663 3687 2732 prophe-

2081 2748 2211 2795 tam:
2265 2743 2328 2797 In
2375 2759 2704 2817 quacunque
2738 2744 2828 2800 die
2857 2761 3155 2802 conversus
3193 2749 3374 2819 fuerit
3390 2754 3678 2822 peccator,

2079 2831 2336 2887 omnium
2363 2831 2739 2904 iniquitatum
2757 2835 2877 2904 ejus
2906 2850 3022 2890 non
3037 2837 3384 2893 memorabor
3412 2841 3686 2911 amplius.

2079 2918 2202 2989 Ipse
2221 2919 2384 2974 etiam
2409 2919 2728 2989 injuriarum
2757 2929 3070 2978 nostrarum
3089 2924 3336 2981 oblivisci
3363 2942 3467 2981 nos
3504 2927 3687 2996 docet,

2076 3006 2292 3064 dicens:
2313 3009 2449 3064 Cum
2461 3009 2685 3064 stabitis
2707 3010 2781 3066 ad
2806 3011 3462 3082 adorandum,dimittite
3483 3018 3537 3072 si
3555 3017 3689 3089 quid

389 3083 480 3157 (Ιιιί
525 3084 907 3154 interpretatur
925 3083 1194 3156 Ῑηάίσαηε
1221 3083 1283 3138 in
1304 3082 1585 3152 JosaPhat:
1606 3081 1851 3136 Christus
1885 3082 1978 3151 ju‘
2011 3096 2062 3161 C
2084 3097 2300 3153 habetis
2326 3098 2594 3155 adversus
2609 3100 2873 3172 aliquem,
2899 3117 2973 3156 ea:
3005 3081 3266 3159 cordibus
3295 3107 3520 3172 vestris,
3634 3111 3692 3162 et

393 3180 812 3251 dicandeicitur,
837 3180 928 3251 qui
951 3181 1238 3236 ait:Pater
1255 3196 1370 3235 non
1391 3179 1615 3250 judicat
1629 3195 1982 3252 quemquam,

391 3269 489 3324 sed
515 3284 708 3324 omnes
725 3267 1012 3339 judicium
1032 3269 1184 3324 dedit
1206 3269 1368 3325 Filio.
1388 3268 1502 3322 Nos
1531 3283 1747 3339 quoque
1767 3275 1824 3322 ut
1844 3275 1986 3323 recte

383 3356 692 3426 judicemus
722 3364 832 3411 tam
862 3364 1042 3411 nostra
1070 3372 1228 3427 quam
1251 3355 1589 3411 subditorum
1618 3356 1988 3411 examinantes

393 3453 637 3516 peccata,
672 3445 977 3518 cogitantes
1005 3445 1175 3499 simus
1203 3444 1336 3500 illud
1365 3445 1508 3516 quod
1538 3445 1610 3499 ait
1645 3445 1763 3516 ipse
1803 3444 1988 3500 Domi-

395 3550 537 3589 nus:
570 3534 751 3590 Nolite
769 3533 1259 3606 judicare,utnon
1265 3532 1625 3606 judicemini.
1642 3534 1710 3589 Et
1741 3551 1755 3588 :
1789 3535 1855 3590 In
1885 3549 1988 3606 quo

386 3622 606 3695 judicio
624 3622 980 3694 judicabitur
1007 3624 1070 3678 in
1098 3623 1276 3678 caelis.

468 3711 739 3784 Josaphat
756 3715 950 3767 autem
960 3713 1159 3783 genuit
1171 3713 1380 3767 Joram.
1401 3709 1430 3764 J
1432 3724 1587 3766 oram
1607 3709 1992 3781 interpretatur

399 3802 679 3860 excelsus.
714 3801 773 3855 In
802 3802 988 3856 Joram
1005 3807 1150 3856 recte
1189 3799 1438 3855 Christus
1469 3799 1990 3872 excelsusintelligi-

400 3897 506 3957 tur,
539 3890 631 3962 qui
658 3888 730 3944 ait
753 3905 766 3945 :
792 3890 961 3946 Nemo
991 3888 1251 3945 ascendit
1305 3890 1369 3943 in
1397 3889 1618 3954 caelum,
1652 3888 1768 3943 nisi
1814 3889 1993 3944 Filius

401 3979 645 4036 hominis
676 3980 771 4051 qui
800 3982 885 4034 est
904 3980 967 4033 in
999 3975 1529 4034 ccelo.EtPsalmista
1560 3995 1578 4033 :
1608 3977 1991 4033 Emcelsussu-

396 4083 499 4141 per
519 4083 711 4123 omnes
730 4070 923 4137 gentes
942 4067 1234 4121 Dominus.
1257 4065 1481 4135 Nosque
1499 4072 1603 4118 uta
1618 4072 1793 4119 morte
1805 4080 1993 4135 pecca-

399 4161 577 4208 torum
605 4166 705 4221 per
753 4165 922 4221 opera
955 4149 1178 4218 iustitiae
1223 4165 1550 4222 exurgamus
1603 4164 1727 4204 cum
1756 4148 1989 4208 Christo,

399 4252 521 4309 quae
534 4251 751 4291 sursum
774 4242 894 4289 sunt
911 4249 1237 4306 quaeramus,
1275 4233 1330 4288 id
1347 4242 1430 4288 est
1447 4233 1710 4302 scelestis,
1733 4249 1844 4289 non
1878 4242 1994 4290 ter-

396 4341 529 4381 rena
561 4343 575 4392 ;
607 4333 664 4379 ut
693 4321 870 4379 effecti
900 4322 955 4376 in
984 4323 1217 4377 Domino
1264 4321 1524 4378 sublimes
1552 4329 1792 4377 nostram
1858 4337 1994 4378 con-

393 4413 759 4472 versationem
787 4411 1083 4468 habeamus
1113 4409 1169 4465 in
1189 4410 1362 4467 caelis.

463 4519 1065 4590 Joramautemgenuit
1098 4517 1310 4574 Oxiam.
1347 4515 1451 4587 Qui
1481 4515 1872 4587 interpretatur
1901 4533 1987 4574 ro-

395 4611 591 4667 bustus
660 4609 905 4666 Domini:
929 4606 1075 4680 quod
1097 4606 1312 4662 Christo
1333 4621 1474 4662 conv
1494 4605 1605 4661 enit
1636 4605 1762 4677 quia
1775 4606 1830 4660 in
1859 4621 1995 4662 voce

393 4707 606 4765 virtutis
636 4723 748 4762 suae
778 4706 1196 4778 quatriduanum
1232 4706 1494 4761 Lazarum
1523 4704 1592 4760 de
1635 4711 1988 4760 monumento

399 4803 696 4862 suscitavit.
710 4803 935 4875 Nosque
961 4802 1261 4859 secundum
1281 4801 1603 4873 Apostolum
1623 4800 1992 4857 confortemur

398 4902 454 4957 in
482 4900 716 4958 Domino
747 4907 801 4956 et
829 4901 885 4955 in
899 4899 1140 4972 potentia
1172 4898 1385 4955 virtutis
1433 4899 1568 4968 ejus,
1620 4907 1697 4965 ut,
1758 4897 1990 4954 Domino

401 5007 584 5054 nostro
610 5001 738 5055 Jesu
755 4997 967 5053 Christo
1001 4997 1290 5053 roborante
1302 5003 1356 5050 et
1383 5011 1480 5067 pro
1509 4995 1669 5050 nobis
1691 5001 1988 5068 pugnante,

403 5094 714 5143 conteratur
746 5086 975 5142 Satanas
1005 5087 1106 5141 sub
1135 5085 1366 5156 pedibus
1393 5083 1595 5140 nostris
1625 5083 1909 5140 velociter.

470 5210 640 5265 Vens.
675 5212 727 5263 9.
761 5240 829 5250 —
851 5210 1011 5266 Ozias
1042 5214 1235 5265 autem
1254 5209 1453 5281 genuit
1475 5209 1754 5265 Joatham.
1780 5207 1883 5277 Qui
1904 5207 1992 5262 in-

397 5304 720 5371 terpretatur
743 5300 1070 5369 perfectus;
1101 5297 1244 5369 quod
1274 5297 1414 5353 bene
1446 5296 1659 5351 Christo
1719 5296 1990 5362 convenit,

399 5388 492 5463 qui
521 5385 835 5458 baptizatori
876 5399 973 5440 suo
1017 5385 1210 5440 Joanni
1265 5385 1512 5440 renuenti
1570 5384 1786 5440 dicebat
1820 5385 1995 5442 :Sine

393 5478 574 5544 modo,
592 5477 672 5533 sic
685 5474 839 5532 enim
866 5473 1136 5530 decetnos
1167 5473 1404 5545 implere
1431 5489 1656 5528 omnem
1675 5474 1990 5543 justitiam.

392 5569 461 5622 Et
480 5565 610 5622 alibi
633 5566 707 5621 ait
727 5584 744 5620 :
768 5564 888 5621 Non
907 5563 1036 5618 veni
1063 5562 1274 5619 solvere
1310 5561 1503 5632 legem,
1537 5561 1633 5616 sed
1661 5561 1991 5634 adimplere.

2089 3188 2260 3242 Pater
2284 3190 2468 3242 vester
2499 3188 2740 3244 ccelestis
2758 3188 3020 3246 dimittat
3047 3192 3194 3248 vobis
3233 3193 3446 3249 delicta
3474 3199 3686 3250 vestra.

2087 3274 2308 3345 Nosque
2327 3273 2382 3328 in
2404 3282 2563 3330 nocte
2588 3277 2874 3346 praesentis
2887 3278 3073 3334 saeculi
3099 3279 3364 3334 malorum
3377 3283 3690 3352 praeterito-

2091 3379 2207 3417 rum
2239 3362 2644 3430 obliviscentes,
2676 3381 2950 3421 memores
2971 3366 3139 3422 simus
3171 3369 3406 3423 nominis
3437 3370 3688 3426 Domini:

2089 3449 2348 3506 ultionem
2369 3468 2479 3507 non
2508 3469 2813 3524 quaeramus
2843 3454 3176 3512 remittentes
3205 3457 3384 3512 debita
3423 3458 3691 3514 fratribus

2089 3539 2308 3605 nostris,
2327 3546 2384 3594 ut
2402 3548 2588 3596 nostra
2607 3535 2807 3597 nob’isa
2837 3543 3070 3600 Domino
3093 3544 3444 3602 dimittantur.

2159 3647 2439 3703 Manasses
2459 3651 2652 3704 autem
2671 3649 2869 3720 genuit
2917 3651 3172 3707 Ammon.
3218 3653 3454 3707 Ammon
3503 3660 3690 3709 autem

2089 3735 2275 3804 ﬁdelis
2320 3734 2717 3806 interpretatur.
2780 3737 3025 3793 Christus
3075 3737 3250 3794 ﬁdelis
3298 3756 3402 3811 pro
3431 3741 3690 3797 omnibus

2093 3830 2194 3892 est,
2223 3823 2316 3895 qui
2345 3823 2477 3879 dixit
2500 3826 2710 3881 :Petite
2741 3829 2797 3881 et
2825 3828 3160 3899 accipietis;
3191 3831 3425 3901 quazrite
3440 3835 3498 3885 et
3526 3832 3689 3887 inve-

2093 3913 2264 3967 nietis
2287 3933 2305 3979 ;
2314 3914 2542 3984 pulsate
2563 3917 2619 3969 et
2649 3917 2938 3986 aperietur
2955 3917 3121 3972 vobis.
3143 3917 3224 3972 De
3245 3933 3353 3988 quo
3373 3918 3617 3974 Joannes
3633 3919 3688 3975 in

2093 4001 2424 4072 Apocalypsi
2456 4001 2557 4056 ait:
2597 4003 2702 4070 Qui
2719 4007 2804 4058 est
2827 4004 2990 4060 testis
3009 4005 3215 4074 ﬁdelis.
3269 4006 3472 4062 Fidelis
3504 4016 3687 4063 autem

2094 4096 2196 4154 est,
2221 4089 2348 4160 quia
2376 4090 2492 4158 ejus
2520 4090 2790 4161 promissa
2811 4093 3084 4162 speranda
3111 4101 3237 4149 sunt
3265 4095 3468 4165 pariter
3499 4104 3552 4152 et
3599 4113 3690 4152 ex-

2093 4178 2455 4248 pavescenda.
2479 4179 2701 4251 Nosque
2731 4179 2959 4237 viriliter
2996 4189 3202 4237 stemus
3227 4182 3282 4237 in
3321 4182 3429 4239 ﬁde
3469 4185 3688 4252 Christi,

2095 4265 2351 4338 ﬁdelique
2381 4267 2614 4322 Domino
2645 4266 2874 4325 ﬁdeliter
2901 4269 3281 4326 adhazreamus
3323 4272 3450 4344 quia
3496 4277 3692 4345 justus

2096 4371 2169 4410 ea:
2200 4355 2310 4425 ﬁde
2363 4357 2519 4412 vivit.
2549 4356 2745 4427 Etipse
2765 4357 2840 4412 ait
2863 4375 2876 4411 :
2904 4358 3007 4425 Qui
3033 4359 3408 4429 creditinme,
3426 4361 3595 4417 habet
3613 4365 3692 4417 vi-

2019 4463 2073 4525 D
2106 4447 2222 4499 tam
2267 4448 2563 4500 aeternam.
2586 4445 2655 4500 Et
2682 4444 2900 4502 ﬁdelem
2922 4462 3136 4503 servum
3167 4448 3221 4502 in
3243 4448 3447 4519 gaudia
3473 4450 3692 4505 Domini

2083 4532 2286 4587 intrare
2349 4533 2619 4603 concedit,
2679 4542 2732 4589 et
2789 4551 2956 4606 super
3001 4535 3184 4591 omnia
3228 4535 3370 4592 bona
3419 4553 3523 4594 sua
3554 4553 3692 4595 con-

2087 4620 2288 4676 stituet.

2158 4728 2397 4784 Ammon
2430 4732 2624 4784 autem
2651 4731 2850 4800 genuit
2889 4729 3119 4786 Josiam.
3143 4729 3247 4800 Qui
3304 4731 3691 4804 interpretatur

2086 4816 2252 4872 Salus
2271 4816 2515 4872 Domini.
2531 4816 2779 4872 Christus
2810 4818 2956 4874 enim
2976 4827 3058 4874 est
3088 4819 3238 4875 salus
3256 4828 3466 4888 nostra,
3491 4822 3561 4877 de
3583 4837 3690 4894 quo

2087 4904 2380 4976 Apostolus
2410 4904 2512 4960 ait:
2567 4906 2761 4962 Omnis
2780 4907 2956 4973 enim,
2975 4908 3291 4982 quicunque
3337 4911 3628 4967 invocavei
3643 4913 3687 4966 it

2089 5010 2295 5052 nomen
2308 4994 2551 5062 Domini,
2584 4995 2774 5051 salvus
2790 4997 2933 5051 erit.
2948 4997 3064 5052 Nos
3095 5013 3310 5069 quoque
3337 4999 3691 5070 operibusju-

2091 5083 2265 5150 stitiae,
2296 5090 2347 5137 et
2376 5083 2592 5154 pietatis
2624 5084 2855 5139 salutem
2890 5094 3137 5141 nostram
3179 5085 3350 5141 simus
3379 5096 3687 5159 operantes,

2091 5179 2147 5226 ut
2177 5171 2250 5226 ita
2280 5187 2380 5242 per
2411 5171 2809 5228 invocationem
2831 5174 3005 5230 sancti
3051 5175 3136 5230 sui
3178 5175 3414 5231 nominis
3458 5177 3691 5234 salutem

2091 5259 2357 5332 consequi
2386 5275 2698 5316 mereamur
2724 5269 3003 5316 mternam.

2166 5384 2336 5439 Vens.
2371 5388 2456 5438 11.
2477 5386 2734 5442 —Josias
2747 5390 2940 5443 autem
2969 5390 3165 5458 genuit
3196 5387 3550 5446 Jechoniam.
3588 5391 3692 5459 Qui

2094 5472 2482 5543 interpretatur
2508 5476 2848 5546 praeparatio
2863 5477 3109 5532 Domini.
3136 5474 3293 5544 Quod
3306 5484 3390 5532 est
3405 5477 3677 5545 Christus,

2097 5560 2188 5632 qui
2257 5560 2410 5615 dixit:
2477 5561 2536 5617 Si
2572 5563 2727 5617 enim
2771 5563 2976 5628 abiero,
3037 5569 3094 5620 et
3145 5581 3532 5638 prceparavero
3595 5569 3694 5625 lo-

396 5655 503 5725 Qui
532 5657 695 5714 etiam
723 5669 824 5712 nos
854 5668 953 5729 per
981 5649 1280 5724 discipulos
1309 5663 1436 5706 suos
1465 5647 1739 5722 perfectos
1789 5664 1913 5707 esse
1941 5649 1998 5705 in
2094 5665 2244 5718 cum,
2263 5649 2476 5709 iterum
2494 5651 2736 5719 veniam,
2773 5655 2831 5709 et
2858 5653 3144 5726 accipiam
3164 5670 3255 5712 vos
3299 5653 3373 5710 ad
3401 5656 3683 5728 meipsum
