4002 6184
349 307 454 362 857

1368 299 1660 358 HOMILIA
1715 299 1788 355 IN
1833 299 1996 355 INIT.
2043 297 2308 354 EVANG.
2360 282 2616 355 ΜᾹΤΤΗ.

3553 305 3658 358 858

349 431 468 487 Nos
498 441 714 500 quoque
743 426 799 480 in
839 425 1132 480 adventum
1162 425 1378 480 Domini
1423 441 1524 480 nos
1579 426 1728 496 ipsos
1751 425 2022 495 jugiterA
2051 423 2395 489 mentiam,ut
2413 421 2702 491 justiﬁcari
2732 437 3046 477 mereamur
3076 423 3146 477 ab
3186 439 3252 478 eo
3283 424 3375 496 qui
3400 423 3660 493 justificat

352 532 752 591 praeparemus,
788 530 1114 585 semperque
1146 514 1340 585 vigiles
1379 522 1433 568 et
1461 514 1718 584 suspecti,
1763 529 1830 568 ne
1869 529 1965 567 su-

356 606 641 680 perveniat
687 603 845 658 nobis
874 602 1156 673 repentina
1185 603 1278 658 illa
1334 603 1472 668 dies,
1523 618 1642 674 quia
1710 609 1965 672 tanquam

354 696 585 767 laqueus
623 693 778 747 irruit
808 708 972 763 super
999 707 1188 746 omnes
1244 691 1335 762 qui
1365 691 1611 745 habitant
1666 706 1827 760 super
1876 689 1964 745 fa-

361 784 502 841 ciem
531 790 715 838 terrze.
751 781 1054 836 Caveamus
1094 796 1183 846 ne,
1217 780 1466 850 exemplo
1505 779 1772 834 fatuarum
1790 778 1963 849 virgi-

357 889 510 937 num,
541 870 894 926 excludamur
922 885 952 922 a
982 868 1201 938 nuptiis,
1253 869 1502 924 veniente
1549 867 1802 933 Domino,
1864 867 1963 922 sed

358 977 483 1018 cum
515 959 878 1030 prudentibus
905 957 1082 1027 potius
1113 957 1184 1012 ad
1219 957 1434 1028 nuptias
1462 963 1623 1028 atque
1658 956 1728 1010 ad
1758 955 1961 1028 gaudia

354 1048 778 1104 intromittamur
813 1052 1015 1100 aeterna
1028 1085 1042 1100 .

433 1136 727 1193 Jechonias
756 1139 949 1190 autem
968 1135 1168 1205 genuit
1195 1133 1467 1189 Joaehim.
1485 1133 1589 1201 Qui
1606 1135 1958 1192 Resurrectio

354 1227 587 1283 Domini
614 1224 1013 1294 interpretatur.
1052 1221 1302 1276 Christus
1339 1222 1482 1276 enim
1501 1229 1584 1277 est
1625 1223 1956 1278 resurrectio

356 1321 566 1378 nostra,
600 1312 692 1384 qui
720 1311 855 1365 dixit
881 1328 894 1364 :
925 1313 1034 1382 Ego
1079 1327 1207 1366 sum
1237 1311 1543 1366 resurectio
1583 1315 1638 1365 et
1675 1313 1791 1366 vita
1813 1331 1830 1366 :
1859 1312 1956 1384 qui

355 1402 545 1458 credit
557 1403 620 1456 in
634 1416 724 1456 me
738 1417 854 1457 non
873 1402 1155 1455 morietur
1170 1401 1232 1454 in
1250 1405 1527 1455 azternum
1537 1399 1650 1464 ,sed
1661 1400 1958 1454 resuscita~

354 1492 419 1548 bo
442 1507 573 1546 eum
595 1492 659 1544 in
680 1490 983 1544 novissimo
1004 1488 1111 1543 die.
1128 1489 1242 1543 Nos
1274 1503 1486 1558 quoque
1500 1495 1714 1542 amorte
1742 1488 1954 1558 peccati

353 1579 423 1634 ad
437 1578 659 1648 justitiae
686 1577 829 1633 viam
859 1593 1229 1649 resurgamus,
1279 1585 1338 1631 ut
1364 1592 1464 1647 per
1496 1576 1654 1630 istam
1703 1592 1954 1632 resurre-

353 1667 592 1723 ctionem
633 1665 828 1721 animas
848 1665 904 1719 in
931 1666 1330 1721 resurrectione
1358 1664 1657 1720 novissima
1685 1680 1806 1720 cum
1824 1681 1953 1719 san-

349 1757 453 1813 ctis
485 1763 539 1811 et
562 1754 722 1824 justis
751 1761 955 1810 aeterna
975 1770 1283 1809 mereamur
1307 1754 1593 1825 possidere
1622 1754 1841 1827 gaudia.

426 1863 603 1916 Vens.
647 1865 733 1918 12.
766 1890 836 1900 --
866 1859 1119 1916 Joachim
1185 1865 1378 1916 autem
1429 1863 1626 1932 genuit
1657 1861 1954 1918 Salathiel.

360 1950 525 2021 Quod
546 1956 628 2005 est
655 1951 856 2021 petitio
881 1965 1009 2004 mea
1053 1949 1342 2005 Dominus.
1381 1949 1628 2003 Christus
1684 1948 1827 2004 enim
1857 1963 1958 2020 pro

345 2041 510 2096 nobis
537 2039 688 2109 petiit
735 2039 968 2107 Patrem,
1019 2052 1142 2092 cum
1169 2039 1277 2092 ait:
1322 2040 1493 2094 Pater
1545 2042 1760 2107 sancte,
1796 2055 1958 2093 ser-va

359 2145 451 2186 eos
471 2129 534 2184 in
546 2129 775 2182 nomine
799 2131 914 2192 tuo,
938 2143 1071 2199 quos
1091 2126 1296 2182 dedisti
1314 2127 1536 2182 mihide
1557 2127 1788 2183 mundo.
1807 2127 1956 2182 Nos-

351 2233 459 2290 que
487 2232 650 2271 unam
665 2215 982 2286 petitionem
1008 2222 1256 2286 petamus
1281 2232 1312 2269 a
1351 2216 1603 2281 Domino,
1655 2223 1714 2269 ut
1743 2215 1956 2270 habite-

353 2322 482 2362 mus
510 2304 564 2360 in
584 2305 747 2359 domo
797 2303 1013 2359 Domini
1044 2303 1294 2358 omnibus
1327 2304 1518 2359 diebus
1556 2305 1679 2360 vitae
1715 2312 1951 2360 nostrae:

355 2404 500 2472 Quia
520 2403 704 2459 omnis
725 2401 821 2474 qui
833 2402 979 2473 petit
998 2400 1292 2474 accipit,et
1305 2401 1402 2472 qui
1420 2402 1640 2472 quaerit,
1659 2402 1881 2457 invenit
1900 2405 1956 2456 et

369 2502 635 2576 pulsanti
653 2500 963 2574 aperietur.

421 2598 698 2655 Salathiet
715 2600 908 2652 autem
922 2595 1124 2667 genuit
1142 2595 1453 2652 Zorobabel.
1484 2594 1642 2665 Quod
1663 2603 1746 2651 est
1780 2597 1956 2668 magi-

350 2692 405 2746 st
427 2705 508 2744 er.
551 2685 799 2742 Christus
827 2692 1007 2740 autem
1041 2683 1305 2755 magister
1331 2692 1414 2739 est
1446 2685 1686 2739 omnium
1725 2686 1956 2740 creden-

377 2775 630 2846 tium,qui
649 2773 782 2829 dixit
799 2772 1078 2843 discipulis
1100 2772 1242 2827 suis:
1267 2773 1344 2829 Ne
1370 2775 1644 2829 vocemini
1672 2775 1950 2845 magistri,

366 2866 499 2939 quia
527 2865 802 2935 magister
813 2865 998 2918 vester
1028 2878 1179 2917 unus
1207 2865 1293 2917 est
1314 2862 1588 2917 Christus.
1610 2861 1724 2916 Nos
1742 2877 1956 2934 quoque

365 2953 514 3011 omni
543 2951 722 3006 studio
753 2958 1062 3022 satagemus
1093 2958 1203 3005 tam
1232 2951 1482 3020 discipuli
1510 2950 1746 3006 ccelestis
1767 2957 1819 3005 et
1838 2950 1954 3006 veri

354 3041 604 3116 magistri
635 3039 774 3107 ﬁeri,
826 3055 987 3111 quam
1005 3039 1257 3112 magistri
1285 3038 1676 3110 imperitorum,
1700 3046 1758 3094 ut
1801 3055 1954 3110 quee-

2065 511 2310 581 impium,
2337 528 2426 582 qui
2449 512 2578 567 dicit
2625 529 2725 582 per
2744 511 3094 582 prOphetam:
3137 513 3351 584 Impius
3391 515 3547 568 enim
3602 516 3665 570 in

2062 616 2393 673 quacunque
2405 600 2492 656 die
2505 602 2570 656 ab
2581 602 2752 671 impie
2760 605 2876 656 tate
2887 616 2992 656 sua
3008 617 3309 657 conversus
3325 603 3504 672 fuerit
3534 604 3661 672 jus-

2063 691 2111 744 ti
2124 690 2404 757 ﬁcabitur,
2427 693 2482 744 et
2501 691 2618 744 vita
2636 692 2800 758 vivet,
2817 693 2872 746 et
2883 706 3000 745 non
3015 693 3310 746 morietur.

2132 777 2348 834 Sedoch
2390 782 2581 833 autem
2610 779 2807 849 genuit
2857 778 3075 834 Achim.
3130 778 3227 845 Qui
3284 778 3671 849 interpretatur

2059 867 2244 936 frater
2289 881 2468 921 meus.
2503 865 2752 920 Christus
2791 867 2938 921 enim
2983 866 3152 921 frater
3182 874 3369 922 noster
3414 875 3516 933 est,
3577 867 3668 939 qui

2064 954 2354 1008 Dominum
2385 955 2602 1009 Patrem
2633 971 2790 1009 suum
2819 955 2983 1009 etiam
3012 971 3114 1010 nos
3147 956 3364 1011 Patrem
3410 956 3666 1012 invocare

2061 1043 2333 1097 concessit
2362 1041 2629 1097 dicendo:
2665 1044 2752 1100 Sic
2770 1048 2962 1098 autem
2991 1045 3244 1100 orabitis:
3276 1047 3447 1099 Pater
3472 1049 3668 1100 noster

2077 1132 2244 1202 quies
2273 1133 2337 1186 in
2363 1131 2535 1186 ccelis.
2560 1131 2630 1184 Et
2651 1131 2702 1184 in
2732 1131 3034 1204 Evangelio
3064 1132 3172 1186 ait:
3209 1132 3533 1205 Quicunque
3587 1135 3672 1204 fe-

2064 1218 2208 1273 cerit
2230 1220 2578 1275 voluntatem
2592 1223 2780 1276 Patris
2797 1223 2907 1276 mei
2919 1222 3015 1293 qui
3034 1223 3096 1276 in
3110 1223 3264 1276 caelis
3277 1225 3380 1287 est,
3396 1221 3514 1293 ipse
3545 1223 3668 1292 fra-

2059 1312 2162 1372 ter,
2196 1323 2351 1363 soror
2381 1313 2439 1363 et
2465 1313 2650 1364 mater
2679 1314 2782 1364 est.
2817 1309 2885 1362 Et
2929 1309 3250 1364 mulieribus
3304 1317 3426 1380 post
3473 1325 3665 1364 resur-

2057 1395 2396 1450 rectionem:
2423 1397 2522 1464 Ite,
2547 1400 2882 1453 renuntiate
2912 1399 3189 1469 fratribus
3221 1400 3381 1454 meis.
3442 1399 3665 1470 Nosque

2055 1484 2202 1538 omni
2229 1485 2515 1540 conamine
2545 1487 2661 1554 ejus
2685 1486 2892 1558 jugiter
2932 1486 3192 1542 facientes
3242 1487 3412 1541 simus
3469 1487 3662 1543 volun-

2057 1579 2218 1626 tatem
2253 1592 2266 1638 ;
2301 1581 2358 1626 ut
2387 1573 2545 1642 hujus
2576 1575 2809 1628 nominis
2852 1575 3174 1648 dignitatem
3204 1575 3260 1629 in
3291 1573 3501 1631 coelesti
3557 1591 3658 1630 re-

2044 1676 2154 1732 gno
2176 1661 2460 1731 percipere
2489 1678 2812 1717 mereamur.

1973 1781 2026 1840 B
2127 1766 2325 1821 Achim
2353 1771 2548 1822 autem
2576 1769 2777 1840 genuit
2798 1769 2983 1826 Eliud.
3007 1770 3168 1828 Eliud
3187 1778 3368 1825 autem
3394 1769 3662 1841 interpre-

2058 1861 2198 1907 tatur
2217 1856 2365 1909 Deus
2392 1854 2594 1926 iste,{ut
2635 1857 2870 1912 Thomas
2901 1857 2972 1912 ait
3001 1858 3072 1913 ad
3102 1859 3374 1913 Christum
3401 1877 3413 1914 :
3473 1861 3664 1916 Domi-

2057 1958 2166 1998 nus
2184 1958 2340 1997 meus
2369 1947 2427 1997 et
2455 1945 2601 1999 Deus
2628 1961 2806 2000 meus.
2853 1947 3074 2017 Nosque
3113 1947 3316 2001 nullum
3345 1947 3512 2002 alium
3559 1948 3662 2001 ha-

2057 2029 2300 2097 beamus;
2328 2031 2617 2086 Dominum
2654 2034 2894 2098 Patrem,
2946 2042 2999 2089 et
3029 2034 3238 2104 .Filium
3288 2036 3404 2104 ejus
3443 2035 3661 2092 unicum

2061 2127 2353 2183 Dominum
2383 2137 2644 2195 nostrum,
2679 2138 2730 2185 et
2763 2130 3022 2202 Spiritum
3053 2140 3324 2189 sanctum.

2128 2235 2298 2290 Vens.
2334 2237 2420 2290 15.
2440 2266 2509 2276 -
2537 2237 2706 2292 Eliud
2724 2242 2919 2294 autem
2944 2241 3145 2310 genuit
3182 2240 3438 2294 Eleazar.
3501 2238 3662 2309 Quod

2056 2321 2432 2394 interpretatur
2459 2326 2606 2381 Deus
2631 2342 2792 2382 meus
2821 2328 3069 2390 adiutor.
3101 2328 3347 2383 Christus
3368 2327 3514 2383 enim
3542 2344 3660 2383 om-

2055 2411 2204 2467 nium
2227 2413 2568 2468 credentium
2599 2414 2701 2468 sibi
2720 2413 2947 2486 :adjutor
3003 2423 3105 2483 est,
3139 2417 3229 2488 qui
3271 2416 3346 2471 ait
3379 2435 3391 2471 :
3419 2417 3524 2483 Qui
3569 2433 3660 2474 me

2058 2501 2464 2568 misit,mecum
2477 2506 2580 2569 est,
2596 2507 2776 2559 etnon
2797 2505 3132 2576 reliquztme
3158 2509 3361 2561 solum.
3393 2505 3462 2558 Et
3487 2504 3614 2559 item
3640 2521 3654 2559 :

2055 2589 2435 2656 Amen,amen
2456 2590 2578 2648 dico
2609 2591 2774 2657 vobis,
2795 2592 3061 2665 quidquid
3109 2596 3337 2649 orantes
3364 2593 3570 2664 petetis
3592 2595 3656 2648 in

2061 2678 2293 2734 nomine
2320 2695 2442 2736 meo
2462 2681 2772 2752 accipietis.
2805 2681 2919 2735 Nos
2949 2697 3165 2753 quoque
3195 2679 3549 2737 confiteamur
3568 2696 3658 2736 sa-

2057 2764 2228 2820 lutem
2258 2774 2500 2822 nostram
2529 2768 2585 2822 in
2629 2768 2861 2823 Domino
2913 2769 3042 2824 Jesu
3094 2769 3471 2824 tantummodo
3526 2784 3657 2826 con-

2056 2862 2216 2921 stare,
2247 2856 2553 2928 c0gitantes
2581 2856 2715 2912 illud
2743 2857 2972 2913 dictum:
2995 2859 3238 2929 Quaerite
3259 2875 3384 2930 ergo
3410 2875 3654 2931 regnum

2053 2953 2154 3008 Dei
2179 2956 2451 3026 primum,
2476 2959 2534 3010 et
2552 2956 2847 3026 justitiam
2899 2959 3043 3029 ejus,
3075 2961 3132 3014 et
3152 2957 3268 3014 haec
3289 2960 3484 3016 omnia
3520 2958 3662 3030 adji-

2054 3038 2284 3093 cientur
2312 3038 2480 3094 vobis.

352 3154 568 3210 cunque
597 3135 967 3204 didicerimus,
1002 3153 1166 3208 opere
1196 3135 1553 3207 complentes,
1594 3135 1730 3192 alios
1763 3136 1966 3192 docea-
1987 3139 2036 3202 C.
2135 3127 2374 3182 Είθακυαν
2400 3131 2593 3183 (“item
2621 3128 2820 3200 genuit
2850 3129 3100 3186 Mathan-
3132 3129 3236 3200 Ql1i
3268 3131 3659 3202 interpretatur

359 3243 503 3296 mus,
552 3234 610 3281 ut
643 3225 902 3296 scriptum
949 3233 1068 3280 est:
1127 3225 1230 3293 Qui
1273 3225 1452 3291 audit,
1504 3225 1676 3292 dicat,
1715 3225 1963 3281 Veni:id

351 3322 455 3381 est,
517 3322 575 3369 ut
617 3314 710 3386 qui
737 3315 803 3368 ad
837 3313 1174 3386 spiritualem
1193 3330 1405 3370 coenam
1427 3313 1679 3369 invitatus
1712 3321 1812 3379 est,
1848 3329 1962 3371 cae-

353 3419 506 3466 teros
527 3426 750 3483 quoque
779 3410 984 3477 invitet,
1006 3418 1062 3465 ut
1091 3410 1159 3465 sit
1197 3411 1390 3466 domus
1415 3412 1574 3482 plena
1614 3411 1962 3468 discumben-

347 3508 485 3563 tium
514 3507 567 3562 in
597 3507 708 3563 vita
726 3516 947 3563 aeterna.

418 3615 590 3670 Vnus.
625 3617 712 3668 13.
735 3643 805 3653 —
825 3612 1117 3669 Zorobabel
1138 3617 1331 3668 autem
1349 3615 1547 3686 genuit
1567 3615 1760 3671 Abiud.
1798 3615 1957 3685 Quod

348 3703 550 3759 dicitur
576 3705 750 3758 Pater
762 3718 921 3758 meus
940 3702 1068 3769 iste,
1103 3702 1246 3774 quod
1267 3710 1350 3758 est
1378 3702 1623 3757 Christus
1654 3704 1746 3776 qui
1795 3705 1957 3760 dixit:

345 3795 456 3866 Ego
478 3797 534 3848 et
563 3794 736 3848 Pater
763 3808 944 3848 unum
975 3808 1190 3848 sumus.
1224 3790 1329 3860 Qui
1362 3800 1449 3846 est
1497 3793 1658 3848 Pater
1689 3801 1740 3849 et
1797 3807 1958 3865 caput

349 3881 593 3937 omnium
624 3880 978 3937 credentium.
1010 3881 1233 3952 Nosque
1262 3880 1445 3953 dignis
1474 3897 1577 3936 nos
1607 3898 1955 3940 exerceamus

350 3970 631 4043 operibus,
666 3977 722 4024 ut
752 3969 821 4023 sit
863 3968 1021 4024 nobis
1051 3969 1169 4039 ipse
1185 3969 1450 4024 Dominus
1482 3970 1727 4026 Christus
1757 3972 1812 4026 in
1844 3973 1953 4028 Pa-

345 4066 506 4125 trem,
531 4067 583 4113 et
608 4073 710 4113 nos
740 4057 815 4111 illi
859 4057 1028 4111 simus
1085 4057 1140 4111 in
1170 4056 1312 4112 filios
1343 4065 1395 4112 et
1434 4057 1594 4125 ﬁlias,
1620 4067 1671 4115 et
1726 4067 1784 4114 ut
1832 4059 1953 4115 talis

346 4147 642 4220 progenies
680 4161 806 4202 cum
827 4147 983 4200 Patre
1015 4153 1210 4218 regnet
1238 4146 1294 4199 in
1323 4147 1484 4202 coelo.

418 4237 599 4291 Abiud
615 4239 808 4290 autem
821 4235 1022 4306 genuit
1033 4236 1332 4291 Etiachim.
1360 4235 1464 4304 Qui
1479 4238 1752 4294 Dominus
1766 4255 1951 4294 resus-

347 4325 537 4380 citans
553 4323 959 4395 interpretatur,
988 4324 1132 4395 quod
1161 4331 1244 4378 est
1284 4323 1547 4391 Christus,
1579 4326 1671 4398 qui
1694 4327 1768 4381 ait
1795 4347 1812 4383 :
1846 4329 1950 4396 Qui

346 4413 528 4468 credit
548 4414 610 4468 in
635 4429 743 4478 me,
774 4429 889 4468 non
913 4414 1192 4468 morietur
1202 4415 1264 4469 in
1277 4417 1574 4480 aeternum,
1590 4416 1686 4470 sed
1705 4418 1948 4472 resusci-

2064 3221 2298 3278 donans.
2331 3224 2433 3278 Per
2461 3223 2735 3280 Christum
2765 3226 2910 3281 enim
2942 3227 3091 3282 Deus
3132 3229 3290 3284 Pater
3337 3229 3518 3284 omnia
3555 3243 3657 3284 no-

2061 3325 2175 3373 stra
2195 3319 2354 3374 nobis
2373 3319 2595 3376 donavit
2623 3321 2806 3376 debita
2839 3340 2853 3378 :
2880 3325 2951 3378 Et
2989 3326 3108 3395 ipse
3131 3325 3435 3380 ascendens
3455 3329 3520 3382 in
3566 3330 3657 3385 al-

2063 3416 2188 3462 tum
2225 3407 2379 3463 dedit
2433 3408 2582 3464 dona
2624 3410 2963 3477 hominibus,
3009 3410 3063 3464 id
3120 3420 3203 3467 est
3245 3413 3654 3484 beatitudinem,

2060 3511 2222 3566 quam
2253 3495 2308 3549 in
2338 3496 2470 3550 Adae
2500 3498 2942 3566 praevaricatione
2957 3499 3316 3569 perdidimus,
3351 3519 3449 3557 sua
3498 3506 3657 3561 nobis

2059 3583 2335 3653 passione,
2378 3585 2773 3641 resurrectione
2806 3594 2970 3657 atque
2999 3589 3320 3644 ascensione
3366 3592 3606 3648 reddidit
3638 3611 3652 3650 :

2059 3681 2172 3737 sive
2201 3697 2325 3738 cum
2350 3682 2607 3754 Spiritum
2636 3692 2884 3740 sanctum
2933 3685 3195 3756 apostolis
3243 3688 3480 3744 tradidit.
3540 3693 3656 3748 Nos

2057 3785 2274 3843 quoque
2305 3771 2573 3828 donantes
2603 3773 2862 3844 proximis
2894 3774 3096 3829 nostris
3127 3775 3324 3830 delicta
3372 3793 3582 3846 eorum,
3602 3789 3656 3836 et

2055 3859 2199 3914 dona
2228 3861 2400 3918 sancti
2445 3861 2675 3932 Spiritus
2704 3862 3051 3934 accipientes,
3083 3863 3255 3935 gratia
3285 3864 3385 3920 Dei
3427 3880 3649 3922 merea-

2053 3964 2176 4003 mur
2203 3949 2385 4004 ditari.

2127 4056 2354 4112 Mathan
2384 4060 2575 4112 autem
2602 4059 2799 4129 genuit
2819 4058 3000 4114 Jacob.
3025 4056 3185 4126 Quod
3201 4067 3285 4115 est
3304 4061 3647 4134 supplanta-

2053 4148 2159 4200 tor.
2201 4145 2447 4200 Christus
2477 4146 2619 4200 enim
2639 4155 2721 4202 est
2784 4147 3163 4218 supplantator
3216 4149 3424 4221 antiqui
3473 4151 3646 4206 hostis

2049 4234 2240 4300 nostri,
2271 4234 2504 4305 quisuis
2545 4233 2796 4290 fidelibus
2847 4236 2996 4290 dedit
3017 4244 3344 4306 potestatem
3400 4239 3646 4296 calcandi

2049 4338 2216 4393 super
2244 4330 2522 4393 serpentes
2534 4333 2586 4378 et
2616 4325 2954 4396 scorpiones,
2979 4333 3031 4380 et
3061 4342 3224 4396 super
3253 4341 3469 4381 omnem
3529 4327 3644 4382 vir-

2048 4419 2214 4468 tutem
2271 4410 2493 4468 inimici.
2552 4413 2666 4468 Nos
2726 4429 2942 4484 quoque
2999 4421 3239 4470 rectores
3296 4415 3646 4473 tenebrarum

348 4501 474 4557 tabo
487 4517 615 4556 eum
628 4503 690 4556 in
702 4502 1003 4559 novissimo
1015 4502 1123 4558 die.
1156 4503 1270 4557 Nos
1290 4518 1504 4574 quoque
1521 4502 1575 4556 in
1601 4503 1943 4561 confessione
1973 4496 2025 4557 D
2050 4498 2236 4554 harum
2265 4515 2391 4555 cum
2435 4501 2578 4555 vitiis
2631 4508 2685 4556 et
2733 4500 3158 4571 concupicentiis
3212 4504 3392 4558 carnis
3445 4503 3643 4561 virtute

344 4595 402 4643 et
429 4589 668 4644 lamento
697 4590 1034 4646 delictorum
1059 4598 1372 4646 nostrorum
1399 4591 1453 4645 in
1485 4591 1664 4646 anima
1703 4593 1944 4664 quotidie

343 4693 698 4750 resurgamus
729 4695 758 4733 a
790 4679 933 4734 vitiis
955 4681 1024 4735 ad
1072 4679 1321 4749 virtutes,
1373 4689 1429 4735 ut
1473 4681 1706 4737 Domino
1761 4682 1943 4738 vivere

343 4782 658 4823 mereamur
695 4768 750 4822 in
781 4768 984 4839 Spiritu
1016 4777 1222 4826 sancto.

416 4857 699 4912 Etiachim
724 4861 916 4913 autem
927 4859 1124 4930 genuit
1140 4858 1301 4915 Azor.
1339 4857 1443 4927 Qui
1465 4858 1669 4915 dicitur
1691 4860 1943 4932 adjutus,

335 4945 487 5017 quod
510 4953 592 5000 est
632 4945 891 5012 Christus,
921 4948 1013 5018 qui
1051 4947 1146 5002 ait:
1184 4949 1305 5005 Non
1335 4965 1462 5004 sum
1486 4949 1658 5019 solus,
1712 4951 1808 5006 sed
1847 4951 1944 5023 qui

340 5050 432 5090 me
452 5035 610 5090 misit
629 5037 818 5101 Pater,
849 5051 1072 5092 mecum
1103 5041 1205 5092 est.
1236 5037 1351 5093 Nos
1387 5053 1621 5110 quoque,
1654 5039 1941 5108 adjuvante

339 5122 596 5190 Domino,
635 5140 821 5179 cereas
852 5125 1132 5180 vincamus
1183 5134 1498 5197 potestates,
1528 5135 1580 5182 et
1614 5128 1668 5182 in
1709 5129 1942 5184 Domino

339 5211 462 5267 solo
493 5210 831 5268 confidentes
845 5213 1095 5268 dicamus
1125 5233 1138 5269 :
1191 5217 1492 5271 Auxilium
1543 5234 1732 5273 meum
1758 5235 1792 5272 a
1828 5219 1939 5273 Do-

340 5301 518 5368 mino,
553 5302 650 5373 qui
668 5303 808 5372 fecit
831 5304 1035 5358 castum
1065 5307 1120 5359 et
1159 5308 1392 5360 terram.

411 5407 581 5462 Vnus.
607 5409 770 5463 14.-
790 5409 1137 5465 Azorautem
1158 5412 1356 5482 genu-it
1370 5411 1602 5467 Sadoch.
1628 5411 1731 5480 Qui
1744 5415 1940 5484 justus

338 5496 763 5566 interpretatur,
809 5498 955 5568 quod
1000 5499 1244 5554 Christus
1305 5499 1638 5571 intelligitur,
1708 5502 1776 5556 de
1833 5517 1940 5574 quo

339 5585 580 5640 Joannes
600 5586 710 5640 ait:
735 5587 1080 5644 Advocatum
1132 5589 1396 5645 habemus
1423 5590 1575 5662 apud
1601 5593 1830 5646 Patrem
1859 5593 1942 5648 Je-

332 5691 464 5732 sum
497 5675 786 5735 Christum
794 5677 1042 5748 justum.
1070 5677 1296 5751 Nosque
1311 5678 1428 5748 ejus
1448 5678 1800 5752 imploremus
1830 5680 1941 5736 cle-

2045 4587 2143 4643 Dei
2167 4595 2219 4643 et
2277 4587 2590 4644 fortitudine
2645 4589 3054 4660 supplantemus
3113 4591 3396 4661 spirituali,
3455 4601 3512 4647 ut
3569 4593 3648 4648 ait

2043 4685 2232 4740 Petrus
2253 4687 2532 4757 apostolus
2562 4686 2617 4740 in
2648 4685 2895 4756 Epistola
2927 4703 3024 4740 sua
3049 4705 3061 4740 :
3107 4688 3372 4744 Resistite
3404 4689 3642 4757 diabolo,

2043 4778 2100 4828 et
2117 4776 2298 4846 fugiet
2323 4793 2357 4830 a
2378 4776 2541 4831 vobis.
2587 4775 2714 4830 Sine
2745 4775 3044 4830 certamine
3117 4775 3263 4831 enim
3292 4793 3638 4850 nequaquam

2043 4862 2169 4918 belli
2199 4863 2421 4919 victoria
2451 4863 2746 4935 acquiritur
2763 4872 2995 4918 aeterna.

2119 4969 2283 5024 Vens.
2306 4973 2390 5024 16.
2424 5000 2494 5011 -
2531 4972 2692 5027 Iacob
2725 4974 2918 5025 autem
2964 4972 3166 5040 genuit
3192 4971 3410 5044 Ioseph,
3455 4975 3646 5030 virum

2041 5057 2246 5123 Mariae,
2273 5059 2339 5113 de
2371 5075 2476 5130 qaa
2501 5063 2674 5114 natus
2696 5061 2970 5125 estJesus,
2984 5060 3080 5130 qui
3096 5063 3327 5116 vocatur
3359 5061 3636 5119 Christus.

2037 5145 2239 5216 Joseph
2260 5151 2462 5202 auctus
2511 5147 2914 5218 interpretatur,
2937 5147 3029 5219 qui
3048 5146 3316 5220 signiﬁcat
3347 5149 3640 5219 Christum,

2041 5234 2134 5308 qui
2159 5235 2320 5290 dixit:
2353 5238 2461 5309 Ego
2483 5238 2628 5301 veni,
2665 5237 2918 5292 utvitam
2967 5237 3229 5305 habeant,
3273 5242 3332 5294 et
3359 5240 3644 5296 abundan-

2042 5325 2157 5381 tius
2180 5324 2516 5380 habeant.Et
2541 5324 2700 5379 item:
2721 5327 2860 5396 Rogo
2883 5327 3112 5381 Patrem
3125 5343 3336 5391 meum,
3370 5331 3428 5382 et
3458 5329 3642 5382 alium

2040 5415 2403 5469 Paracletum
2424 5416 2657 5469 mittam
2675 5413 2822 5469 vobis
2838 5414 3117 5487 Spiritum
3168 5415 3443 5480 veritatis,
3478 5431 3642 5485 quem

2041 5503 2286 5558 mundus
2316 5520 2432 5559 non
2456 5507 2641 5575 potest
2670 5505 2942 5576 accipere.
2993 5504 3194 5558 Noster
3236 5518 3363 5558 vero
3405 5501 3642 5558 exterior

2040 5591 2222 5657 homo,
2271 5591 2318 5645 si
2347 5590 2762 5647 mortificatione
2781 5592 3033 5648 vitiorum
3073 5589 3452 5660 corrumpitur,
3490 5588 3637 5645 inte-

2040 5679 2150 5736 rior
2179 5673 2358 5736 tamen
2386 5680 2456 5738 de
2492 5681 2582 5738 die
2611 5681 2825 5738 indiem
2843 5688 3153 5746 renovatur,
3179 5687 3231 5734 et
3277 5676 3635 5749 spiritualium
