3998 6188
288 214 295 217 ’
386 248 487 301 859

863 244 1265 301 WALAFRIDI
1298 245 1540 300 STRABI
1570 244 1772 301 FULD.
1806 242 1980 300 MON.
2004 242 2367 302 OPP.'PARS
2395 246 2436 301 Ι.
2467 275 2537 288 --
2562 244 3036 303 THEOLOGICA.

3586 251 3692 306 860

383 369 850 426 incrementorum
873 377 1105 442 augetur
1134 368 1486 440 profectibus,
1518 369 1694 424 donec
1725 369 1793 423 de
1840 384 1982 423 uno-
2004 368 2059 429 A
2087 376 2140 423 et
2168 370 2237 424 ad
2250 370 2413 425 vitam
2431 370 2757 441 perveniunt
2802 371 3226 441 sempiternam:
3271 371 3399 443 quia
3430 388 3530 444 per
3580 373 3685 429 de-

382 474 603 529 quoque
650 466 900 513 nostrum
945 456 1300 528 spiritualiter
1355 457 1463 512 dici
1504 458 1741 529 possit:
1800 458 1979 513 Filius

381 563 707 603 accrescens
737 547 953 619 Ioseph.
979 546 1304 601 Crescamus
1342 546 1524 618 itaque
1571 546 1626 601 in
1673 546 1937 602 charitate
1962 588 1976 613 ,

380 634 558 691 donec
587 650 942 691 occurramus
998 650 1188 689 omnes
1211 635 1266 688 in
1322 635 1501 689 virum
1556 634 1881 705 perfectum,
1924 634 1980 688 in

382 738 696 778 mensuram
717 722 890 778 aetatis
929 722 1281 793 plenitudinis
1335 723 1551 789 Christi,
1585 731 1643 777 ut
1676 731 1972 777 transeun-

379 820 463 867 tes
495 812 562 866 de
593 812 783 866 virtute
808 811 862 864 in
884 811 1157 881 virtutem,
1181 812 1320 867 etde
1342 811 1538 866 timore
1571 811 1691 878 Dei,
1747 811 1839 883 qui
1896 818 1980 867 est

378 899 589 954 initium
621 899 917 969 sapientiae,
961 916 1061 970 per
1107 900 1315 972 gradus
1361 899 1724 971 perfectionis
1778 914 1978 955 ascen-

294 992 303 995 '
378 986 571 1042 dentes
601 987 672 1041 ad
700 987 1039 1055 charitatem,
1086 1004 1208 1059 quae
1229 988 1390 1043 totius
1419 988 1674 1059 praecepti
1736 985 1857 1041 ﬁnis
1897 995 1979 1043 est

367 1084 560 1147 postea
589 1075 776 1130 videre
808 1076 1082 1147 possimus
1114 1078 1291 1132 Deum
1319 1076 1552 1131 deorum
1581 1076 1637 1130 in
1660 1077 1811 1131 Sion.

447 1199 639 1265 Maria,
675 1207 731 1254 ut
753 1199 1000 1272 plerique
1030 1200 1322 1266 aestimant,
1357 1200 1745 1271 interpretatur
1762 1200 1980 1256 illumi-

371 1290 577 1343 nutrix
598 1291 655 1343 et
686 1289 856 1344 stella
885 1290 1081 1344 maris.
1100 1287 1362 1343 Sermone
1393 1287 1529 1359 Syro
1560 1288 1790 1344 domina
1836 1287 1978 1343 dici-

372 1383 484 1456 ωε.
543 1378 689 1432 Bene
744 1385 928 1431 autem
977 1377 1378 1433 illummatrix
1424 1376 1659 1443 dicitur;
1693 1376 1817 1448 quia
1883 1392 1982 1447 per

375 1463 555 1536 ipsam
581 1465 675 1519 lux
705 1465 868 1519 totius
898 1464 1085 1519 mundi
1106 1472 1265 1519 natus
1287 1475 1368 1519 est
1404 1465 1669 1519 Christus.
1721 1463 1857 1534 Quia
1900 1464 1980 1518 si-

375 1562 468 1608 cut
494 1570 592 1624 per
618 1555 749 1609 Evaa
776 1553 1276 1626 transgressionem
1317 1553 1373 1607 in
1401 1553 1644 1627 tenebris
1674 1562 1727 1608 et
1775 1553 1973 1608 umbra

375 1642 569 1696 mortis
595 1649 812 1698 asternaa
840 1643 1094 1697 damnata
1140 1649 1223 1696 est
1260 1642 1438 1697 omnis
1473 1649 1641 1710 terra,
1666 1643 1741 1696 ita
1787 1649 1840 1697 et
1880 1658 1981 1712 per

373 1730 568 1786 merita
596 1730 769 1786 beatae
791 1746 1117 1803 semperque
1156 1730 1386 1803 virginis
1413 1730 1600 1785 Mariae
1628 1738 1681 1785 et
1719 1746 1818 1801 per
1846 1723 2061 1800 par-B.

372 1826 490 1873 tum
538 1819 675 1888 ejus,
718 1819 969 1885 liberata,
996 1827 1049 1875 et
1089 1817 1447 1885 sanctiﬁcata,
1480 1827 1643 1890 atque
1674 1819 1981 1873 illuminata

375 1915 458 1963 est
478 1909 655 1963 omnis
710 1916 871 1962 terra.
931 1909 1227 1962 Nautarum
1256 1924 1374 1962 mos
1392 1915 1494 1973 est,
1528 1915 1605 1973 ut,
1640 1923 1762 1963 cum
1795 1907 1848 1961 in
1881 1907 1979 1962 ali-

375 2020 542 2076 quam
562 2013 768 2059 terram
788 2003 1057 2077 remigare
1088 2003 1395 2075 disponant,
1419 2020 1589 2058 unum
1618 2003 1841 2075 aliquod
1899 2004 1979 2057 si-

374 2102 482 2157 dus
504 2102 730 2174 eligunt,
745 2102 899 2171 cujus
930 2102 1089 2173 signo
1128 2102 1357 2173 luceque
1387 2102 1635 2157 radiante
1692 2102 1747 2156 in
1833 2117 1976 2169 eam,

376 2207 542 2264 quam
562 2190 896 2256 desiderant,
921 2198 1156 2261 partem,
1217 2191 1334 2245 sine
1367 2207 1554 2245 errore
1608 2190 1818 2261 possint
1873 2191 1978 2245 ad-

376 2280 522 2335 duci.
556 2280 670 2335 Hoc
701 2279 845 2333 idem
875 2279 931 2333 in
947 2286 1148 2334 sanctae
1170 2279 1354 2335 Maria:
1394 2279 1747 2335 observatum
1769 2286 1852 2334 est
1881 2295 1981 2334 no-

372 2368 539 2423 mine.
564 2367 704 2436 Quia
731 2368 887 2422 nobis
916 2368 972 2422 in
991 2367 1130 2422 mari
1159 2368 1320 2437 hujus
1349 2368 1538 2423 mundi
1593 2368 1978 2441 navigantibus

375 2457 546 2512 stella
574 2456 896 2525 mar'udicta
925 2465 1025 2511 est.
1059 2455 1379 2528 Quicunque
1409 2456 1553 2511 enim
1575 2456 1978 2511 ecclesiasticus

368 2553 533 2600 nauta
561 2546 748 2600 mundi
778 2545 939 2614 hujus
969 2545 1441 2616 pertubationibus
1490 2544 1855 2616 periclitatur,
1930 2545 1976 2598 si

368 2632 426 2688 in
465 2633 634 2689 stellae
660 2634 822 2703 hujus
851 2633 1049 2700 lucem,
1074 2635 1178 2689 hoc
1210 2641 1293 2689 est
1323 2634 1377 2687 in
1410 2633 1709 2700 Christum,
1751 2633 1821 2687 de
1856 2634 1976 2687 Ma-

370 2721 449 2776 ria
479 2722 693 2794 virgine
719 2730 924 2787 natum,
949 2730 1063 2776 tota
1090 2722 1289 2777 mentis
1318 2721 1615 2777 intentione
1652 2720 1974 2791 respexerit,

369 2818 424 2866 et
471 2810 528 2864 in
584 2825 650 2865 eo
717 2827 871 2881 spem
932 2809 1366 2877 suamdeﬁxerit,
1394 2818 1446 2865 et
1487 2810 1783 2865 verborum
1831 2808 1977 2863 illius

374 2899 861 2970 exemplorumque
890 2899 1145 2954 ducatum
1183 2907 1403 2953 secutus
1462 2896 1639 2967 fuerit,
1699 2896 1817 2952 sine
1866 2896 1976 2952 ullo

376 2986 667 3061 naufragio
698 2987 891 3045 salutis
920 2994 974 3042 et
1005 2986 1291 3057 dispendio
1323 2987 1392 3041 ad
1441 2994 1660 3057 portum
1689 2985 1974 3057 perveniet

2077 473 2195 514 cem
2224 466 2501 529 praecepta
2529 458 2669 531 legis
2690 466 2743 513 et
2772 475 2872 529 per
2902 467 3132 531 quatuor
3151 460 3455 531 Evangelia
3495 460 3684 517 salutis

2078 554 2278 601 nostrae
2297 546 2559 617 perfectio
2616 548 3041 604 demonstratur.
3090 548 3215 604 Sive
3268 549 3430 604 etiam
3491 549 3620 621 quia
3656 566 3683 606 a

2079 635 2255 690 tribus
2274 635 2459 689 mundi
2488 635 2754 706 partibus,
2789 636 2920 690 Asia
2947 636 3218 703 videhcet,
3261 636 3449 693 Africa
3469 645 3523 693 et
3580 637 3690 692 Eu-

2079 739 2234 794 rapa,
2267 721 2509 778 ﬁdelium
2537 739 2799 779 numerus
2827 724 3174 796 adimpletur.
3227 725 3432 782 Omnes
3504 726 3688 798 itaque

2078 812 2465 884 generationes
2494 813 2565 867 ab
2594 812 2874 867 Abraham
2898 829 3072 885 usque
3094 813 3164 869 ad
3193 814 3471 869 Christum
3510 831 3687 886 gene-

2077 900 2313 955 rationes
2334 901 2696 972 quadraginta
2722 901 2843 957 dute
2888 910 3011 956 sunt
3042 919 3056 956 :
3089 902 3219 974 quia
3275 901 3370 957 ﬁlii
3392 902 3563 957 Israel
3619 903 3689 957 ab

2078 990 2311 1061 Egypto
2342 989 2589 1060 profecti,
2623 991 2768 1062 quod
2804 991 3224 1046 huncmundum
3245 988 3518 1064 signiﬁcat
3576 991 3691 1047 sive

2079 1078 2353 1143 tenebras,
2396 1094 2496 1148 per
2515 1078 2874 1150 quadraginta
2885 1085 2939 1134 et
2958 1079 3096 1134 duas
3120 1079 3434 1136 mansiones
3486 1087 3691 1135 terram

2079 1166 2522 1236 repromissionis
2549 1167 2786 1238 ingressi
2807 1175 2950 1221 sunt.
2969 1167 3059 1223 Sic
3089 1184 3189 1237 per
3214 1168 3585 1240 quadraginta
3637 1175 3693 1224 et

2080 1254 2220 1309 duos
2248 1262 2434 1326 patres
2475 1255 2694 1311 advenit
2738 1256 2897 1311 nobis
2952 1255 3206 1312 liberatio
3260 1264 3315 1311 et
3386 1257 3690 1326 redemptio

2081 1351 2288 1397 nostra.
2324 1343 2450 1399 Sive
2490 1344 2656 1399 etiam
2740 1344 3209 1416 quadragenarius
3261 1344 3362 1399 iste
3429 1360 3692 1399 numerus

2082 1446 2299 1487 omnem
2359 1432 2482 1489 vitae
2518 1440 2719 1488 nostra;
2776 1432 3168 1504 perfectionem
3210 1432 3324 1487 vult
3365 1431 3684 1504 designare,

2079 1520 2174 1573 ubi
2194 1537 2294 1591 per
2324 1536 2526 1591 corpus
2557 1529 2610 1576 et
2637 1521 2871 1576 animam
2885 1521 3118 1577 vivimus
3148 1520 3251 1577 sub
3280 1520 3471 1576 labore
3500 1528 3556 1576 et
3601 1536 3695 1592 pe-

2082 1609 2255 1665 riculo
2287 1609 2668 1679 tentationum,
2694 1618 2978 1681 sperantes
3008 1609 3157 1682 quod
3185 1625 3294 1665 non
3311 1609 3585 1676 videmus,
3637 1617 3691 1665 et

2082 1714 2183 1769 per
2211 1698 2528 1768 patientiam
2570 1706 2922 1769 expectantes
2961 1713 3246 1769 quousque
3285 1698 3354 1753 ad
3370 1698 3706 1768 promissam

2081 1793 2299 1842 aeternae
2326 1785 2593 1842 felicitatis
2621 1787 2852 1857 patriam
2872 1786 3157 1857 pervenire
3185 1802 3518 1842 mereamur.

2151 1909 2392 1964 Audistis
2448 1917 2502 1965 et
2581 1909 2960 1977 intellexistis,
3011 1909 3395 1979 dilectissimi,
3455 1910 3688 1981 ,beatum

2082 1998 2324 2069 Moysem
2340 1998 2539 2053 librum
2560 1999 2852 2055 creationis
2882 1999 3075 2055 cmliet
3120 2005 3282 2055 terrae
3327 1999 3691 2071 omniumque

2079 2086 2496 2155 elementorum,
2524 2088 2819 2142 visibilium
2849 2095 2902 2143 et
2940 2087 3311 2154 invisibilium,
3375 2096 3539 2160 atque
3600 2095 3689 2143 to-

2079 2177 2186 2231 tius
2231 2176 2417 2230 mundi
2462 2176 2832 2232 conditionem
2876 2177 2946 2231 ab
3009 2176 3160 2231 initio
3237 2177 3643 2232 describentem
3673 2219 3689 2243 ,

2080 2265 2245 2320 etiam
2273 2273 2325 2320 et
2353 2265 2586 2335 perituri
2615 2265 2852 2320 hominis
2883 2266 3149 2334 jacturam
3177 2265 3245 2320 de
3274 2265 3533 2336 paradiso
3592 2284 3608 2331 ;
3642 2273 3696 2320 et

2075 2354 2131 2408 in
2160 2354 2353 2408 eadem
2384 2353 2735 2409 similitudine
2758 2354 3075 2409 Matthaeum
3103 2354 3499 2426 evangelistam
3518 2353 3687 2409 etiam

2079 2444 2240 2497 totius
2294 2442 2488 2497 mundi
2566 2442 3019 2498 restaurationem
3065 2442 3124 2498 in
3173 2442 3411 2508 Christo,
3461 2443 3606 2498 sicut
3659 2458 3693 2497 a

2078 2531 2279 2586 sanctis
2332 2531 2586 2586 Patribus
2640 2532 2990 2602 pronuntiata
3050 2531 3137 2588 vel
3183 2529 3413 2604 ﬁgurata
3481 2530 3681 2596 fuerat,

2077 2620 2310 2690 pleniter
2338 2635 2463 2675 esse
2492 2618 2789 2690 perfectam
2804 2620 3112 2676 audivimus
3134 2618 3516 2690 descripsisse.
3564 2620 3689 2675 Non

2076 2708 2348 2771 immerito
2404 2708 2573 2779 igitur
2600 2708 2791 2764 beatus
2836 2708 3120 2764 Matthazus
3150 2708 3433 2778 apostolus
3479 2708 3691 2779 pariter

2076 2804 2131 2853 et
2160 2797 2493 2870 evangelista
2549 2804 2825 2852 tantorum
2882 2798 3102 2852 Patrum
3160 2796 3361 2851 seriem
3390 2797 3447 2851 in
3490 2796 3688 2852 Christi

2076 2885 2355 2940 nativitate
2384 2894 2643 2953 texuerat,
2676 2886 2805 2957 quia
2824 2885 2879 2940 in
2909 2885 2993 2940 his
3040 2885 3295 2940 omnibus
3348 2900 3448 2955 per
3517 2885 3691 2956 Spiri-

2077 2981 2191 3029 tum
2221 2982 2469 3030 sanctum
2497 2974 2819 3045 mysterium
2846 2981 3050 3030 nostra
3078 2974 3267 3029 salutis
3284 2971 3530 3047 jﬁgurari
3598 2990 3697 3030 co-

371 3077 498 3132 vitm
527 3084 763 3142 aeternae,
797 3075 917 3146 ipso
964 3074 1180 3129 Christo
1212 3075 1426 3131 dicente
1474 3090 1487 3129 :
1522 3077 1626 3146 Ego
1681 3091 1811 3130 sum
1866 3075 1972 3129 lux
2001 3078 2050 3139 ί]
2074 3062 2282 3135 gnovit.
2315 3070 2369 3118 et
2399 3062 2523 3134 quia
2555 3063 3013 3145 8111311111889er
3041 3063 3098 3117 in
3118 3078 3178 3118 se
3209 3062 3427 3117 Domini
3495 3062 3689 3118 Salva-

373 3163 577 3219 mundt
600 3164 731 3235 :qui
749 3164 1008 3235 sequitur
1036 3178 1143 3227 me,
1167 3178 1283 3218 non
1312 3162 1566 3218 ambulat
1614 3164 1677 3218 in
1708 3163 1974 3229 tenebris,

372 3252 472 3308 sed
494 3251 713 3307 habebit
734 3252 927 3306 lumen
958 3252 1088 3306 vitm
1108 3254 1354 3306 ceterum.
1373 3251 1613 3307 Domina
1633 3266 1763 3307 vero
1780 3266 1878 3307 cur
1910 3250 1979 3306 sit

374 3347 666 3416 nominata,
702 3347 1080 3418 explanatione
1100 3363 1209 3403 non
1240 3348 1466 3421 indiget,
1503 3365 1623 3420 quae
1685 3348 1977 3404 Dominum

368 3437 580 3508 peperit
629 3437 990 3492 Salvatorem.
1050 3437 1263 3492 Revera
1339 3436 1534 3492 etenim
1592 3445 1767 3492 mater
1828 3436 1977 3509 regis

374 3525 574 3581 Christi
604 3541 855 3597 regnum,
890 3525 1100 3598 regina,
1132 3533 1306 3580 mater
1336 3526 1549 3581 Domini
1594 3526 1966 3591 dominorum,

372 3614 601 3669 domina
629 3612 815 3668 debuit
842 3614 1165 3684 nuncupari,
1200 3630 1298 3684 per
1320 3630 1482 3684 quam
1500 3614 1686 3670 lumen
1732 3613 1861 3669 ﬁdei
1919 3608 1972 3669 et

370 3702 570 3758 divina:
591 3702 780 3775 gratia:
791 3702 1118 3773 accipientes
1130 3702 1398 3759 ducamur
1408 3703 1480 3757 ad
1506 3701 1836 3758 ineffabilem
1868 3703 1968 3758 Dei

371 3790 759 3862 omnipotentis
788 3789 1075 3857 visionem,
1135 3791 1309 3862 inqua
1354 3791 1678 3863 gaudentes,
1719 3791 1788 3845 ab
1829 3788 1979 3845 omni

372 3879 592 3935 tristitia
611 3878 797 3934 saeculi
819 3879 1054 3945 liberati,
1105 3879 1162 3933 in
1225 3888 1423 3934 aeterna
1488 3878 1821 3934 beatitudine
1879 3895 1972 3934 re-

368 3984 539 4041 gnare
570 3983 695 4022 cum
724 3966 937 4022 Christo
964 3983 1298 4023 mereamur.

442 4091 702 4146 Decursis
733 4091 902 4164 igitur
922 4091 1221 4163 generibus
1250 4107 1471 4146 rursum
1497 4091 1782 4146 Mattbaaus
1812 4105 1975 4146 reca-

368 4178 576 4250 pitulat,
600 4178 810 4235 dicens:
845 4179 920 4234 Ab
942 4180 1222 4235 Abraham
1259 4196 1434 4253 usque
1450 4179 1522 4235 ad
1549 4179 1726 4235 David
1741 4194 1981 4252 genera-

370 4267 546 4323 tiones
575 4268 1020 4340 quatuordecim.
1054 4268 1165 4322 Cur
1184 4267 1367 4339 itaque
1390 4285 1490 4338 per
1504 4275 1618 4323 tres
1639 4268 1863 4323 ordines
1899 4275 1980 4323 ter

365 4355 682 4427 suntpositi,
713 4356 819 4410 nisi
849 4357 998 4427 quod
1029 4356 1190 4410 trium
1236 4356 1505 4411 seminum
1560 4356 1760 4423 ordini,
1803 4356 1975 4412 trice-

2077 3151 2212 3206 toris
2240 3152 2413 3206 nostri
2450 3160 2637 3222 typum
2666 3140 2913 3224 gerebat,
2940 3159 2993 3206 et
3022 3151 3152 3223 quia
3177 3151 3297 3222 ipse
3318 3150 3586 3206 Dominus
3626 3159 3682 3206 et

2078 3239 2331 3295 Salvator
2358 3248 2545 3302 noster
2573 3241 2768 3295 horum
2797 3239 3041 3295 omnium
3068 3240 3126 3294 in
3153 3239 3449 3310 semetipso
3522 3254 3691 3311 repa-

2076 3328 2304 3384 rationis
2332 3337 2531 3384 nostra:
2588 3328 2880 3400 complevit
2936 3327 3192 3385 cilicium.
3238 3328 3360 3399 Ipse
3417 3327 3563 3383 enim
3632 3328 3690 3382 in

2075 3417 2400 3487 patriarchis
2454 3417 2787 3488 patriarcha,
2846 3417 2902 3471 in
2946 3416 3229 3488 prophetis
3279 3417 3569 3487 propheta,
3632 3416 3689 3471 in

2076 3505 2452 3561 sacerdotibus
2481 3506 2761 3573 sacerdos,
2784 3506 2840 3559 in
2861 3505 3139 3576 judicibus
3173 3505 3361 3576 judex,
3397 3505 3539 3560 sicut
3589 3520 3690 3560 su-

2076 3594 2261 3666 perius
2292 3596 2424 3649 satis
2453 3595 2733 3651 evidenter
2753 3594 3182 3668 congruentibus
3214 3592 3539 3650 testimoniis
3590 3593 3692 3650 de-

2078 3684 2335 3739 claratur.

2146 3809 2262 3863 Nos
2283 3824 2499 3880 quoque
2515 3823 2728 3864 summa
2764 3807 2884 3863 haec
2939 3806 3222 3879 diligentia
3287 3812 3685 3876 pertractantes

2076 3896 2383 3968 intelligere
2442 3896 2726 3967 debemus,
2768 3896 2897 3968 quia
2950 3896 3172 3952 easdem
3218 3894 3698 3965 interpretationes

2077 3984 2318 4039 omnium
2348 3993 2509 4057 atque
2537 3984 2766 4059 ﬁguras,
2800 4001 2935 4057 quas
2949 4000 3046 4055 pro
3074 3991 3258 4039 nostra
3287 3983 3535 4039 omnium
3596 3997 3689 4038 re-

2076 4073 2390 4144 demptione
2433 4080 2486 4129 et
2532 4074 2708 4129 salute
2763 4073 2817 4127 in
2853 4072 3147 4145 semetipso
3175 4072 3422 4127 Christus
3442 4071 3500 4127 in
3535 4070 3687 4126 veri-

2077 4170 2187 4218 tate
2218 4162 2529 4232 complevit,
2562 4162 2695 4217 suis-
2715 4161 2998 4233 discipulis
3037 4169 3090 4217 et
3118 4161 3532 4216 successoribus
3601 4174 3692 4214 eo-

2078 4267 2197 4305 rum
2217 4250 2471 4305 imitanda
2498 4250 2733 4322 reliquit.
2768 4250 3006 4322 Ideoque
3043 4263 3383 4320 magnopere
3441 4263 3688 4320 pensan-

2077 4349 2208 4404 dum
2261 4356 2344 4403 est
2390 4348 2567 4416 nobis,
2637 4347 2996 4417 dilectissimi,
3028 4362 3340 4420 magnaque
3394 4345 3688 4403 formidine

366 4443 505 4499 simo
542 4444 770 4509 scilicet,
795 4445 1157 4516 sexagesimo,
1192 4453 1245 4499 et
1275 4445 1573 4500 centesimo
1597 4453 1710 4499 tres
1730 4444 1821 4499 isti
1866 4460 1971 4515 ge-
1992 4434 2045 4495 D
2078 4444 2447 4518 cogitandum,
2484 4445 2610 4517 quia
2648 4461 2768 4510 nos,
2831 4444 2924 4516 qui
2958 4443 3149 4501 vicarii
3203 4452 3257 4501 et
3327 4457 3685 4500 successores

369 4532 709 4587 nerationum
741 4533 966 4587 ordines
986 4533 1360 4589 conveniunt?
1409 4533 1737 4589 Tricesimus
1768 4532 1969 4605 quippe

340 4621 521 4685 ’ordo,
583 4621 676 4692 qui
742 4621 1049 4693 conjugatis
1134 4619 1385 4676 ﬁdelibus
1460 4622 1771 4693 deputatur,
1830 4622 1970 4677 bene

369 4717 646 4773 Abraham
676 4718 1051 4789 congruit,qui
1079 4716 1226 4773 ﬁdeli
1247 4718 1523 4774 connubio
1580 4720 1737 4775 Isaac
1793 4716 1967 4773 ﬁlium

364 4814 506 4873 sunt,
542 4822 705 4877 quem
724 4806 778 4861 in
809 4804 1045 4879 ﬁguram
1085 4807 1285 4863 Christi
1316 4806 1548 4862 Domino
1572 4807 1810 4862 hostiam
1867 4808 1967 4863 ob-

366 4895 504 4960 tulit,
538 4895 807 4951 scribitur
822 4895 1103 4969 genuisse.
1138 4895 1421 4952 Secundus
1442 4894 1608 4951 etiam
1664 4895 1822 4962 ordo,
1874 4896 1966 4968 qui

363 4982 542 5037 viduis
572 4983 882 5053 deputatur,
918 4983 1058 5038 bene
1104 5000 1276 5055 usque
1314 4984 1383 5039 ad
1431 4983 1966 5056 transmigrationem

362 5069 654 5140 Babylonis
682 5071 932 5126 ducitur:
968 5087 1075 5142 quo
1104 5079 1349 5142 tempore
1374 5072 1532 5145 regia
1575 5073 1743 5144 stirps
1789 5072 1967 5146 regali

363 5156 584 5213 viduata
611 5166 694 5212 est
731 5158 1012 5229 dignitate.
1054 5160 1270 5215 Tertius
1308 5160 1435 5215 inde
1480 5161 1620 5216 ordo
1662 5177 1836 5233 usque
1895 5160 1966 5216 ad

366 5245 593 5302 Mariam
615 5245 904 5318 virginem,
927 5254 981 5302 et
1008 5247 1081 5302 ad
1125 5248 1305 5318 ipsum
1330 5256 1489 5319 caput
1539 5249 1816 5323 virginum
1858 5265 1965 5304 nu—

358 5342 624 5403 meratur,
700 5334 827 5405 quia
849 5336 1129 5391 centesimi
1140 5335 1474 5407 perfectione
1513 5338 1723 5394 numeri
1760 5353 1967 5395 corona

365 5424 642 5497 virginum
673 5423 1010 5496 designatur.
1057 5423 1182 5479 Sive
1242 5425 1403 5480 etiam
1432 5427 1560 5497 quia
1608 5443 1707 5497 per
1763 5436 1965 5482 sanctas

361 5512 639 5568 Trinitatis
679 5511 1103 5577 confessionem,
1136 5520 1298 5584 atque
1359 5530 1459 5583 per
1524 5514 1965 5571 observationem

362 5609 503 5665 Novi
530 5618 586 5664 et
603 5610 816 5667 Veteris
835 5609 1169 5665 Testamenti
1199 5608 1390 5665 ﬁdeles
1422 5610 1623 5682 quique
1665 5612 1961 5680 salvantur,

2067 4539 2185 4597 ﬁeri
2202 4541 2487 4596 beatorum
2511 4541 2881 4612 apostolorum
2909 4549 3072 4614 atque
3101 4549 3412 4598 sanctorum
3450 4542 3673 4598 Patrum

2066 4635 2342 4692 constituti
2370 4652 2578 4703 sumus,
2628 4652 2695 4692 ea
2749 4652 2873 4709 quae
2928 4637 3047 4709 ipse
3087 4637 3350 4692 Dominus
3384 4637 3675 4708 discipulis

2067 4734 2181 4789 suis
2210 4733 2266 4787 in
2287 4733 2592 4804 exemplum
2608 4734 2901 4800 concessit,
2950 4734 3115 4790 etiam
3172 4749 3273 4790 nos
3303 4733 3349 4788 si
3387 4734 3461 4790 ad
3515 4741 3686 4790 mter-

2065 4845 2195 4885 nam
2223 4830 2386 4887 vitam
2416 4830 2703 4902 pervenire
2731 4831 2999 4902 cupimus,
3053 4839 3319 4903 quantum
3397 4833 3682 4903 possimus

2064 4927 2185 4999 ipso
2228 4926 2459 4982 Domino
2525 4926 2833 4993 auxiliante,
2886 4927 3088 4982 imitari
3136 4927 3420 4983 debemus.
3479 4928 3684 5001 Magna

2066 5032 2190 5079 sunt
2218 5024 2364 5081 enim
2393 5025 2529 5092 haec,
2565 5023 2812 5093 fratres;
2870 5025 2969 5080 sed
3027 5032 3231 5097 quanto
3278 5026 3493 5095 majora
3556 5035 3680 5081 sunt

2066 5132 2378 5195 quantoque
2433 5123 2671 5194 pluriora
2736 5138 2857 5194 qua:
2927 5122 3128 5178 imitari
3180 5123 3444 5180 debemus
3469 5168 3483 5190 ,
3530 5131 3681 5180 tanto

2065 5222 2272 5292 majora
2291 5230 2345 5277 et
2373 5221 2613 5279 feliciora
2646 5221 2808 5277 nobis
2843 5223 3115 5299 speranda
3161 5231 3285 5278 sunt
3339 5240 3589 5294 premis.
3639 5227 3687 5282 si

2064 5317 2295 5375 ﬁdeliter
2316 5335 2378 5374 ea
2407 5335 2529 5390 quae
2548 5319 2842 5375 commissa
2873 5328 3019 5385 sunt,
3052 5335 3164 5374 non
3191 5327 3392 5375 nostrae
3473 5327 3685 5375 tantum

2064 5416 2251 5472 salutis
2279 5432 2425 5487 cura,
2449 5417 2547 5472 sed
2577 5433 2769 5473 eorum
2791 5416 2884 5489 qui
2931 5417 3092 5472 nobis
3148 5417 3217 5473 ad
3276 5417 3683 5489 providendum

2066 5513 2261 5582 subjeti
2299 5522 2440 5580 sunt,
2509 5514 2800 5570 observare
2856 5522 2911 5570 et
2966 5513 3273 5585 adimplere
3340 5513 3683 5579 studeamus,

2068 5608 2376 5679 cOgitantes
2430 5608 2565 5664 illud
2596 5610 2844 5682 Apostoli
2891 5627 2904 5665 :
2961 5611 3066 5680 Qui
3090 5610 3225 5683 plus
3270 5609 3505 5676 laborat,
3556 5611 3690 5686 plus
