4002 6184
236 227 337 282 861

1279 215 1657 274 EXPOSITIO
1690 216 1762 270 IN
1795 213 2129 285 QUATUOR
2158 212 2587 270 EVANGELIA.

3448 217 3552 272 862

245 346 522 404 mercedis
552 346 808 417 accipiet.
849 343 918 399 Et
961 343 1080 414 ipse
1129 341 1392 397 Dominus
1438 341 1492 395 in
1539 340 1839 413 Evangelio
1870 343 1925 402 A
1947 340 2192 395 Christus
2223 339 2380 394 nobis
2411 345 2677 409 praestare
2707 337 2980 409 dignetur,
3011 337 3103 410 qui
3133 353 3254 392 cum
3303 338 3420 394 Deo
3456 340 3558 393 Pa-
3617 393 3628 403 ,

251 437 329 492 ait
349 453 361 490 :
387 435 490 505 Qui
507 438 700 489 autem
731 434 794 488 in
803 434 1100 504 praeceptis
1120 433 1260 486 meis
1286 432 1730 502 perseveraverit
1750 445 1851 485 us-

253 541 359 599 que
380 525 443 580 in
466 523 662 593 ﬁnem,
687 522 777 578 hic
807 522 999 578 salvus
1027 522 1157 576 erit.
1193 517 1354 588 Quod
1398 526 1482 573 est
1525 518 1642 589 ipse
1688 519 1847 572 Jesus

1953 437 2033 483 tre
2065 436 2118 483 et
2148 427 2353 498 Spiritu
2385 435 2572 482 sancto
2604 427 2734 482 vivit
2765 435 2817 482 et
2845 435 3035 496 regnat
3065 428 3212 481 Deus
3244 443 3344 497 per
3374 427 3554 482 omnia

1952 516 2168 572 saecula.
2209 520 2385 571 Amen
2413 525 2457 572 ⁸.

295 681 314 705 ι
344 677 400 720 tn
427 673 587 719 altam
617 671 790 719 codice
811 671 920 717 hate
949 669 1174 717 clausula
1196 668 1439 715 habetur:
1471 675 1561 714 Per
1585 677 1696 714 eum
1720 666 1810 725 qui
1827 666 1955 712 uiuit
1993 668 2038 711 et
2056 668 2241 724 regnat
2263 672 2386 711 Deus
2405 676 2500 725 per
2520 665 2734 721 inﬁnita
2749 664 2942 712 sarcula
2966 665 3289 713 saeculorum.
3308 671 3480 712 Amen.

1133 992 2086 1128 WALAFRIDI
2205 991 2813 1125 STRABI

1533 1235 1922 1292 FULDENSIS
1959 1234 2281 1290 MONACHI

435 1340 1257 1536 EXPOSITIO
1338 1424 1506 1532 IN
1571 1418 2336 1553 QUATUOR
2419 1419 3389 1533 EVANGELIA.

1487 1722 1884 1780 ADMONITIO
1913 1721 2339 1778 ΜΑΒΤΙΛΝίΕΙ.

1389 1849 1580 1922 (Opp.,
1633 1848 1688 1903 S.
1742 1846 2077 1918 Hieronymi.
2135 1854 2266 1900 tom.
2328 1845 2421 1916 V.)

327 2081 714 2155 commaticam
742 2080 795 2155 in
849 2088 1082 2152 quatuor
1138 2077 1455 2155 Evangelia
1492 2077 1884 2155 expositionem
1942 2073 2260 2155 rep_eri_in'
2287 2072 2571 2155 codicibus
2619 2077 3007 2155 manuscriptis
3064 2077 3554 2155 fal_so__ascriptam

252 2149 606 2224 Hieronymo,
664 2147 1710 2224 tantisquescatentem'barbarismis
1751 2147 2314 2224 atquensoltncismis,
2377 2153 2436 2224 ut
2495 2147 2716 2224 omnino
2775 2149 3048 2224 videretur
3098 2150 3356 2224 indigna
3409 2147 3563 2222 'quae

293 2216 501 2279 rodirét
531 2216 789 2278 in'lucem
824 2216 968 2276 z'sed
999 2237 1123 2276 cum
1153 2221 1460 2289 hujusmodi
1490 2235 1523 2274 o
1564 2219 1747 2273 uscula
1776 2216 1882 2272 non
1913 2218 2238 2287 displiceant
2267 2216 2540 2280 omnibus,
2603 2218 2690 2272 hic
2747 2235 2873 2273 cum
2931 2220 3050 2273 aliis
3094 2220 3150 2274 id
3202 2216 3380 2292 genus
3437 2216 3558 2276 eam

293 2295 667 2346 :xnositionem
696 2294 861 2346 edere
889 2293 1055 2346 volui.
1087 2292 1318 2346 maxime
1349 2291 1492 2346 auod
1525 2237 1752 2346 gtrabus
1783 2289 2067 2343 Fuldensis
2099 2296 2284 2341 auctor
2314 2302 2437 2340 esse
2468 2289 2704 2346 potuerit
2737 2290 2894 2346 huius
2942 2291 3344 2346 Commentarii.
3399 2310 3558 2346 auem

303 2295 667 2371 xpositionem
686 2294 861 2371 edere
889 2293 1055 2371 volui,
1082 2292 1329 2371 maxime
1349 2291 1492 2371 quod

1566 2291 1752 2372 trabus
1783 2289 2067 2372 Fuldensis
2099 2296 2284 2341 auctor
2314 2302 2437 2340 esse
2468 2289 2704 2372 potuerit
2737 2290 2894 2357 hujus
2942 2289 3344 2372 Gemmentarii,
3399 2310 3562 2372 quem

251 2359 446 2437 postea
464 2364 902 2437 imperitissimus
929 2363 1124 2437 aliquis
1153 2359 1506 2437 descripserit
1537 2377 1661 2437 cum
1691 2361 1824 2414 silva
1854 2359 2316 2437 barbarismorum
2347 2372 2409 2410 ac
2457 2359 2918 2437 solmcismorum.
2981 2360 3373 2437 Qualecunque
3417 2359 3558 2418 illud

254 2428 356 2504 cst,
389 2453 455 2491 ex
485 2428 704 2505 antiquo
731 2436 920 2505 codice
952 2428 1320 2489 Gemeticensi
1335 2428 1729 2505 transcriptum
1773 2429 2123 2505 opusculum,
2186 2428 2540 2499 typographis
2600 2430 2802 2505 nostris
2855 2431 3129 2505 edendum
3184 2428 3406 2505 tradidi_
3437 2449 3560 2488 cum

252 2500 366 2562 suis
396 2523 536 2577 pene
566 2500 833 2560 universis
867 2504 1028 2559 vitiis.
1061 2506 1250 2577 Neque
1279 2518 1410 2558 vero
1441 2500 1668 2575 dignum
1688 2501 1930 2570 judicavi
1960 2501 2106 2572 quod
2138 2513 2291 2553 more
2320 2506 2510 2552 nostro
2544 2500 2916 2573 castigaretur,
2951 2509 3003 2556 et
3032 2502 3086 2555 in
3118 2517 3183 2557 eo
3215 2502 3560 2563 emendando

255 2575 495 2650 tempus,
529 2578 707 2633 oleum
735 2591 1064 2647 cperamque
1093 2575 1404 2646 perderem.

1705 2811 2074 2902 INCIPIT

814 3011 1467 3111 EXPOSITIO
1546 3011 2134 3128 QUATUOR
2208 3011 3181 3110 EVANGELIORUM

330 3347 571 3404 Primum
612 3344 962 3419 quaerendum
993 3351 1077 3400 est
1119 3343 1361 3399 omnium
1404 3344 1670 3399 librorum
1715 3351 1858 3398 tem-
1879 3345 1932 3404 B
1962 3344 2125 3399 homo
2153 3345 2416 3412 nascitur,
2449 3345 2524 3400 ita
2550 3361 2648 3415 per
2677 3353 2912 3416 quatuor
2956 3347 3322 3419 evangelistas
3371 3365 3562 3406 omnes

258 3454 363 3510 pus
396 3455 412 3501 ;
441 3437 620 3492 locum
650 3454 666 3502 ;
696 3449 964 3506 persona;
997 3440 1050 3488 et
1091 3448 1259 3504 quare
1300 3448 1407 3487 non
1450 3433 1518 3487 de
1569 3432 1854 3488 duodecim

261 3525 558 3596 Evangelia
609 3523 939 3594 recipiantur
1021 3522 1125 3576 nisi
1199 3529 1425 3593 quatuor
1479 3538 1491 3574 :
1553 3521 1679 3591 quia
1719 3528 1861 3575 totus

261 3614 494 3668 mundus
550 3629 617 3668 ex
674 3619 900 3683 quatuor
941 3610 1225 3666 elementis
1282 3617 1382 3677 est,
1443 3608 1499 3663 id
1569 3618 1650 3663 est
1720 3608 1860 3664 caelo

263 3711 427 3759 terra.
459 3701 608 3774 igne,
643 3715 800 3772 aqua.
835 3701 935 3755 Per
974 3699 1170 3754 cmlum
1212 3698 1452 3754 Joannes
1493 3697 1797 3752 ostenditur
1843 3715 1857 3751 :

263 3791 387 3862 quia
417 3790 554 3845 sicut
583 3789 779 3844 cmlum
808 3788 993 3844 omnia
1024 3795 1267 3857 superat,
1301 3787 1372 3841 ita
1403 3795 1456 3842 et
1497 3786 1736 3841 Joannes
1771 3785 1863 3857 qui

261 3878 396 3933 dixit
430 3896 442 3932 :
477 3879 542 3932 In
567 3878 850 3950 principio
893 3880 1018 3932 erat
1071 3877 1300 3932 Verbum
1339 3895 1357 3929 :
1403 3876 1508 3930 Per
1555 3875 1861 3930 Matthaaum

261 3975 408 4022 terra
427 3984 440 4020 :
459 3965 551 4038 qui
565 3965 697 4020 dixit
720 3982 734 4018 :
754 3965 912 4020 Liber
931 3966 1314 4036 generationis
1325 3965 1456 4020 Iesu
1471 3963 1682 4019 Christi
1699 3983 1716 4031 ;
1763 3964 1866 4017 Per

260 4057 460 4111 Lucam
491 4054 655 4125 ignis,
687 4053 775 4127 qui
807 4053 942 4107 dixit
976 4070 990 4106 :
1015 4053 1209 4108 Nonne
1238 4069 1334 4109 cor
1355 4054 1481 4124 jam
1511 4051 1718 4107 ardens
1739 4056 1864 4107 erat

259 4146 325 4199 in
354 4143 530 4211 nobis,
566 4143 668 4196 Per
695 4141 936 4196 Marcum
965 4157 1122 4212 aqua,
1156 4141 1248 4212 qui
1276 4140 1442 4195 dixit:
1469 4142 1579 4197 Vox
1599 4142 1864 4196 claman-

264 4232 340 4286 tis
371 4232 436 4286 in
465 4231 704 4286 deserto.
739 4229 798 4283 Id
828 4237 930 4298 est,
965 4236 1192 4300 quatuor
1220 4228 1442 4283 ﬂumina
1472 4228 1539 4283 de
1566 4243 1674 4284 uno
1718 4227 1866 4283 fonte

262 4327 492 4391 quatuor
559 4317 944 4391 evangelistas,
995 4316 1282 4390 signiﬁcat,
1331 4317 1388 4372 id
1429 4324 1512 4371 est
1571 4316 1862 4371 Christum.

261 4408 448 4475 Fison,
481 4406 810 4475 insufﬂictio,
856 4404 1123 4477 signiﬁcat
1159 4407 1458 4472 Joannem;
1504 4404 1677 4474 Geon,
1711 4405 1867 4460 velo-

260 4496 419 4562 citas,
454 4494 717 4567 signiﬁcat
758 4495 1068 4550 Matthaeum
1103 4512 1117 4560 ;
1148 4494 1347 4566 Tigris,
1395 4493 1641 4557 felicitas,
1690 4493 1867 4564 signi-

256 4583 384 4640 ﬁcat
411 4585 669 4640 Marcum.
705 4583 976 4653 Eufrates,
1011 4583 1280 4650 fertilitas,
1308 4580 1582 4654 signiﬁcat
1627 4583 1865 4647 Lucam;

1959 3432 2025 3486 ad
2053 3432 2218 3487 ﬁdem
2248 3434 2486 3487 veniunt.
2522 3435 2654 3488 Item
2703 3436 2843 3488 Arca
2883 3435 3002 3506 Noe
3050 3437 3314 3506 quadrata
3363 3439 3564 3512 legitur

1960 3537 2027 3576 ex
2072 3521 2239 3593 lignis
2289 3521 2443 3586 facta,
2497 3520 2782 3592 longitudo
2842 3530 3201 3578 trecentorum
3259 3527 3560 3582 cubitorum

1961 3618 2012 3664 et
2039 3609 2268 3663 latitudo
2297 3609 2476 3675 unius,
2511 3609 2736 3663 altitudo
2760 3609 2983 3682 triginta
3013 3620 3188 3667 etuno
3226 3613 3407 3670 cubito
3436 3632 3566 3671 con-

1962 3705 2246 3766 summata,
2281 3695 2546 3768 signiﬁcat
2575 3697 2876 3753 Ecclesiam
2909 3717 2923 3765 ;
2975 3715 3071 3769 per
3112 3709 3342 3772 quatuor
3389 3719 3561 3758 evan-

1960 3786 2184 3858 gelistas
2225 3785 2505 3857 longitudo
2549 3802 2675 3856 spes
2722 3786 2841 3842 vitae
2901 3795 3140 3853 aeternae,
3185 3789 3410 3846 latitudo
3427 3793 3563 3847 cha-

1961 3875 2115 3940 ritas,
2149 3873 2370 3929 altitudo
2399 3873 2534 3929 ﬁdes
2581 3874 2854 3929 Trinitatis
2898 3892 3064 3930 unum
3107 3877 3346 3932 cubitum
3396 3896 3564 3934 unum

1966 3962 2256 4018 Dominum
2288 3962 2490 4018 colere.
2523 3962 2787 4017 Bitumina
2816 3964 2957 4018 intus
2989 3973 3041 4020 et
3072 3964 3202 4020 foris
3249 3966 3564 4023 charitatem

1964 4051 2063 4106 Dei
2094 4059 2146 4106 et
2175 4051 2407 4121 proximi
2438 4050 2724 4122 signiﬁcat.
2759 4052 2892 4106 Item
2936 4068 3066 4108 arca
3113 4056 3416 4111 testamenti
3472 4057 3567 4112 ubi

1964 4147 2121 4195 erant
2149 4141 2271 4194 duae
2323 4139 2522 4194 tabulae
2548 4139 2776 4210 lapideae
2793 4149 2845 4196 et
2890 4142 3044 4214 virga
3087 4145 3288 4213 Aaron,
3340 4153 3569 4216 quatuor

1964 4227 2180 4283 circulis
2223 4227 2400 4282 aureis
2449 4228 2786 4299 portabatur,
2838 4239 2890 4284 et
2937 4239 3120 4286 vectes
3164 4248 3228 4287 ex
3267 4249 3400 4289 auro
3463 4249 3562 4289 co-

1965 4316 2142 4386 operti
2171 4324 2403 4387 quatuor
2433 4317 2794 4388 evangeltstas
2823 4317 3130 4391 signiﬁcant
3155 4339 3167 4385 ;
3200 4335 3332 4375 arca
3373 4321 3565 4378 Eccle-

1967 4405 2122 4474 siam,
2156 4412 2342 4460 vectes
2372 4405 2648 4472 doctores,
2681 4406 2818 4461 sicut
2847 4407 2924 4460 illi
2954 4407 3272 4463 circumdati
3299 4417 3451 4463 erant
3493 4410 3562 4464 ab

1965 4493 2198 4560 annulis,
2228 4493 2302 4548 ita
2331 4494 2647 4549 sacerdotes
2673 4495 2741 4548 de
2768 4495 2951 4550 Veteri
2973 4503 3024 4550 et
3043 4496 3200 4551 Novo
3221 4498 3563 4554 Testamento

1967 4582 2131 4647 docti,
2184 4589 2414 4653 quatuor
2483 4582 2833 4653 evangelista:
2880 4590 3097 4653 portant
3141 4585 3446 4640 Ecclesiam
3493 4587 3564 4641 ab

257 4672 489 4744 irrigant
518 4672 796 4738 mundum,
846 4671 902 4726 id
947 4678 1031 4726 est
1078 4670 1378 4726 Ecclesiam
1412 4689 1425 4725 ε
1479 4678 1532 4725 et
1559 4669 1868 4742 signiﬁcant
1895 4700 1944 4762 Ο
1968 4669 2165 4726 haeresi
2195 4669 2538 4725 defendendo
2563 4689 2577 4737 ;
2609 4687 2706 4740 per
2732 4671 2942 4741 virgam
2971 4687 3104 4726 crux
3133 4674 3434 4728 ostenditur
3463 4693 3477 4741 ;
3511 4683 3565 4730 et

259 4768 498 4832 quatuor
538 4760 766 4814 virtutes
812 4777 825 4813 :
877 4760 937 4814 Id
981 4767 1065 4814 est
1121 4759 1482 4830 prudentiam,
1548 4767 1864 4841 temperan-

259 4850 412 4916 tiam,
458 4847 845 4914 fortitudinem,
891 4855 946 4902 et
981 4848 1236 4917 justitiam
1285 4856 1371 4903 :et
1387 4848 1525 4904 sicut
1553 4848 1866 4918 paradisum

259 4937 498 5010 irrigant
543 4944 770 5008 quatuor
811 4935 1052 5005 flumina,
1101 4937 1178 4991 sic
1224 4943 1278 4991 et
1324 4952 1422 4991 cor
1469 4943 1695 4991 nostrun
1765 4937 1866 4990 has

259 5033 497 5098 quatuor
539 5025 762 5080 virtutes
809 5033 862 5080 et
906 5027 1068 5080 homo
1139 5041 1204 5080 ex
1270 5032 1500 5096 quatuor
1581 5024 1865 5081 elementis

253 5113 541 5180 consistit;
572 5129 638 5169 ex
668 5129 814 5179 aere,
849 5113 998 5186 igne,
1033 5121 1086 5168 et
1115 5128 1272 5184 aqua,
1309 5121 1362 5168 et
1405 5120 1572 5168 terra.
1604 5115 1686 5167 Ex
1736 5127 1865 5168 aere

256 5202 465 5256 ﬂatus:
497 5201 625 5274 igne
655 5202 900 5275 sanguis,
939 5217 1082 5273 aqua
1124 5201 1356 5268 ﬂamma,
1406 5209 1548 5256 terra
1595 5217 1794 5272 corpus
1847 5219 1860 5255 :

251 5307 354 5363 per
381 5298 544 5360 caput
574 5290 788 5357 ccelum,
822 5291 915 5344 ubi
947 5299 1071 5344 sunt
1115 5290 1223 5344 duo
1268 5289 1552 5344 luminaria
1587 5309 1600 5356 ;
1650 5298 1859 5360 pectus,

252 5395 386 5445 aer;
419 5387 610 5434 venter
637 5395 866 5450 aquam;
911 5379 1082 5450 pedes
1128 5387 1348 5434 terram.
1399 5380 1550 5448 Item,
1597 5379 1773 5433 Adam
1831 5394 1860 5431 a

253 5476 487 5540 quatuor
513 5467 726 5534 litteris,
762 5475 865 5522 eta
895 5475 1126 5540 quatuor
1174 5468 1343 5522 stellis
1392 5484 1589 5523 nomen
1631 5467 1857 5538 accepit,

255 5556 406 5629 quod
438 5563 521 5610 est
550 5558 713 5623 artis,
734 5557 902 5623 desis,
922 5557 1133 5612 anatho
1144 5557 1235 5624 lis,
1256 5557 1574 5612 mesimbrio
1593 5575 1610 5610 :
1628 5555 1713 5609 vel
1731 5571 1861 5627 qua-

250 5655 382 5700 tuor
411 5643 719 5716 signiﬁcant
749 5643 1136 5718 evangelistas,
1169 5652 1223 5700 et
1241 5644 1378 5700 sicut
1394 5644 1462 5700 de
1482 5644 1653 5699 Adam
1685 5643 1861 5699 omnis

1967 4759 2104 4814 sicut
2132 4759 2451 4830 quadratum
2482 4759 2691 4830 lignum
2721 4758 2778 4811 in
2809 4775 2917 4829 qua
2943 4767 3096 4829 parte
3145 4777 3358 4816 versum
3401 4762 3564 4818 fuerit

1965 4845 2180 4901 ﬁrmum
2209 4856 2314 4902 stat
2349 4865 2361 4901 :
2395 4848 2470 4901 Ita
2499 4848 2663 4901 homo
2693 4863 2759 4902 ex
2790 4855 3023 4918 quatuor
3051 4849 3404 4920 evangelistis
3423 4851 3561 4906 edo-

1965 4943 2088 4990 ctus
2127 4942 2314 4990 contra
2361 4935 2612 4990 haeresim
2652 4943 2706 4989 et
2753 4935 3152 4990 tribulationem
3195 4935 3381 4992 ﬁrmus
3425 4937 3559 4995 ﬁat.

1967 5023 2098 5077 Item
2154 5023 2438 5077 Matthaeus
2477 5023 2725 5088 donatus,
2761 5025 2974 5078 Marcus
3005 5024 3206 5080 donum
3237 5027 3512 5082 excelsum
3548 5047 3562 5084 :

1965 5111 2133 5166 Lucas
2165 5125 2504 5181 consurgens
2552 5128 2565 5164 :
2623 5111 2861 5167 Joannes
2911 5111 3088 5184 gratia
3133 5114 3369 5170 Domini.
3429 5117 3564 5172 Item

1963 5207 2080 5255 rota
2110 5199 2166 5253 in
2196 5207 2335 5268 rota,
2371 5199 2603 5270 Spiritus
2632 5200 2686 5254 in
2717 5199 3182 5271 rota,prazdicatio
3210 5204 3492 5276 Evangelii
3508 5206 3561 5261 in

1964 5288 2170 5342 mundo
2201 5287 2382 5359 girans
2417 5306 2429 5341 :
2466 5288 2695 5359 Spiritus
2717 5289 2771 5343 in
2803 5297 2936 5355 rota,
2973 5290 3201 5361 Spiritus
3245 5301 3464 5348 sanctus
3506 5295 3561 5348 in

1964 5376 2264 5446 Evangelio
2299 5377 2466 5431 :ltem
2495 5393 2588 5431 vas
2603 5377 2828 5432 linteum
2859 5385 2911 5433 et
2934 5395 3097 5450 super
3125 5379 3302 5451 ipsum
3332 5388 3562 5451 quatuor

1961 5464 2119 5519 linea:
2184 5471 2414 5535 quatuor
2473 5466 2834 5536 evangelistas
2895 5466 3342 5538 signiﬁcant,haec
3415 5474 3556 5534 sunt,

1959 5553 2160 5606 munda
2191 5561 2242 5607 et
2272 5553 2568 5621 immunda,
2601 5555 2772 5610 Judaei
2797 5563 2850 5611 et
2879 5565 3070 5627 gentes
3105 5573 3118 5608 :
3151 5557 3284 5609 Item
3331 5562 3559 5624 quatuor

1958 5639 2214 5696 animalia
2273 5641 2470 5697 habent
2539 5644 2728 5700 oculos
2786 5652 2910 5700 ante
2977 5660 3036 5698 se
3076 5651 3219 5697 retro
3259 5640 3555 5701 clamantes
