3998 6188
461 209 562 263 863

905 207 1311 266 WALAFRIDI
1348 211 1592 267 STRABI
1631 212 1827 270 FULD.
1873 213 2044 270 MON.
2089 214 2240 273 OPP.
2282 219 2458 277 PARS
2496 221 2537 276 Ι.
2578 251 2648 263 -
2684 222 3156 280 THEOLOGICA.

3659 233 3760 286 864

457 349 704 416 Sanctus,
739 359 970 422 quatuor
997 354 1348 423 evangelista:
1379 363 1502 408 sunt
1537 356 1710 409 :Item
1753 356 2061 427 supplanta-
2088 341 2145 403 A
2178 345 2540 419 evangelistas
2586 346 2859 420 signiﬁcat
2905 349 3189 405 Matthasus
3258 349 3460 406 faciem
3522 352 3764 408 hominis

459 438 536 493 vit
565 439 735 493 Jacob
781 447 865 494 ter
909 440 1130 495 fratrem
1174 459 1351 504 suum,
1399 442 1635 513 primum
1680 460 1776 514 per
1831 446 2060 500 benedi-

456 526 715 590 ctionem,
748 528 989 584 secundo
1021 546 1118 598 per
1146 529 1366 594 lentem,
1400 532 1559 585 tertio
1588 548 1688 602 per
1734 533 2063 589 benedictio-

460 630 588 669 nem
621 633 634 669 :
669 617 814 670 Esau
841 617 1117 671 diabolum
1146 617 1434 688 significat,
1468 620 1634 674 Jacob
1665 622 1942 676 Christum
1966 623 2057 693 qui

455 701 633 772 ipsum
664 711 746 757 ter
774 703 900 759 vicit
930 712 982 758 et
1015 706 1393 775 supplantavit,
1437 707 1507 760 ita
1550 717 1602 762 et
1647 725 1746 763 nos
1792 710 2054 764 debemus

459 791 798 860 supplantare
828 790 1048 847 fratrem
1078 802 1324 848 nostrum
1353 795 1649 860 diabolum,
1684 805 1796 852 tres
1847 798 2054 853 vicibus

452 877 506 930 in
537 879 878 950 cogitatione,
901 880 954 934 in
974 883 1142 936 verbo
1164 891 1215 936 et
1237 883 1289 936 in
1313 899 1479 953 opere
1504 903 1516 938 :
1539 885 1667 940 Ideo
1685 885 1854 940 frater
1871 894 2056 941 noster

455 974 554 1031 est,
590 967 717 1036 quia
747 969 894 1022 Deus
926 970 1102 1038 ipsum
1135 971 1351 1026 creavit"
1366 972 1458 1043 qui
1488 981 1540 1027 et
1569 989 1702 1040 nos;
1751 991 1917 1028 unum
1965 990 2059 1045 pa-

455 1061 587 1108 trem
617 1055 884 1110 habemus
916 1058 1108 1127 Deum,
1139 1067 1190 1113 et
1234 1059 1436 1114 bonum
1484 1061 1634 1115 illum
1682 1063 1902 1129 creavit,
1958 1063 2055 1117 sed

454 1157 555 1212 per
585 1159 742 1198 suum
772 1145 961 1200 vitium
991 1147 1358 1218 superbiendo
1388 1165 1447 1204 se
1477 1150 1705 1220 privavit
1753 1169 1766 1204 :
1812 1150 2058 1220 Quatuor

2161 436 2336 490 Lucas
2365 436 2555 500 vituli;
2589 437 2796 491 Marcus
2826 436 3036 504 leonis;
3066 439 3306 494 Joannes
3347 440 3539 510 aquilae
3585 459 3599 494 :
3644 443 3759 496 Do-

2162 524 2340 578 minus
2387 525 2548 579 Jesus
2596 525 2842 579 Christus
2892 534 3064 580 totum
3114 526 3374 598 implevit,
3444 530 3606 585 homo
3669 547 3762 585 na-

2164 613 2374 668 scendo
2408 613 2610 667 vitulus
2644 613 2977 668 immolando
3011 633 3024 669 :
3070 615 3178 670 Leo
3241 618 3537 689 surgendo,
3591 620 3765 690 aquila

2165 701 2534 767 ascendendo,
2574 704 2708 757 Rota
2761 703 2816 756 in
2847 711 2982 769 rota,
3017 703 3140 775 lege
3172 705 3225 758 in
3256 705 3454 777 legem,
3505 716 3662 761 vetus
3707 708 3758 761 in

2163 808 2363 846 novum
2396 808 2408 846 :
2443 807 2539 847 cur
2569 801 2797 863 quatuor
2825 792 3193 862 evangelista},
3229 809 3338 848 non
3385 810 3486 864 per
3531 803 3755 865 quatuor

2164 880 2442 950 apostolos
2492 881 2817 944 scribuntur,
2869 880 2973 935 nisi
3020 897 3120 950 per
3183 881 3318 936 duos
3381 882 3679 953 discipulos
3712 893 3760 938 et

2159 968 2598 1039 duosapostolos
2621 987 2634 1036 ;
2656 969 2778 1040 quia
2812 968 2906 1022 filii
2933 969 3104 1024 Jacob
3134 969 3203 1025 de
3234 969 3444 1025 duabus
3473 971 3681 1040 liberis,
3710 981 3757 1027 et

2159 1057 2368 1112 duabus
2397 1057 2605 1111 ancillis
2650 1057 2761 1110 nati
2809 1065 2953 1111 sunt.
3005 1058 3287 1112 Matthmus
3334 1058 3491 1114 mel:
3545 1061 3752 1114 Marcus

2157 1149 2243 1209 lac
2275 1165 2288 1201 :
2325 1147 2500 1206 Lucas
2529 1145 2709 1202 oleum
2743 1163 2756 1200 :
2789 1146 3028 1201 Joannes
3059 1146 3260 1202 vinum.

1427 1440 1525 1512 IN
1585 1439 2211 1512 EVANGELIUM
2278 1435 2765 1549 ΜᾼΤΤΗΙΕΙ.

520 1759 682 1814 Liber
707 1757 1092 1829 generationis
1121 1758 1252 1812 Jesu
1283 1757 1492 1813 Christi
1530 1757 1639 1826 ﬁlii
1687 1758 1880 1824 David,
1945 1758 2056 1826 ﬁlii

450 1847 701 1902 Abrahae.
738 1847 865 1900 Ideo
892 1846 1030 1900 duos
1059 1853 1242 1916 patres
1283 1846 1546 1913 nominat,
1589 1846 1712 1917 quia
1753 1846 1822 1900 de
1884 1833 2055 1901 David

452 1935 646 1990 dicitur
679 1952 691 1988 :
725 1937 798 1990 De
827 1938 1026 2004 fructu
1049 1937 1263 1990 ventris
1296 1937 1384 1990 tui
1403 1951 1612 2006 ponam
1661 1951 1829 2006 super
1868 1936 2055 1990 sedem

450 2040 654 2079 meam.
687 2023 767 2078 De
797 2023 1070 2078 Abraham
1100 2023 1292 2079 dicitur
1325 2042 1338 2078 :
1373 2025 1436 2079 In
1457 2024 1671 2079 semine
1696 2028 1788 2080 tuo
1818 2024 2046 2080 benedi-

445 2117 651 2168 centur
677 2128 869 2167 omnes
883 2112 1236 2183 gentes.ldeo
1257 2112 1430 2167 David
1460 2121 1585 2167 ante
1602 2112 1875 2167 Abraham
1897 2113 2046 2168 scri-

451 2201 613 2267 bitur,
664 2200 791 2271 quia
837 2201 1193 2271 propinquior
1237 2208 1320 2255 est
1384 2202 1597 2256 Christo
1643 2202 1711 2255 de
1761 2201 1856 2256 illo
1875 2200 2043 2271 stirpe

450 2289 730 2345 nascendo
765 2307 778 2343 :
812 2290 974 2345 Jacob
1004 2290 1203 2361 genuit
1231 2291 1450 2362 Ioseph,
1480 2289 1780 2345 secundum
1811 2290 2050 2345 creatio-

449 2394 574 2433 nem
613 2378 745 2432 dixit
779 2396 792 2432 :
827 2379 1001 2433 Lucas
1044 2378 1345 2433 secundum
1390 2378 1572 2448 legem
1627 2378 1769 2433 dixit
1809 2386 1865 2432 ut
1911 2377 2052 2432 ﬁlius

452 2467 572 2522 Heli
600 2474 746 2522 esset
776 2485 790 2533 ;
822 2467 948 2521 ideo
979 2467 1237 2522 mulieres
1269 2466 1325 2520 in
1354 2467 1675 2539 genealogia
1705 2466 1900 2522 Christi
1919 2475 2046 2520 sunt

455 2555 581 2627 quia
609 2555 725 2626 ipse
754 2555 820 2609 ad
848 2555 1014 2610 vitam
1045 2563 1305 2610 aeternam
1333 2556 1556 2610 veniunt
1585 2563 1642 2609 ut
1670 2555 1773 2610 viri
1808 2573 1823 2609 :
1855 2563 1906 2609 et
1926 2555 2050 2610 ideo

444 2650 758 2714 peccatores
801 2643 856 2697 in
905 2643 1227 2716 genealogia
1247 2643 1447 2697 Christi
1484 2643 1874 2708 nominantur;
1925 2643 2053 2714 quia

444 2732 562 2803 ipse
593 2733 724 2787 dixit
756 2750 768 2786 :
803 2734 922 2789 Non
952 2733 1080 2788 veni
1106 2749 1299 2788 vocare
1319 2734 1525 2803 justos,
1559 2733 1654 2788 sed
1700 2736 2045 2803 peccatores,

447 2822 622 2877 Lucas
650 2821 720 2876 de
767 2820 979 2876 Christo
1026 2821 1095 2874 ab
1140 2821 1312 2874 Adam
1351 2820 1558 2890 dicens,
1625 2819 1860 2875 ostendit
1907 2820 2052 2890 quod

444 2925 541 2980 per
567 2909 763 2964 Christi
792 2925 966 2980 genus
996 2909 1128 2963 Adae
1158 2908 1383 2964 solvitur
1407 2925 1438 2962 a
1466 2916 1688 2978 peccato
1729 2908 1843 2963 sive
1889 2908 2036 2978 quod

440 2997 509 3054 de
531 2998 741 3052 Christo
762 3004 958 3051 exeunt
1006 2996 1098 3068 qui
1141 3005 1486 3051 revertuntur
1527 2997 1594 3050 ad
1650 2998 1882 3051 Patrem.
1945 2997 2036 3052 Fi-

2079 1723 2131 1782 B

2165 1773 2335 1813 unum
2367 1756 2507 1813 forte
2539 1757 2720 1828 vero,)
2752 1770 3000 1812 amarum
3029 1763 3151 1823 est;
3185 1755 3262 1812 sic
3291 1756 3479 1822 Maria,
3513 1756 3571 1812 in
3610 1772 3760 1814 mare

2168 1846 2354 1901 mundi
2397 1845 2496 1901 fuit
2541 1847 2685 1901 inter
2732 1853 3068 1916 peccatores,
3129 1844 3276 1902 velut
3330 1845 3503 1901 stellae
3569 1848 3756 1916 maris,

2165 1936 2287 2008 quia
2321 1951 2440 1990 mos
2462 1944 2584 1991 est:
2620 1935 2778 1991 stella
2808 1934 2956 1991 viros
2996 1934 3065 1989 ad
3117 1942 3333 2005 portum
3379 1935 3602 1991 adducit
3653 1957 3672 1991 :
3715 1937 3759 1990 si

2156 2033 2453 2097 sequantur
2482 2024 2646 2094 illam,
2681 2025 2760 2081 sic
2785 2024 2951 2079 Maria
2977 2023 3034 2077 in
3064 2023 3266 2078 mundo
3315 2023 3406 2079 ubi
3453 2034 3616 2080 natus
3680 2033 3759 2080 est

2156 2114 2423 2181 Christus,
2459 2115 2552 2186 qui
2598 2129 2788 2170 omnes
2835 2114 2906 2168 ad
2947 2113 3115 2170 vitam
3161 2113 3309 2169 ducit
3357 2113 3403 2168 si
3458 2121 3757 2186 sequantur

2154 2203 2325 2269 illum,
2357 2203 2688 2273 desponsata
2730 2209 2908 2258 mater
2947 2203 3084 2271 ejus,
3125 2201 3181 2256 id
3226 2209 3328 2267 est,
3379 2217 3482 2272 pro
3530 2211 3757 2274 quatuor

2155 2293 2331 2348 causis
2360 2300 2417 2346 ut
2442 2307 2552 2346 non
2580 2291 2912 2362 lapidaretur
2937 2298 3004 2365 ut.
3023 2290 3290 2358 adultera,
3324 2297 3376 2345 et
3404 2298 3460 2344 ut
3481 2291 3538 2344 in
3569 2290 3752 2364 fugam

2153 2382 2378 2436 haberet
2408 2380 2676 2446 solatium,
2711 2387 2763 2435 et
2806 2379 3129 2452 genealogia
3176 2378 3371 2434 Christi
3419 2379 3754 2450 perJoseph,

2153 2479 2209 2524 ut
2239 2478 2426 2541 partus
2458 2469 2746 2525 caelaretur
2774 2467 3011 2535 diabolo,
3043 2475 3329 2540 antequam
3379 2468 3754 2534 convenirent,

2153 2559 2208 2612 id
2239 2567 2340 2628 est,
2392 2566 2686 2630 antequam
2729 2556 2958 2612 fuissent
3004 2557 3060 2611 in
3101 2573 3208 2629 qua
3252 2555 3609 2624 habitatione,
3661 2557 3747 2611 in-

2151 2655 2314 2704 venta
2362 2654 2447 2702 est
2491 2647 2559 2702 ab
2603 2647 2808 2716 Joseph
2858 2645 2913 2700 in
2955 2653 3154 2701 utero:
3210 2661 3319 2700 non
3365 2644 3422 2698 in
3458 2644 3623 2700 vulva
3697 2654 3752 2699 ut

2153 2737 2369 2802 mulier,
2403 2736 2502 2790 sed
2533 2742 2590 2789 ut
2616 2735 2773 2806 virgo
2804 2734 3015 2790 habens
3045 2734 3112 2789 de
3146 2734 3349 2805 Spiritu
3363 2743 3579 2800 sancto,
3601 2733 3658 2788 id
3675 2741 3754 2789 est

2151 2833 2325 2889 factus
2354 2849 2420 2888 ex
2449 2833 2647 2904 Spiritu
2674 2832 2882 2902 Spirius
2913 2832 3062 2903 (sic),
3087 2831 3227 2888 sicut
3246 2831 3366 2902 ipse
3389 2830 3515 2888 facit
3533 2846 3754 2903 pomum

2154 2947 2314 3003 super
2344 2931 2572 3005 lignum,
2606 2937 2657 2986 et
2685 2929 2858 2986 Evam
2887 2929 2957 2984 de
2999 2942 3128 2984 ossa
3171 2930 3322 2984 Adae.

442 3101 583 3159 gura
630 3086 989 3157 quadraginta
1035 3085 1269 3138 duorum
1313 3084 1546 3139 virorum
1593 3084 1650 3138 in
1712 3085 2036 3157 genealogia
2065 3076 2114 3138 C
2216 3083 2414 3155 Ioseph
2445 3086 2637 3138 autem
2659 3083 2744 3137 vir
2766 3083 2908 3152 ejus.
2952 3080 3079 3135 Ideo
3129 3079 3212 3134 vir
3271 3078 3388 3147 ejus
3431 3078 3654 3150 dicitur,
3705 3088 3756 3136 et

443 3174 663 3239 Christi,
698 3175 800 3227 hoc
855 3180 936 3226 est
981 3172 1342 3244 quadraginta
1384 3172 1506 3228 dua:
1555 3173 1868 3228 mansiones
1922 3172 2046 3228 filiis

439 3261 608 3316 Israel
634 3261 703 3314 ab
732 3261 964 3332 Egypto
999 3277 1012 3314 :
1049 3277 1220 3332 usque
1251 3261 1321 3314 ad
1350 3268 1556 3315 terram
1578 3261 2038 3331 repromissionis,

442 3349 498 3409 id
541 3356 641 3415 est,
693 3349 762 3403 de
809 3349 1011 3404 mundo
1059 3349 1128 3402 ad
1171 3348 1386 3415 coelum,
1433 3351 1579 3420 quod
1613 3348 1882 3422 signiﬁcat
1950 3367 2050 3420 per

440 3444 592 3492 terna
619 3453 821 3510 genera
850 3437 1038 3493 venire
1082 3437 1151 3492 ad
1200 3437 1470 3492 Christum
1514 3455 1616 3509 per
1664 3439 1845 3508 fidem,
1894 3455 2050 3509 spem

438 3533 492 3580 et
521 3525 857 3582 charitatem.
891 3525 1031 3594 Quid
1061 3542 1161 3596 per
1188 3527 1598 3597 quatuordecim
1629 3527 1732 3581 nisi
1780 3544 1878 3597 per
1947 3528 2048 3582 de-

439 3629 560 3671 cem
591 3615 757 3671 verba
786 3614 924 3685 legis
950 3622 1002 3670 et
1035 3631 1133 3685 per
1161 3623 1390 3686 quatuor
1419 3615 1646 3670 virtutes
1670 3635 1684 3684 ;
1715 3617 1888 3686 prima
1917 3633 2048 3688 pru-

437 3703 640 3772 dentia,
675 3703 884 3758 servire
916 3703 1030 3759 Deo
1061 3719 1170 3758 non
1202 3703 1362 3758 idolis
1397 3721 1410 3758 :
1444 3704 1681 3760 secunda
1724 3713 2038 3775 temperan-

436 3792 529 3859 tia,
561 3807 670 3848 non
699 3792 1091 3862 concupiscere
1140 3810 1153 3846 :
1207 3792 1362 3847 tertia
1403 3792 1628 3862 justitia,
1677 3809 1792 3848 non
1839 3793 2049 3849 adulte-

436 3896 556 3936 rare
590 3896 602 3936 :
638 3887 825 3952 quarta
855 3879 1132 3946 fortitudo,
1169 3880 1442 3935 dimittere
1472 3896 1585 3935 non
1629 3881 1898 3937 occidere.
1942 3883 2048 3937 Per

435 3977 666 4041 quatuor
693 3968 790 4022 fuit
817 3969 1046 4040 perditio
1077 3968 1262 4022 mundi
1311 3985 1411 4039 per
1457 3969 1652 4036 virum,
1706 3986 1806 4040 per
1851 3970 2047 4025 mulie-

434 4073 568 4123 rem,
620 4073 721 4128 per
765 4057 993 4128 lignum,
1045 4073 1144 4127 per
1187 4064 1518 4127 serpentem,
1567 4066 1619 4112 et
1660 4074 1757 4128 per
1805 4067 2032 4130 quatuor

434 4152 784 4212 restauratur,
814 4161 915 4215 per
947 4145 1237 4215 Christum,
1270 4163 1371 4216 per
1398 4146 1641 4210 Mariam,
1668 4163 1768 4217 per
1797 4162 2040 4214 crucem,

432 4250 533 4306 per
563 4233 737 4289 virum
765 4235 987 4304 Joseph,
1023 4250 1248 4304 serpens
1293 4233 1382 4304 qui
1428 4232 1526 4288 fuit
1572 4234 1628 4288 in
1676 4236 1846 4290 Israel
1881 4237 2032 4291 Chri-

2148 3171 2271 3226 ideo
2293 3172 2490 3240 justus,
2521 3187 2589 3225 ne
2617 3169 2706 3224 alii
2735 3168 3079 3224 humanitatis
3109 3167 3545 3237 conjunctionem
3579 3169 3757 3240 suspi-

2148 3260 2354 3316 caverit
2388 3277 2401 3313 :
2439 3281 2465 3314 ι
2495 3258 2678 3313 Noluit
2708 3274 2832 3313 eam
2863 3258 3165 3322 traducere,
3204 3278 3226 3307 α
3259 3257 3313 3311 id
3331 3257 3488 3311 estin
3501 3256 3710 3326 judicio
3736 3276 3751 3323 ;

2149 3365 2217 3404 ne
2244 3349 2423 3421 legem
2454 3347 2742 3402 transisset
2776 3364 2789 3402 :
2824 3346 2951 3418 quia
2978 3346 3182 3403 sciebat
3199 3345 3498 3418 virginem,
3541 3354 3600 3400 ut
3642 3346 3756 3401 dia-

2149 3439 2332 3494 bolum
2347 3446 2532 3509 partus
2549 3436 2666 3506 ejus
2685 3437 2896 3492 lateret.
2926 3456 2947 3489 (
2960 3438 3083 3492 Haec
3100 3439 3291 3491 autem
3306 3451 3366 3492 eo
3379 3436 3689 3507 cogitante,
3727 3457 3748 3484 ι

2147 3526 2201 3581 id
2231 3535 2313 3582 est
2339 3526 2608 3581 dimittere
2648 3540 2717 3581 an
2761 3533 2949 3581 tenere
2977 3524 3267 3596 cogitabat,
3332 3523 3422 3578 hic
3467 3524 3755 3594 prophetia

2147 3615 2422 3685 impletur.
2471 3614 2700 3683 Adjutor
2747 3613 2800 3667 in
2875 3611 3357 3684 opportunitatibus
3403 3611 3458 3666 in
3517 3611 3751 3666 tribula-

2149 3705 2318 3760 tione.
2348 3705 2594 3776 Angelus
2630 3703 2850 3760 Domini
2877 3704 2942 3759 in
2987 3702 3200 3757 somnis
3248 3701 3402 3756 dixit
3450 3719 3469 3756 :
3516 3701 3645 3756 Non
3693 3701 3746 3756 in

2149 3808 2357 3859 somno,
2392 3793 2518 3864 quia
2541 3791 2739 3862 sapius
2761 3791 2839 3846 illi
2867 3789 3097 3864 angelus
3116 3791 3170 3845 in
3193 3789 3399 3845 somnis
3417 3790 3588 3845 venit.
3626 3791 3749 3845 Non

2148 3881 2338 3948 semel,
2366 3881 2489 3954 quia
2518 3881 2834 3951 mysterium
2865 3880 2965 3935 Dei
2980 3895 3091 3935 non
3108 3886 3288 3949 potest
3308 3893 3648 3950 cognoscere
3665 3894 3748 3934 se-

2148 3971 2253 4026 mel
2288 3989 2300 4024 :
2332 3970 2550 4042 Ioseph,
2582 3969 2669 4038 ﬁli
2696 3969 2888 4034 Dauid,
2911 3967 2966 4023 id
2998 3976 3097 4036 est,
3128 3967 3412 4038 prophetia
3441 3967 3671 4038 impleta
3691 3967 3745 4022 in

2151 4060 2346 4129 Ioseph
2376 4075 2478 4129 per
2505 4059 2696 4125 David,
2730 4058 2797 4112 de
2830 4056 3001 4114 fructu
3032 4056 3237 4112 ventris
3285 4056 3360 4111 tui
3407 4063 3460 4111 et
3509 4056 3738 4127 reliqua.

2150 4149 2272 4203 Noli
2293 4148 2510 4216 timere,
2537 4147 2593 4202 id
2622 4154 2723 4213 est,
2757 4145 2924 4218 dilige
2971 4153 3024 4200 et
3070 4145 3246 4218 gaude
3290 4145 3582 4217 conjugem
3631 4159 3738 4200 non

2137 4236 2452 4306 nuptialem,
2529 4251 2707 4307 neque
2743 4234 3095 4300 creationem,
3131 4234 3228 4289 sed
3244 4233 3740 4307 cohabitationem:

435 4303 574 4377 stum
623 4303 945 4394 significavit
986 4303 1126 4392 ipsa,
1151 4322 1218 4377 de
1262 4303 1389 4377 aere
1434 4322 1574 4378 facta
1632 4340 1756 4378 cum
1816 4333 2045 4396 quatuor
2145 4303 2292 4379 tuam
2322 4324 2454 4378 dixit
2487 4341 2500 4378 :
2532 4331 2590 4378 ut
2620 4303 2939 4379 credidisset
2967 4339 3074 4378 non
3104 4323 3172 4376 ab
3200 4322 3326 4386 alio,
3361 4322 3459 4377 sed
3489 4321 3561 4377 de
3611 4303 3737 4393 Sp‘t-

433 4411 568 4467 rotis
598 4410 846 4466 rotundis
873 4410 962 4482 qui
993 4426 1112 4465 eam
1141 4409 1392 4465 videbant
1435 4411 1784 4479 sanabantur,
1829 4421 1882 4467 et
1923 4413 2039 4468 ele-
2061 4436 2114 4496 D
2147 4413 2250 4467 ritu
2280 4420 2466 4469 sancto
2513 4421 2828 4483 conceptus,
2891 4413 3059 4466 Pariet
3121 4410 3336 4480 Filium,
3395 4410 3450 4464 id
3515 4419 3618 4478 est,
3687 4418 3739 4465 ut

432 4499 574 4555 vavit
602 4499 753 4553 illum
785 4498 840 4552 in
869 4507 1030 4570 caput
1077 4499 1245 4572 virgae
1292 4507 1349 4553 ut
1379 4500 1470 4554 toti
1514 4500 1764 4555 viderent
1821 4516 1938 4555 eam
1989 4510 2042 4557 et
2143 4503 2315 4571 major
2347 4501 2599 4573 gaudium
2626 4510 2770 4556 esset
2800 4500 2874 4554 illi
2904 4501 2974 4555 de
3000 4499 3131 4566 ﬁlio,
3179 4499 3317 4555 sicut
3375 4499 3519 4554 inter
3566 4499 3739 4554 homi-

433 4587 701 4660 fugissent
730 4588 987 4642 animalia
1016 4588 1236 4654 deserti,
1281 4605 1397 4659 prze
1445 4588 1636 4644 timore
1683 4597 1941 4655 rotarum,
1989 4599 2042 4646 et

436 4677 516 4732 sic
545 4677 916 4748 unusquisque
946 4685 1170 4732 sanatus
1201 4685 1302 4744 est,
1336 4677 1383 4731 si
1428 4677 1724 4748 inspexerit
1772 4679 2042 4733 Christum

433 4765 490 4819 in
521 4773 681 4836 caput
710 4765 900 4836 virga-3,
937 4765 992 4819 id
1022 4773 1102 4820 est
1133 4767 1184 4819 in
1204 4782 1420 4821 crucem
1446 4786 1459 4832 ;
1485 4775 1717 4838 quatuor
1736 4775 1888 4832 rotae,
1913 4785 2044 4838 qua-

431 4861 551 4909 tuor
581 4854 928 4926 evangelistae
959 4853 1266 4927 signiﬁcant
1292 4873 1304 4908 :
1331 4854 1406 4909 sic
1428 4855 1563 4928 fugit
1582 4856 1833 4911 diabolus
1867 4857 2045 4914 Evan.

433 4942 639 5014 gelium
670 4943 890 5014 quando
923 4950 1079 4997 sonat
1107 4943 1163 4996 in
1213 4943 1433 4999 coelum.

509 5075 719 5130 Christi
749 5079 943 5131 autem
961 5078 1252 5148 generatio
1284 5078 1365 5132 sic
1392 5081 1535 5132 erat.
1557 5077 1618 5131 Id
1641 5083 1724 5134 est
1743 5078 2042 5134 secundum

429 5177 670 5226 carnem,
704 5162 952 5217 dixerunt
984 5182 998 5216 :
1032 5165 1158 5218 Ideo
1189 5165 1390 5220 Christi
1432 5165 1646 5230 dicitur,
1695 5175 1751 5220 ut
1805 5167 1874 5222 ab
1921 5167 2041 5238 ipso

431 5249 730 5305 derivativo
761 5251 1027 5306 vocabulo
1072 5252 1359 5308 Christiani
1401 5261 1662 5308 vocentur
1711 5272 1724 5308 :
1774 5271 1874 5326 per
1918 5263 2032 5325 ety-

431 5338 736 5412 mologiam
768 5338 962 5393 iterum
994 5340 1257 5405 Christus,
1292 5341 1347 5396 id
1395 5350 1477 5396 est
1523 5351 1720 5398 unctus
1772 5344 1898 5414 quia
1944 5360 2042 5415 per

429 5430 610 5500 ipsum
639 5434 762 5498 post
792 5427 1066 5482 lavacrum
1096 5429 1295 5484 crisme
1328 5431 1637 5486 unctionem
1671 5433 2036 5502 percepimus,

433 5517 521 5574 Sic
551 5525 667 5572 erat
696 5533 796 5588 per
823 5516 1205 5585 aeternitatem,
1241 5527 1398 5572 sonat
1427 5520 1594 5574 Maria
1625 5521 1786 5575 stella
1836 5521 2040 5588 maris;

427 5615 550 5687 quia
593 5614 748 5671 stella
798 5613 972 5670 dulcis
1022 5621 1122 5684 est,
1174 5629 1329 5670 mare
1376 5615 1639 5682 (deletum
1683 5625 1765 5675 est
1814 5620 2042 5676 verbum

2141 4608 2238 4647 nes
2269 4607 2388 4646 mos
2418 4599 2518 4657 est,
2552 4599 2604 4646 et
2634 4589 2854 4646 vocabis
2882 4605 3082 4645 nomen
3113 4589 3247 4658 ejus.
3300 4589 3435 4644 Item
3483 4589 3555 4644 ad
3598 4589 3738 4645 lasti-

2142 4680 2271 4735 tiam
2303 4681 2418 4749 ejus
2447 4687 2593 4735 esset
2621 4681 2807 4734 Jesum
2837 4694 2902 4735 ac
2949 4679 3081 4733 dixit
3129 4686 3180 4732 et
3217 4677 3567 4747 salvatorem,
3618 4678 3733 4733 sal-

2141 4787 2264 4824 vum
2299 4769 2427 4832 facit
2456 4768 2716 4840 populum
2736 4785 2912 4833 suum,
2946 4783 3054 4822 non
3086 4766 3217 4822 dixit
3253 4782 3445 4822 omnes
3495 4767 3602 4821 nisi
3645 4766 3733 4839 qui

2141 4859 2368 4913 credunt
2396 4858 2451 4912 in
2483 4874 2606 4912 eum
2627 4873 2659 4912 a
2686 4856 2926 4928 peccatis
2957 4872 3146 4912 eorum
3175 4874 3188 4910 :
3222 4856 3282 4910 Id
3310 4864 3414 4922 est,
3450 4856 3601 4928 quod
3630 4871 3735 4910 non

2141 4947 2311 5018 potuit
2339 4947 2478 5001 alius
2507 4946 2746 5002 medicus
2789 4945 2993 5011 facere,
3042 4947 3146 5001 hoc
3192 4953 3374 5000 autem
3423 4952 3602 5000 totum
3649 4944 3730 4999 fa-

2140 5044 2284 5091 ctum
2315 5043 2398 5090 est
2427 5053 2440 5089 :
2473 5035 2528 5089 id
2555 5043 2656 5101 est,
2678 5034 2821 5106 quod
2850 5034 3079 5106 angelus
3109 5033 3241 5088 dixit
3275 5052 3288 5088 :
3321 5041 3379 5088 ut
3407 5033 3740 5105 adimplere-

2142 5132 2230 5180 tur
2259 5125 2402 5196 quod
2425 5125 2624 5180 dictum
2652 5131 2735 5179 est
2763 5141 2793 5178 a
2825 5124 3074 5191 Domino,
3097 5123 3150 5177 id
3173 5132 3273 5190 est,
3297 5139 3397 5193 per
3413 5124 3737 5195 pr0phetam

2143 5223 2336 5277 Isaiam
2366 5224 2434 5277 de
2464 5223 2698 5288 Christo,
2722 5223 2812 5278 hic
2831 5223 2901 5277 ad
2921 5222 3150 5277 litteram
3172 5229 3406 5285 tantum;
3429 5235 3563 5277 ecce
3584 5222 3738 5292 virgo

2141 5320 2196 5374 in
2235 5330 2385 5376 utero
2422 5321 2659 5385 habebit,
2696 5328 2747 5375 et
2767 5321 2979 5376 vocavit
3027 5336 3223 5376 nomen
3240 5320 3357 5388 ejus
3389 5320 3732 5386 Emmanuel,

2142 5419 2265 5473 ideo
2284 5419 2387 5473 hoc
2416 5433 2614 5472 nomen
2645 5417 3048 5490 interpretatum
3079 5426 3178 5483 est,
3231 5417 3354 5489 quia
3394 5417 3449 5471 in
3505 5426 3736 5490 utraque

2141 5516 2323 5589 lingua
2354 5516 2627 5571 excelsum
2656 5517 2852 5573 dicitur
2878 5516 3164 5572 nobiscum
3195 5517 3362 5581 Deus,
3395 5515 3451 5569 id
3481 5525 3568 5571 est
3597 5517 3739 5572 Deus

2142 5632 2196 5679 et
2221 5624 2406 5694 homo,
2439 5623 2496 5678 in
2515 5640 2620 5678 una
2648 5620 2756 5681 ﬁde
2781 5623 2868 5692 sit,
2901 5622 3026 5681 fecit
3058 5624 3194 5680 sicut
3238 5623 3503 5698 praecepit
3540 5623 3594 5679 ei
3643 5639 3740 5678 an-
