4002 6184
233 323 343 378 865

997 320 1384 379 EXPOSITIO
1426 323 1497 379 IN
1525 319 1862 394 QUATUOR
1891 319 2334 380 EVANGELIA.
2375 355 2444 367 —
2471 323 2546 381 IN
2577 324 2830 383 MATTH.

3427 337 3532 389 866

250 447 431 518 gelus,
475 446 712 503 ostendit
752 447 899 519 quod
925 446 1045 518 ipse
1092 447 1359 503 visionem
1409 449 1626 505 Domini
1655 449 1853 506 meruit
1881 451 1936 510 A
1959 467 2083 505 men
2114 450 2301 506 didicit
2330 424 2506 505 ab.eis
2535 459 2751 523 tempus
2781 452 2972 521 stellae,
3006 453 3061 508 id
3093 462 3199 520 est,
3233 463 3293 510 ut
3368 457 3571 513 cissent

251 537 460 602 videre,
488 536 581 608 qui
607 535 734 592 fecit
765 536 905 592 sicut
938 537 988 592 ei
1019 537 1296 609 praecepit.

319 645 388 698 Et
408 660 523 699 non
539 643 902 714 cognoscebat
913 660 1039 699 eam
1054 645 1227 700 donec
1237 645 1457 717 peperit
1475 645 1663 714 ﬁlium
1675 653 1862 701 suum:

256 732 440 788 donec
470 748 700 803 pronum
740 748 905 803 quam
938 731 1138 804 [Fortc,
1165 733 1502 806 priusquam]
1531 734 1730 789 dicitur
1759 733 1868 804 pri-

250 821 568 894 mogenitus
603 821 658 874 in
691 821 817 892 lege
859 820 1087 887 dicitur,
1121 822 1246 893 quia
1288 822 1436 892 prius
1485 822 1695 893 aperuit
1740 822 1864 878 vul-

252 925 403 964 vam.
436 910 560 964 Non
590 925 752 981 quem
782 918 1090 982 sequuntur
1111 909 1226 976 filii,
1263 910 1361 965 sed
1394 910 1484 982 qui
1512 910 1661 981 prius
1691 911 1866 966 nasci-

247 1005 361 1053 tur.
397 998 644 1053 Christus
664 1014 762 1069 pro
789 999 960 1053 tribus
1005 998 1205 1054 dicitur
1235 998 1646 1072 primogenitus,
1678 999 1733 1052 in
1783 1015 1865 1054 re-

263 1086 604 1143 surrectione
645 1102 679 1141 a
720 1086 967 1156 mortuis,
1001 1095 1052 1142 et
1080 1101 1114 1142 a
1157 1087 1340 1154 Maria,
1394 1095 1448 1142 et
1492 1102 1525 1141 a
1572 1087 1854 1143 creaturis.

259 1176 397 1230 Cum
429 1191 562 1247 ergo
590 1183 751 1231 natus
781 1182 927 1232 esset
963 1176 1142 1242 Jesus,
1176 1184 1290 1231 tres
1319 1174 1603 1231 confirmat
1632 1192 1852 1242 causas,

259 1263 471 1333 locum,
506 1272 740 1336 tempus,
771 1280 1064 1335 personam
1096 1279 1109 1320 :
1143 1263 1202 1319 In
1240 1264 1515 1320 Bethleem
1547 1273 1730 1336 aptum
1761 1265 1860 1319 fuit

257 1353 355 1425 qui
385 1354 582 1409 domus
636 1353 797 1424 panis
852 1353 1260 1425 interpretatur,
1292 1361 1350 1408 ut
1379 1352 1471 1408 ubi
1516 1353 1672 1424 panis
1703 1353 1858 1408 vivus

262 1442 506 1498 caelestis
581 1451 918 1499 nasceretur.
991 1442 1130 1498 Juda
1173 1449 1257 1498 est
1302 1441 1514 1514 respice
1579 1441 1858 1497 Bethleem

260 1530 510 1603 gentium
543 1549 556 1585 :
590 1531 650 1585 In
681 1531 878 1587 diebus
909 1531 1139 1586 Herodis
1168 1530 1335 1602 regis,
1367 1531 1423 1584 id
1455 1538 1557 1597 est,
1590 1529 1750 1586 refert
1777 1546 1858 1586 re-

259 1645 364 1702 ges
393 1637 446 1684 et
481 1628 652 1685 duces
681 1629 854 1695 ludas,
885 1636 944 1684 ut
963 1627 1164 1684 dictum
1195 1636 1296 1697 est,
1329 1643 1438 1684 non
1466 1626 1682 1684 deficiat
1709 1627 1855 1699 prin-

261 1734 393 1789 ceps
423 1717 491 1773 de
516 1717 692 1785 Iuda;
724 1733 830 1774 nec
857 1717 966 1772 dux
991 1717 1060 1772 de
1080 1716 1379 1772 femoribus
1407 1717 1523 1786 ejus
1549 1717 1724 1773 donec
1752 1733 1852 1772 ve-

1967 539 2023 592 in
2054 555 2162 610 quo
2195 548 2440 610 tempore
2485 540 2624 596 forte
2671 542 2879 612 putavit
2939 543 3084 614 quod
3133 543 3205 598 ab
3234 543 3356 615 ipso
3402 553 3564 600 natus

1967 635 2114 682 esset
2149 626 2313 696 illius,
2339 629 2424 684 vel
2455 629 2524 684 de
2555 646 2656 686 suo
2687 647 2912 704 genere.

2041 753 2145 819 Qui
2186 769 2317 808 cum
2359 755 2655 810 audissent
2684 772 2872 826 regem
2911 755 3192 822 abierunt,
3241 757 3462 828 quando
3493 757 3564 814 ad

1964 839 2236 894 Christum
2304 844 2658 912 quaerendum
2729 843 2916 910 mittit,
2973 845 3279 900 audiendus
3340 855 3460 916 est,
3510 855 3566 902 et

1963 929 2182 1000 quando
2210 929 2280 984 ad
2306 946 2365 984 se
2409 931 2612 986 reverti
2653 933 2808 999 jubet
2836 934 3269 988 contemnendus
3300 943 3403 1000 est,
3437 950 3564 990 cum

1963 1017 2107 1071 enim
2138 1017 2466 1074 salvatorem
2506 1020 2561 1073 in
2590 1019 2758 1073 altum
2789 1020 3036 1085 duceret,
3072 1021 3271 1086 renuit,
3305 1022 3422 1092 ipse
3455 1039 3563 1078 non

1960 1105 2176 1176 renuit,
2208 1107 2338 1161 dum
2377 1123 2510 1163 vero
2555 1108 2817 1163 deorsum
2872 1109 3065 1164 dimitti
3130 1119 3182 1165 et
3221 1128 3280 1166 se
3335 1111 3570 1170 adorare

1952 1182 2106 1252 jubet
2132 1237 2145 1260 ,
2190 1197 2463 1251 recusavit
2507 1196 2775 1268 legaliter,
2829 1198 3134 1252 Dominum
3200 1200 3376 1254 Deum
3418 1208 3568 1255 tuum

1956 1282 2212 1338 adorabis
2245 1292 2298 1339 et
2340 1284 2574 1356 reliqua.
2608 1285 2698 1341 Sic
2728 1285 2804 1339 illi
2836 1295 3100 1341 exeuntes
3155 1287 3305 1343 exire
3352 1288 3563 1356 sciunt,

1961 1370 2145 1427 redire
2193 1371 2482 1440 nesciunt,
2518 1382 2571 1428 et
2601 1389 2729 1429 ecce
2763 1373 2921 1429 stella
2955 1418 2968 1441 ,
3004 1391 3168 1446 quam
3213 1377 3482 1447 viderant,
3517 1385 3569 1432 et

1955 1459 2206 1532 reliqua,
2239 1460 2465 1516 dubium
2516 1460 2573 1516 fit
2622 1462 2715 1516 ubi
2759 1479 2819 1519 se
2864 1463 3170 1534 abscondit,
3221 1466 3442 1536 quando
3469 1465 3556 1520 isti

1956 1548 2247 1619 abierunt,
2301 1550 2506 1621 aliquid
2555 1551 2778 1605 humani
2823 1553 3086 1608 consilii:
3121 1554 3251 1624 quia
3303 1555 3568 1610 Dominus

1955 1636 2248 1693 abscondit
2299 1653 2334 1693 a
2387 1639 2653 1694 cordibus
2710 1640 2913 1694 nostris
2974 1649 3032 1696 ut
3080 1642 3239 1696 etiam
3272 1642 3570 1714 inquiratur

1952 1726 2130 1791 stella,
2163 1725 2302 1782 fides
2358 1743 2429 1781 an
2462 1726 2548 1782 lex
2581 1729 2609 1783 ?
2637 1729 2987 1800 compunctio
3042 1746 3164 1801 quae
3193 1748 3295 1787 nos
3323 1731 3471 1788 ducit
3500 1731 3571 1788 ad

260 1807 372 1861 niat
395 1807 483 1863 cui
523 1807 916 1878 repromissum
967 1815 1070 1873 est,
1104 1806 1223 1878 ipse
1260 1806 1366 1862 erit
1397 1806 1701 1876 expectatio
1731 1823 1865 1877 gen-
1890 1810 1942 1870 B
1967 1814 2241 1870 Christum
2263 1859 2278 1883 ,
2309 1817 2666 1872 antecedebat
2731 1833 2864 1887 eos,
2921 1819 3138 1890 quando
3187 1829 3453 1876 venerunt
3499 1820 3570 1875 ad

260 1891 396 1946 tium
430 1907 444 1946 :
477 1891 608 1947 Ideo
657 1891 792 1946 dixit
841 1891 1116 1947 Herodem
1166 1907 1357 1962 regem
1409 1898 1593 1945 contra
1641 1890 1858 1945 Judzeos

264 1979 390 2052 quia
434 1979 541 2052 ipsi
571 1981 822 2036 dixerunt
850 1980 918 2034 ad
941 1995 1192 2046 crucem,
1225 1981 1347 2035 Non
1377 1979 1644 2034 habemus
1673 1994 1861 2051 regem

261 2069 365 2123 nisi
388 2070 683 2126 Caesarem.
718 2070 862 2125 Ecce
896 2068 1043 2142 magi
1073 2069 1142 2124 ab
1190 2067 1410 2124 Oriente
1452 2067 1692 2132 veniunt,
1726 2067 1856 2122 dum

267 2156 464 2212 Oriens
495 2165 577 2213 est
609 2157 698 2229 qui
741 2157 1032 2229 quaeritur;
1065 2157 1190 2212 ideo
1217 2156 1288 2211 ab
1319 2155 1541 2212 Oriente
1569 2155 1858 2230 indicatur,

264 2247 382 2318 ipse
411 2247 480 2301 ad
511 2245 864 2317 semetipsum
911 2261 1013 2301 nos
1044 2245 1208 2313 ducit,
1243 2244 1300 2299 in
1324 2244 1662 2315 Jerosolyma
1693 2259 1864 2299 vene-

265 2344 414 2400 runt,
449 2335 575 2407 quia
597 2335 667 2391 de
701 2334 835 2392 Sion
859 2333 1028 2390 exibit
1055 2332 1143 2390 lex
1171 2340 1225 2389 et
1269 2332 1496 2390 verbum
1536 2332 1755 2389 Domini
1796 2332 1865 2388 de

262 2424 586 2481 Jerusalem.

337 2551 623 2619 Dicentes,
654 2549 750 2606 ubi
767 2553 851 2605 est
872 2551 966 2621 qui
993 2551 1169 2604 natus
1189 2550 1275 2603 est
1302 2562 1409 2602 rex
1430 2546 1750 2603 Judworum
1771 2545 1868 2601 ?Id

269 2646 371 2704 est,
404 2655 502 2694 rex
534 2637 958 2706 confessionum,
981 2635 1188 2692 addunt
1211 2650 1434 2691 causam
1449 2634 1864 2706 inquirentibus,

274 2728 397 2799 quis
448 2726 582 2781 dixit
613 2725 768 2782 vobis
817 2726 846 2780 7
898 2725 1135 2780 vidimus
1205 2724 1350 2779 enim
1409 2723 1618 2778 stellam
1675 2722 1874 2792 ejusin

271 2816 516 2884 Oriente,
548 2815 701 2871 stella
715 2823 880 2880 muta,
905 2815 1002 2869 sed
1028 2813 1224 2878 lucida,
1244 2813 1336 2867 lux
1352 2812 1499 2868 ducit
1516 2812 1584 2866 ad
1607 2811 1830 2867 verbum
1854 2829 1866 2867 :

267 2906 401 2960 Item
471 2905 685 2960 stellam
715 2903 784 2973 ei,
834 2919 944 2958 non
989 2902 1113 2959 coeli
1144 2909 1198 2958 et
1225 2910 1402 2968 terrae,
1434 2916 1649 2956 necnon
1681 2916 1872 2956 eorum

269 2993 389 3060 fuit,
449 2994 547 3048 sed
580 2992 672 3047 filii
704 2992 804 3048 Dei
839 3011 852 3047 :
883 2992 1000 3048 Nec
1032 2991 1128 3046 fuit
1158 2997 1346 3061 postea
1378 3005 1479 3045 nec
1510 2997 1688 3059 antea,
1721 2988 1876 3044 simi-

1959 1903 2239 1958 Christum
2301 1904 2460 1959 stella
2506 1921 2602 1960 eos
2655 1906 2908 1976 perduxit
2958 1924 2972 1960 :
3023 1923 3147 1962 nam
3176 1909 3245 1962 ad
3275 1909 3567 1975 Herodem,

1961 1991 2123 2046 stella
2153 2008 2248 2048 eos
2273 2008 2383 2048 non
2417 1993 2597 2063 duxit,
2631 1994 2878 2050 Herodes
2908 1995 3186 2050 diabolum
3219 1995 3570 2069 signiﬁcaba-

1959 2087 2064 2149 tur,
2103 2081 2232 2151 quia
2259 2081 2350 2153 qui
2368 2081 2510 2137 exiet
2550 2083 2621 2138 de
2651 2083 2857 2138 diaboli
2904 2085 3259 2156 suggestione
3295 2086 3362 2140 ad
3407 2086 3566 2141 Chri-

1963 2176 2104 2223 stum
2141 2185 2267 2226 cum
2288 2168 2414 2225 fidei
2445 2171 2616 2226 stella
2651 2173 2828 2238 vadit,
2863 2173 3110 2228 videntes
3139 2174 3353 2229 stellam
3401 2175 3577 2247 gavisi

1967 2266 2112 2324 sunt,
2148 2266 2202 2314 et
2226 2258 2455 2330 reliqua,
2488 2259 2612 2332 quia
2641 2277 2763 2315 mos
2791 2270 2876 2316 est
2904 2263 3177 2328 omnibus,
3207 2263 3443 2334 perditio
3472 2264 3564 2318 in-

1968 2354 2130 2402 venta
2180 2347 2423 2420 gaudere
2459 2349 2576 2418 ejus
2612 2367 2624 2403 :
2658 2349 2789 2404 Ideo
2828 2351 3064 2406 ostendit
3110 2359 3161 2406 et
3205 2351 3564 2408 excelsiorem

1973 2451 2225 2506 puerum,
2262 2451 2425 2507 quam
2455 2452 2611 2492 suam
2638 2446 2886 2493 matrem.

2045 2562 2115 2615 Et
2142 2561 2432 2617 intrantes
2454 2561 2761 2630 domum,et
2780 2562 3008 2634 reliqua,
3043 2570 3225 2618 utrum
3253 2561 3470 2620 domum
3501 2579 3573 2620 an

1970 2647 2332 2704 diversorium
2353 2651 2382 2704 ?
2409 2651 2479 2704 Et
2507 2650 2855 2721 procidentes
2885 2651 3250 2708 adoraverunt
3281 2669 3425 2723 eum,
3444 2662 3570 2709 ante

1972 2737 2181 2792 stellam
2220 2737 2541 2806 adorabant,
2595 2739 2829 2795 cessavit
2875 2748 3151 2807 creatura,
3185 2741 3313 2796 dum
3356 2750 3571 2798 creator

1972 2825 2244 2892 adoratur,
2270 2830 2325 2880 et
2342 2830 2557 2898 apertis
2581 2829 2860 2883 thesauris
2889 2831 3006 2884 suis
3038 2837 3090 2883 et
3118 2828 3344 2900 reliqua,
3379 2846 3574 2885 aurum

1972 2913 2112 2984 regi,
2147 2921 2233 2968 tus
2265 2913 2400 2979 Deo,
2435 2913 2603 2969 mirra
2625 2915 2954 2986 sepulcrum,
2990 2925 3167 2971 utrum
3188 2934 3330 2972 unus
3360 2934 3572 2985 aurum,

1974 3001 2110 3056 alius
2158 3009 2276 3068 tus,
2347 3002 2538 3058 tertius
2593 3004 2765 3058 mirra
2820 3005 3012 3059 obtulit
3045 3022 3058 3060 :
3090 3007 3212 3061 Non
3259 3007 3463 3077 scitur,
3504 3023 3576 3063 an

273 3082 343 3138 lis
390 3081 608 3137 ChriSlO
651 3082 705 3136 in
750 3097 932 3148 carne,
965 3080 1090 3136 ideo
1129 3079 1283 3135 stella
1331 3079 1454 3134 illos
1478 3120 1491 3147 ,
1533 3085 1590 3133 ut
1636 3077 1876 3134 cmlestis
1976 3091 2350 3162 unusquisque
2387 3091 2490 3145 tria
2527 3091 2720 3146 obtulit,
2758 3093 2904 3148 dona
2933 3102 3057 3164 apte
3085 3110 3194 3150 non
3223 3094 3441 3161 dicitur,
3472 3095 3571 3151 sed

269 3171 525 3227 caelestes
552 3171 618 3225 ad
649 3169 929 3226 coelestem
952 3169 1214 3235 duxisset,
1241 3176 1293 3224 et
1323 3168 1445 3222 ideo
1463 3183 1570 3222 non
1591 3167 1692 3221 alia
1715 3183 1868 3223 crea-
1900 3167 1949 3230 C.
1978 3187 2270 3250 uirumque
2302 3179 2357 3232 in
2378 3179 2572 3252 ﬁgura,
2620 3181 2744 3236 Non
2779 3181 3112 3248 discordant,
3145 3183 3270 3254 quia
3299 3192 3411 3240 [res
3431 3183 3572 3240 ﬁde-

267 3269 392 3316 tura
423 3260 521 3315 sed
549 3268 714 3326 muta,
747 3267 806 3315 ut
844 3267 1024 3314 mutus
1054 3266 1217 3323 muta,
1255 3257 1324 3312 ad
1354 3265 1564 3311 mutum
1602 3255 1863 3322 duxisset,

266 3365 575 3425 munerant,
609 3359 701 3430 qui
724 3357 886 3413 idolis
927 3356 1246 3423 adorabant,
1273 3355 1520 3410 Herodes
1552 3370 1645 3410 rex
1676 3353 1867 3408 turba-

268 3457 356 3503 tus
395 3456 499 3514 est,
528 3447 584 3502 id
633 3455 734 3516 est,
768 3463 868 3518 per
913 3446 1168 3502 invidiam
1210 3461 1279 3500 ne
1339 3460 1398 3499 se
1443 3458 1682 3513 suosque
1727 3441 1869 3497 ﬁlios

269 3544 588 3608 superasset
619 3554 632 3591 :
667 3537 781 3592 sive
802 3537 1098 3592 timuerunt
1118 3549 1330 3598 omnes,
1352 3549 1454 3588 nec
1476 3547 1584 3586 non
1604 3531 1710 3585 illis
1728 3529 1869 3586 bene

270 3642 396 3682 esse
429 3643 443 3680 :
478 3626 592 3681 Rex
619 3625 795 3694 justus
822 3625 951 3680 dum
1000 3623 1146 3696 apud
1191 3639 1383 3695 regem
1413 3620 1658 3693 iniquum
1688 3617 1866 3685 fuerit,

269 3723 330 3770 ut
358 3730 470 3770 non
499 3722 605 3769 tam
640 3712 775 3768 fiunt
804 3713 919 3770 cari
947 3713 1089 3785 apud
1120 3711 1285 3768 alium
1317 3726 1507 3784 regem
1536 3707 1670 3764 socii
1699 3706 1866 3780 regis,

271 3803 360 3860 vel
403 3804 528 3860 ideo
577 3803 776 3859 turbati
829 3810 954 3858 sunt
998 3810 1054 3857 ut
1083 3801 1203 3873 regi
1246 3799 1600 3872 placuissent,
1639 3797 1771 3853 item
1802 3794 1873 3850 ad

273 3891 526 3959 litteram,
581 3891 810 3948 turbatio
839 3890 897 3945 fit
938 3890 1093 3946 malis
1126 3889 1370 3946 ostensio
1391 3888 1556 3954 bona,
1607 3894 1662 3942 et
1700 3884 1872 3940 malus

272 3981 470 4039 oculus
505 3980 642 4038 solis
671 3989 796 4037 ortu
831 3979 1090 4034 turbatur.

344 4118 416 4174 Et
435 4131 778 4188 congregans
790 4130 983 4172 omnes
995 4112 1281 4186 principes
1293 4109 1651 4168 sacerdotum
1672 4111 1727 4164 et
1739 4107 1876 4164 scri-

274 4205 371 4262 bas
390 4204 585 4278 populi
616 4225 634 4260 :
665 4203 720 4258 id
746 4210 846 4270 est,
883 4218 1111 4274 sperans
1146 4208 1204 4256 ut
1231 4216 1357 4256 eum
1388 4199 1758 4263 advenissent,
1785 4194 1874 4251 vel

273 4293 564 4352 consilium
595 4293 891 4364 recepisset
910 4299 967 4347 ut
996 4292 1141 4346 Deus
1171 4288 1453 4361 interroga
1481 4295 1694 4359 patrem
1726 4293 1875 4340 tuum

271 4391 326 4439 et
358 4383 692 4439 annuntiabit
720 4381 832 4447 tibi,
853 4381 1090 4450 majores
1119 4387 1241 4435 tuos
1262 4387 1315 4434 et
1345 4377 1527 4434 dicent
1546 4375 1662 4441 tibi,
1694 4382 1876 4446 patres

270 4473 548 4544 principes
587 4471 862 4528 seniorum
893 4478 946 4525 et
977 4469 1190 4527 scribas
1218 4467 1309 4523 ubi
1333 4466 1582 4522 Christus
1613 4479 1873 4518 nascere-

1962 3267 2046 3322 les
2090 3285 2256 3323 unum
2306 3276 2432 3322 sunt
2463 3277 2516 3323 et
2545 3269 2601 3323 in
2633 3286 2798 3324 unum
2843 3279 2988 3325 esset
3016 3280 3127 3326 tres
3156 3271 3384 3341 fructus,
3417 3273 3577 3328 trice-

1969 3356 2161 3422 simus,
2229 3356 2720 3429 quadragesimus,
2771 3359 3100 3414 centesimus
3124 3402 3136 3424 ,
3186 3360 3494 3416 tricesimus
3524 3361 3581 3416 in

1968 3443 2074 3500 fide
2103 3445 2399 3514 Trinitatis,
2445 3446 2904 3516 quadregesimus
2942 3447 2996 3501 in
3026 3448 3358 3518 perfectione
3387 3457 3580 3505 actua-

1967 3533 2036 3587 lis
2080 3533 2240 3602 vitae,
2273 3534 2605 3589 centesimus
2653 3542 2874 3590 aeterna:
2922 3535 3045 3591 vita:
3092 3537 3572 3608 contemplatione,

1970 3621 2348 3693 unusquisque
2403 3622 2511 3677 tria
2568 3621 2900 3691 offerebant,
2931 3640 3031 3694 per
3059 3639 3249 3678 aurum
3277 3626 3570 3681 conscien-

1976 3709 2103 3764 tiam
2135 3725 2352 3780 puram,
2383 3727 2483 3780 per
2513 3717 2600 3765 tus
2630 3711 2930 3766 orationem
2962 3720 3190 3781 rectam,
3220 3729 3320 3784 per
3347 3714 3574 3768 mirram

1970 3797 2441 3854 mortificationem
2487 3798 2824 3854 voluntatum
2859 3817 2872 3853 :
2907 3799 3038 3854 Item
3070 3799 3172 3854 tria
3201 3817 3447 3871 munera,
3481 3817 3576 3857 co-

1972 3886 2162 3958 gitatio
2193 3895 2412 3956 sancta,
2468 3887 2694 3942 verbum
2725 3888 2929 3942 bonum
2949 3932 2962 3954 ,
2997 3896 3049 3943 et
3077 3904 3214 3959 opus
3243 3886 3565 3960 perfectum,

1973 3975 2127 4030 stella
2185 3975 2262 4031 sic
2309 3975 2557 4048 apparuit
2596 3985 2806 4031 tantum
2843 3977 2897 4030 in
2937 3976 3054 4046 ejus
3104 3977 3388 4034 nativitate
3434 3979 3575 4034 sicut

1975 4063 2222 4121 columba
2251 4064 2304 4118 in
2351 4064 2640 4136 baptismo.
2675 4065 2813 4120 Nam
2839 4065 2999 4122 stella
3028 4067 3246 4139 quando
3275 4067 3568 4124 antecede-

1979 4152 2070 4208 bat
2101 4169 2216 4220 eos,
2250 4169 2357 4209 non
2378 4155 2542 4225 longe
2569 4171 2601 4208 a
2621 4162 2789 4210 terra.

2046 4280 2117 4334 Et
2141 4295 2404 4352 responso
2435 4284 2664 4352 accepto
2694 4281 2756 4336 in
2788 4283 3022 4348 somnis,
3049 4288 3102 4336 et
3123 4281 3348 4352 reliqua.
3369 4281 3496 4337 Ideo
3517 4282 3574 4337 in

1977 4366 2184 4422 somnis
2207 4368 2366 4422 oculo
2397 4368 2605 4433 clauso,
2639 4376 2694 4422 ut
2725 4370 2899 4424 Deum
2930 4369 3254 4424 invisibilem
3283 4378 3336 4424 et
3366 4371 3573 4426 incom-

1975 4457 2400 4527 prehensibilem
2446 4457 2773 4524 adorarent,
2807 4466 2859 4513 et
2889 4457 3084 4528 vigiles
3116 4475 3224 4513 non
3254 4459 3572 4529 aperiantur

272 4543 360 4618 tur
395 4578 408 4617 :
441 4543 562 4616 Non
580 4561 712 4616 dixit
739 4561 830 4616 ubi
853 4568 1008 4614 natus
1039 4557 1222 4614 estubi
1241 4565 1346 4622 est,
1371 4564 1421 4609 at
1443 4554 1520 4608 illi
1556 4551 1873 4608 dixeruntin
1903 4543 1954 4602 D
1977 4545 2118 4600 oculi
2147 4545 2217 4599 ad
2263 4553 2527 4612 creatura,
2561 4547 2656 4601 sed
2705 4546 2776 4601 ad
2815 4547 3046 4602 creatori
3080 4565 3094 4601 :
3124 4548 3206 4602 Ne
3235 4548 3476 4603 redirent
3505 4547 3575 4603 ad

273 4651 553 4708 Bethleem
569 4649 926 4718 Judaz,verbis
947 4649 1228 4718 dicunt,qu
1238 4647 1306 4702 od
1331 4645 1485 4700 factis
1506 4639 1871 4715 negant,cauci

277 4740 504 4812 palpant
539 4746 598 4794 ut
640 4739 794 4794 Isaac
823 4737 1183 4793 Jacobzdum
1227 4736 1307 4790 ire
1348 4732 1670 4806 negligant,
1705 4743 1867 4800 quem

278 4828 561 4885 adorando
591 4835 910 4894 monstrant,
965 4834 1074 4882 tres
1089 4823 1238 4896 magi
1261 4833 1370 4879 tres
1391 4822 1530 4877 filios
1557 4821 1676 4875 Noe
1700 4862 1714 4886 ,
1745 4833 1870 4873 cum

275 4918 455 4974 tribus
522 4917 875 4984 muneribus,
915 4915 1174 4970 Trinitate
1202 4915 1433 4969 adorare
1485 4907 1800 4981 signiﬁcant
1851 4923 1866 4960 :

276 5007 431 5063 Tunc
459 5007 708 5063 Herodes
738 5005 878 5063 clam
902 5004 1130 5070 vocatis,
1161 5003 1250 5059 hic
1279 5001 1457 5058 defect
1477 4997 1718 5062 historia,
1741 4997 1870 5051 dum

279 5096 478 5153 secreti
507 5096 707 5153 indicat
736 5103 947 5167 tempus
969 5093 1159 5161 stellae,
1191 5099 1413 5163 pr0pter
1441 5091 1546 5144 hoc
1576 5088 1738 5142 distat
1753 5084 1871 5156 opi-

280 5187 476 5243 niones
496 5229 510 5253 ,
547 5185 768 5259 quando
797 5184 943 5256 magi
977 5189 1261 5239 venerunt.
1318 5181 1460 5236 Nam
1491 5185 1615 5249 post
1671 5190 1870 5230 annum

280 5301 452 5340 unum
486 5290 578 5338 aut
598 5282 754 5347 duos,
777 5281 870 5337 alii
902 5279 1087 5337 dicunt
1117 5295 1224 5334 non
1284 5277 1337 5331 in
1368 5269 1661 5337 Bethleem,
1693 5270 1790 5327 sed
1819 5269 1875 5324 in

279 5374 533 5446 Egypto,
556 5371 831 5428 inveniunt
846 5387 971 5425 eum
990 5389 1004 5437 ;
1025 5377 1079 5425 et
1107 5368 1152 5423 si
1182 5367 1237 5422 in
1267 5363 1552 5422 duodecim
1574 5361 1713 5428 dies,
1739 5373 1873 5430 quo-

281 5470 448 5525 modo
487 5469 556 5524 de
591 5469 756 5540 longa
788 5477 933 5523 terra
965 5467 1149 5522 Persa:
1193 5465 1278 5520 vel
1312 5463 1488 5530 Evile,
1541 5456 1753 5516 Arabiae
1788 5456 1875 5511 vel

283 5559 482 5627 Cedar,
507 5557 563 5612 in
579 5557 864 5613 duodecim
883 5556 1002 5612 dies
1021 5555 1207 5612 venire
1224 5560 1534 5626 potuerunt,
1569 5553 1665 5608 sed
1697 5560 1876 5624 potest

280 5648 337 5705 id
355 5648 532 5704 facere
561 5647 708 5703 Deus
737 5647 888 5716 cujus
915 5646 1085 5703 verbo
1115 5660 1246 5700 saxa
1263 5643 1477 5699 volant:
1510 5650 1722 5698 montes
1759 5658 1875 5698 mo-

279 5739 507 5808 vebunt,
541 5737 629 5796 cui
655 5743 846 5794 natura
875 5743 958 5794 est
981 5735 1099 5793 fieri
1131 5733 1445 5808 quodjubet
1472 5731 1762 5805 diligenter
1796 5739 1875 5788 ta-

1967 4633 2276 4702 Herodem,
2309 4635 2363 4688 id
2393 4643 2512 4702 est,
2544 4643 2669 4704 post
2717 4634 3093 4705 pcnnitentiam
3141 4635 3210 4690 ad
3239 4635 3516 4692 diabolum
3551 4653 3564 4690 :

1966 4739 2066 4794 per
2096 4722 2258 4777 aliam
2286 4722 2426 4779 viam
2447 4723 2654 4778 reversi
2672 4731 2793 4778 sunt
2814 4725 2868 4777 in
2891 4739 3044 4778 suam
3066 4724 3367 4797 regionem.
3395 4725 3570 4798 Regio

1966 4807 2254 4867 paradisus
2303 4815 2403 4862 est.
2457 4807 2549 4861 llle
2579 4824 2678 4878 per
2723 4807 2886 4862 aliam
2917 4808 3244 4879 regreditur,
3279 4809 3371 4881 qui
3402 4817 3571 4864 totam

1967 4895 2133 4950 vitam
2165 4911 2319 4950 suam
2351 4895 2622 4962 emendat,
2659 4904 2712 4951 et
2741 4896 2808 4952 de
2838 4897 3102 4968 pravitate
3131 4898 3278 4954 venit
3307 4898 3378 4953 ad
3408 4914 3572 4954 sanc-

1969 4983 2174 5039 titatem
2209 5001 2221 5039 :
2255 4985 2347 5056 qui
2386 5001 2510 5040 cum
2558 4985 2930 5042 recessissent.

2043 5111 2179 5164 Ecce
2211 5110 2455 5181 Angelus
2501 5112 2748 5177 Domini,
2797 5119 2852 5166 et
2879 5111 3106 5184 reliqua.
3156 5111 3378 5168 Gabriel
3409 5111 3570 5169 forti-

1971 5197 2099 5268 tudo
2121 5197 2220 5252 Dei
2240 5197 2453 5266 dicitur,
2475 5199 2700 5271 dignum
2736 5208 2871 5266 erat,
2899 5208 2958 5254 ut
2990 5192 3357 5257 inﬁrmitatem
3379 5203 3568 5258 huma-

1971 5285 2171 5351 nitatis,
2212 5285 2472 5341 fortitudo
2506 5287 2606 5341 Dei
2627 5287 2982 5357 confortaret,
3010 5297 3063 5344 et
3082 5290 3262 5345 aliter:
3288 5291 3413 5363 quia
3443 5299 3571 5346 tunc

1970 5375 2198 5447 angelus
2239 5375 2396 5430 nobis
2435 5377 2854 5448 apprOpinquat,
2887 5395 3008 5434 cum
3051 5395 3152 5435 nos
3180 5380 3569 5436 recesserimus

1973 5465 2043 5517 ab
2074 5463 2288 5518 Herode
2319 5464 2557 5519 diabolo.
2593 5465 2753 5536 Fugit
2781 5467 2837 5520 in
2865 5467 3174 5539 Egyptum,
3228 5468 3372 5539 fugae
3393 5467 3568 5521 victo-

1973 5552 2108 5607 riam
2131 5553 2385 5618 ostendit,
2417 5554 2552 5609 sicut
2595 5556 2726 5610 Jesu
2755 5557 2922 5612 Navm
2953 5558 3170 5628 quando
3200 5555 3332 5609 dixit
3364 5573 3377 5608 :
3416 5553 3570 5608 Divi-

1973 5642 2082 5697 dite
2110 5658 2207 5697 vos
2237 5651 2291 5698 et
2335 5644 2407 5698 ite
2437 5643 2492 5697 in
2539 5643 2727 5717 fugam
2758 5647 2933 5702 donec
2976 5645 3124 5701 cives
3172 5643 3311 5698 forat
3350 5650 3564 5709 exeant,

1972 5739 2167 5804 postea
2210 5733 2527 5806 convertite,
2560 5742 2614 5790 et
2652 5735 2880 5793 vincetis
2926 5749 3060 5790 eos:
3087 5731 3332 5788 Christus
3359 5731 3570 5805 primus
