4002 6184
431 264 536 321 867

990 253 1396 318 WALAFRIDI
1427 252 1671 316 STRABI
1701 259 1902 315 FULD.
1935 248 2107 315 MON.
2129 253 2281 314 OPP.
2306 255 2484 313 PARS
2515 253 2554 312 Ι.
2587 287 2680 298 --
2705 251 3182 314 THEOLOGICA.

3648 261 3748 316 868

429 389 566 461 tugit
595 388 771 444 donec
799 396 946 442 retro
967 385 1241 440 diabolum
1257 383 1442 453 vincit,
1469 383 1547 440 sic
1571 384 1776 454 Joseph
1795 383 1850 437 in
1867 384 2029 461 Egy-
2057 384 2113 444 A
2133 381 2381 452 exemplo
2418 380 2719 437 confirmet.
2752 381 3019 437 Vestitum
3057 383 3287 438 Joannis
3333 383 3402 438 de
3434 383 3744 450 camelolis,

429 457 523 549 pto
553 477 773 532 domina
803 493 899 530 sua
968 473 1105 546 fugit
1133 474 1187 526 in
1229 473 1394 541 licita,
1433 480 1485 527 et
1507 481 1631 542 post
1661 472 1886 526 modum
1916 457 2035 542 ipse

430 583 596 637 super
634 567 926 637 [Egyptum
974 579 1066 617 rex
1097 561 1193 615 fuit
1226 579 1240 615 :
1273 577 1448 632 usque
1497 561 1627 616 dum
1675 560 1851 616 dicam
1896 560 2032 626 tibi,

431 655 523 711 hic
550 653 784 710 ostendit
813 651 956 724 quod
987 666 1095 705 non
1126 666 1345 721 semper
1372 648 1694 720 fugiendum
1723 657 1806 705 est
1837 648 2036 704 diabo-

433 743 567 810 lum,
614 751 672 796 ut
714 740 916 796 Paulus
959 739 1240 810 apostolus
1269 739 1344 793 ait
1377 757 1391 794 :
1423 738 1678 794 Resistite
1726 737 1943 792 diabolo
1983 744 2037 792 et

432 831 604 902 fugiet
635 845 668 884 a
695 829 886 895 vobis;
934 829 1163 884 Noctem
1206 827 1314 893 hic,
1363 827 1598 882 ostendit
1633 826 1778 898 quod
1808 825 2037 881 secessit

431 918 627 973 litterae
669 916 911 972 tenebrae
946 915 1106 988 legis.
1141 915 1299 986 Apud
1348 915 1570 970 Iudaeos
1600 922 1722 985 post
1757 913 2036 968 Christum

434 1022 608 1079 usque
637 1005 820 1072 hodie,
871 1021 1045 1076 usque
1087 1003 1155 1058 ad
1215 1003 1408 1058 mortis
1447 1003 1724 1058 Herodem
1754 1009 2032 1074 expectat,

432 1095 487 1149 id
519 1103 623 1160 est,
656 1101 769 1149 tres
801 1108 996 1160 annos,
1029 1092 1264 1166 gentiles
1293 1091 1566 1165 signiﬁcat
1595 1091 1892 1146 trinitatem
1909 1106 2037 1146 cre-

435 1184 705 1250 dendum,
739 1190 793 1238 et
820 1198 930 1237 non
971 1181 1220 1252 pervenit
1265 1197 1441 1252 usque
1472 1180 1542 1236 ad
1572 1188 1824 1250 mortem,
1858 1180 2037 1236 Hero-

435 1256 537 1328 des
574 1271 777 1327 indicat
829 1270 1067 1336 Judaeos,
1101 1270 1193 1341 qui
1241 1269 1310 1324 ad
1341 1269 1617 1325 Christum
1666 1268 1888 1324 veniunt
1915 1276 2038 1339 post

432 1369 668 1416 mortem
731 1359 926 1414 litterae
967 1358 1107 1430 legis
1131 1401 1144 1425 ,
1177 1374 1244 1413 ex
1296 1359 1532 1430 [Egypto
1596 1358 1793 1413 vocavi
1866 1355 2037 1411 filium

431 1465 635 1517 meum,
656 1447 849 1520 primis
878 1448 1103 1518 Moysen
1134 1455 1186 1502 et
1217 1449 1400 1502 Aaron
1419 1453 1717 1517 provocant
1737 1445 2033 1500 Christum.

489 1539 638 1594 Tunc
660 1536 896 1593 Herodes
917 1536 1278 1608 videns,qu
1309 1535 1566 1590 inclusus
1595 1536 1722 1590 sita
1741 1534 2037 1606 magis,hic

437 1625 721 1698 prOphetia
750 1624 1027 1696 impletur,
1059 1624 1222 1680 draco
1253 1623 1354 1678 iste
1385 1639 1548 1694 quem
1582 1621 1826 1678 formasti
1855 1621 1926 1678 ad
1955 1622 2037 1676 in-

433 1713 735 1770 ludendum
786 1713 901 1780 eis,
937 1716 1008 1800 et;
1050 1714 1234 1768 mittit
1256 1716 1312 1767 et
1332 1711 1543 1800 occidit
1589 1727 1781 1800 omnes
1807 1726 2029 1783 pueros,
2062 1740 2114 1800 B

438 1810 495 1858 ut
533 1818 726 1873 regem
766 1809 950 1855 natum
997 1799 1294 1869 inveniret,
1327 1799 1416 1855 hic
1448 1799 1573 1870 plus
1603 1799 1866 1854 inluditur
1893 1814 2032 1870 quos

431 1891 698 1946 extinctos
726 1889 933 1960 putavit
959 1889 1114 1944 vivos
1143 1888 1198 1942 in
1229 1887 1484 1958 paradiso
1514 1887 1687 1941 misit.
1722 1889 1763 1943 Α
1813 1887 2034 1944 bimatu

431 1983 488 2036 et
518 1981 697 2050 infra,
730 1977 785 2032 id
815 1985 916 2043 est,
949 1977 1017 2030 ab
1038 1991 1182 2031 anno
1212 1975 1485 2046 praeterito
1515 1983 1569 2030 et
1599 1975 1870 2047 sequenti,
1904 1975 2033 2048 quia

435 2066 678 2122 infantiae
725 2081 923 2121 nomen
951 2079 1200 2120 amorum
1247 2063 1502 2120 duorum.
1555 2064 1670 2118 Vox
1718 2063 1773 2118 in
1803 2079 1950 2118 rama
1980 2071 2033 2119 et

439 2155 689 2227 reliqua:
720 2153 925 2210 Rachel
981 2153 1364 2224 interpretatur
1417 2152 1536 2208 ovis
1565 2151 1760 2208 videns
1808 2153 1983 2208 Deum
2016 2169 2031 2210 :

434 2245 601 2300 Rama
631 2241 904 2312 excelsus,
936 2241 1167 2305 Rachel,
1201 2240 1451 2297 Ecclesia
1469 2240 1561 2312 qui
1589 2239 1766 2312 plorat
1795 2239 1849 2295 in
1881 2240 2034 2295 valla:

430 2332 812 2402 lacrymarum,
881 2346 1016 2402 quos
1043 2329 1281 2401 perdidit
1314 2329 1547 2401 quiante
1571 2336 1937 2400 peccaverunt
1965 2328 2034 2383 de

432 2420 631 2492 quibus
657 2435 766 2475 non
796 2418 909 2473 vult
939 2417 1244 2488 consolari,
1268 2417 1397 2490 quia
1426 2434 1536 2473 non
1564 2426 1687 2472 sunt
1717 2417 2031 2483 Christiani,

433 2507 637 2564 Rachel
681 2515 859 2562 mater
903 2505 1002 2561 fuit
1045 2505 1358 2574 Benjamin,
1395 2505 1510 2560 sive
1549 2506 1677 2577 quia
1715 2504 1790 2559 ibi
1817 2513 2035 2560 mortua

430 2605 514 2652 est
542 2605 594 2652 et
622 2595 852 2666 sepulta,
887 2594 980 2649 ubi
1009 2594 1222 2665 parvuli
1266 2593 1433 2650 occisi
1463 2602 1608 2661 sunt,
1639 2593 1879 2649 defuncti
1909 2601 2036 2648 sunt

424 2685 568 2740 enim
612 2692 666 2740 et
694 2684 923 2756 reliqua.
958 2683 1086 2739 [deo
1115 2683 1452 2754 synedoche,
1481 2691 1633 2754 parte
1660 2697 1758 2754 pro
1789 2689 1922 2738 toto.

509 2828 667 2885 Venit
693 2827 758 2882 in
788 2827 1084 2882 civitatem
1128 2825 1431 2890 Nazareth,
1485 2824 1539 2879 id
1569 2832 1653 2880 est
1681 2823 1782 2879 ﬂos
1811 2823 2033 2879 mundi-

433 2916 544 2981 tiae,
595 2923 784 2986 aptum
807 2913 924 2976 fuit,
951 2914 1024 2968 ibi
1055 2914 1300 2968 habitare
1332 2913 1425 2985 qui
1464 2913 1616 2979 dixit,
1649 2928 1754 2984 ego
1783 2929 1902 2967 sum
1933 2913 2034 2968 ﬂos

428 3003 609 3075 campi
638 3013 691 3059 et
720 3003 894 3057 lilium
924 3002 1252 3058 convallium
1287 3019 1300 3056 :
1336 3001 1658 3067 Archelaus,
1692 3001 1778 3057 leo
1805 3001 2034 3056 investi-

427 3117 567 3174 gans
592 3141 606 3169 ,
642 3100 936 3154 Nazarmus
976 3105 1214 3153 sanctus.
1254 3097 1453 3170 Surge,
1486 3097 1674 3168 accipe
1716 3114 1947 3169 puerum
1977 3107 2031 3153 et
2063 3099 2111 3162 C

431 3196 665 3243 matrem
695 3187 834 3256 ejus,
865 3187 1043 3256 primo
1075 3202 1241 3257 surge
1269 3202 1299 3240 a
1329 3194 1473 3241 terra
1503 3187 1595 3257 qui
1625 3195 1842 3242 terrena
1870 3187 2032 3243 relin-

435 3277 580 3348 quis,
617 3283 671 3331 et
699 3290 929 3346 puerum
954 3282 1146 3345 postea
1175 3283 1404 3330 matrem
1438 3274 1592 3344 jubet
1621 3275 1892 3346 accipere,
1925 3291 2030 3347 po-

427 3365 536 3419 tius
557 3365 732 3419 Deum
763 3379 967 3430 amare,
987 3371 1178 3434 postea
1205 3363 1513 3435 proximum
1537 3381 1550 3418 :
1571 3365 1893 3433 Archelaus,
1917 3367 2030 3420 hae-

428 3453 566 3509 resis
591 3495 604 3520 ,
630 3452 722 3524 qui
779 3468 840 3508 se
868 3458 1056 3524 putant
1079 3467 1202 3508 esse
1257 3451 1404 3524 quod
1433 3467 1544 3508 non
1600 3461 1757 3521 sunt,
1791 3462 1846 3510 et
1901 3453 2032 3510 caeci

431 3549 580 3596 sunt.

499 3665 563 3721 In
584 3663 775 3722 diebus
794 3664 932 3730 illis,
952 3679 1063 3720 non
1079 3664 1149 3720 ad
1179 3680 1368 3737 regem
1389 3664 1693 3721 Archelaus
1714 3664 2026 3732 dicendum,

427 3754 525 3811 sed
554 3771 584 3808 a
615 3755 802 3827 quinto
833 3753 1045 3810 decimo
1087 3769 1229 3809 anno
1275 3753 1478 3809 Tiberii
1508 3754 1772 3821 Caesaris;
1805 3755 1929 3826 quia
1975 3755 2032 3808 in

425 3843 548 3915 ipso
577 3859 720 3898 anno
748 3841 952 3898 factum
969 3850 1051 3898 est
1072 3842 1301 3898 verbum
1324 3842 1540 3898 Domini
1559 3860 1722 3914 super
1740 3843 2026 3909 Joannem,

429 3938 557 3986 ante
585 3931 881 3997 Christum,
913 3947 1018 3986 vox
1049 3939 1175 3985 ante
1219 3931 1450 3986 verbum
1472 3975 1489 3998 ,
1540 3931 1758 3987 lucerna
1787 3939 1911 3987 ante
1940 3947 2032 3987 so-

428 4019 558 4085 lem,
591 4018 692 4073 ﬂos
747 4027 872 4074 ante
905 4019 1158 4082 fructum,
1209 4019 1587 4090 paenitentiam
1607 4020 1752 4092 agite
1811 4027 1865 4075 et
1920 4036 2031 4076 non

427 4107 736 4180 operamini
761 4148 775 4176 ,
810 4107 939 4178 quia
977 4123 1142 4178 opera
1172 4106 1319 4161 foras
1373 4116 1609 4178 corpora
1637 4107 1851 4176 dicitur,
1885 4109 2030 4182 agite

425 4196 710 4262 interiore,
743 4195 985 4250 interiori
1033 4195 1238 4249 homini
1266 4195 1335 4250 de
1386 4196 1550 4251 corde
1587 4205 1800 4268 agatur,
1848 4197 2030 4268 pceni-

425 4285 593 4342 tentia
641 4301 770 4340 vera
817 4291 931 4352 est,
966 4283 1171 4339 amissa
1227 4283 1428 4338 deﬂere
1485 4291 1538 4338 et
1575 4285 1891 4355 paenitendo
1920 4301 2031 4341 non

426 4373 790 4431 committere.

2133 469 2405 544 significat
2463 470 2770 526 Ecclesiam
2835 471 3116 543 gentium,
3151 471 3238 529 vel
3287 472 3515 528 divitias
3556 489 3746 528 eorum

2137 559 2282 630 quod
2329 559 2574 614 Christus
2603 558 2825 632 collegit
2872 568 2927 615 et
2973 559 3033 615 ﬁt
3077 560 3345 617 Ecclesm.
3377 563 3550 626 Zona,
3583 561 3638 616 id
3669 569 3749 616 est

2136 645 2479 704 mortiﬁcatio
2534 648 2786 703 vitiorum
2841 648 2987 704 circa
3038 648 3256 705 lumbos
3311 666 3325 705 :
3385 650 3447 704 ld
3504 657 3593 705 est
3634 649 3748 705 for-

2136 736 2338 792 nicatio
2385 736 2489 792 viri
2534 744 2582 791 et
2631 736 2923 792 mulierum
2970 737 3026 792 in
3068 737 3327 794 umbilico
3350 781 3365 804 ,
3416 754 3608 794 escam
3635 739 3748 808 ejus

2136 822 2363 880 locustae
2409 825 2731 881 miserrimae
2795 840 2926 882 aves
2977 834 3138 895 sunt,
3184 826 3481 882 ostendunt
3529 825 3750 882 Judaeos

2138 913 2231 984 qui
2260 913 2498 968 litteram
2540 913 2684 987 legis
2731 914 2808 968 uti
2843 913 3071 971 locusta:
3099 915 3240 983 ﬂos;
3272 915 3381 970 mel
3422 915 3743 987 Sylvestrae,

2138 1000 2413 1074 signiﬁcat
2440 1001 2631 1058 dulces
2679 1018 2966 1059 sermones
2995 1003 3115 1073 Dei,
3148 1003 3237 1059 vel
3265 1003 3489 1060 Judzeos
3519 1004 3616 1074 qui
3648 1021 3744 1058 su-

2139 1097 2430 1162 sceperunt
2491 1089 2711 1148 dulcem
2769 1091 3216 1164 praedicationem
3260 1100 3313 1148 et
3358 1101 3634 1149 venerunt
3681 1093 3750 1146 ad

2139 1179 2428 1234 Christum.

2217 1305 2368 1359 Tunc
2400 1302 2671 1359 exiebant
2697 1303 2770 1360 ad
2797 1319 2927 1360 eum
2968 1304 3311 1377 Jerosolyma
3331 1311 3386 1360 et
3413 1303 3654 1376 reliqua.
3689 1305 3749 1360 Id

2136 1398 2220 1446 est
2237 1391 2373 1446 Jude
2403 1399 2562 1447 terrae
2587 1407 2689 1462 pro
2720 1392 3127 1448 habitatoribus
3156 1392 3372 1459 dicitur,
3393 1393 3749 1466 Jerosolyrna

2137 1479 2274 1535 visio
2307 1480 2477 1550 pacis,
2529 1479 2731 1536 indicat
2770 1479 3015 1550 paciﬁcis
3047 1481 3137 1553 qui
3169 1481 3244 1537 ad
3275 1481 3556 1537 Christum
3589 1483 3751 1538 veni-

2137 1575 2232 1622 unt
2261 1584 2361 1638 per
2405 1567 2806 1624 confessionem
2837 1585 2853 1624 :
2882 1569 3139 1625 Jordanis
3159 1615 3175 1640 ,
3206 1569 3260 1624 id
3304 1577 3409 1635 est,
3444 1570 3746 1638 discensio,

2137 1655 2407 1729 significat
2435 1657 2822 1713 discendentes
2849 1657 2904 1711 in
2946 1657 3246 1713 humilitate
3272 1659 3341 1714 ad
3373 1659 3675 1714 Christum.

2207 1781 2276 1836 Et
2305 1780 2668 1853 baptizabant
2699 1782 2763 1836 in
2815 1781 3135 1848 Iordanem,
3192 1781 3435 1838 ostendit
3486 1783 3621 1854 quia
3649 1799 3753 1855 per

2133 1867 2538 1924 discensionem
2587 1868 2819 1924 humiles
2856 1877 3120 1925 venerunt
3146 1869 3216 1924 ad
3253 1869 3590 1941 baptismum
3612 1887 3750 1928 con-

2133 1955 2348 2013 ﬁtentes
2377 1965 2603 2028 peccata
2633 1973 2750 2024 sua,
2791 1957 3030 2013 ostendit
3074 1957 3221 2030 quod
3245 1967 3465 2030 oportet
3495 1957 3750 2016 conﬁteri

2131 2053 2359 2116 peccata
2387 2053 2679 2117 antequam
2710 2046 2780 2102 ad
2810 2046 3248 2103 communionem
3278 2047 3462 2104 veniat
3498 2066 3513 2102 :
3548 2049 3747 2104 Phari-

2134 2133 2250 2199 saei,
2281 2132 2336 2188 id
2379 2141 2463 2188 est
2501 2133 2682 2204 divisi,
2714 2133 2802 2189 vel
2858 2133 3113 2192 sarabate
3167 2143 3457 2206 vocantur,
3494 2136 3746 2194 Saducai

2127 2220 2406 2297 justiﬁcati
2435 2222 2582 2293 apud
2613 2222 2959 2294 semetipsos.

2203 2346 2274 2400 Et
2304 2344 2459 2400 dixit
2481 2346 2562 2400 eis
2584 2345 2875 2417 progenies
2894 2345 3218 2418 viperarum
3251 2362 3266 2401 :
3298 2345 3446 2402 idem
3466 2362 3748 2403 venenum

2133 2430 2188 2486 in
2226 2431 2415 2504 lingua
2463 2440 2672 2487 tantum
2721 2441 2824 2500 est,
2873 2449 2999 2488 nam
3038 2433 3306 2506 patricida
3339 2443 3396 2490 et
3437 2436 3747 2493 matricida:

2133 2519 2379 2591 viperam
2417 2537 2430 2574 :
2464 2520 2759 2592 Pharisaei,
2793 2521 3038 2578 Saducmi
3084 2522 3344 2578 simulant
3375 2523 3470 2595 qui
3501 2534 3740 2580 matrem

2133 2624 2289 2663 suam
2317 2625 2677 2681 synagogam,
2712 2617 2762 2666 et
2793 2610 2982 2665 Patres
3009 2617 3062 2666 et
3079 2611 3380 2682 Pmphetas
3401 2612 3743 2669 occiderunt.

2135 2696 2268 2766 Quis
2300 2697 2693 2753 demonstravit
2719 2698 2876 2754 vobis
2907 2707 2960 2754 et
2989 2698 3202 2771 reliqua
3231 2717 3245 2753 :
3278 2699 3334 2754 id
3357 2709 3461 2767 est,
3485 2702 3613 2773 quis
3633 2718 3744 2757 non

2131 2801 2233 2856 pro
2280 2786 2657 2856 possibilitate,
2709 2786 2808 2843 sed
2835 2802 2933 2858 pro
2982 2786 3300 2844 diﬂicultate
3347 2788 3481 2844 dum
3532 2789 3734 2846 dicitur

2133 2873 2291 2929 facite
2328 2873 2532 2930 fructus
2576 2875 2770 2941 bonus,
2803 2875 2859 2930 id
2916 2883 2999 2931 est
3041 2876 3297 2948 deponite
3327 2893 3490 2932 omne
3521 2878 3735 2948 vitium,

2132 2963 2218 3018 vel
2247 2961 2410 3019 facite
2457 2963 2694 3019 fructum
2737 2963 2962 3036 dignum
3010 2965 3344 3036 poenitentiae
3366 3007 3380 3035 ,
3417 2967 3472 3021 id
3505 2975 3610 3036 est,
3647 2984 3739 3039 qu;

2132 3051 2298 3107 habet
2326 3052 2462 3106 duas
2505 3053 2737 3117 tunicas,
2777 3053 2870 3108 det
2917 3069 3028 3110 non
3057 3053 3300 3122 habenti,
3333 3055 3425 3127 qui
3454 3054 3592 3112 facit
3619 3056 3742 3110 inli-

2132 3140 2236 3196 cite
2263 3141 2332 3194 ab
2363 3140 2578 3196 inlicitis
2617 3141 2904 3197 abstineat.

2201 3266 2393 3321 Potest
2421 3267 2566 3320 Deus
2594 3269 2650 3321 et
2681 3266 2958 3339 lapidibus
2988 3266 3137 3333 istis,
3171 3273 3226 3322 et
3252 3266 3499 3339 reliqua:
3525 3267 3738 3340 lapides

2131 3361 2285 3408 erant
2339 3353 2466 3424 quia
2513 3353 2725 3424 lapides
2786 3354 3069 3422 colebant,
3111 3353 3209 3410 sed
3256 3355 3445 3426 plures
3487 3358 3621 3412 inde
3665 3358 3738 3413 ad

2131 3441 2330 3497 Christi
2359 3440 2524 3497 fidem
2573 3451 2859 3508 venerunt,
2892 3443 2950 3498 id
2977 3450 3061 3498 est
3089 3442 3302 3514 lapides
3332 3443 3576 3512 simulat,
3611 3446 3740 3518 quia

2131 3530 2284 3603 gravi
2329 3539 2384 3587 et
2433 3530 2556 3586 duri
2585 3538 2639 3586 et
2693 3530 2880 3604 frigidi
2908 3531 2965 3586 in
2993 3530 3102 3587 ﬁde
3135 3540 3280 3603 sunt,
3313 3534 3522 3589 securis
3554 3535 3737 3606 posita

2132 3627 2234 3684 est,
2268 3618 2324 3673 id
2354 3626 2456 3686 est,
2490 3619 2852 3693 Evangelium
2880 3620 2950 3675 ad
2971 3619 3215 3676 radicem
3245 3621 3532 3691 arborum,
3565 3623 3623 3678 id
3654 3632 3736 3679 est

2129 3707 2352 3773 Judazis,
2387 3709 2616 3776 securis,
2648 3702 2715 3764 ex
2747 3707 2890 3764 ferro
2937 3716 2991 3764 et
3021 3707 3171 3781 ligno
3202 3718 3434 3776 constat,
3469 3711 3553 3766 sic
3585 3712 3736 3766 Chri-

2131 3803 2248 3850 stus
2274 3811 2341 3851 ex
2371 3796 2647 3852 divinitate
2677 3803 2732 3852 et
2780 3795 3135 3863 humanitate,
3169 3797 3403 3864 radices,
3438 3799 3735 3872 cogitatio-

2129 3899 2246 3950 nes,
2281 3884 2542 3940 arborum
2572 3892 2945 3956 peccatorum,
2976 3884 3067 3941 vel
3094 3885 3304 3942 radices
3331 3884 3450 3954 ﬁlii,
3476 3888 3734 3944 arborum

2128 3980 2438 4043 parentum.

2203 4079 2397 4135 Omnis
2438 4079 2602 4135 arbor
2629 4079 2726 4152 qui
2753 4095 2871 4136 non
2914 4081 3061 4152 facit
3086 4081 3347 4152 fructum
3379 4081 3591 4139 bonum
3627 4098 3733 4139 ex-

2128 4176 2368 4242 cidetur,
2401 4175 2456 4230 id
2485 4184 2588 4244 est,
2620 4175 2879 4232 dividitur
2907 4177 2976 4232 ab
2991 4176 3242 4234 Ecclesia
3273 4195 3288 4233 :
3319 4179 3381 4234 In
3398 4178 3590 4253 ignem
3615 4180 3736 4235 mit-

2129 4264 2276 4332 titur,
2312 4265 2368 4319 id
2420 4272 2504 4320 est
2532 4265 2590 4320 in
2632 4265 2720 4321 die
2751 4266 2963 4334 judicii,
3010 4266 3202 4324 fortior
3238 4284 3327 4324 me
3371 4277 3456 4324 est
3495 4287 3509 4324 :
3544 4269 3599 4324 id
3631 4277 3733 4336 est,

2128 4377 2240 4416 non
2278 4361 2456 4418 solum
2485 4363 2554 4418 de
2600 4363 2829 4435 Joanne,
2862 4364 2962 4420 sed
3009 4364 3080 4421 de
3109 4367 3366 4422 omnibus
3411 4365 3610 4424 fortior
3654 4378 3736 4423 est

499 4479 976 4554 Appropinquabit
995 4479 1149 4535 enim
1167 4494 1404 4551 regnum
1425 4479 1712 4546 caelorum,
1738 4478 1793 4534 id
1808 4487 1911 4548 est,
1933 4480 2025 4536 ba-
2050 4459 2102 4520 D
2125 4458 2372 4554 βδτίδξυε
2399 4502 2430 4554 ν,
2462 4459 2586 4516 ideo
2615 4459 2824 4554 fvrtior.
2860 4461 2983 4534 (Ιυίδ
3009 4461 3065 4516 in
3097 4463 3300 4554 δρίτὶιμ
3330 4472 3525 4520 sane“
3578 4474 3635 4521 ει
3681 4464 3737 4520 in

427 4569 686 4641 ptismum
735 4568 824 4625 vel
875 4568 1260 4641 Evangelium,
1311 4567 1511 4624 Christi
1542 4568 1900 4640 martyrium,
1937 4569 2024 4624 vel

428 4657 697 4728 Ecclesia,
733 4673 839 4712 vox
892 4657 1178 4713 clamantis
1210 4657 1263 4712 in
1295 4658 1546 4727 deserto,
1578 4656 1802 4712 Joannis
1824 4657 2024 4714 Christi

425 4747 625 4802 trinum
654 4747 878 4802 modum
907 4745 966 4801 fit
1008 4747 1231 4815 clamor,
1267 4746 1312 4802 si
1332 4746 1495 4818 longe
1517 4755 1618 4813 est,
1649 4747 1813 4820 longe
1842 4763 1875 4802 a
1903 4763 2026 4819 pec-

428 4836 701 4892 catoribus
731 4836 899 4903 salus,
932 4836 1172 4892 secunda
1201 4850 1234 4889 a
1253 4835 1474 4891 surdum
1499 4836 1543 4890 si
1558 4852 1682 4892 cum
1701 4836 1848 4907 aspis
1861 4836 2023 4892 surde

427 4941 481 4987 et
515 4933 741 5005 reliqua,
774 4934 929 4989 tertia
973 4934 1303 5006 indignatur,
1337 4933 1391 4988 id
1440 4942 1542 5003 est,
1575 4933 1887 5007 indignatus
1917 4941 2017 5004 est,

425 5018 575 5075 furor
610 5030 734 5077 tuus
754 5040 766 5076 :
784 5023 843 5077 In
862 5023 1101 5090 deserto,
1115 5023 1170 5077 in
1193 5031 1276 5079 est
1297 5022 1415 5078 sine
1435 5022 1578 5095 lege,
1600 5023 1718 5080 sine
1735 5041 1887 5096 rege,
1905 5023 2022 5080 sine

431 5109 735 5178 sacerdote,
770 5111 856 5166 vel
885 5112 1194 5182 PrOphetia,
1227 5119 1379 5167 erant
1407 5112 1600 5179 Judaei,
1631 5121 1684 5167 et
1712 5114 1803 5184 qui
1835 5129 2022 5170 amore

429 5195 606 5252 amico
653 5198 941 5270 conjugem
989 5201 1321 5273 conjungere
1367 5217 1642 5271 sponsam,
1677 5201 1758 5257 sic
1783 5202 2020 5258 Joannes

425 5285 734 5343 Ecclesiam
782 5287 997 5344 Christo
1041 5289 1321 5358 conjunxit
1358 5305 1371 5344 :
1405 5289 1535 5346 ldeo
1582 5291 1790 5347 amicus
1833 5291 2021 5363 sponsi

425 5376 641 5443 dicitur,
673 5375 910 5430 Joannes
939 5377 1174 5434 habebat
1203 5387 1410 5435 vestem
1423 5379 1493 5435 de
1522 5379 1645 5451 pilis
1663 5379 2014 5451 camelorum,

421 5465 539 5537 ipse
577 5465 631 5519 in
653 5463 860 5535 jejunio
883 5473 1040 5519 natus
1085 5473 1186 5534 est,
1219 5475 1274 5521 et
1319 5467 1556 5523 habebat
1585 5469 1839 5525 vestitum
1859 5479 1914 5525 et
1943 5469 2018 5524 ci-

423 5555 553 5610 bum
576 5555 784 5625 jejunii,
818 5563 999 5626 aptum
1028 5553 1128 5610 fuit
1161 5553 1311 5623 dum,
1345 5557 1714 5627 paenitentiam
1745 5560 1930 5616 docuit
1962 5567 2021 5614 ut

420 5643 571 5716 prius
598 5644 658 5701 in
684 5661 745 5702 se
772 5643 1044 5719 impleret,
1078 5651 1138 5701 ut
1165 5643 1346 5703 omnis
1376 5645 1470 5717 qui
1494 5646 1722 5704 verbum
1736 5649 2016 5721 praedicat,

2125 4547 2253 4620 igne
2286 4548 2541 4619 baptizat,
2575 4550 2927 4606 calciamenta
2955 4560 3192 4622 portare,
3223 4553 3347 4609 ideo
3377 4568 3490 4608 non
3507 4568 3736 4625 possum

2124 4637 2553 4694 incarnationem
2585 4639 2701 4707 ejus
2728 4639 2944 4710 plenius
2995 4641 3262 4698 enarrari.

2196 4745 2314 4816 Ipse
2361 4761 2453 4802 vos
2483 4746 2734 4817 baptizat
2778 4747 2909 4818 igne
2943 4746 2997 4801 :i
3037 4755 3121 4802 est
3174 4747 3231 4801 in
3252 4746 3483 4815 judicio,
3518 4749 3610 4804 vel
3637 4750 3699 4804 in

2125 4832 2325 4902 Spiritu
2357 4841 2546 4889 sancto
2568 4842 2622 4888 et
2650 4834 2797 4906 igne,
2824 4835 2978 4904 cujus
3008 4835 3374 4891 ventilabrum
3407 4844 3460 4892 et
3491 4836 3730 4908 reliqua,

2123 4920 2178 4975 id
2209 4929 2292 4976 est
2315 4923 2522 4990 justum
2537 4921 2804 4993 judicium
2835 4923 2890 4977 in
2934 4939 3120 4991 manu,
3154 4924 3209 4980 id
3239 4933 3324 4980 est
3376 4924 3432 4978 in
3463 4933 3735 4996 potestate

2124 5026 2243 5077 sua,
2275 5027 2423 5082 area,
2457 5011 2511 5066 id
2555 5019 2638 5067 est
2679 5012 2916 5067 mundus
2964 5013 3052 5068 vel
3079 5013 3350 5081 Ecclesia,
3385 5013 3650 5083 triticum,
3680 5013 3734 5068 id

2122 5107 2206 5153 est
2235 5108 2516 5166 sanctum,
2550 5100 2607 5154 in
2654 5100 2933 5170 horreum,
2972 5100 3030 5157 in
3070 5117 3245 5174 regna
3273 5101 3545 5158 caelorum
3583 5120 3597 5157 :
3629 5117 3734 5174 pa-

2118 5186 2238 5254 leze,
2288 5197 2626 5258 peccatores,
2659 5189 2786 5262 quia
2821 5190 2982 5260 palea
3023 5189 3166 5246 levis
3194 5198 3298 5260 est,
3333 5198 3388 5246 et
3417 5197 3669 5262 portatur
3697 5206 3728 5244 a

2121 5284 2303 5345 vento,
2337 5283 2390 5333 et
2419 5277 2564 5349 ignis
2618 5278 2906 5346 comburit,
2939 5279 3020 5335 sic
3069 5287 3414 5350 peccatores,
3466 5279 3575 5350 ipsi
3609 5295 3735 5336 cus-

2121 5364 2333 5420 todiunt
2360 5365 2566 5438 ignem,
2601 5367 2725 5439 quia
2768 5383 2879 5425 non
2920 5365 3104 5425 deﬁcit
3150 5367 3298 5441 ignis
3343 5367 3450 5423 nisi
3478 5365 3738 5424 deﬁciant

2122 5453 2293 5525 ligna.

2201 5561 2350 5616 Tunc
2372 5563 2526 5618 venit
2541 5562 2704 5618 Iesus
2725 5561 2798 5618 ad
2834 5562 3128 5619 Galilaeam
3157 5565 3226 5619 ut
3256 5562 3662 5634 baptizaretur,
3684 5569 3739 5619 et

2123 5648 2356 5721 reliqua.
2392 5649 2642 5708 Christus
2669 5650 2742 5707 ad
2784 5651 3053 5709 Joannem
3094 5651 3278 5723 venit,
3309 5650 3368 5708 id
3397 5659 3502 5724 est,
3533 5667 3741 5725 sponsa
