3998 6188
325 240 431 296 869

1099 235 1484 296 EXPOSITIO
1515 239 1589 296 IN
1618 234 1954 309 QUATUOR
1980 235 2414 295 EVANGELIA.
2448 267 2518 278 -—
2548 239 2623 296 IN
2651 235 2907 296 ΜΑΤΤΗ.

3539 239 3642 297 870

325 364 606 420 osculatur
655 378 954 435 sponsum,
1005 363 1133 437 quia
1197 364 1419 420 Joannis
1480 381 1581 435 per
1625 364 1930 420 Ecclesiam
1947 365 2004 425 A
2034 363 2216 435 gulam
2264 363 2408 429 vicit,
2449 379 2482 418 a
2517 365 2758 420 secundo
2811 381 2912 436 per
2941 364 3330 420 abstinentiam
3387 365 3638 420 vincitur.

330 469 566 524 sponsus
596 460 696 516 est,
732 453 819 509 hic
847 453 1003 521 dicit,
1051 452 1328 508 osculetur
1358 469 1447 508 me
1475 453 1660 509 osculo
1689 454 1796 508 oris
1829 453 1930 519 sui,

329 543 416 598 vel
442 543 566 598 ideo
615 541 864 598 Christus
896 542 966 597 ad
995 541 1262 596 Joannem
1305 542 1625 612 baptizatur,
1656 550 1713 596 ut
1745 559 1937 597 servus

329 647 442 686 non
472 647 532 686 se
561 638 784 686 excuset
813 646 913 686 suo
959 630 1192 686 Domino
1247 630 1523 701 baptizari,
1560 630 1644 686 vel
1675 631 1937 686 Dominus

329 736 443 775 non
489 717 814 792 dedignetur
861 735 895 774 a
941 735 1098 775 servo
1147 735 1245 774 suo
1285 718 1548 790 baptizari
1593 735 1604 773 :
1660 734 1765 792 ego
1811 734 1845 774 a
1887 726 1938 773 te

333 807 510 862 debeo
553 808 838 879 baptizari,
884 824 982 880 per
1028 809 1129 864 ista
1185 824 1350 863 causa
1405 808 1630 862 Joannis
1686 807 1940 878 cognovit

334 896 607 951 Christum
651 897 794 952 inter
838 897 1057 963 multos,
1112 897 1242 953 dum
1288 897 1540 951 Iordanis
1585 895 1721 968 fugit
1764 895 1936 963 illum,

339 994 394 1040 et
447 993 660 1041 montes
719 985 1124 1054 exultaverunt;
1174 985 1298 1058 quia
1343 994 1595 1042 creatura
1640 994 1942 1041 creatorem

337 1075 560 1145 agnovit
605 1082 659 1130 et
703 1075 846 1143 ideo,
898 1075 967 1130 ad
993 1075 1282 1146 gJoannem
1327 1075 1492 1140 venit,
1546 1083 1605 1129 ut
1653 1075 1940 1130 mundaret

333 1178 524 1234 aquas,
558 1171 612 1219 et
639 1171 698 1218 ut
729 1163 932 1235 Spiritu
963 1171 1153 1219 sancto
1184 1164 1685 1219 demonstraretur:
1711 1172 1943 1235 quatuor

335 1266 534 1308 causas
579 1252 697 1308 sine
745 1252 928 1320 modo,
981 1253 1038 1307 id
1083 1259 1184 1318 est,
1234 1251 1411 1308 donec
1459 1251 1712 1322 baptizati
1759 1258 1942 1306 essent

335 1336 521 1402 ambo,
553 1335 609 1391 id
639 1344 740 1403 est,
771 1336 841 1391 ab
869 1337 1032 1392 undis
1059 1336 1325 1402 Christus,
1361 1335 1449 1392 vel
1478 1335 1758 1407 martyrio,
1790 1336 1861 1389 ad
1891 1344 1942 1390 te

330 1426 581 1496 pervenit
610 1441 830 1482 omnem
850 1427 1116 1496 justitiam
1145 1434 1197 1481 et
1225 1426 1437 1498 reliqua
1469 1443 1483 1481 :
1515 1426 1572 1480 id
1615 1433 1717 1496 est,
1762 1425 1944 1498 legem

334 1522 567 1582 naturae,
613 1515 701 1571 vel
749 1516 930 1588 legem
967 1515 1180 1583 litterae,
1228 1514 1356 1588 quia
1402 1531 1524 1570 mos
1569 1513 1664 1569 fuit
1694 1515 1750 1568 in
1779 1515 1858 1569 eis
1887 1515 1943 1568 in

334 1604 584 1659 seniores
628 1605 916 1674 honorare,
955 1605 1286 1676 baptismum
1331 1604 1553 1659 Joannis
1583 1603 1716 1657 nihil
1745 1603 1947 1675 profuit

332 1692 437 1748 nisi
483 1691 737 1767 ﬁguravit
784 1694 1113 1766 baptismum
1163 1693 1383 1762 Christi,
1432 1702 1488 1748 ut
1516 1709 1625 1748 non
1657 1692 1945 1748 differrent

336 1781 664 1853 baptismum
710 1782 935 1838 Joannis
967 1784 1034 1838 de
1067 1783 1338 1854 baptismo
1385 1782 1605 1838 Christi.
1655 1782 1780 1853 quia
1799 1797 1944 1853 aqua

342 1869 510 1939 lavat,
545 1871 843 1943 extinguit;
875 1872 999 1927 ideo
1025 1888 1123 1942 per
1149 1888 1322 1944 aquas
1335 1871 1663 1949 baptismum
1693 1871 1792 1926 fuit
1826 1888 1838 1926 :
1873 1869 1945 1926 ita

338 1959 579 2015 Joannes
631 1960 776 2016 lavat
823 1969 875 2016 et
921 1959 1182 2034 extinguit
1233 1967 1538 2032 peccatum,
1598 1958 1832 2015 vivificat
1892 1967 1943 2013 et

339 2049 519 2113 satiat,
551 2049 627 2103 ita
655 2049 959 2119 baptismus
990 2049 1144 2115 mari,
1179 2057 1232 2104 et
1260 2049 1387 2120 quia
1415 2049 1627 2104 duobus
1658 2047 1943 2102 substantii

334 2137 695 2208 baptizantur,
727 2138 784 2193 id
814 2145 913 2204 est,
947 2153 1091 2211 aqua
1122 2145 1173 2192 et
1202 2154 1306 2194 vox
1336 2137 1636 2193 sacerdotis
1676 2137 1944 2192 visibilem

332 2235 386 2282 et
416 2226 743 2282 invisibilem
772 2243 973 2298 corpus
1004 2235 1056 2282 et
1085 2226 1342 2292 animam,
1368 2226 1668 2282 ascendent
1698 2225 1766 2281 de
1797 2241 1941 2297 aqua

334 2314 678 2388 signiﬁcant,
728 2324 920 2386 postea
967 2315 1269 2371 ascendere
1315 2332 1414 2386 per
1471 2316 1616 2369 bona
1673 2331 1839 2385 opera
1890 2322 1942 2370 et

335 2404 512 2475 gradu
541 2403 859 2459 humilitatis
891 2404 1212 2460 discendere
1234 2405 1361 2475 quia
1382 2404 1637 2459 Jordanis
1667 2403 1941 2459 discensio

334 2492 563 2559 dicitur;
607 2509 737 2550 ecce
785 2494 956 2564 aperti
999 2500 1122 2548 sunt
1168 2493 1310 2558 coeli,
1356 2493 1411 2548 id
1461 2500 1562 2558 est,
1617 2492 1941 2563 baptismum

333 2582 795 2648 ostenditcoelum
825 2591 1073 2654 apertum
1103 2591 1206 2652 est,
1241 2581 1334 2636 uni
1356 2581 1553 2654 cuique
1583 2589 1706 2651 post
1726 2582 1942 2652 culpam

338 2671 491 2737 Adae,
524 2680 576 2726 et
612 2672 745 2727 vidit
794 2673 1043 2743 spiritum
1090 2671 1499 2727 discendentem
1547 2671 1684 2724 sicut
1729 2671 1940 2726 colum-

335 2759 481 2825 bam,
515 2760 752 2815 ostendit
782 2761 928 2832 quod
957 2761 1012 2814 in
1043 2759 1219 2815 forma
1247 2759 1512 2815 columbae
1554 2766 1782 2822 tantum,
1813 2759 1942 2830 quia

335 2849 403 2902 ab
434 2864 563 2904 aere
594 2849 842 2920 spiritum
863 2865 1064 2920 corpus
1085 2848 1294 2919 accepit
1319 2865 1330 2903 :
1357 2847 1652 2902 similitudo
1675 2847 1942 2903 columbae

337 2936 408 2991 ad
438 2937 542 2993 hoc
573 2937 714 2993 facta
751 2946 853 3004 est,
905 2953 1032 2992 nam
1080 2945 1238 2992 antea
1284 2954 1393 2992 non
1421 2936 1519 2991 fuit
1551 2955 1564 2991 :
1598 2937 1727 2992 Ideo
1756 2935 1812 2990 in
1843 2951 1942 2991 co-

334 3023 520 3087 Iumba
565 3027 713 3082 venit
755 3026 974 3098 spiritus
1021 3027 1075 3081 in
1118 3026 1412 3093 Christum,
1463 3026 1589 3098 quia
1637 3026 1752 3080 avis
1798 3025 1941 3080 mitis

338 3123 442 3182 est,
473 3116 547 3170 ita
578 3116 820 3171 Christus
852 3116 997 3170 mitis
1028 3116 1144 3171 sine
1172 3116 1406 3171 macula.
1440 3116 1583 3169 Nam
1612 3115 1768 3170 aliter
1801 3132 1814 3169 :
1849 3132 1942 3170 se-

335 3213 486 3276 ptem
520 3205 724 3276 ﬁguras
757 3205 920 3259 habet
953 3204 1225 3271 columba,
1255 3212 1465 3275 septem
1497 3203 1684 3257 formis
1728 3203 1950 3274 spiritus

338 3292 668 3365 significant,
703 3300 755 3348 et
784 3293 908 3348 ideo
952 3309 1052 3364 per
1094 3293 1399 3348 columbam
1431 3293 1576 3348 venit
1619 3291 1851 3362 Spiritus
1883 3292 1939 3345 in

339 3381 575 3448 Christo,
601 3382 737 3438 sicut
759 3383 916 3437 stella
937 3399 1054 3454 quae
1076 3398 1175 3438 nec
1197 3389 1358 3437 antea
1380 3381 1477 3435 fuit
1498 3396 1599 3436 nec
1627 3390 1839 3451 postea,
1863 3381 1948 3436 vel

335 3470 461 3525 ideo
490 3471 618 3542 quia
647 3470 789 3525 ﬁlius
819 3471 875 3525 in
907 3487 1157 3542 corpore,
1181 3471 1307 3542 quia
1339 3469 1476 3525 sicut
1506 3486 1615 3524 non
1645 3469 1948 3541 potuissent

336 3559 586 3614 homines
618 3559 968 3631 praesentiam
998 3559 1091 3613 filii
1121 3559 1223 3614 Dei
1255 3558 1526 3614 sustinere
1549 3559 1665 3613 sine
1688 3574 1942 3628 corpore,

336 3645 414 3703 ita
443 3665 545 3704 nec
576 3649 795 3719 spiritus
816 3648 932 3703 sine
960 3649 1227 3704 columbae
1256 3648 1494 3720 speciem
1521 3647 1904 3701 sustinuissent
1927 3664 1942 3701 :

339 3737 451 3792 Cur
481 3753 646 3808 super
689 3737 966 3808 apostolos
995 3738 1049 3791 in
1073 3737 1221 3810 igne,
1255 3745 1307 3792 et
1337 3737 1550 3792 Christo
1580 3737 1634 3790 in
1668 3736 1942 3804 columba,

339 3825 410 3880 ad
441 3826 680 3881 litteram
709 3826 998 3881 dicendum
1022 3827 1333 3892 ostendunt,
1367 3830 1422 3882 et
1445 3843 1553 3882 vox
1574 3826 1641 3880 de
1662 3826 1834 3890 caelis,
1858 3825 1946 3880 hic

337 3915 570 3970 Trinitas
600 3925 950 3986 comparatur
982 3934 996 3970 :
1032 3917 1149 3971 Vox
1193 3915 1366 3969 Patris
1407 3915 1601 3970 Filium
1643 3914 1791 3979 dicit,
1829 3913 1944 3984 spi-

339 4004 474 4058 ritus
504 4020 606 4075 per
634 4005 976 4071 columbam;
1012 4005 1102 4060 hic
1131 4009 1216 4060 est
1234 4005 1390 4074 ﬁlius
1419 4021 1598 4067 meus,
1624 4011 1676 4058 et
1696 4003 1940 4074 reliqua:

341 4093 466 4164 quia
496 4093 650 4164 prius
694 4092 835 4148 filius
864 4093 1041 4148 Adam
1070 4092 1364 4164 displicuit,
1404 4092 1462 4146 in
1504 4092 1720 4147 Christo
1764 4099 1945 4147 autem

343 4183 686 4253 complacuit.

418 4326 569 4383 Tunc
598 4328 758 4382 Jesus
808 4324 1011 4381 ductus
1055 4328 1158 4394 est,
1201 4324 1255 4378 id
1305 4331 1407 4390 est,
1442 4339 1475 4378 a
1507 4323 1708 4394 Spiritu
1757 4329 1945 4378 sancto

341 4413 534 4470 ductus
565 4414 618 4468 in
649 4414 868 4469 deserto
912 4422 1035 4485 post
1076 4414 1420 4484 baptismum,
1467 4413 1760 4468 ostendunt
1801 4411 2016 4493 quodD

338 4520 440 4575 per
462 4503 729 4572 jejunium
773 4511 824 4558 et
866 4503 1166 4558 orationem
1196 4503 1424 4558 vincitur
1465 4501 1739 4566 diabolus,
1774 4501 1947 4554 debe--

341 4609 465 4648 mus
511 4601 564 4648 et
611 4609 714 4648 nos
741 4593 795 4647 in
827 4594 1101 4648 desertum
1144 4592 1264 4647 duci
1294 4609 1324 4646 a
1353 4591 1518 4658 vitiis,
1568 4599 1624 4645 ut
1672 4589 1947 4644 vincamus

340 4682 490 4753 ipsa;
523 4689 581 4736 ut
615 4689 971 4753 temptaretur
999 4699 1030 4737 a
1062 4682 1300 4749 diabolo,
1329 4679 1387 4735 id
1418 4687 1515 4744 est,
1564 4687 1621 4733 ut
1669 4678 1948 4733 diabolum

341 4771 607 4836 vinceret,
659 4772 1016 4845 quadraginta
1064 4771 1256 4826 diebus
1288 4777 1339 4825 et
1370 4767 1728 4841 quadraginta
1775 4767 1947 4822 nocti-

343 4859 465 4928 bus,
501 4877 570 4916 ne
601 4861 839 4917 haeretici
872 4861 1116 4917 dicerent
1147 4860 1292 4932 quod
1335 4867 1494 4913 nocte
1537 4857 1941 4922 manducasset,

340 4950 701 5022 quadraginta
733 4950 947 5022 signum
979 4951 1124 5022 quod
1147 4949 1360 5021 Moyses
1383 4947 1644 5018 jejunavit
1666 4947 1718 5001 in
1741 4954 1943 5015 monte,

340 5045 392 5093 et
443 5037 805 5110 quadraginta
854 5039 1044 5094 Elias:
1092 5047 1144 5094 et
1189 5036 1287 5093 fuit
1336 5055 1458 5092 eum
1505 5036 1784 5107 discipulis
1835 5034 1946 5089 suis

342 5128 712 5200 quadraginta
741 5127 932 5183 diebus
964 5136 1087 5199 post
1116 5127 1594 5192 resurrectionem,
1629 5133 1680 5180 et
1711 5125 1946 5196 quadra-

340 5215 490 5287 ginta
521 5214 734 5272 dierum
765 5217 1041 5286 diluvium,
1078 5216 1204 5289 quia
1234 5233 1330 5288 per
1351 5217 1469 5271 haec
1499 5222 1783 5285 peccatum
1814 5213 1946 5268 Adae

339 5305 527 5361 delere
559 5305 773 5374 debuit;
821 5315 1010 5377 postea
1058 5305 1264 5375 esuriit,
1315 5304 1514 5359 indicat
1544 5320 1732 5358 verum
1762 5301 1945 5356 homi-

336 5410 485 5463 nem,
522 5402 580 5450 ut
603 5394 851 5450 diabolus
883 5395 1089 5451 falleret
1121 5395 1236 5464 ejus
1265 5393 1560 5449 nativitate.

403 5537 684 5594 Accedens
719 5541 1045 5610 temptator,
1081 5536 1138 5591 id
1167 5543 1267 5604 est,
1304 5544 1557 5606 tanquam
1615 5531 1784 5603 piscis
1815 5538 1946 5586 tem-

332 5633 453 5697 ptat
481 5642 687 5696 amum,
721 5625 1042 5700 etgvincitur,
1065 5634 1124 5682 ut
1143 5625 1235 5697 qui
1263 5625 1496 5696 primum
1527 5622 1806 5678 hominem
1846 5636 1946 5692 per

2035 453 2091 508 Si
2120 452 2286 506 Filius
2316 453 2415 508 Dei
2446 469 2524 520 es,
2559 453 2668 522 dic,
2694 461 2751 508 ut
2772 454 2998 524 lapides,
3023 462 3075 509 et
3098 454 3307 524 reliqua
3332 472 3344 508 :
3369 471 3468 524 per
3500 455 3639 509 ethi-

2036 541 2349 613 mologiam,
2379 541 2534 611 panis
2563 557 2597 596 a
2624 543 2918 612 pascendo,
2965 551 3024 596 ut
3061 543 3270 598 videret
3301 559 3360 597 se
3391 544 3458 597 de
3488 550 3643 612 petra

2037 629 2303 702 potuisset
2331 631 2435 685 hoc
2467 629 2664 697 facere,
2697 631 2783 686 vel
2813 632 2938 703 quia
2965 631 3194 702 mystice
3227 632 3431 687 diaboli
3465 631 3640 700 cibus,

2038 719 2288 775 homines
2332 718 2545 790 lapidaei
2575 727 2628 775 et
2654 719 2794 788 duri,
2837 719 2895 775 in
2935 728 3189 790 peccato;
3243 721 3340 775 sed
3388 720 3501 786 ille,
3553 719 3645 790 qui

2038 808 2106 863 de
2153 825 2296 881 aqua
2341 809 2546 874 vinum,
2579 816 2632 863 et
2661 808 2729 863 de
2768 816 2921 879 petra
2963 825 3101 880 aqua
3146 808 3422 879 produxit,
3471 807 3646 879 potuit

2038 897 2142 953 hoc
2171 914 2217 952 ει
2247 897 2527 953 voluisset.

2113 1005 2232 1061 Non
2259 1006 2323 1060 in
2353 1005 2466 1060 solo
2507 1019 2656 1076 pane
2699 1003 2837 1059 vivit
2867 1004 3026 1060 homo
3058 1022 3076 1059 :
3109 1011 3162 1058 et
3191 1003 3416 1074 reliqua,
3451 1002 3507 1057 id
3536 1010 3639 1070 est,

2041 1108 2152 1148 non
2196 1093 2420 1149 vixisset
2465 1093 2649 1162 homo,
2682 1092 2728 1147 si
2757 1108 2867 1148 non
2915 1092 3181 1148 voluisset
3229 1093 3396 1158 Deus,
3441 1098 3494 1146 et
3532 1092 3648 1161 jam

2039 1197 2240 1252 panem
2276 1181 2678 1248 manducasset,
2713 1189 2766 1236 et
2797 1180 2843 1235 si
2873 1196 2983 1235 non
3023 1181 3412 1236 manducasset
3448 1196 3648 1251 panem

2043 1271 2088 1325 si
2117 1270 2401 1336 voluisset,
2434 1271 2680 1336 vixisset,
2714 1270 2852 1326 sicut
2896 1272 3098 1341 Moysm
3126 1278 3179 1324 et
3207 1269 3359 1338 Elia},
3408 1269 3649 1340 quadra-

2042 1359 2191 1432 ginta
2222 1359 2449 1425 diebus;
2496 1359 2724 1414 verbum
2773 1358 2872 1413 Dei
2924 1358 3136 1427 animm,
3167 1358 3222 1412 id
3253 1366 3352 1425 est,
3387 1366 3650 1413 mternam

2042 1450 2206 1503 vitam
2256 1447 2311 1501 in
2361 1456 2544 1503 sancta
2591 1447 2824 1517 civitate,
2869 1447 2925 1502 id
2975 1455 3058 1501 est
3113 1447 3434 1514 Jerusalem,
3489 1463 3652 1518 super

2042 1536 2264 1607 pinnam
2293 1535 2499 1607 templi,
2533 1535 2589 1590 id
2620 1545 2701 1592 est
2733 1553 2899 1608 super
2927 1552 3139 1591 murum
3164 1537 3344 1591 arebat
3371 1535 3646 1599 maceriae,

2046 1624 2334 1680 elationem
2379 1623 2689 1697 significant
2721 1641 2733 1679 :
2769 1641 2877 1680 non
2924 1633 3024 1692 est,
3058 1633 3115 1678 ut
3146 1640 3178 1678 a
3209 1623 3383 1695 capite
3415 1641 3473 1678 se
3505 1632 3647 1679 tem-

1969 1720 2200 1784 Bptare
2249 1713 2470 1779 dimisit,
2522 1713 2613 1784 qui
2661 1729 2760 1784 per
2787 1716 3093 1768 membrum
3123 1729 3153 1767 a
3183 1713 3350 1768 Pilato
3398 1711 3647 1784 crucifigi

2044 1801 2324 1873 permisit;
2373 1802 2492 1858 hac
2541 1810 2653 1856 tres
2701 1803 3099 1872 temptationes,
3152 1802 3208 1855 in
3253 1801 3446 1871 Adam,
3495 1801 3648 1871 prius

2042 1890 2293 1945 diabolus
2327 1890 2514 1963 exigit,
2559 1905 2660 1961 per
2703 1890 2888 1964 gulam
2928 1890 3082 1960 dixit,
3115 1897 3293 1961 gusta,
3325 1907 3426 1960 per
3455 1904 3649 1944 vanam

2043 1979 2294 2052 gloriam,
2329 1979 2479 2034 eritis
2507 1979 2645 2034 sicut
2675 1979 2768 2048 dii,
2802 1995 2902 2049 per
2931 1978 3229 2043 avaritiam,
3282 1978 3512 2032 scientes
3543 1977 3647 2032 bo-

2044 2084 2174 2122 num
2205 2075 2257 2122 et
2285 2068 2521 2135 malum;
2555 2067 2651 2122 sed
2681 2083 2781 2138 per
2809 2068 2909 2122 has
2954 2074 3088 2134 tres,
3131 2067 3327 2122 iterum
3372 2065 3650 2136 temptavit

2043 2156 2338 2222 Christum,
2370 2157 2522 2227 gula,
2563 2156 2632 2211 de
2672 2164 2830 2227 petra
2867 2155 2986 2211 ﬁeri
3036 2171 3250 2226 panem,
3300 2171 3402 2226 per
3450 2170 3646 2210 vanam

2043 2244 2297 2318 gloriam,
2329 2245 2482 2302 mitte
2514 2253 2566 2300 te
2596 2246 2872 2313 deorsum,
2897 2261 2996 2316 per
3024 2244 3324 2309 avaritiam,
3350 2243 3530 2299 omnia
3552 2241 3648 2297 tibi

2044 2333 2184 2388 dabo
2215 2341 2264 2388 et
2296 2334 2506 2404 reliqua
2539 2351 2551 2386 :
2585 2333 2682 2387 sed
2732 2333 2823 2404 qui
2872 2349 2995 2388 eum
3042 2333 3098 2387 in
3144 2332 3422 2403 abyssum,
3479 2331 3648 2385 verbo

2042 2421 2460 2492 praedicationis,
2507 2421 2681 2476 dicit:
2717 2421 2952 2476 ostendit
2997 2437 3096 2492 per
3121 2421 3223 2474 has
3271 2428 3383 2474 tres
3427 2420 3648 2474 vincere

2043 2510 2340 2575 diabolum,
2370 2510 2459 2566 hic
2488 2509 2723 2565 ostendit
2753 2526 2942 2566 verum
2968 2511 3144 2564 Deum
3174 2517 3225 2563 et
3256 2523 3446 2562 verum
3469 2506 3649 2561 homi-

2043 2615 2189 2664 nem,
2239 2600 2403 2654 homo
2453 2615 2614 2670 quem
2662 2605 2885 2669 temptat
2931 2597 3200 2653 diabolus.
3245 2597 3394 2651 Deus
3425 2603 3526 2660 est,
3562 2594 3650 2650 cui

2044 2687 2226 2760 angeli
2268 2687 2660 2753 ministrabant,
2698 2687 3058 2759 quadraginta
3093 2686 3230 2752 dies,
3276 2685 3491 2740 decima
3530 2691 3654 2738 sunt

2045 2776 2190 2843 anni,
2225 2784 2282 2830 ut
2312 2777 2448 2832 sicut
2477 2777 2544 2830 ab
2575 2776 2827 2830 omnibus
2858 2776 3020 2830 rebus
3050 2774 3290 2830 decimas
3320 2774 3453 2829 dare
3484 2773 3651 2828 debe-

2043 2881 2184 2931 mus,
2216 2865 2292 2920 ita
2324 2874 2376 2920 et
2406 2865 2620 2920 dierum
2663 2866 2786 2921 vita:
2827 2873 3029 2920 nostra:
3077 2865 3194 2919 Deo
3241 2862 3482 2919 decimas
3519 2862 3650 2917 dare

2045 2954 2374 3008 Studeamus.

1974 3076 2022 3137 α
2120 3061 2396 3127 Quoniam
2425 3061 2641 3132 angelis
2671 3061 2808 3125 suis,
2835 3067 2887 3114 et
2907 3058 3120 3129 reliqua
3145 3077 3156 3112 :
3180 3065 3238 3112 ut
3261 3057 3479 3114 vicisset
3502 3057 3652 3112 Chri-

2056 3157 2198 3202 stum
2229 3149 2497 3218 exemplo,
2522 3150 2626 3204 hoc
2658 3149 2797 3202 sicut
2819 3147 3061 3202 Christus
3082 3147 3234 3200 illum
3265 3146 3514 3216 exemplo
3554 3160 3652 3201 suo

2051 3237 2180 3293 vicit
2206 3254 2304 3308 per
2331 3237 2694 3307 scripturam;
2727 3237 2824 3290 sed
2857 3236 3105 3290 diabolus
3130 3251 3238 3290 non
3269 3243 3470 3290 rectum
3499 3234 3652 3288 illum

2049 3312 2316 3398 pSalmum
2359 3325 2427 3380 de
2471 3326 2687 3380 Christo
2738 3325 3000 3396 intellegit
3033 3342 3046 3378 :
3079 3325 3150 3378 ait
3196 3324 3274 3378 illi
3313 3324 3491 3389 Jesus,
3543 3339 3652 3377 non

2050 3414 2339 3485 temptabis
2369 3414 2658 3469 Dominum
2688 3415 2863 3470 Deum
2893 3421 3062 3477 tuum,
3087 3413 3176 3468 hic
3205 3413 3369 3468 dicit:
3395 3413 3524 3466 dum
3547 3427 3652 3483 ego

2049 3521 2170 3558 sum
2200 3503 2465 3558 Dominus
2495 3505 2642 3558 Deus
2674 3509 2797 3556 tuus
2822 3518 2917 3558 cur
2944 3519 3032 3556 me
3061 3501 3330 3572 temptas?

2117 3631 2187 3684 Et
2215 3627 2466 3684 ostendit
2485 3629 2540 3682 ei
2559 3629 2752 3683 omnia
2780 3643 2957 3698 reg-na
2975 3626 3217 3681 mundi:
3240 3625 3296 3679 id
3325 3633 3426 3689 est,
3456 3641 3648 3679 aurum

2045 3725 2332 3787 argentum
2360 3717 2477 3771 haec
2508 3715 2687 3770 omnia
2719 3715 2814 3768 tibi
2844 3714 3006 3777 dabo,
3041 3721 3095 3767 et
3124 3713 3368 3783 reliqua:
3403 3729 3527 3767 vere
3557 3727 3648 3767 ca-

2047 3805 2139 3870 dit,
2166 3805 2258 3875 qui
2278 3806 2468 3860 adorat
2498 3804 2793 3868 diabolum,
2819 3803 3146 3873 quicumque
3174 3801 3477 3855 monachus
3509 3800 3654 3870 prin-

2046 3893 2152 3964 cipi
2180 3902 2402 3964 propter
2432 3893 2748 3949 mercedem
2778 3890 3070 3957 curaverit,
3106 3906 3164 3945 se
3198 3889 3414 3944 diabolo
3442 3887 3650 3943 manci-

2045 3991 2226 4054 patur,
2259 3981 2395 4037 vade
2425 3987 2595 4047 retro,
2629 3982 2683 4036 id
2715 3990 2816 4049 est,
2847 3995 3078 4053 regnum
3109 3986 3259 4034 tuum
3302 3993 3447 4033 nunc
3477 3976 3566 4033 vel
3593 3975 3650 4030 in

2039 4071 2246 4141 judicio
2277 4071 2331 4124 in
2360 4069 2654 4125 infernum.
2673 4060 2684 4070 ’

2116 4180 2420 4233 Dominum
2466 4182 2630 4233 tuum
2676 4177 2952 4245 adorabis,
2999 4184 3053 4231 et
3098 4174 3304 4246 reliqua
3348 4191 3360 4228 :
3402 4190 3502 4244 per
3547 4173 3650 4228 tria

2047 4267 2294 4337 exempla
2323 4265 2745 4321 Deuteronomio
2790 4265 2881 4336 qui
2927 4263 3234 4337 significant
3264 4261 3646 4333 Evangelium,

2046 4356 2102 4411 id
2131 4363 2232 4422 est,
2266 4355 2478 4410 iteratio
2508 4356 2669 4426 legis,
2702 4354 2966 4409 Dominus
3009 4353 3284 4407 diabolum
3314 4351 3441 4406 vicit
3473 4351 3644 4405 :‘item

2049 4443 2338 4517 signiﬁcat,
2372 4444 2428 4498 id
2457 4453 2558 4510 est,
2593 4443 2872 4513 temptatio
2903 4441 2958 4495 in
2989 4441 3164 4496 David
3187 4449 3239 4494 et
3260 4439 3459 4495 Goliat.
3485 4438 3649 4506 Quin-

2047 4551 2150 4606 que
2180 4533 2406 4604 lapides,
2439 4533 2675 4604 quinque
2714 4531 2838 4585 libri
2871 4530 3062 4602 Moysi,
3096 4529 3188 4601 qui
3216 4528 3283 4582 de
3314 4544 3422 4583 uno
3451 4527 3650 4583 occidit

2047 4623 2343 4692 diabolum,
2377 4622 2433 4675 id
2463 4630 2563 4687 est,
2613 4636 2775 4674 unum
2823 4619 3023 4673 librum
3052 4627 3108 4672 ut
3138 4617 3338 4688 lapide,
3387 4633 3488 4688 per
3534 4625 3648 4672 tres

2048 4712 2451 4782 temptationes,
2487 4710 2540 4764 id
2569 4717 2680 4775 est,
2715 4708 3026 4779 suggestio,
3061 4706 3375 4770 delectatio,
3410 4722 3648 4761 consen-

2048 4801 2149 4866 sio,
2183 4801 2279 4856 sed
2319 4799 2590 4853 Christum
2638 4814 2739 4868 per
2789 4797 2902 4852 sola
2950 4796 3302 4869 suggestione
3348 4794 3646 4866 temptavit,

2049 4889 2176 4960 quia
2207 4889 2508 4961 suggestio,
2543 4904 2607 4942 ex
2639 4885 2861 4941 diabolo
2892 4884 2968 4939 ﬁt.

2123 4998 2261 5053 Cum
2290 4999 2483 5050 autem
2511 4994 2758 5050 audisset
2789 4995 2949 5048 Iesus
2975 4991 3115 5064 quod
3135 4992 3377 5047 Joannes
3399 4988 3646 5046 traditus

2047 5089 2211 5152 esset,
2243 5086 2472 5141 secessit
2501 5086 2562 5139 in
2595 5083 2887 5139 Galilaeam
2910 5101 2926 5136 :
2948 5081 3002 5135 id
3033 5087 3134 5145 est,
3167 5079 3388 5144 Judaeis,
3423 5078 3554 5133 abiit
3580 5079 3648 5134 ad

2046 5182 2259 5247 gentes,
2293 5173 2379 5228 vel
2410 5173 2595 5228 relicta
2625 5186 2908 5243 synagoga
2938 5185 3062 5225 cum
3098 5169 3219 5240 lege
3257 5184 3374 5233 sua,
3407 5169 3650 5224 colloca-

2045 5263 2120 5319 vit
2165 5262 2468 5318 Ecclesiam
2518 5270 2570 5316 et
2619 5259 2998 5330 Evangelium.
3051 5258 3294 5326 Galilzea,
3344 5257 3651 5313 volubilitas

2046 5353 2246 5408 dicitur
2270 5370 2282 5405 :
2307 5351 2376 5406 ad
2408 5367 2504 5406 eos
2526 5351 2672 5405 venit
2703 5349 2793 5420 qui
2823 5349 2891 5402 de
2920 5347 3066 5402 malo
3086 5348 3153 5402 ad
3175 5348 3374 5403 bonum
3407 5345 3644 5409 veniunt,

2045 5450 2098 5496 et
2128 5442 2255 5512 quia
2284 5456 2382 5512 pro
2411 5440 2638 5494 sanitate
2669 5438 2863 5510 puellae
2893 5437 3059 5503 venit,
3092 5445 3143 5491 et
3160 5437 3444 5490 mulierem
3474 5434 3530 5486 in
3560 5432 3646 5486 via

2045 5530 2274 5595 sanavit,
2310 5529 2580 5602 significat
2629 5543 2966 5600 synagogam
2999 5534 3051 5581 et
3079 5524 3384 5581 Ecclesiam
3416 5539 3428 5574 :
3459 5518 3646 5574 relicta

2043 5620 2260 5678 civitate
2292 5619 2535 5690 Galilaza,
2566 5617 2714 5675 venit
2744 5617 2800 5672 in
2829 5617 3174 5680 Cafarnaum,
3214 5611 3341 5667 villa
3385 5607 3645 5680 pulcher-
