4002 6184
364 195 459 249 871

886 187 1296 249 WALAFRIDI
1323 191 1568 248 STRABI
1596 190 1797 248 FULD.
1829 185 2003 245 MON.
2035 184 2189 242 OPP.
2221 182 2399 245 PARS
2426 187 2470 244 Ι.
2503 216 2576 231 --
2601 185 3076 246 THEOLOGICA.

3574 192 3699 248 87$

367 319 519 385 rima,
553 318 751 392 figurat
776 319 1105 387 Ecclesiam,
1135 318 1403 374 Nazareth
1433 317 1534 371 ﬂos
1563 315 1762 371 dicitur
1793 333 1806 368 :
1841 314 1968 386 quia
1988 313 2042 372 A
2072 312 2172 367 nia
2202 313 2476 369 habebant
2505 333 2524 368 :
2557 313 2613 367 id
2643 321 2742 382 est,
2777 313 2832 368 in
2861 314 3040 368 anima
3072 311 3234 368 idolis
3249 313 3491 370 creditur
3510 316 3702 371 luna-

367 408 436 462 de
485 408 621 463 flore
667 407 904 463 fructum
942 407 1032 472 fit;
1068 406 1393 461 Cafarnaum
1433 405 1559 460 villa
1605 403 1971 476 pinguedinis,

365 497 458 551 lux
489 496 772 551 inluminat
801 504 854 551 et
887 495 1165 568 pinguedo
1202 494 1469 566 sanguine
1498 501 1664 559 caret,
1699 492 1935 547 ostendit
1961 508 1973 547 :

367 584 513 656 quod
541 585 786 640 Christus
817 601 846 638 a
876 584 1008 639 ﬂore
1040 584 1240 639 littera:
1269 583 1427 654 legis,
1460 581 1709 653 pervenit
1750 582 1821 636 ad
1859 580 1976 636 fru-

367 682 514 728 ctum
536 673 884 746 pinguedinis
916 672 1205 744 Evangelii
1236 671 1395 739 lucis,
1428 671 1483 726 id
1512 678 1594 727 est
1624 670 1885 727 scientia.
1916 671 1977 724 In

372 760 590 816 finibus.

434 869 699 934 Zabulon,
735 872 794 924 et
835 869 1169 941 Nephtalim
1202 888 1220 923 :
1252 867 1510 932 Zabulon,
1557 865 1812 921 habitatio
1848 864 1975 936 pul-

362 956 682 1011 chritudinis
731 956 932 1012 dicitur
962 974 974 1010 :
1006 956 1339 1027 Nepbtalim,
1373 955 1573 1010 oblivio
1603 955 1800 1011 dicitur
1832 973 1845 1008 :
1878 953 1978 1008 Hic

366 1045 603 1100 ostendit
647 1045 771 1116 quia
821 1044 912 1116 qui
958 1045 1299 1101 obliviscitur
1351 1052 1577 1116 peccata
1623 1059 1742 1112 sua,
1776 1043 1892 1113 ipse
1921 1043 1976 1097 in

361 1133 763 1205 pulchritudine
809 1134 1033 1201 habitat,
1089 1142 1234 1188 trans
1283 1135 1578 1188 Jordancm
1628 1140 1679 1188 et
1725 1131 1914 1203 relqua
1959 1134 1974 1171 ³

363 1223 488 1293 quia
533 1240 636 1294 pro
683 1223 883 1278 timore
929 1223 1174 1294 gentium
1221 1223 1570 1294 populorum,
1603 1221 1706 1276 iste
1733 1221 1789 1276 in
1819 1228 1979 1276 nocte

367 1312 624 1367 manebat
652 1312 708 1365 in
738 1327 954 1382 campo.

446 1418 592 1474 Vidit
639 1419 822 1475 lucem
866 1435 1152 1490 magnam,
1197 1424 1254 1472 ut
1283 1416 1414 1472 dicit
1448 1434 1460 1470 :
1496 1417 1584 1471 lux
1613 1425 1734 1472 orta
1763 1424 1846 1471 est
1873 1415 1974 1484 eis,

366 1505 634 1561 sedebant
662 1506 716 1561 in
749 1507 1010 1572 tenebris,
1046 1506 1100 1560 id
1130 1513 1212 1560 est
1242 1505 1563 1578 ignorantia
1603 1513 1972 1577 peccatorum,

365 1594 457 1649 lux
489 1601 608 1649 orta
639 1602 722 1650 est
751 1594 850 1662 eis,
884 1595 938 1649 id
970 1603 1050 1649 est
1085 1594 1351 1650 Christus.

2076 400 2232 464 ticos,
2266 398 2320 454 id
2349 407 2450 466 est,
2483 399 2706 456 lunatici
2745 399 3028 471 putabant,
3078 399 3149 454 de
3178 407 3303 455 ortu
3330 399 3489 473 [lunai
3520 401 3699 455 inﬁr-

2077 486 2277 543 mitate.

2149 619 2487 676 Obtulerunt
2516 621 2569 677 ei
2597 621 2940 694 paralyticos
2963 641 2981 676 :
3004 620 3060 676 id
3080 628 3182 691 est,
3208 620 3352 693 pigri
3376 621 3445 676 ad
3470 621 3695 677 bonum

2076 708 2368 780 agendum,
2401 715 2454 763 et
2481 709 2650 764 secuti
2681 717 2804 764 sunt
2833 725 2955 765 eum
3005 710 3180 764 turba:
3224 710 3425 776 multae,
3459 711 3514 764 id
3545 719 3632 764 est
3673 728 3692 764 :

2074 796 2247 867 primo
2278 796 2531 868 discipuli
2561 798 2629 852 ad
2660 795 2825 853 ﬁdem
2855 816 2869 853 :
2901 798 3127 855 secundi
3157 797 3358 853 infirmi
3388 814 3485 870 pro
3519 799 3691 853 sani-

2075 891 2181 939 tate
2214 903 2227 939 :
2262 885 2402 940 tertii
2429 885 2570 959 legis
2599 886 2777 957 periti,
2810 887 2881 941 ad
2908 887 3418 958 reprehendendum
3446 888 3627 959 quarti
3672 905 3690 942 :

2073 988 2360 1044 pauperes,
2381 991 2482 1045 pro
2513 975 2811 1046 elimosyna
2835 993 2846 1029 :
2873 975 3088 1046 quintas
3135 976 3413 1045 mulieres,
3439 993 3508 1032 ne
3527 975 3691 1047 ipsas

2076 1061 2416 1132 disperarent
2449 1081 2462 1118 :
2496 1063 2633 1119 sexti
2661 1064 3037 1135 parvulorum.

2151 1204 2217 1259 Ut
2235 1203 2422 1259 dixit:
2445 1204 2618 1260 sinite
2638 1205 2902 1277 parvulos
2923 1205 3155 1273 venire;
3177 1203 3429 1276 decapoli
3448 1225 3465 1260 :
3487 1204 3546 1259 id
3567 1214 3684 1272 est,

2077 1289 2170 1361 qui
2213 1291 2379 1346 verba
2422 1292 2562 1365 legis
2606 1293 2914 1360 observant,
2948 1297 3006 1348 et
3025 1293 3091 1348 de
3119 1294 3453 1359 Jerusalem,
3475 1293 3533 1348 id
3569 1303 3683 1360 est,

2076 1379 2223 1449 quod
2252 1379 2497 1436 videntes
2527 1396 2719 1452 pacem
2749 1381 3023 1437 Christum
3061 1381 3232 1437 secuti
3277 1390 3477 1449 essent,
3512 1385 3576 1437 et
3609 1383 3688 1438 de

2075 1468 2269 1524 Iudaea
2306 1488 2326 1524 :
2377 1469 2434 1524 id
2464 1477 2566 1536 est,
2613 1470 2706 1542 qui
2749 1487 2850 1542 per
2891 1470 3294 1526 confessionem
3335 1471 3501 1528 secuti
3552 1478 3688 1524 sunt

2077 1555 2370 1612 Christum.

431 1704 839 1758 Paenitentiam
858 1701 1087 1773 agite,id
1111 1709 1213 1769 est,
1238 1700 1422 1756 vinum
1442 1701 1498 1755 in
1521 1699 1747 1756 vulnere
1777 1699 1958 1771 ponit;
1983 1671 2037 1731 B
2143 1681 2340 1737 νίάεηδ
2363 1686 2556 1739 autem
2585 1684 2752 1773 Jews
2776 1683 2964 1739 ίυνδαε
2987 1703 3006 1739 -‘
3037 1683 3165 1738 item
3209 1689 3442 1754 quatuor
3483 1683 3680 1738 turbas

360 1791 829 1864 appropinquabit
850 1792 1005 1846 enim
1025 1806 1262 1860 regnum
1284 1791 1571 1856 caelorum,
1591 1789 1645 1843 id
1663 1795 1761 1854 est,
1784 1787 1966 1844 oleum

363 1879 418 1932 in
449 1879 666 1947 vulnus,
700 1879 1128 1934 consolationem
1170 1878 1283 1940 dat,
1317 1877 1441 1949 quia
1472 1877 1527 1931 in
1554 1877 1724 1932 veteri
1773 1891 1977 1946 pecora

363 1966 733 2036 immolabant,
766 1968 821 2021 in
849 1983 991 2022 novo
1039 1965 1412 2036 unusquisque
1461 1964 1694 2020 Domino
1735 1963 1970 2027 offeret;

368 2054 695 2121 ambulabat,
726 2055 963 2110 ostendit
1002 2055 1159 2110 nobis
1189 2054 1242 2108 in
1273 2053 1477 2108 mundo
1525 2070 1647 2108 esse
1691 2054 1968 2125 prasenti,

366 2143 686 2198 transiendo
715 2160 825 2199 non
856 2145 1129 2211 amando;
1153 2143 1302 2212 juxta
1321 2158 1473 2197 mare
1492 2142 1765 2196 mundana
1785 2157 1970 2209 carne,

365 2247 519 2286 mare
565 2231 810 2299 Galilaea,
846 2232 964 2304 ipse
996 2241 1084 2287 est
1116 2240 1367 2303 stagnum
1414 2231 1775 2297 Genezareth,
1824 2230 1973 2287 lacus

365 2320 662 2375 salinarum
696 2329 750 2375 et
777 2338 926 2376 mare
957 2321 1282 2376 Tiberiades
1313 2328 1366 2375 et
1394 2320 1547 2376 lacus
1575 2319 1811 2375 Cineret.

349 2459 356 2467 .
444 2409 633 2465 Venite
660 2414 786 2482 post
816 2426 925 2478 me,
950 2417 1004 2464 et
1025 2409 1236 2482 reliqua
1260 2427 1273 2464 :
1298 2409 1352 2464 id
1375 2417 1476 2475 est,
1512 2407 1720 2464 animas
1750 2408 1970 2464 trahere

363 2497 431 2552 de
459 2498 660 2571 pelago
692 2499 905 2570 peccati
936 2500 1006 2554 ad
1036 2499 1182 2566 litus,
1217 2497 1408 2569 requie
1435 2506 1673 2565 teternae,
1699 2497 1821 2569 quia
1848 2513 1968 2553 mos

361 2593 445 2642 est
473 2585 812 2657 piscantibus
858 2603 1053 2644 navem
1083 2595 1136 2642 et
1165 2575 1336 2642 retem
1366 2588 1420 2640 in
1447 2604 1592 2642 mare
1635 2587 1860 2656 habere,
1893 2587 1968 2641 ita

360 2677 605 2747 Apostoli
653 2676 977 2744 Ecclesiam,
1029 2677 1342 2750 Evangelia,
1374 2683 1427 2732 et
1452 2676 1741 2742 mundum;
1785 2676 1967 2746 pisces

360 2765 630 2836 homines,
671 2765 946 2822 mittentes
989 2766 1157 2823 retias
1202 2765 1259 2820 in
1298 2782 1469 2832 mare,
1519 2765 1964 2837 praedicationem

363 2852 419 2907 in
449 2854 728 2909 mundum.

428 2961 525 3016 Illi
535 2962 753 3017 relictis
767 2961 982 3016 retibus
1001 2965 1056 3016 et
1075 2965 1258 3033 patre,
1283 2961 1460 3016 secuti
1482 2964 1620 3016 sunt
1638 2977 1798 3016 eum:
1813 2959 1963 3014 Idem

359 3055 512 3118 patre
541 3048 777 3114 diabolo,
827 3049 994 3102 retias
1043 3047 1388 3102 habitationis
1418 3056 1471 3102 et
1501 3047 1718 3120 negotia
1755 3047 1960 3115 saeculi,

359 3138 551 3191 Petrus
584 3143 636 3190 et
663 3135 942 3203 Andrazas,
980 3135 1146 3190 retias
1177 3135 1441 3190 miserunt
1473 3135 1527 3189 in
1558 3151 1731 3202 mare,
1810 3143 1966 3190 osten

360 3223 516 3290 dunt,
558 3224 702 3295 quod
749 3223 1015 3278 Dominus
1067 3223 1234 3295 elegit
1282 3225 1418 3279 alios
1463 3224 1761 3295 cupientes,
1805 3224 1970 3279 rebus

358 3311 549 3366 mundi
576 3313 920 3367 adhaerentes
946 3331 959 3379 ;
991 3313 1228 3367 Jacobus
1257 3321 1311 3368 et
1343 3314 1584 3368 Joannes
1621 3312 1788 3367 retias
1821 3311 1968 3367 refe-

361 3408 572 3466 cerunt,
615 3408 673 3455 ut
701 3400 977 3456 mitterent
1006 3417 1096 3455 eas
1128 3401 1181 3455 in
1205 3387 1384 3465 mare,
1417 3401 1471 3455 id
1503 3409 1603 3469 est,
1637 3401 1780 3473 quod
1803 3401 1970 3472 elegit

360 3489 501 3544 alios
535 3489 817 3560 cupientes
848 3491 1130 3546 adhaerere
1159 3491 1325 3545 rebus
1354 3490 1562 3557 mundi,
1597 3491 1717 3562 quis
1735 3490 1858 3561 plus
1879 3507 1967 3546 re-

357 3576 512 3648 liquit
542 3577 611 3633 de
642 3577 728 3632 his
759 3580 1036 3650 quatuor?
1067 3581 1258 3635 Petrus
1290 3587 1343 3634 et
1373 3579 1654 3646 Andraeas,
1687 3579 1808 3650 plus
1839 3579 1969 3634 reli-

356 3673 607 3737 querunt,
661 3667 789 3739 quia
835 3667 1051 3740 propria
1081 3684 1266 3724 eorum
1297 3676 1439 3735 sunt,
1472 3685 1596 3722 nam
1627 3667 1713 3722 his
1753 3668 1966 3724 duabus

355 3753 477 3808 aliis
507 3753 607 3810 fuit
636 3771 747 3811 non
778 3772 897 3810 sua.

422 3862 653 3918 Faciam
682 3879 793 3933 vos,
826 3871 879 3918 et
917 3862 1143 3936 reliqua,
1180 3863 1404 3918 mutavit
1433 3861 1684 3918 affectum
1715 3879 1826 3918 non
1855 3861 1966 3918 ofﬁ-

349 3948 515 4017 cium,
549 3952 647 4006 sed
679 3951 763 4005 his
792 3959 1038 4023 quatuor,
1071 3953 1187 4008 haec
1206 3961 1289 4007 est
1310 3952 1488 4023 prima
1510 3953 1792 4023 quadriga,
1817 3968 1964 4009 nunc

347 4038 462 4092 bini
492 4045 544 4094 et
590 4038 703 4093 bini
750 4039 1032 4095 mittuntur
1079 4041 1134 4094 in
1171 4041 1496 4108 Ecclesiam,
1542 4041 1681 4097 sicut
1730 4041 1787 4095 in
1831 4057 1964 4097 arca

349 4125 468 4183 Noe
499 4126 610 4182 bini
649 4134 702 4182 et
744 4127 873 4183 bina
918 4128 1190 4197 animalia,
1238 4138 1466 4200 quatuor
1511 4130 1738 4186 virtutes
1785 4129 1961 4203 signi-

340 4213 553 4284 ﬁcant;
595 4215 822 4286 justitia,
869 4217 1178 4286 prudentia,
1228 4217 1503 4284 fortitudo,
1554 4219 1958 4289 temperantia:

351 4318 452 4375 per
492 4314 601 4360 tres
642 4305 956 4361 vocationes
1006 4307 1180 4362 vocati
1225 4314 1348 4361 sunt
1393 4306 1578 4377 populi
1613 4325 1626 4360 :
1660 4307 1830 4377 prima
1859 4323 1960 4378 per

2082 1777 2266 1824 secuta
2322 1779 2403 1826 est
2470 1771 2760 1837 Christum,
2813 1779 2866 1827 et
2908 1773 3026 1844 ipse
3087 1779 3318 1844 quatuor
3377 1781 3688 1844 sequuntur

2078 1858 2379 1914 Ecclesiam
2415 1877 2427 1914 :
2457 1857 2634 1930 prima
2653 1868 2712 1914 ut
2741 1860 3014 1916 Christum
3042 1877 3141 1932 per
3164 1861 3412 1916 timorem
3441 1869 3492 1915 et
3522 1876 3685 1916 amo-

2077 1962 2211 2014 rem,
2246 1947 2373 2002 item
2403 1949 2472 2003 ad
2512 1948 2815 2004 Ecclesiam
2853 1949 3077 2004 veniunt
3111 1967 3124 2004 :
3157 1950 3400 2006 secunda
3446 1950 3539 2020 qui
3578 1965 3682 2020 pro

2077 2035 2370 2105 cupiditate
2397 2037 2505 2092 cibi
2535 2045 2626 2092 aut
2661 2046 2822 2108 potus
2853 2056 2866 2092 :
2901 2038 3075 2105 tertia,
3109 2053 3208 2109 pro
3238 2038 3457 2103 invidia,
3493 2046 3552 2092 ut
3581 2040 3682 2092 ha-

2077 2123 2236 2178 beant
2283 2125 2429 2196 quod
2482 2133 2783 2181 accusent:
2835 2133 3033 2197 quarta
3089 2126 3364 2182 doctores.
3424 2126 3680 2181 Christus

2074 2212 2172 2267 tria
2202 2212 2408 2285 refugia
2453 2213 2662 2281 habuit,
2684 2221 2743 2270 ut
2784 2213 3000 2286 fugeret
3041 2215 3250 2283 turbas,
3283 2215 3339 2269 in
3381 2223 3587 2284 monte,
3621 2214 3682 2269 in

2073 2300 2312 2368 deserto,
2346 2302 2403 2356 in
2433 2317 2572 2358 nave
2604 2319 2765 2374 super
2805 2320 2990 2371 mare;
3021 2304 3140 2359 hac
3178 2303 3282 2358 tria
3317 2303 3479 2358 nobis
3503 2303 3681 2358 relin—

2072 2389 2231 2460 quit':
2279 2390 2334 2444 in
2390 2391 2726 2447 altitudinem
2783 2393 3181 2458 mandatorum,
3239 2392 3568 2448 discendere
3623 2392 3682 2446 in

2070 2477 2310 2546 deserto,
2363 2480 2620 2536 deserere
2664 2481 2813 2548 vitia,
2851 2488 2904 2536 et
2931 2480 2988 2535 in
3043 2481 3248 2536 unitate
3293 2480 3562 2536 Ecclesiae.
3586 2480 3681 2535 in-

2068 2573 2256 2622 trare:
2319 2569 2471 2623 navis
2525 2569 2833 2625 Ecclesiam
2892 2568 3208 2643 significat:
3251 2577 3311 2624 ut
3363 2570 3457 2641 qui
3511 2569 3682 2624 habet

2065 2657 2492 2728 gubernatorem
2533 2666 2585 2712 et
2627 2658 3000 2730 navigatores,
3052 2665 3106 2713 et
3145 2673 3286 2730 aqua
3328 2657 3419 2730 qui
3441 2659 3677 2727 jactant,

2067 2745 2120 2798 hi
2151 2745 2219 2799 de
2266 2762 2423 2802 nave.
2472 2746 2622 2801 Idem
2680 2747 2960 2819 Episcopi,
3006 2754 3060 2802 et
3106 2747 3466 2816 laboratores,
3501 2755 3553 2801 et
3585 2747 3682 2819 qui

2064 2833 2366 2889 ministeria
2421 2834 2566 2889 intus
2623 2834 2845 2904 faciunt,
2897 2844 2947 2891 et
2993 2844 3101 2890 tres
3159 2834 3443 2891 offendunt
3485 2852 3678 2902 naves,

2059 2922 2364 2993 periculum
2393 2923 2449 2977 in
2478 2923 2656 2990 undis,
2690 2923 2743 2978 in
2776 2933 2959 2993 vento,
2993 2925 3051 2978 in
3104 2924 3278 2989 cilice,
3312 2925 3393 2980 sic
3421 2923 3683 2980 Ecclesia

1993 3010 2382 3088 Cpericulum,
2445 3012 2625 3078 undis,
2689 3013 3071 3083 temptationes
3131 3013 3354 3080 diaboli,
3402 3013 3460 3067 in
3507 3022 3674 3069 vento

2067 3107 2442 3170 peccatorum,
2477 3101 2532 3155 in
2561 3101 2714 3157 cilice
2744 3101 2897 3156 falsis
2927 3101 3206 3169 fratribus,
3239 3102 3458 3174 quando
3487 3118 3684 3157 ascen-

2068 3188 2270 3243 debant
2295 3189 2352 3242 in
2380 3198 2619 3245 montem
2650 3188 2992 3262 significabat
3039 3190 3301 3255 theorica,
3332 3189 3387 3243 id
3417 3199 3504 3245 est
3534 3207 3675 3246 con-

2067 3277 2380 3348 templativa
2414 3295 2427 3332 :
2461 3279 2677 3349 quando
2703 3279 3039 3363 .descendit,
3097 3279 3256 3334 docet
3293 3278 3558 3350 practice,
3620 3278 3676 3332 id

2066 3373 2169 3432 est,
2203 3366 2430 3432 actuale,
2465 3374 2518 3421 et
2563 3382 2687 3422 cum
2717 3368 2970 3434 sedisset,
3004 3367 3206 3423 indicat
3235 3367 3674 3424 incarnationem

2067 3455 2184 3524 ejus
2210 3470 2321 3510 non
2371 3455 2711 3527 apparuisse,
2765 3456 2894 3528 quia
2935 3456 3027 3529 qui
3074 3457 3232 3524 sedit,
3283 3456 3672 3513 vestimentum

2067 3558 2264 3614 corpus
2296 3560 2452 3598 suum
2484 3543 2745 3600 defendit.

2133 3668 2506 3725 Accesserant
2526 3669 2597 3724 ad
2617 3685 2746 3726 eum
2767 3669 3036 3742 discipuli
3064 3672 3185 3742 ejus
3206 3689 3224 3726 :
3241 3669 3297 3724 id
3325 3677 3429 3738 est,
3464 3685 3671 3741 corpus

2065 3764 2119 3812 et
2147 3757 2346 3824 anima,
2381 3765 2434 3812 et
2465 3757 2717 3829 aperiens
2744 3773 2807 3812 os
2846 3774 3021 3824 suum,
3069 3758 3125 3813 id
3162 3767 3264 3825 est,
3310 3758 3404 3829 qui
3455 3759 3672 3830 aperuit

2063 3861 2160 3901 ora
2189 3847 2582 3917 PrOphetarum
2605 3864 2619 3900 :
2647 3848 2797 3903 beati
2814 3862 3091 3919 pauperes
3111 3849 3342 3920 spiritu.
3377 3847 3431 3901 id
3453 3856 3558 3916 est,
3578 3846 3672 3919 qui

2061 3951 2164 4006 pro
2195 3935 2397 4005 Spiritu
2427 3943 2616 3991 sancto
2658 3951 2927 4006 pauperes
2971 3943 3095 3990 sunt
3142 3951 3266 3992 cum
3312 3936 3512 3991 divites
3543 3952 3669 3991 esse

2061 4031 2292 4095 possunt
2325 4042 2338 4078 ε
2371 4025 2519 4080 beati
2537 4025 2724 4090 mites,
2757 4024 2814 4079 id
2843 4032 2945 4092 est,
2993 4024 3084 4096 qui
3130 4024 3264 4080 nulli
3309 4025 3517 4079 malum
3565 4038 3668 4094 pro

2062 4112 2206 4167 malo
2234 4112 2414 4167 reddit
2445 4131 2457 4166 :
2490 4115 2756 4186 quoniam
2791 4115 2901 4186 ipsi
2941 4114 3305 4187 possidebunt
3335 4118 3575 4182 terram,
3598 4113 3668 4169 de

2062 4217 2171 4272 qua
2197 4200 2392 4256 dicitur
2421 4219 2434 4254 :
2470 4202 2638 4257 credo
2661 4201 2868 4268 videre,
2906 4211 2959 4257 et
2989 4202 3218 4273 reliqua.
3251 4203 3410 4257 Beati
3442 4205 3540 4274 qui
3573 4203 3666 4257 lu-

2059 4292 2195 4361 gent
2224 4306 2400 4359 nunc,
2433 4306 2544 4344 non
2573 4290 2641 4346 de
2673 4290 2822 4344 omni
2853 4291 2980 4345 fletu
3011 4292 3114 4346 hoc
3147 4291 3276 4345 dicit
3301 4309 3314 4344 :
3339 4291 3440 4345 sed
3469 4292 3540 4345 de
3571 4291 3669 4345 tri-

355 4393 640 4463 Joannem,
675 4395 744 4450 ad
772 4395 1083 4463 amicitiam,
1135 4412 1261 4451 ecce
1305 4411 1483 4468 agnus
1514 4395 1614 4450 Dei
1649 4413 1662 4449 ε
1697 4396 1956 4462 secunda,
1989 4378 2164 4468 D1?us
2195 4377 2431 4445 ﬂetibus.
2468 4395 2575 4450 (Ιυο
2608 4379 2866 4434 “malum
2898 4387 3112 4450 οΡοΓῖθῐ
3139 4379 3346 4434 habere
3381 4397 3394 4432 ³
3425 4379 3668 4450 Primum

353 4483 421 4537 ad
441 4484 837 4551 credulitatem,
862 4485 1069 4540 Joanne
1097 4484 1330 4549 dicente,
1352 4485 1455 4539 hoc
1488 4485 1723 4554 primum
1745 4484 1961 4557 signum

353 4569 481 4626 fecit
528 4572 685 4628 Jesus
729 4573 783 4627 in
830 4575 979 4629 Cana
1014 4573 1257 4641 Galileze,
1301 4581 1360 4628 ut
1407 4573 1696 4629 crederent
1739 4574 1791 4627 in
1836 4591 1959 4629 eum

352 4659 605 4732 discipuli
636 4663 751 4731 ejus
784 4680 796 4716 :
832 4664 991 4718 tertia
1018 4663 1233 4720 vocatio
1260 4664 1332 4718 ad
1355 4663 1734 4735 apostolatum,
1780 4663 1959 4719 venite

355 4758 478 4818 post
508 4766 615 4819 me,
651 4758 704 4806 et
735 4751 964 4823 reliqua.

425 4857 708 4913 Οἰνείιίὺαί
736 4860 894 4915 Iesus
925 4863 1104 4915 totam
1129 4860 1420 4915 Galilazam
1452 4879 1469 4914 :
1502 4867 1554 4914 et
1583 4858 1795 4930 reliqua
1829 4875 1843 4912 :
1876 4856 1955 4912 si-

351 4951 443 4997 cut
475 4946 700 5000 Gedeon
730 4947 984 5003 vincebat
1014 4947 1346 5014 Philistinos,
1379 4947 1454 5002 ita
1484 4947 1731 5002 Christus
1759 4948 1955 5003 damo-

353 5029 460 5096 nia,
496 5031 717 5099 docens,
751 5035 805 5089 id
836 5044 937 5105 est,
975 5052 1039 5091 ea
1071 5053 1189 5109 qua}
1215 5035 1354 5109 legis
1385 5044 1559 5105 erant,
1580 5037 1861 5107 praedicat,
1899 5036 1956 5091 id

353 5126 454 5189 est,
489 5119 863 5191 Evangelium,
895 5140 1112 5180 omnem
1141 5126 1482 5197 languorem,
1516 5126 1571 5179 id
1601 5134 1683 5180 est
1711 5125 1954 5182 medicus

315 5207 452 5263 «fuit
480 5209 734 5280 populus,
767 5212 822 5266 id
849 5221 931 5267 est
959 5215 1151 5282 Israel,
1201 5215 1433 5288 languor
1481 5215 1746 5288 corporis,
1793 5214 1952 5271 infir-

355 5299 516 5354 mitas
547 5297 763 5354 animai.

422 5391 494 5444 Et
521 5389 662 5445 abiit
691 5391 880 5462 opt-nio
910 5393 1030 5462 ejus
1060 5393 1124 5448 in
1164 5397 1342 5450 totam
1371 5396 1592 5466 Syriam
1625 5415 1642 5450 :
1674 5394 1728 5448 id
1762 5401 1861 5460 est,
1895 5391 1952 5447 in

352 5493 544 5533 omnes
574 5486 787 5551 gentes,
819 5495 1009 5535 omnes
1049 5481 1187 5536 male
1230 5484 1515 5550 habentes,
1548 5483 1602 5537 id
1633 5491 1734 5550 est,
1766 5481 1951 5537 multis

350 5567 796 5638 peccatis’insani
827 5569 1046 5628 fuerunt
1074 5569 1163 5629 vel
1190 5570 1338 5626 mala
1365 5571 1491 5640 fide,
1523 5577 1579 5630 et
1617 5575 1714 5647 qui
1750 5573 1952 5630 daemo-

2062 4466 2250 4522 tletum
2306 4482 2409 4539 pro
2455 4476 2679 4538 peccato
2725 4484 2872 4523 suo:
2924 4468 3244 4534 secundum,
3290 4484 3394 4538 pro
3441 4477 3666 4539 peccato

2058 4556 2289 4628 proximi
2323 4574 2335 4610 :
2370 4556 2546 4622 tertio,
2597 4572 2697 4627 pro
2744 4573 2934 4612 amore
2981 4557 3190 4612 caelesti
3226 4574 3239 4610 :
3272 4556 3530 4628 lacrymae
3559 4565 3667 4614 tres

2059 4653 2279 4700 naturas
2308 4646 2532 4715 habent,
2570 4660 2782 4713 amara,
2803 4662 2902 4717 pro
2919 4653 3142 4716 peccato
3158 4661 3268 4701 non
3285 4645 3438 4717 ﬂere,
3462 4647 3664 4714 calida,

2056 4751 2158 4806 per
2185 4735 2421 4790 calorem
2463 4733 2699 4790 caritatis
2728 4735 2962 4805 proximi
2992 4735 3195 4790 deflere
3234 4735 3454 4802 delicta,
3484 4736 3671 4804 jacent

2057 4838 2090 4877 a
2119 4824 2260 4880 coelo
2289 4839 2390 4895 pro
2421 4824 2541 4893 ejus
2570 4839 2756 4879 amore
2788 4824 2920 4879 ﬂere
2945 4843 2959 4891 ;
2995 4824 3159 4879 tribus
3190 4825 3373 4880 causis
3402 4824 3665 4896 lacrymis

2056 4911 2375 4979 funduntur,
2420 4929 2522 4983 pro
2553 4913 2958 4980 recordatione,
2991 4913 3084 4968 alii
3114 4929 3213 4985 pro
3251 4914 3447 4970 timore
3472 4913 3659 4981 futuri,

2054 5017 2156 5073 pro
2184 5002 2648 5073 peregrinatione.

2128 5128 2286 5182 Beati
2312 5127 2408 5199 qui
2461 5127 2743 5193 esuriant,
2781 5133 2834 5182 et
2875 5125 3129 5199 reliqua:
3163 5125 3219 5182 id
3264 5134 3368 5194 est,
3431 5127 3522 5183 cui
3553 5142 3661 5184 non

2055 5214 2250 5271 sufficit
2279 5215 2543 5287 quidquid
2574 5215 2702 5270 boni
2731 5214 2880 5286 facit,
2913 5215 3018 5269 nisi
3049 5215 3279 5286 amplius
3310 5214 3494 5272 facere
3512 5217 3660 5270 vult:

2052 5306 2165 5378 ipsi
2193 5305 2626 5372 saturabuntur,
2656 5304 2710 5358 id
2741 5312 2843 5373 est,
2877 5304 2932 5359 in
2963 5320 3135 5376 regno
3161 5304 3287 5359 Dei.
3315 5305 3478 5360 Beati
3498 5306 3665 5361 mise-

2052 5393 2298 5450 ricordes
2332 5412 2350 5447 :
2381 5392 2435 5446 id
2467 5401 2568 5459 est,
2603 5393 2695 5464 qui
2737 5392 2995 5459 misertis,
3047 5393 3116 5448 de
3145 5393 3369 5448 miseria
3416 5393 3661 5448 liberan-

2052 5491 2155 5548 tur,
2190 5490 2243 5538 et
2271 5498 2394 5536 cum
2415 5482 2560 5537 dono
2582 5495 2681 5536 suo
2703 5482 2756 5536 in
2779 5481 2976 5537 caelum
3004 5481 3241 5538 vadent:
3275 5483 3424 5538 beati
3452 5482 3662 5537 mundi

2052 5576 2237 5640 corde,
2269 5570 2326 5627 id
2355 5577 2458 5641 est,
2491 5569 2585 5643 qui
2629 5585 2768 5643 puro
2819 5571 3008 5642 corde,
3040 5585 3150 5627 non
3206 5569 3378 5644 tangit
3417 5569 3535 5626 ulla
3562 5585 3660 5628 cor
