4002 6184
317 222 427 277 8⁵73

1144 220 1525 279 EXPOSITIO
1554 222 1629 278 IN
1657 220 1992 292 QUATUOR
2020 224 2447 283 EVANGELIA.
2470 256 2540 268 -
2577 227 2651 283 IN
2669 227 2925 285 MATTH.

3515 234 3618 290 87L

318 342 555 400 scientia
583 342 814 416 peccati,
858 344 981 418 quia
1022 345 1255 401 mundus
1294 346 1460 417 Deus,
1507 348 1711 403 mundo
1759 347 1925 404 corde
1953 346 2188 408 Annum
2216 349 2471 417 diximus,
2504 368 2655 407 unus
2684 368 2853 425 apex,
2885 367 2994 407 uno
3021 359 3244 424 puncto,
3267 353 3337 409 ad
3363 352 3617 425 litteram,

318 433 567 505 respicit.

393 553 558 608 Beati
588 552 862 624 paciﬁci:
909 552 965 607 id
1012 560 1113 622 est,
1165 554 1221 608 in
1258 560 1490 625 quatuor
1529 561 1736 624 partes,
1784 552 1925 608 inter

319 640 518 709 Deum,
551 648 607 696 et
632 640 929 707 hominem,
962 640 1105 696 inter
1153 657 1353 713 corpus
1396 649 1447 696 et
1491 642 1746 707 animam,
1784 641 1925 696 inter

318 728 604 784 hominem
650 737 705 784 et
742 729 1213 800 proximuminter,
1265 730 1545 785 hominem
1591 738 1646 785 et
1689 730 1923 785 amicum

321 833 486 873 suum
517 836 533 885 ;
565 824 781 888 oportet
809 817 998 874 vitium
1027 818 1199 885 odire,
1244 827 1297 875 et
1346 819 1623 874 hominem
1667 818 1920 891 diligere.

395 906 558 962 Beati
576 906 674 979 qui
696 909 1151 979 persecutionem
1194 910 1502 980 patiuntur
1534 912 1768 980 propter
1792 910 1923 979 jus-

321 995 541 1063 titiam,
563 994 620 1049 id
649 1002 749 1063 est,
784 994 841 1048 in
882 995 1098 1050 Christo
1128 1013 1142 1049 :
1176 996 1273 1050 has
1306 1004 1430 1052 octo
1453 995 1833 1064 beatitudines,
1855 995 1924 1049 ad

315 1090 448 1139 octo
479 1082 730 1138 homines
758 1083 1045 1155 pertinent,
1070 1084 1163 1155 qui
1183 1082 1399 1139 fuerunt
1426 1085 1481 1139 in
1508 1101 1652 1153 arca,
1677 1091 1729 1140 et
1760 1084 1923 1139 modo

317 1171 527 1227 debent
555 1187 679 1226 esse
705 1171 761 1225 in
808 1172 1095 1228 Ecclesia:
1149 1181 1203 1228 et
1248 1181 1459 1243 septem
1504 1180 1733 1244 possunt
1776 1189 1918 1241 esse,

316 1276 433 1333 qua
461 1268 675 1331 septem
705 1260 984 1326 mulieres,
1014 1277 1183 1316 unum
1220 1262 1400 1317 virum
1428 1262 1728 1317 habuerunt
1758 1261 1921 1316 Chri-

318 1357 469 1404 stum
501 1366 515 1404 :
548 1348 604 1404 id
633 1356 736 1414 est,
770 1348 826 1403 in
865 1350 1282 1406 resurrectione.
1324 1336 1453 1407 Haec
1499 1359 1624 1407 octo
1669 1350 1920 1405 beatudi-

319 1454 428 1493 nes
456 1437 514 1491 in
543 1437 761 1493 Christa
787 1439 1129 1509 complentur
1161 1457 1175 1493 :
1220 1439 1362 1495 beati
1391 1455 1661 1510 pauperes
1691 1438 1918 1509 spiritu:

322 1526 475 1581 ﬁlius
502 1526 741 1581 hominis
768 1542 879 1581 non
908 1528 1091 1581 habuit
1120 1527 1212 1582 ubi
1260 1535 1421 1599 caput
1478 1528 1741 1593 reclinet;
1776 1527 1921 1583 beati

318 1615 505 1681 mites,
539 1614 749 1670 discate
777 1631 809 1668 a
838 1631 946 1683 me,
979 1616 1106 1688 quia
1139 1615 1283 1670 mitis
1321 1633 1441 1671 sum
1473 1634 1488 1670 :
1522 1616 1668 1672 beati
1714 1616 1808 1687 qui
1850 1615 1924 1670 lu-

2025 437 2092 491 ad
2114 454 2334 493 sensum
2361 447 2538 494 autem
2567 439 2789 495 minima
2814 441 3068 496 mandata
3096 441 3256 515 legis,
3289 442 3465 500 donec
3494 460 3618 500 om-

2025 527 2113 581 nia
2142 527 2289 594 liant,
2324 528 2448 601 quia
2476 546 2596 600 quae
2624 528 2747 602 lege
2775 529 2997 585 minima
3019 529 3254 602 fuerunt,
3288 531 3451 604 plena
3475 549 3618 606 mys-

2025 615 2177 671 teriis
2207 615 2339 670 ﬁunt
2374 636 2388 684 ;
2421 616 2532 672 iota
2561 625 2716 673 vetus
2744 617 2852 685 lex,
2872 634 3011 690 apex
3031 634 3225 676 novus.

2102 705 2205 774 Qui
2225 707 2378 761 enim
2398 707 2627 762 solverit
2657 724 2839 763 unum
2868 707 2933 763 de
2963 708 3253 764 mandatis
3280 710 3409 766 istis
3436 709 3617 765 mini-

2024 795 2152 848 mis.
2178 795 2238 848 Id
2268 802 2370 861 est,
2404 795 2495 866 qui
2543 794 2770 850 multum
2815 796 2994 864 docet,
3041 804 3096 852 et
3138 797 3359 852 minime
3405 796 3612 869 implet,

2026 881 2310 937 Phariszeis
2341 883 2652 939 excolen‘tes
2689 883 2937 953 culicem,
2987 894 3041 941 et
3068 885 3334 941 camelum
3376 885 3617 959 glutien-

2024 979 2107 1026 tes
2139 989 2152 1025 :
2187 971 2241 1025 id
2271 970 2372 1041 est,
2404 972 2497 1044 qui
2526 972 2647 1027 aliis
2675 973 2901 1029 minime
2928 974 3209 1045 praedicat,
3241 982 3296 1030 et
3342 974 3445 1029 sibi
3490 990 3615 1031 ma-

2018 1060 2143 1130 jora
2163 1060 2463 1127 committit,
2497 1061 2753 1117 minimus
2800 1062 3080 1119 vocabitur
3127 1063 3182 1117 in
3228 1078 3400 1137 regno
3444 1063 3616 1119 calo-

2024 1164 2166 1214 rum,
2198 1149 2252 1203 id
2281 1148 2442 1204 estin
2471 1150 2719 1206 Ecclesia
2752 1168 2764 1204 :
2812 1152 2936 1207 Nisi
2969 1150 3340 1207 abundaverit
3378 1153 3617 1224 justitia

2024 1241 2209 1292 vestra
2233 1239 2534 1310 plusquam
2563 1240 2885 1296 Scriban
2914 1244 2975 1296 et
2999 1241 3417 1297 Pharisaeorum
3447 1260 3466 1296 :
3487 1240 3614 1312 quia

2022 1324 2103 1380 illi
2130 1341 2334 1400 magna
2363 1328 2647 1397 docebant,
2673 1336 2725 1383 et
2754 1328 3029 1383 modicum
3078 1327 3369 1395 faciebant,
3403 1328 3491 1385 vel
3517 1327 3612 1402 qui

2023 1414 2124 1469 alia
2153 1416 2403 1470 mandata
2431 1416 2501 1471 de
2531 1416 2673 1487 lege,
2706 1417 3083 1488 repudiabant,
3137 1433 3258 1490 quae
3304 1432 3416 1472 non
3460 1431 3618 1473 ama-

2024 1503 2172 1570 bant,
2208 1520 2318 1559 non
2347 1505 2622 1571 dicebant,
2653 1513 2707 1561 et
2738 1522 2859 1577 qum
2887 1506 3140 1561 amabant
3170 1506 3443 1562 dicebant.

2091 1594 2343 1649 Audistis
2373 1596 2506 1663 quia
2536 1594 2756 1651 dictum
2783 1599 2870 1652 est
2905 1597 3177 1668 antiquis,
3201 1612 3318 1653 non
3360 1594 3615 1653 occides:

319 1711 477 1774 gent,
509 1703 705 1759 videns
734 1681 1013 1759 civitatem
1040 1704 1187 1760 ﬂevit
1218 1722 1385 1775 super
1425 1721 1543 1760 eam
1573 1724 1587 1773 ;
1641 1681 1782 1759 beati
1832 1704 1922 1776 qui
1951 1704 2005 1765 B
2114 1690 2216 1749 es"
2250 1683 2606 1776 P°n_3°lvel_‘e
2635 1684 2816 1776 Ῐεῗὲθπι
2851 1700 2863 1739 τ
2898 1686 2994 1757 (ἰαί
3010 1684 3477 1776 ίνῗαιεσίίῘιν-Ῑηὲίξξ
3495 1699 3617 1776 εμπο-

320 1792 589 1860 esuriunt,
621 1808 778 1847 meus
806 1792 959 1848 cibus
986 1801 1068 1848 est
1088 1802 1146 1847 ut
1176 1793 1369 1849 faciam
1399 1794 1727 1850 voluntatem
1753 1794 1921 1863 patris

320 1881 436 1935 mei
470 1899 484 1934 :
515 1880 661 1936 beati
691 1881 1093 1949 misericordes,
1125 1882 1181 1936 id
1210 1889 1313 1951 est,
1345 1882 1776 1939 misericordiam
1795 1882 1920 1938 volo

321 1976 382 2025 et
409 1984 521 2024 non
550 1967 876 2025 sacriﬁcium
901 1988 914 2024 :
948 1970 1093 2025 beati
1119 1971 1322 2026 mundo
1343 1972 1527 2039 corde,
1552 1972 1607 2026 id
1627 1978 1730 2038 est,
1750 1978 1921 2026 estote

325 2057 524 2127 sancti,
574 2058 828 2129 quoniam
871 2074 977 2131 ego
1016 2067 1234 2114 sanctus
1284 2076 1451 2114 sum:
1497 2060 1640 2115 beati
1684 2057 1917 2130 paciﬁci,

325 2160 526 2217 pacem
555 2161 736 2201 meam
769 2146 840 2201 do
868 2145 1042 2213 vobis,
1079 2154 1131 2202 et
1160 2147 1407 2220 repliqua
1440 2166 1453 2203 :
1485 2148 1628 2203 beati
1660 2147 1752 2218 qui
1795 2163 1921 2218 per-

319 2234 660 2290 secutionem
684 2234 980 2305 patiuntur,
1019 2234 1076 2290 id
1105 2243 1206 2304 est,
1250 2236 1296 2291 si
1341 2252 1429 2292 me
1466 2236 1735 2308 persecuti
1776 2243 1920 2303 sunt,

320 2330 379 2379 et
409 2339 510 2380 vos
534 2332 951 2395 persequuntur.

403 2431 500 2486 Vos
530 2431 666 2485 estis
686 2431 773 2485 sal
799 2433 966 2485 terra:
1000 2447 1014 2483 :
1045 2428 1102 2484 id
1132 2436 1234 2499 est,
1282 2431 1513 2501 apostoli
1560 2439 1616 2487 et
1664 2433 1921 2489 doctores

324 2518 625 2574 dicuntur:
656 2525 813 2573 terra:
860 2518 1022 2587 hujus
1058 2518 1247 2573 mundi
1292 2519 1507 2586 dicitur,
1556 2522 1702 2592 quod
1750 2522 1796 2576 si
1839 2521 1923 2576 sal

321 2606 625 2673 evanuerit,
676 2613 726 2661 et
769 2605 1021 2677 reliqua:
1066 2606 1112 2660 si
1158 2606 1350 2662 doctor
1398 2609 1665 2664 erraverit
1712 2609 1767 2662 in
1813 2625 1922 2681 quo

322 2695 664 2749 emendatur.
700 2694 791 2750 Sal
822 2701 1059 2764 saporat,
1096 2711 1311 2750 vermes
1356 2696 1573 2765 occidit,
1606 2698 1839 2767 projecit
1870 2705 1922 2752 et

319 2782 673 2839 conculcetur
699 2783 768 2836 ab
798 2783 1127 2851 hominibus,
1161 2783 1216 2838 id
1245 2793 1346 2852 est,
1390 2793 1585 2840 exeant
1616 2794 1765 2840 extra
1810 2786 1921 2841 Ec-

322 2870 549 2927 clesiam
576 2879 627 2926 et
648 2877 959 2942 reputentur
985 2872 1039 2926 in
1068 2880 1224 2942 parte
1268 2873 1552 2945 gentilium
1584 2892 1597 2927 :
1644 2875 1737 2929 Vos
1785 2876 1921 2930 estis

323 2962 432 3016 tua:
459 2960 661 3015 mundi
694 2977 709 3013 :
743 2960 797 3014 id
828 2968 928 3026 est,
962 2960 1087 3031 quia
1132 2960 1224 3015 lux
1295 2962 1566 3017 absconsa
1611 2963 1837 3029 revelat,
1871 2971 1924 3017 et

2026 1770 2085 1825 Id
2116 1778 2217 1841 est,
2246 1771 2330 1826 ira
2360 1772 2414 1826 in
2445 1772 2607 1828 corde
2638 1773 2756 1828 sine
2784 1788 2939 1843 voce,
2989 1789 3115 1829 reus
3145 1772 3249 1828 erit
3275 1772 3332 1827 in
3362 1772 3569 1843 judicio
3601 1788 3616 1829 ;

2021 1858 2076 1913 id
2115 1867 2215 1929 est,
2264 1859 2320 1915 id
2362 1860 2451 1915 die
2480 1860 2718 1930 judicii:
2770 1862 2974 1928 Racha,
3023 1860 3080 1915 id
3121 1868 3222 1929 est,
3273 1876 3477 1917 vacuus
3525 1859 3615 1917 vel

2022 1946 2220 2002 inanis.
2271 1950 2469 2015 Fatue,
2488 1949 2543 2003 id
2561 1957 2643 2003 est
2656 1948 2773 2004 sine
2785 1949 3009 2005 cerebro
3033 1967 3047 2003 :
3068 1964 3200 2006 reus
3219 1951 3332 2006 erit
3350 1948 3615 2022 gehenna

2021 2036 2190 2107 ignis,
2219 2036 2274 2090 id
2305 2044 2408 2103 est,
2432 2038 2686 2110 gehenna
2706 2037 2904 2109 duplex
2924 2053 3105 2109 poena,
3130 2052 3196 2094 eo
3217 2038 3365 2111 quod
3384 2036 3612 2094 animat!

2024 2130 2078 2178 et
2108 2138 2305 2194 corpus
2334 2126 2504 2195 punit.

2093 2213 2152 2267 Si
2167 2213 2363 2283 o/feres
2379 2231 2590 2270 munus
2608 2219 2773 2271 tuum
2792 2214 2866 2271 ad
2890 2214 3097 2281 altare,
3122 2221 3175 2270 et
3207 2213 3415 2286 reliqua
3444 2230 3460 2269 :
3489 2212 3628 2271 vade

2024 2302 2387 2358 reconciliari
2436 2303 2614 2374 fratri
2663 2306 2774 2371 tuo,
2826 2302 2882 2356 id
2929 2310 3013 2357 est
3058 2317 3272 2367 manus,
3296 2301 3599 2357 orationem

2029 2388 2360 2443 oblationem
2385 2398 2477 2445 aut
2505 2390 2760 2460 teipsum,
2794 2389 2865 2445 ad
2912 2390 3351 2447 communionem
3378 2388 3578 2446 offeres
3609 2406 3624 2445 :

2026 2493 2301 2549 nunquam
2344 2477 2413 2533 ad
2454 2478 2761 2534 Ecclesium
2808 2478 3137 2534 veniendum
3184 2486 3287 2545 est,
3339 2491 3625 2550 usquequc

2024 2564 2176 2621 fratri
2195 2581 2303 2621 non
2322 2566 2764 2622 reconciliaberis
2788 2583 2801 2622 :
2824 2568 3082 2641 relinque
3098 2567 3176 2623 ibi
3193 2583 3405 2623 munus
3423 2570 3589 2623 tuum
3612 2582 3628 2621 :

2027 2654 2301 2725 quomodo
2330 2655 2433 2711 hoc
2460 2654 2742 2725 impletum
2790 2656 2909 2721 erit,
2961 2654 3164 2727 pariter
3209 2655 3400 2710 ambos
3442 2654 3623 2711 incre-

2025 2750 2132 2813 pat,
2168 2742 2215 2797 si
2244 2751 2327 2798 est
2351 2742 2405 2799 in
2434 2744 2741 2816 propinquo
2767 2744 2928 2809 bene,
2963 2752 3017 2800 et
3046 2745 3092 2799 si
3113 2743 3297 2817 longe,
3334 2750 3517 2799 mente
3545 2750 3624 2799 ta-

2025 2846 2152 2885 men
2180 2831 2342 2887 debet
2370 2832 2741 2900 reconciliare,
2774 2840 2827 2888 et
2844 2833 2957 2902 jam
2987 2833 3134 2905 quod
3152 2831 3357 2889 dictum
3375 2838 3478 2900 est,
3500 2846 3627 2889 cum

2027 2919 2279 2975 omnibus
2308 2920 2617 2977 hominibus
2647 2936 2838 2992 pacem
2868 2921 3090 2977 habere.

322 3048 580 3103 tenebras
612 3047 914 3116 inluminat,
946 3047 1021 3102 ita
1065 3056 1117 3103 et
1146 3064 1263 3113 vos,
1296 3050 1548 3105 tenebras
1578 3059 1919 3121 peccatorum

2096 3037 2228 3092 Esto
2256 3037 2617 3093 consentiens
2663 3036 2982 3092 adversario
3014 3039 3128 3092 tuo.
3162 3035 3221 3090 Id
3250 3042 3334 3092 est
3360 3036 3619 3109 Evange-

316 3136 639 3192 inluminate
669 3154 683 3191 :
715 3136 849 3191 alias
876 3152 1027 3203 vero,
1058 3136 1193 3192 sicut
1214 3137 1298 3192 sol
1325 3154 1541 3209 semper
1566 3138 1623 3193 in
1651 3140 1792 3195 caelo
1812 3155 1927 3195 ma-

322 3233 439 3295 net,
473 3225 547 3280 ita
576 3234 628 3280 et
659 3241 757 3280 vos
786 3224 860 3279 ibi
891 3233 1127 3280 manete.

394 3333 518 3388 Non
535 3335 719 3404 potest
750 3333 951 3387 civitas
980 3331 1263 3399 abscondi,
1296 3331 1352 3386 id
1396 3339 1496 3398 est,
1546 3333 1798 3389 Ecclesia
1828 3352 1925 3389 su-

319 3436 422 3492 per
448 3428 707 3485 montem,
742 3420 796 3473 id
827 3428 927 3489 est,
961 3436 1125 3490 super
1175 3420 1442 3475 Christum
1478 3436 1491 3475 :
1525 3438 1702 3493 neque
1724 3438 1925 3478 accen-

325 3509 462 3565 dunt
492 3509 731 3573 lucerna,
766 3508 819 3562 id
850 3516 933 3563 est
963 3508 1242 3578 apostolos
1273 3516 1327 3563 et
1363 3509 1635 3575 doctores,
1661 3527 1769 3566 non
1818 3528 1924 3582 po-

324 3605 460 3652 nunt
489 3598 590 3651 sub
620 3596 824 3664 modio,
856 3597 909 3650 id
940 3604 1042 3663 est,
1079 3597 1179 3651 sub
1202 3597 1396 3652 timore
1426 3598 1511 3652 vel
1546 3615 1750 3654 amore.
1778 3598 1925 3667 Qua-

327 3694 453 3741 tuor
482 3685 863 3739 similitudines
879 3686 1080 3739 habent
1098 3686 1330 3756 apostoli
1366 3703 1379 3740 :
1414 3686 1524 3753 Sal,
1557 3687 1657 3756 sol,
1677 3687 1920 3755 lucerna,

324 3774 517 3831 civitas
552 3792 564 3827 :
599 3790 763 3845 super
792 3774 1200 3844 candelabrum,
1235 3775 1289 3828 id
1312 3783 1395 3829 est
1434 3775 1701 3844 Ecclesia,
1734 3784 1793 3830 ut
1837 3777 1924 3831 lu-

322 3870 482 3919 ceant
511 3862 761 3917 omnibus
785 3862 877 3934 qui
906 3863 961 3916 in
990 3863 1151 3918 domo
1182 3871 1304 3917 sunt
1338 3880 1350 3917 :
1378 3863 1431 3918 id
1458 3872 1540 3918 est
1569 3865 1623 3918 in
1653 3864 1916 3931 Ecclesia,

324 3950 412 4007 vel
434 3951 490 4005 in
510 3951 715 4005 mundo
748 3969 762 4005 :
805 3950 884 4006 sic
910 3950 1085 4006 luceat
1114 3951 1204 4005 lux
1235 3960 1434 4017 vestra,
1466 3952 1522 4007 id
1547 3960 1628 4007 est
1644 3953 1913 4021 doctrina,

325 4041 440 4095 sive
471 4039 612 4094 bona
642 4055 831 4109 opera,
866 4047 918 4095 et
964 4038 1265 4112 glorificent
1307 4049 1515 4111 patrem
1556 4049 1811 4110 vestrum,
1862 4040 1919 4097 id

324 4134 427 4194 est,
460 4128 517 4181 in
544 4126 841 4183 benefactis
872 4129 1088 4183 vestris.

394 4215 579 4272 Nolite
624 4221 849 4288 putare,
882 4218 1016 4289 quia
1045 4233 1161 4272 non
1188 4218 1316 4272 veni
1343 4218 1553 4273 solvere
1603 4218 1777 4289 legem
1808 4239 1827 4274 :
1860 4218 1919 4274 Id

321 4310 425 4373 est,
459 4305 843 4376 quodcumque
873 4321 1010 4375 opus
1039 4304 1243 4359 factum
1274 4312 1353 4359 est
1384 4305 1626 4375 implevit
1651 4325 1663 4361 :
1694 4308 1915 4378 quando

2042 3123 2194 3189 lium,
2230 3125 2367 3180 dum
2398 3141 2454 3181 es
2474 3126 2538 3179 in
2554 3125 2645 3181 via
2675 3141 2805 3180 cum
2832 3141 2915 3190 eo,
2945 3123 3000 3178 id
3031 3130 3115 3179 est
3142 3124 3198 3178 in
3222 3123 3321 3178 ista
3350 3123 3477 3190 vita,
3507 3123 3623 3180 sive

2038 3212 2356 3268 adversario
2387 3222 2477 3268 tuo
2508 3212 2748 3280 diabolo,
2782 3220 2840 3267 ut
2867 3228 2975 3267 non
3014 3211 3181 3269 facias
3208 3212 3354 3284 quod
3383 3210 3631 3285 suggerit

2037 3301 2153 3371 tibi,
2189 3319 2257 3357 ne
2290 3302 2391 3356 sibi
2421 3310 2620 3375 augeat
2649 3317 2809 3373 poena
2840 3316 2938 3373 pro
2964 3308 3053 3356 tuo
3081 3308 3305 3371 peccato
3340 3299 3425 3354 :si
3449 3298 3627 3356 infans

2037 3389 2279 3462 gladium
2308 3391 2460 3462 petit,
2493 3407 2601 3446 non
2633 3390 2682 3446 ei
2711 3389 2977 3462 porrigas,
3018 3389 3162 3444 unde
3205 3405 3266 3444 se
3306 3394 3532 3462 pungat,
3568 3394 3624 3444 et

2037 3482 2117 3536 sic
2140 3480 2188 3535 ei
2219 3480 2512 3543 consentis,
2545 3496 2617 3535 ne
2646 3483 2795 3550 forte
2815 3479 3175 3534 adversarius
3224 3477 3415 3533 tradat
3449 3480 3504 3532 te
3518 3479 3624 3549 ju-

2038 3569 2171 3634 dici,
2206 3568 2259 3622 id
2293 3576 2376 3623 est
2406 3583 2473 3622 ne
2494 3566 2581 3621 lex
2612 3566 2899 3638 Evangelii
2929 3566 3103 3621 tradat
3130 3572 3181 3619 te
3198 3564 3409 3619 Christo
3423 3563 3632 3633 judici:

2036 3657 2164 3728 quia
2194 3672 2303 3711 non
2333 3654 2679 3710 consentistis
2709 3653 3030 3725 Evangelia,
3061 3651 3327 3719 ministro,
3359 3651 3416 3707 id
3445 3660 3637 3707 estan-

2035 3745 2181 3817 gelo,
2216 3744 2308 3815 qui
2337 3743 2549 3798 animas
2568 3743 2624 3798 in
2652 3757 2871 3814 poenam
2894 3741 3056 3796 mittit
3075 3741 3132 3796 in
3151 3755 3454 3807 carcerem,
3478 3739 3535 3796 id
3551 3746 3636 3796 est

2033 3833 2090 3887 in
2119 3832 2412 3887 infernum.

2102 3950 2223 4005 Non
2251 3949 2406 4004 caries
2435 3946 2588 4014 inde,
2620 3946 2676 4002 id
2701 3953 2783 4003 est
2811 3945 2936 4019 quia
2964 3944 3035 4002 de
3062 3944 3276 4001 inferno
3304 3957 3466 4002 nemo
3505 3943 3628 4016 erit,

2031 4037 2207 4093 donec
2237 4036 2592 4092 novissimum
2622 4036 2979 4107 quadrantem
3008 4035 3201 4090 reddat
3230 4052 3245 4089 :
3294 4035 3487 4101 donec,
3515 4047 3619 4106 pro

2026 4142 2249 4199 semper
2268 4125 2528 4196 accipitur
2558 4143 2573 4193 ;
2608 4125 2887 4196 quadrans
2908 4131 3009 4190 est,
3035 4131 3222 4195 quarta
3242 4138 3372 4194 pars
3396 4120 3621 4189 nummi,

2028 4231 2151 4286 quae
2183 4231 2283 4285 pro
2312 4214 2577 4270 lavatione
2595 4214 2649 4267 in
2669 4213 2925 4269 mercede
2955 4213 3131 4277 datur,
3164 4211 3251 4267 vel
3268 4226 3364 4281 pro
3392 4211 3616 4267 minimo

2026 4312 2253 4374 peccato
2282 4303 2482 4359 dicitur
2516 4320 2529 4356 :
2562 4303 2960 4374 quandrantem
3007 4300 3233 4356 reddere
3264 4298 3319 4352 in
3349 4298 3621 4354 infernum

319 4391 420 4449 ﬁlii
448 4393 615 4447 Israel
643 4399 1028 4463 peccaverunt,
1059 4393 1275 4463 Moyses
1304 4401 1357 4447 et
1386 4393 1531 4459 Levi,
1558 4402 1669 4449 tres
1699 4396 1916 4467 gladios
1949 4414 2004 4475 ι)
2031 4392 2189 4459 mitti,
2222 4392 2308 4446 vel
2350 4392 2475 4463 quia
2525 4391 2688 4445 homo
2727 4391 2795 4446 de
2844 4398 3073 4461 quatuor
3117 4385 3400 4444 elementis
3443 4386 3618 4444 factus

322 4481 395 4537 ad
423 4479 714 4536 vindictam
750 4496 916 4552 super
959 4496 1053 4536 eos
1093 4481 1424 4551 accipcrunt,
1473 4482 1617 4552 quod
1667 4484 1914 4539 Christus

318 4569 451 4625 fecit
476 4586 597 4624 cum
625 4569 773 4635 dicit,
807 4585 913 4625 non
958 4570 1082 4625 veni
1110 4586 1300 4641 pacem
1352 4570 1583 4637 mittere,
1636 4572 1733 4627 sed
1792 4573 1914 4646 gla-

317 4654 490 4721 dium,
522 4662 576 4709 et
602 4654 850 4725 implere,
884 4654 937 4708 id
960 4662 1059 4720 est,
1096 4655 1239 4726 quod
1268 4654 1446 4708 minus
1477 4663 1610 4720 erat,
1654 4656 1782 4727 quia
1822 4675 1916 4713 ve-

318 4751 410 4798 tus
436 4743 543 4809 lex,
595 4743 642 4797 si
684 4743 804 4814 quis
848 4743 1209 4797 adulterasset
1254 4743 1435 4813 puniri
1477 4744 1724 4813 jubebat,
1773 4762 1916 4802 nunc

319 4839 501 4887 autem
532 4847 641 4886 non
668 4832 894 4886 solvitur
939 4832 1036 4886 sed
1079 4831 1350 4901 impletur,
1394 4848 1514 4886 cum
1558 4832 1772 4900 dicitur,
1825 4835 1918 4906 qui

317 4921 517 4978 viderit
543 4920 830 4975 mulierem
858 4921 926 4974 ad
957 4920 1450 4990 concupiscendam
1501 4937 1643 4988 eam,
1695 4930 1748 4976 et
1786 4923 1915 4977 reli-

241 5023 261 5043 '
321 5025 431 5082 qua
464 5018 554 5063 :et
582 5010 828 5064 iterum:
871 5010 940 5063 de
990 5010 1138 5063 omni
1186 5010 1354 5063 verbo
1396 5009 1591 5077 otioso,
1653 5012 1915 5067 rationem

319 5098 552 5153 reddere
576 5098 631 5151 in
661 5098 749 5153 die
772 5098 963 5167 judicii
996 5115 1009 5151 :
1041 5113 1169 5153 ecce
1182 5111 1289 5151 non
1319 5098 1442 5152 veni
1471 5098 1683 5153 solvere
1711 5100 1912 5172 legem,

319 5186 420 5242 sed
449 5202 650 5258 augere
681 5186 824 5257 quod
847 5195 1000 5242 vetus
1029 5201 1137 5241 non
1165 5185 1299 5240 dixit
1326 5205 1343 5241 :
1377 5189 1550 5242 Amen
1579 5187 1702 5243 dico
1736 5189 1910 5243 vobis.

386 5275 587 5344 Amen,
611 5274 668 5329 id
696 5283 797 5343 est,
829 5291 961 5331 vere
991 5274 1105 5330 sive
1135 5273 1369 5329 fideliter
1402 5292 1416 5327 :
1450 5276 1568 5332 Iota
1587 5292 1789 5347 unum,
1823 5293 1916 5332 no-

318 5376 448 5418 men
479 5362 674 5419 litterae
705 5381 719 5417 :
753 5364 845 5434 qui
873 5380 982 5419 uno
1013 5364 1177 5420 ducto
1210 5362 1440 5428 tit,deca
1494 5364 1694 5431 littera,
1726 5365 1779 5418 id
1809 5373 1911 5433 est,

319 5451 514 5508 decem
543 5453 712 5507 verba
736 5452 896 5525 legis,
929 5454 1071 5524 apud
1101 5454 1323 5509 Graecos
1350 5475 1385 5512 κ
1413 5451 1622 5523 litterae,
1656 5454 1801 5525 quod
1815 5470 1916 5513 nos

608 5601 848 5658 ΡΑτιιοι.
883 5601 1071 5659 CXIV.

2027 4489 2130 4537 est.
2163 4480 2404 4536 Audistis
2435 4478 2561 4551 quia
2585 4479 2788 4535 dictum
2835 4487 2916 4534 est
2948 4477 3201 4549 antiquis,
3247 4492 3359 4532 non
3401 4476 3623 4532 mecha-

2012 4570 2181 4635 beris,
2216 4568 2269 4622 id
2300 4576 2384 4623 est
2411 4583 2519 4623 non
2569 4567 2923 4633 adulterabis,
2985 4565 3077 4637 qui
3106 4564 3299 4619 viderit
3327 4563 3615 4620 mulierem

2016 4658 2086 4713 ad
2116 4656 2611 4727 concupiscendum
2642 4672 2782 4722 eam,
2816 4655 2923 4711 duo
2969 4653 3425 4724 concupiscentiae
3465 4660 3611 4722 sunt,

2015 4746 2189 4817 prima
2219 4761 2383 4817 quam
2414 4746 2460 4799 si
2488 4744 2819 4816 possibilitas
2847 4751 3102 4814 sequatur
3136 4742 3379 4809 aﬂ‘ectus,
3422 4741 3607 4814 operis

2014 4852 2125 4890 non
2154 4835 2400 4907 sequitur
2432 4850 2445 4888 :
2478 4833 2716 4889 secunda
2749 4849 2869 4903 qua:
2909 4838 3316 4889 consummatur
3343 4831 3390 4886 si
3420 4830 3606 4901 possi-

2016 4924 2195 5001 bilitas
2234 4930 2462 4993 supetat,
2511 4924 2828 4988 mwchatus,
2876 4921 2932 4975 in
2977 4936 3227 4992 corpore,
3250 4927 3306 4976 et
3344 4918 3404 4974 in
3437 4918 3610 4976 corde

2017 5012 2096 5067 ﬁt.

2083 5119 2145 5174 Si
2164 5119 2360 5174 oculus
2383 5121 2515 5173 tuus
2534 5117 2737 5173 dexter
2754 5114 3108 5172 scandalizat
3144 5117 3215 5180 te,
3237 5128 3373 5172 erue
3391 5130 3525 5172 eum
3554 5119 3613 5172 et

2012 5209 2224 5282 projice
2252 5208 2347 5263 abs
2369 5212 2444 5263 te.
2477 5206 2536 5260 Id
2558 5213 2657 5270 est,
2677 5204 2933 5276 princeps
2965 5204 3051 5260 vel
3077 5204 3270 5260 doctor
3283 5211 3428 5271 tuus,
3453 5196 3604 5273 erue,

2013 5296 2069 5351 id
2098 5304 2182 5351 est
2199 5311 2395 5366 separa
2427 5311 2552 5351 eum
2581 5310 2614 5349 a
2645 5301 2717 5359 te,
2750 5293 2797 5349 si
2824 5302 2877 5350 te
2930 5293 3001 5349 de
3030 5292 3131 5349 Dei
3177 5293 3396 5351 servitio
3425 5290 3651 5365 probi-ur

2017 5386 2191 5442 buerit
2222 5404 2235 5451 ;
2266 5400 2432 5440 unum
2461 5384 2769 5439 membrum
2795 5391 2965 5449 tuum,
2996 5382 3051 5437 id
3080 5390 3166 5438 est
3193 5383 3387 5437 melius
3405 5389 3491 5437 est
3509 5378 3608 5435 tibi

2014 5482 2071 5530 ut
2100 5474 2358 5546 princeps
2381 5481 2586 5545 pereat,
2620 5490 2785 5544 quam
2814 5488 2939 5531 cum
2964 5472 3058 5528 illo
3116 5472 3284 5528 vadas
3337 5470 3391 5524 in
3449 5466 3613 5524 infer-

3047 5599 3116 5657 28
