  <div class='ocr_page' id='page_1' title='image "/cluster/home/n/w/nwhite01/storage/ocr_20150623/114/hvd.32044052819893/443.png"; bbox 0 0 3998 6188; ppageno 0'>
   <div class='ocr_carea' id='block_1_1' title="bbox 381 217 484 270">
    <p class='ocr_par' dir='ltr' id='par_1_1' title="bbox 381 217 484 270">
     <span class='ocr_line' id='line_1_1' title="bbox 381 217 484 270; baseline -0.019 0"><span class='ocrx_word' id='word_1_1' title='bbox 381 217 484 270; x_wconf 77' lang='grc'>875</span> 
     </span>
    </p>
   </div>
   <div class='ocr_carea' id='block_1_2' title="bbox 997 207 3198 269">
    <p class='ocr_par' dir='ltr' id='par_1_2' title="bbox 997 207 3198 269">
     <span class='ocr_line' id='line_1_2' title="bbox 997 207 3198 269; baseline -0.003 0"><span class='ocrx_word' id='word_1_2' title='bbox 997 212 1398 269; x_wconf 82' lang='lat' dir='ltr'>WALAFRIDI</span> <span class='ocrx_word' id='word_1_3' title='bbox 1429 211 1673 267; x_wconf 79' lang='lat' dir='ltr'><strong>STRABI</strong></span> <span class='ocrx_word' id='word_1_4' title='bbox 1707 210 1911 266; x_wconf 92' lang='lat' dir='ltr'>FULD.</span> <span class='ocrx_word' id='word_1_5' title='bbox 1945 207 2116 265; x_wconf 84' lang='lat' dir='ltr'>MON.</span> <span class='ocrx_word' id='word_1_6' title='bbox 2151 207 2303 264; x_wconf 89' lang='lat' dir='ltr'>OPP.</span> <span class='ocrx_word' id='word_1_7' title='bbox 2344 208 2522 264; x_wconf 82' lang='lat' dir='ltr'>PARS</span> <span class='ocrx_word' id='word_1_8' title='bbox 2551 209 2593 262; x_wconf 90' lang='grc' dir='ltr'><strong>Ι.</strong></span> <span class='ocrx_word' id='word_1_9' title='bbox 2633 239 2696 250; x_wconf 91' lang='grc'><strong><em>-</em></strong></span> <span class='ocrx_word' id='word_1_10' title='bbox 2725 207 3198 264; x_wconf 84' lang='lat' dir='ltr'>THEOLOGICA.</span> 
     </span>
    </p>
   </div>
   <div class='ocr_carea' id='block_1_3' title="bbox 3583 208 3685 263">
    <p class='ocr_par' dir='ltr' id='par_1_3' title="bbox 3583 208 3685 263">
     <span class='ocr_line' id='line_1_3' title="bbox 3583 208 3685 263; baseline 0.01 -1"><span class='ocrx_word' id='word_1_11' title='bbox 3583 208 3685 263; x_wconf 77' lang='lat'>876</span> 
     </span>
    </p>
   </div>
   <div class='ocr_carea' id='block_1_4' title="bbox 379 332 3689 408">
    <p class='ocr_par' dir='ltr' id='par_1_4' title="bbox 379 332 3689 408">
     <span class='ocr_line' id='line_1_4' title="bbox 379 332 3689 408; baseline -0.002 -14"><span class='ocrx_word' id='word_1_12' title='bbox 379 356 510 395; x_wconf 91' lang='lat' dir='ltr'>num</span> <span class='ocrx_word' id='word_1_13' title='bbox 543 357 556 393; x_wconf 85' lang='lat'><strong>:</strong></span> <span class='ocrx_word' id='word_1_14' title='bbox 589 338 806 407; x_wconf 78' lang='lat' dir='ltr'>oculus,</span> <span class='ocrx_word' id='word_1_15' title='bbox 839 336 893 391; x_wconf 92' lang='lat' dir='ltr'>id</span> <span class='ocrx_word' id='word_1_16' title='bbox 921 346 1023 404; x_wconf 92' lang='lat' dir='ltr'>est,</span> <span class='ocrx_word' id='word_1_17' title='bbox 1057 337 1390 393; x_wconf 79' lang='lat' dir='ltr'>desiderium</span> <span class='ocrx_word' id='word_1_18' title='bbox 1418 344 1589 402; x_wconf 90' lang='lat' dir='ltr'>tuum,</span> <span class='ocrx_word' id='word_1_19' title='bbox 1615 335 1745 408; x_wconf 85' lang='lat' dir='ltr'>quia</span> <span class='ocrx_word' id='word_1_20' title='bbox 1773 351 1975 406; x_wconf 90' lang='lat' dir='ltr'>corpus</span> <span class='ocrx_word' id='word_1_21' title='bbox 1999 335 2055 396; x_wconf 87' lang='lat' dir='ltr'><strong>A</strong></span> <span class='ocrx_word' id='word_1_22' title='bbox 2085 342 2195 403; x_wconf 90' lang='lat' dir='ltr'>tor,</span> <span class='ocrx_word' id='word_1_23' title='bbox 2223 342 2276 388; x_wconf 89' lang='lat' dir='ltr'>et</span> <span class='ocrx_word' id='word_1_24' title='bbox 2306 333 2589 389; x_wconf 90' lang='lat' dir='ltr'>mendicus</span> <span class='ocrx_word' id='word_1_25' title='bbox 2625 349 2638 388; x_wconf 92' lang='lat'><strong>:</strong></span> <span class='ocrx_word' id='word_1_26' title='bbox 2671 332 2800 389; x_wconf 84' lang='lat' dir='ltr'>dicit</span> <span class='ocrx_word' id='word_1_27' title='bbox 2830 333 3115 401; x_wconf 82' lang='lat' dir='ltr'>Dominus,</span> <span class='ocrx_word' id='word_1_28' title='bbox 3168 339 3218 387; x_wconf 90' lang='lat' dir='ltr'>et</span> <span class='ocrx_word' id='word_1_29' title='bbox 3265 348 3478 398; x_wconf 88' lang='lat' dir='ltr'>servus,</span> <span class='ocrx_word' id='word_1_30' title='bbox 3530 332 3689 387; x_wconf 90' lang='lat' dir='ltr'>simul</span> 
     </span>
    </p>
   </div>
   <div class='ocr_carea' id='block_1_5' title="bbox 382 423 1979 500">
    <p class='ocr_par' dir='ltr' id='par_1_5' title="bbox 382 423 1979 500">
     <span class='ocr_line' id='line_1_5' title="bbox 382 423 1979 500; baseline -0.004 -16"><span class='ocrx_word' id='word_1_31' title='bbox 382 445 484 500; x_wconf 90' lang='lat' dir='ltr'>pro</span> <span class='ocrx_word' id='word_1_32' title='bbox 513 429 664 482; x_wconf 91' lang='lat' dir='ltr'>illum</span> <span class='ocrx_word' id='word_1_33' title='bbox 692 435 744 482; x_wconf 91' lang='lat' dir='ltr'>et</span> <span class='ocrx_word' id='word_1_34' title='bbox 774 427 1026 500; x_wconf 87' lang='lat' dir='ltr'>gehenna</span> <span class='ocrx_word' id='word_1_35' title='bbox 1055 426 1281 480; x_wconf 75' lang='lat' dir='ltr'>mittitur</span> <span class='ocrx_word' id='word_1_36' title='bbox 1309 443 1321 479; x_wconf 94' lang='lat'>:</span> <span class='ocrx_word' id='word_1_37' title='bbox 1358 426 1597 481; x_wconf 74' lang='lat' dir='ltr'>dextera</span> <span class='ocrx_word' id='word_1_38' title='bbox 1642 441 1867 490; x_wconf 86' lang='lat' dir='ltr'>manus,</span> <span class='ocrx_word' id='word_1_39' title='bbox 1926 423 1979 478; x_wconf 90' lang='lat' dir='ltr'>id</span> 
     </span>
    </p>
   </div>
   <div class='ocr_carea' id='block_1_6' title="bbox 383 513 1978 583">
    <p class='ocr_par' dir='ltr' id='par_1_6' title="bbox 383 513 1978 583">
     <span class='ocr_line' id='line_1_6' title="bbox 383 513 1978 583; baseline -0.004 -10"><span class='ocrx_word' id='word_1_40' title='bbox 383 525 486 583; x_wconf 91' lang='lat' dir='ltr'>est,</span> <span class='ocrx_word' id='word_1_41' title='bbox 519 516 766 570; x_wconf 91' lang='lat' dir='ltr'>minister</span> <span class='ocrx_word' id='word_1_42' title='bbox 809 524 900 570; x_wconf 89' lang='lat' dir='ltr'>aut</span> <span class='ocrx_word' id='word_1_43' title='bbox 946 516 1025 570; x_wconf 89' lang='lat' dir='ltr'>ira</span> <span class='ocrx_word' id='word_1_44' title='bbox 1071 523 1206 569; x_wconf 86' lang='lat' dir='ltr'>tua:</span> <span class='ocrx_word' id='word_1_45' title='bbox 1256 515 1612 571; x_wconf 63' lang='lat' dir='ltr'>scandalizat</span> <span class='ocrx_word' id='word_1_46' title='bbox 1649 517 1722 580; x_wconf 89' lang='lat' dir='ltr'>te,</span> <span class='ocrx_word' id='word_1_47' title='bbox 1776 513 1831 567; x_wconf 91' lang='lat' dir='ltr'>id</span> <span class='ocrx_word' id='word_1_48' title='bbox 1876 521 1978 581; x_wconf 91' lang='lat' dir='ltr'>est,</span> 
     </span>
    </p>
   </div>
   <div class='ocr_carea' id='block_1_7' title="bbox 387 601 1978 673">
    <p class='ocr_par' dir='ltr' id='par_1_7' title="bbox 387 601 1978 673">
     <span class='ocr_line' id='line_1_7' title="bbox 387 601 1978 673; baseline -0.003 -12"><span class='ocrx_word' id='word_1_49' title='bbox 387 605 620 662; x_wconf 90' lang='lat' dir='ltr'>emenda</span> <span class='ocrx_word' id='word_1_50' title='bbox 649 612 756 659; x_wconf 89' lang='lat' dir='ltr'>ate</span> <span class='ocrx_word' id='word_1_51' title='bbox 786 621 800 658; x_wconf 89' lang='lat'><strong>:</strong></span> <span class='ocrx_word' id='word_1_52' title='bbox 833 621 1058 670; x_wconf 87' lang='lat' dir='ltr'>manus,</span> <span class='ocrx_word' id='word_1_53' title='bbox 1091 603 1145 657; x_wconf 92' lang='lat' dir='ltr'>id</span> <span class='ocrx_word' id='word_1_54' title='bbox 1176 611 1277 669; x_wconf 89' lang='lat' dir='ltr'>est,</span> <span class='ocrx_word' id='word_1_55' title='bbox 1312 619 1446 673; x_wconf 90' lang='lat' dir='ltr'>opos</span> <span class='ocrx_word' id='word_1_56' title='bbox 1478 603 1684 658; x_wconf 90' lang='lat' dir='ltr'>malum</span> <span class='ocrx_word' id='word_1_57' title='bbox 1734 601 1978 658; x_wconf 81' lang='lat' dir='ltr'>abscide.</span> 
     </span>
    </p>
   </div>
   <div class='ocr_carea' id='block_1_8' title="bbox 458 692 1985 764">
    <p class='ocr_par' dir='ltr' id='par_1_8' title="bbox 458 692 1985 764">
     <span class='ocr_line' id='line_1_8' title="bbox 458 692 1985 764; baseline -0.003 -13"><span class='ocrx_word' id='word_1_58' title='bbox 458 695 578 751; x_wconf 89' lang='lat' dir='ltr'>Non</span> <span class='ocrx_word' id='word_1_59' title='bbox 599 695 818 764; x_wconf 74' lang='lat' dir='ltr'>furare,</span> <span class='ocrx_word' id='word_1_60' title='bbox 851 693 907 746; x_wconf 91' lang='lat' dir='ltr'>id</span> <span class='ocrx_word' id='word_1_61' title='bbox 929 699 1028 760; x_wconf 90' lang='lat' dir='ltr'>est,</span> <span class='ocrx_word' id='word_1_62' title='bbox 1080 708 1189 747; x_wconf 89' lang='lat' dir='ltr'>non</span> <span class='ocrx_word' id='word_1_63' title='bbox 1231 692 1518 762; x_wconf 89' lang='lat' dir='ltr'>perjurare</span> <span class='ocrx_word' id='word_1_64' title='bbox 1551 711 1564 757; x_wconf 89' lang='lat'><strong>;</strong></span> <span class='ocrx_word' id='word_1_65' title='bbox 1618 709 1734 747; x_wconf 89' lang='lat' dir='ltr'>non</span> <span class='ocrx_word' id='word_1_66' title='bbox 1781 693 1985 763; x_wconf 85' lang='lat' dir='ltr'>jurare</span> 
     </span>
    </p>
   </div>
   <div class='ocr_carea' id='block_1_9' title="bbox 388 780 1986 853">
    <p class='ocr_par' dir='ltr' id='par_1_9' title="bbox 388 780 1986 853">
     <span class='ocr_line' id='line_1_9' title="bbox 388 780 1986 853; baseline -0.003 -14"><span class='ocrx_word' id='word_1_67' title='bbox 388 785 634 847; x_wconf 83' lang='lat' dir='ltr'>omnino,</span> <span class='ocrx_word' id='word_1_68' title='bbox 659 781 712 835; x_wconf 93' lang='lat' dir='ltr'>id</span> <span class='ocrx_word' id='word_1_69' title='bbox 742 789 824 836; x_wconf 92' lang='lat' dir='ltr'>est</span> <span class='ocrx_word' id='word_1_70' title='bbox 853 796 1129 853; x_wconf 90' lang='lat' dir='ltr'>nunquam</span> <span class='ocrx_word' id='word_1_71' title='bbox 1152 781 1338 850; x_wconf 87' lang='lat' dir='ltr'>jurare</span> <span class='ocrx_word' id='word_1_72' title='bbox 1368 801 1386 848; x_wconf 90' lang='lat'><strong><em>;</em></strong></span> <span class='ocrx_word' id='word_1_73' title='bbox 1420 797 1599 853; x_wconf 88' lang='lat' dir='ltr'>neque</span> <span class='ocrx_word' id='word_1_74' title='bbox 1619 795 1725 852; x_wconf 90' lang='lat' dir='ltr'>per</span> <span class='ocrx_word' id='word_1_75' title='bbox 1781 780 1986 835; x_wconf 62' lang='lat' dir='ltr'>caelum</span> 
     </span>
    </p>
   </div>
   <div class='ocr_carea' id='block_1_10' title="bbox 390 868 1986 945">
    <p class='ocr_par' dir='ltr' id='par_1_10' title="bbox 390 868 1986 945">
     <span class='ocr_line' id='line_1_10' title="bbox 390 868 1986 945; baseline -0.002 -19"><span class='ocrx_word' id='word_1_76' title='bbox 390 873 521 945; x_wconf 93' lang='lat' dir='ltr'>quia</span> <span class='ocrx_word' id='word_1_77' title='bbox 549 871 696 926; x_wconf 89' lang='lat' dir='ltr'>sedis</span> <span class='ocrx_word' id='word_1_78' title='bbox 725 874 809 925; x_wconf 86' lang='lat' dir='ltr'>est</span> <span class='ocrx_word' id='word_1_79' title='bbox 837 872 954 936; x_wconf 91' lang='lat' dir='ltr'>Dei,</span> <span class='ocrx_word' id='word_1_80' title='bbox 989 869 1146 924; x_wconf 79' lang='lat' dir='ltr'>aliter</span> <span class='ocrx_word' id='word_1_81' title='bbox 1189 877 1288 935; x_wconf 90' lang='lat' dir='ltr'>est,</span> <span class='ocrx_word' id='word_1_82' title='bbox 1341 876 1423 924; x_wconf 91' lang='lat' dir='ltr'>est</span> <span class='ocrx_word' id='word_1_83' title='bbox 1454 888 1468 934; x_wconf 90' lang='lat'><strong>;</strong></span> <span class='ocrx_word' id='word_1_84' title='bbox 1502 887 1617 924; x_wconf 87' lang='lat' dir='ltr'>non</span> <span class='ocrx_word' id='word_1_85' title='bbox 1648 885 1780 936; x_wconf 85' lang='lat' dir='ltr'>non,</span> <span class='ocrx_word' id='word_1_86' title='bbox 1815 868 1871 923; x_wconf 89' lang='lat' dir='ltr'>id</span> <span class='ocrx_word' id='word_1_87' title='bbox 1902 875 1986 923; x_wconf 88' lang='lat' dir='ltr'>est</span> 
     </span>
    </p>
   </div>
   <div class='ocr_carea' id='block_1_11' title="bbox 385 958 1981 1031">
    <p class='ocr_par' dir='ltr' id='par_1_11' title="bbox 385 958 1981 1031">
     <span class='ocr_line' id='line_1_11' title="bbox 385 958 1981 1031; baseline -0.002 -15"><span class='ocrx_word' id='word_1_88' title='bbox 385 960 614 1016; x_wconf 83' lang='lat' dir='ltr'>verbum</span> <span class='ocrx_word' id='word_1_89' title='bbox 642 958 748 1015; x_wconf 93' lang='lat' dir='ltr'>dici</span> <span class='ocrx_word' id='word_1_90' title='bbox 779 959 834 1013; x_wconf 91' lang='lat' dir='ltr'>in</span> <span class='ocrx_word' id='word_1_91' title='bbox 863 975 959 1014; x_wconf 93' lang='lat' dir='ltr'>ore</span> <span class='ocrx_word' id='word_1_92' title='bbox 989 967 1042 1013; x_wconf 91' lang='lat' dir='ltr'>et</span> <span class='ocrx_word' id='word_1_93' title='bbox 1070 958 1127 1012; x_wconf 90' lang='lat' dir='ltr'>in</span> <span class='ocrx_word' id='word_1_94' title='bbox 1165 959 1334 1014; x_wconf 89' lang='lat' dir='ltr'>corde</span> <span class='ocrx_word' id='word_1_95' title='bbox 1368 977 1381 1024; x_wconf 91' lang='lat'><strong>;</strong></span> <span class='ocrx_word' id='word_1_96' title='bbox 1419 959 1562 1031; x_wconf 91' lang='lat' dir='ltr'>quod</span> <span class='ocrx_word' id='word_1_97' title='bbox 1594 959 1842 1030; x_wconf 82' lang='lat' dir='ltr'>amplius</span> <span class='ocrx_word' id='word_1_98' title='bbox 1875 961 1981 1023; x_wconf 89' lang='lat' dir='ltr'>est,</span> 
     </span>
    </p>
   </div>
   <div class='ocr_carea' id='block_1_12' title="bbox 385 1045 1983 1119">
    <p class='ocr_par' dir='ltr' id='par_1_12' title="bbox 385 1045 1983 1119">
     <span class='ocr_line' id='line_1_12' title="bbox 385 1045 1983 1119; baseline -0.002 -15"><span class='ocrx_word' id='word_1_99' title='bbox 385 1066 421 1104; x_wconf 93' lang='lat' dir='ltr'>a</span> <span class='ocrx_word' id='word_1_100' title='bbox 447 1049 597 1104; x_wconf 85' lang='lat' dir='ltr'>malo</span> <span class='ocrx_word' id='word_1_101' title='bbox 626 1051 731 1117; x_wconf 85' lang='lat' dir='ltr'>est,</span> <span class='ocrx_word' id='word_1_102' title='bbox 762 1047 819 1102; x_wconf 89' lang='lat' dir='ltr'>id</span> <span class='ocrx_word' id='word_1_103' title='bbox 848 1055 950 1119; x_wconf 92' lang='lat' dir='ltr'>est,</span> <span class='ocrx_word' id='word_1_104' title='bbox 985 1063 1051 1103; x_wconf 86' lang='lat' dir='ltr'>ex</span> <span class='ocrx_word' id='word_1_105' title='bbox 1078 1045 1398 1118; x_wconf 82' lang='lat' dir='ltr'>indignitate</span> <span class='ocrx_word' id='word_1_106' title='bbox 1429 1046 1576 1114; x_wconf 91' lang='lat' dir='ltr'>illus,</span> <span class='ocrx_word' id='word_1_107' title='bbox 1610 1045 1698 1102; x_wconf 89' lang='lat' dir='ltr'>cui</span> <span class='ocrx_word' id='word_1_108' title='bbox 1715 1063 1824 1102; x_wconf 90' lang='lat' dir='ltr'>non</span> <span class='ocrx_word' id='word_1_109' title='bbox 1861 1061 1983 1102; x_wconf 90' lang='lat' dir='ltr'>cre-</span> 
     </span>
    </p>
   </div>
   <div class='ocr_carea' id='block_1_13' title="bbox 393 1135 552 1191">
    <p class='ocr_par' dir='ltr' id='par_1_13' title="bbox 393 1135 552 1191">
     <span class='ocr_line' id='line_1_13' title="bbox 393 1135 552 1191; baseline 0.006 -1"><span class='ocrx_word' id='word_1_110' title='bbox 393 1135 552 1191; x_wconf 90' lang='lat' dir='ltr'>ditur.</span> 
     </span>
    </p>
   </div>
   <div class='ocr_carea' id='block_1_14' title="bbox 463 1250 1986 1324">
    <p class='ocr_par' dir='ltr' id='par_1_14' title="bbox 463 1250 1986 1324">
     <span class='ocr_line' id='line_1_14' title="bbox 463 1250 1986 1324; baseline -0.002 -16"><span class='ocrx_word' id='word_1_111' title='bbox 463 1253 700 1309; x_wconf 78' lang='lat' dir='ltr'>Oculum</span> <span class='ocrx_word' id='word_1_112' title='bbox 717 1268 817 1324; x_wconf 87' lang='lat' dir='ltr'>pro</span> <span class='ocrx_word' id='word_1_113' title='bbox 845 1253 1024 1318; x_wconf 87' lang='lat' dir='ltr'>oculo,</span> <span class='ocrx_word' id='word_1_114' title='bbox 1058 1250 1113 1305; x_wconf 91' lang='lat' dir='ltr'>id</span> <span class='ocrx_word' id='word_1_115' title='bbox 1142 1259 1244 1316; x_wconf 91' lang='lat' dir='ltr'>est,</span> <span class='ocrx_word' id='word_1_116' title='bbox 1276 1266 1386 1306; x_wconf 90' lang='lat' dir='ltr'>non</span> <span class='ocrx_word' id='word_1_117' title='bbox 1406 1250 1640 1306; x_wconf 89' lang='lat' dir='ltr'>reddere</span> <span class='ocrx_word' id='word_1_118' title='bbox 1662 1250 1864 1305; x_wconf 89' lang='lat' dir='ltr'>malum</span> <span class='ocrx_word' id='word_1_119' title='bbox 1885 1266 1986 1321; x_wconf 91' lang='lat' dir='ltr'>pro</span> 
     </span>
    </p>
   </div>
   <div class='ocr_carea' id='block_1_15' title="bbox 391 1340 1989 1413">
    <p class='ocr_par' dir='ltr' id='par_1_15' title="bbox 391 1340 1989 1413">
     <span class='ocr_line' id='line_1_15' title="bbox 391 1340 1989 1413; baseline -0.001 -17"><span class='ocrx_word' id='word_1_120' title='bbox 391 1341 569 1397; x_wconf 91' lang='lat' dir='ltr'>malo:</span> <span class='ocrx_word' id='word_1_121' title='bbox 603 1343 653 1396; x_wconf 88' lang='lat' dir='ltr'>si</span> <span class='ocrx_word' id='word_1_122' title='bbox 681 1342 804 1413; x_wconf 89' lang='lat' dir='ltr'>quis</span> <span class='ocrx_word' id='word_1_123' title='bbox 821 1342 1167 1413; x_wconf 82' lang='lat' dir='ltr'>percusserit</span> <span class='ocrx_word' id='word_1_124' title='bbox 1191 1345 1241 1396; x_wconf 88' lang='lat' dir='ltr'>te</span> <span class='ocrx_word' id='word_1_125' title='bbox 1260 1343 1322 1396; x_wconf 92' lang='lat' dir='ltr'>in</span> <span class='ocrx_word' id='word_1_126' title='bbox 1353 1341 1653 1396; x_wconf 75' lang='lat' dir='ltr'>dexteram</span> <span class='ocrx_word' id='word_1_127' title='bbox 1681 1340 1989 1395; x_wconf 73' lang='lat' dir='ltr'>maxillam</span> 
     </span>
    </p>
   </div>
   <div class='ocr_carea' id='block_1_16' title="bbox 388 1428 1985 1501">
    <p class='ocr_par' dir='ltr' id='par_1_16' title="bbox 388 1428 1985 1501">
     <span class='ocr_line' id='line_1_16' title="bbox 388 1428 1985 1501; baseline 0 -17"><span class='ocrx_word' id='word_1_128' title='bbox 388 1429 445 1484; x_wconf 92' lang='lat' dir='ltr'>id</span> <span class='ocrx_word' id='word_1_129' title='bbox 472 1437 572 1499; x_wconf 92' lang='lat' dir='ltr'>est,</span> <span class='ocrx_word' id='word_1_130' title='bbox 605 1429 651 1484; x_wconf 89' lang='lat' dir='ltr'>si</span> <span class='ocrx_word' id='word_1_131' title='bbox 681 1429 962 1484; x_wconf 58' lang='lat' dir='ltr'>hereticus</span> <span class='ocrx_word' id='word_1_132' title='bbox 994 1428 1328 1499; x_wconf 88' lang='lat' dir='ltr'>percusserit</span> <span class='ocrx_word' id='word_1_133' title='bbox 1375 1436 1425 1483; x_wconf 89' lang='lat' dir='ltr'>te</span> <span class='ocrx_word' id='word_1_134' title='bbox 1471 1428 1529 1482; x_wconf 92' lang='lat' dir='ltr'>in</span> <span class='ocrx_word' id='word_1_135' title='bbox 1577 1429 1782 1501; x_wconf 83' lang='lat' dir='ltr'>dogma</span> <span class='ocrx_word' id='word_1_136' title='bbox 1824 1429 1985 1484; x_wconf 63' lang='lat' dir='ltr'>malm</span> 
     </span>
    </p>
   </div>
   <div class='ocr_carea' id='block_1_17' title="bbox 389 1517 1982 1588">
    <p class='ocr_par' dir='ltr' id='par_1_17' title="bbox 389 1517 1982 1588">
     <span class='ocr_line' id='line_1_17' title="bbox 389 1517 1982 1588; baseline 0 -16"><span class='ocrx_word' id='word_1_137' title='bbox 389 1517 692 1588; x_wconf 59' lang='lat' dir='ltr'>scripturae,</span> <span class='ocrx_word' id='word_1_138' title='bbox 725 1518 910 1587; x_wconf 68' lang='lat' dir='ltr'>praebe</span> <span class='ocrx_word' id='word_1_139' title='bbox 941 1518 1016 1572; x_wconf 91' lang='lat' dir='ltr'>illi</span> <span class='ocrx_word' id='word_1_140' title='bbox 1045 1517 1150 1572; x_wconf 91' lang='lat' dir='ltr'>alia</span> <span class='ocrx_word' id='word_1_141' title='bbox 1179 1518 1377 1588; x_wconf 85' lang='lat' dir='ltr'>dogma</span> <span class='ocrx_word' id='word_1_142' title='bbox 1423 1517 1621 1572; x_wconf 68' lang='lat' dir='ltr'>divinm</span> <span class='ocrx_word' id='word_1_143' title='bbox 1672 1517 1982 1587; x_wconf 65' lang='lat' dir='ltr'>scripturae,</span> 
     </span>
    </p>
   </div>
   <div class='ocr_carea' id='block_1_18' title="bbox 393 1605 1986 1678">
    <p class='ocr_par' dir='ltr' id='par_1_18' title="bbox 393 1605 1986 1678">
     <span class='ocr_line' id='line_1_18' title="bbox 393 1605 1986 1678; baseline 0 -17"><span class='ocrx_word' id='word_1_144' title='bbox 393 1607 465 1661; x_wconf 89' lang='lat' dir='ltr'>ad</span> <span class='ocrx_word' id='word_1_145' title='bbox 493 1607 786 1662; x_wconf 89' lang='lat' dir='ltr'>vivendum</span> <span class='ocrx_word' id='word_1_146' title='bbox 820 1624 833 1660; x_wconf 88' lang='lat'>:</span> <span class='ocrx_word' id='word_1_147' title='bbox 865 1607 962 1678; x_wconf 88' lang='lat' dir='ltr'>qui</span> <span class='ocrx_word' id='word_1_148' title='bbox 998 1608 1120 1662; x_wconf 89' lang='lat' dir='ltr'>vult</span> <span class='ocrx_word' id='word_1_149' title='bbox 1156 1609 1413 1662; x_wconf 85' lang='lat' dir='ltr'>tunicam</span> <span class='ocrx_word' id='word_1_150' title='bbox 1465 1611 1622 1661; x_wconf 86' lang='lat' dir='ltr'>tuam</span> <span class='ocrx_word' id='word_1_151' title='bbox 1673 1608 1890 1672; x_wconf 81' lang='lat' dir='ltr'>tollere,</span> <span class='ocrx_word' id='word_1_152' title='bbox 1930 1605 1986 1661; x_wconf 90' lang='lat' dir='ltr'>id</span> 
     </span>
    </p>
   </div>
   <div class='ocr_carea' id='block_1_19' title="bbox 395 1693 1752 1767">
    <p class='ocr_par' dir='ltr' id='par_1_19' title="bbox 395 1693 1752 1767">
     <span class='ocr_line' id='line_1_19' title="bbox 395 1693 1752 1767; baseline -0.001 -17"><span class='ocrx_word' id='word_1_153' title='bbox 395 1703 498 1763; x_wconf 88' lang='lat' dir='ltr'>est,</span> <span class='ocrx_word' id='word_1_154' title='bbox 529 1695 735 1750; x_wconf 87' lang='lat' dir='ltr'>crimen</span> <span class='ocrx_word' id='word_1_155' title='bbox 763 1695 908 1767; x_wconf 89' lang='lat' dir='ltr'>quod</span> <span class='ocrx_word' id='word_1_156' title='bbox 935 1695 989 1749; x_wconf 88' lang='lat' dir='ltr'>in</span> <span class='ocrx_word' id='word_1_157' title='bbox 1020 1702 1072 1750; x_wconf 89' lang='lat' dir='ltr'>te</span> <span class='ocrx_word' id='word_1_158' title='bbox 1102 1695 1351 1750; x_wconf 86' lang='lat' dir='ltr'>homines</span> <span class='ocrx_word' id='word_1_159' title='bbox 1381 1693 1558 1750; x_wconf 91' lang='lat' dir='ltr'>sciunt</span> <span class='ocrx_word' id='word_1_160' title='bbox 1579 1695 1647 1749; x_wconf 93' lang='lat' dir='ltr'>de</span> <span class='ocrx_word' id='word_1_161' title='bbox 1679 1702 1752 1764; x_wconf 91' lang='lat' dir='ltr'>te,</span> 
     </span>
    </p>
   </div>
   <div class='ocr_carea' id='block_1_20' title="bbox 388 1772 1990 1856">
    <p class='ocr_par' dir='ltr' id='par_1_20' title="bbox 388 1772 1990 1856">
     <span class='ocr_line' id='line_1_20' title="bbox 388 1772 1990 1856; baseline 0 -19"><span class='ocrx_word' id='word_1_162' title='bbox 388 1772 539 1839; x_wconf 70' lang='lat' dir='ltr'>l&#39;iare</span> <span class='ocrx_word' id='word_1_163' title='bbox 575 1802 588 1837; x_wconf 93' lang='lat'><strong>:</strong></span> <span class='ocrx_word' id='word_1_164' title='bbox 619 1786 915 1854; x_wconf 53' lang='lat' dir='ltr'>dimitteIet</span> <span class='ocrx_word' id='word_1_165' title='bbox 943 1785 1208 1856; x_wconf 81' lang='lat' dir='ltr'>pallium,</span> <span class='ocrx_word' id='word_1_166' title='bbox 1243 1784 1297 1837; x_wconf 90' lang='lat' dir='ltr'>id</span> <span class='ocrx_word' id='word_1_167' title='bbox 1330 1791 1412 1838; x_wconf 90' lang='lat' dir='ltr'>est</span> <span class='ocrx_word' id='word_1_168' title='bbox 1443 1783 1673 1848; x_wconf 89' lang='lat' dir='ltr'>crimen,</span> <span class='ocrx_word' id='word_1_169' title='bbox 1709 1783 1864 1851; x_wconf 89' lang='lat' dir='ltr'>cujus</span> <span class='ocrx_word' id='word_1_170' title='bbox 1895 1799 1990 1838; x_wconf 91' lang='lat' dir='ltr'>so-</span> 
     </span>
    </p>
   </div>
   <div class='ocr_carea' id='block_1_21' title="bbox 396 1871 1991 1944">
    <p class='ocr_par' dir='ltr' id='par_1_21' title="bbox 396 1871 1991 1944">
     <span class='ocr_line' id='line_1_21' title="bbox 396 1871 1991 1944; baseline 0 -18"><span class='ocrx_word' id='word_1_171' title='bbox 396 1871 482 1926; x_wconf 91' lang='lat' dir='ltr'>lus</span> <span class='ocrx_word' id='word_1_172' title='bbox 509 1872 761 1928; x_wconf 89' lang='lat' dir='ltr'>conscius</span> <span class='ocrx_word' id='word_1_173' title='bbox 791 1888 852 1926; x_wconf 90' lang='lat' dir='ltr'>es</span> <span class='ocrx_word' id='word_1_174' title='bbox 881 1872 951 1926; x_wconf 90' lang='lat' dir='ltr'>da</span> <span class='ocrx_word' id='word_1_175' title='bbox 981 1872 1030 1926; x_wconf 91' lang='lat' dir='ltr'>ei</span> <span class='ocrx_word' id='word_1_176' title='bbox 1059 1871 1492 1927; x_wconf 83' lang='lat' dir='ltr'>confessionem:</span> <span class='ocrx_word' id='word_1_177' title='bbox 1528 1876 1584 1926; x_wconf 90' lang='lat' dir='ltr'>et</span> <span class='ocrx_word' id='word_1_178' title='bbox 1600 1874 1650 1927; x_wconf 94' lang='lat' dir='ltr'>si</span> <span class='ocrx_word' id='word_1_179' title='bbox 1666 1873 1788 1944; x_wconf 89' lang='lat' dir='ltr'>quis</span> <span class='ocrx_word' id='word_1_180' title='bbox 1811 1876 1864 1927; x_wconf 90' lang='lat' dir='ltr'>te</span> <span class='ocrx_word' id='word_1_181' title='bbox 1881 1889 1991 1927; x_wconf 92' lang='lat' dir='ltr'>an-</span> 
     </span>
    </p>
   </div>
   <div class='ocr_carea' id='block_1_22' title="bbox 394 1957 1981 2032">
    <p class='ocr_par' dir='ltr' id='par_1_22' title="bbox 394 1957 1981 2032">
     <span class='ocr_line' id='line_1_22' title="bbox 394 1957 1981 2032; baseline 0 -16"><span class='ocrx_word' id='word_1_182' title='bbox 394 1963 701 2032; x_wconf 87' lang='lat' dir='ltr'>gariaverit</span> <span class='ocrx_word' id='word_1_183' title='bbox 729 1962 906 2015; x_wconf 82' lang='lat' dir='ltr'>millae</span> <span class='ocrx_word' id='word_1_184' title='bbox 932 1977 1153 2032; x_wconf 87' lang='lat' dir='ltr'>passus,</span> <span class='ocrx_word' id='word_1_185' title='bbox 1188 1960 1322 2015; x_wconf 87' lang='lat' dir='ltr'>vade</span> <span class='ocrx_word' id='word_1_186' title='bbox 1340 1977 1470 2016; x_wconf 89' lang='lat' dir='ltr'>cum</span> <span class='ocrx_word' id='word_1_187' title='bbox 1501 1957 1600 2015; x_wconf 87' lang='lat' dir='ltr'>illo</span> <span class='ocrx_word' id='word_1_188' title='bbox 1632 1961 1752 2016; x_wconf 85' lang='lat' dir='ltr'>alia</span> <span class='ocrx_word' id='word_1_189' title='bbox 1798 1962 1981 2028; x_wconf 89' lang='lat' dir='ltr'>mille,</span> 
     </span>
    </p>
   </div>
   <div class='ocr_carea' id='block_1_23' title="bbox 398 2047 1993 2121">
    <p class='ocr_par' dir='ltr' id='par_1_23' title="bbox 398 2047 1993 2121">
     <span class='ocr_line' id='line_1_23' title="bbox 398 2047 1993 2121; baseline 0.001 -19"><span class='ocrx_word' id='word_1_190' title='bbox 398 2047 454 2102; x_wconf 91' lang='lat' dir='ltr'>id</span> <span class='ocrx_word' id='word_1_191' title='bbox 484 2055 566 2104; x_wconf 91' lang='lat' dir='ltr'>est</span> <span class='ocrx_word' id='word_1_192' title='bbox 594 2056 651 2102; x_wconf 91' lang='lat' dir='ltr'>ut</span> <span class='ocrx_word' id='word_1_193' title='bbox 679 2047 874 2102; x_wconf 87' lang='lat' dir='ltr'>exieris</span> <span class='ocrx_word' id='word_1_194' title='bbox 904 2062 1151 2119; x_wconf 90' lang='lat' dir='ltr'>corpore,</span> <span class='ocrx_word' id='word_1_195' title='bbox 1186 2048 1324 2102; x_wconf 84' lang='lat' dir='ltr'>vade</span> <span class='ocrx_word' id='word_1_196' title='bbox 1356 2057 1409 2102; x_wconf 91' lang='lat' dir='ltr'>et</span> <span class='ocrx_word' id='word_1_197' title='bbox 1439 2056 1619 2103; x_wconf 89' lang='lat' dir='ltr'>mente</span> <span class='ocrx_word' id='word_1_198' title='bbox 1655 2066 1668 2102; x_wconf 87' lang='lat'>:</span> <span class='ocrx_word' id='word_1_199' title='bbox 1705 2049 1801 2121; x_wconf 86' lang='lat' dir='ltr'>qui</span> <span class='ocrx_word' id='word_1_200' title='bbox 1842 2049 1993 2121; x_wconf 83' lang='lat' dir='ltr'>petit</span> 
     </span>
    </p>
   </div>
   <div class='ocr_carea' id='block_1_24' title="bbox 398 2136 1990 2209">
    <p class='ocr_par' dir='ltr' id='par_1_24' title="bbox 398 2136 1990 2209">
     <span class='ocr_line' id='line_1_24' title="bbox 398 2136 1990 2209; baseline 0 -17"><span class='ocrx_word' id='word_1_201' title='bbox 398 2153 435 2192; x_wconf 90' lang='lat' dir='ltr'>a</span> <span class='ocrx_word' id='word_1_202' title='bbox 465 2141 518 2193; x_wconf 90' lang='lat' dir='ltr'>te</span> <span class='ocrx_word' id='word_1_203' title='bbox 547 2138 617 2193; x_wconf 89' lang='lat' dir='ltr'>da</span> <span class='ocrx_word' id='word_1_204' title='bbox 645 2138 716 2206; x_wconf 87' lang='lat' dir='ltr'>ei,</span> <span class='ocrx_word' id='word_1_205' title='bbox 748 2136 803 2190; x_wconf 90' lang='lat' dir='ltr'>id</span> <span class='ocrx_word' id='word_1_206' title='bbox 832 2145 915 2191; x_wconf 90' lang='lat' dir='ltr'>est</span> <span class='ocrx_word' id='word_1_207' title='bbox 944 2136 1036 2208; x_wconf 89' lang='lat' dir='ltr'>qui</span> <span class='ocrx_word' id='word_1_208' title='bbox 1065 2137 1381 2209; x_wconf 82' lang='lat' dir='ltr'>interrogat,</span> <span class='ocrx_word' id='word_1_209' title='bbox 1419 2137 1507 2192; x_wconf 89' lang='lat' dir='ltr'>dic</span> <span class='ocrx_word' id='word_1_210' title='bbox 1536 2137 1586 2192; x_wconf 89' lang='lat' dir='ltr'>ei</span> <span class='ocrx_word' id='word_1_211' title='bbox 1619 2154 1632 2190; x_wconf 92' lang='lat'>:</span> <span class='ocrx_word' id='word_1_212' title='bbox 1686 2136 1801 2192; x_wconf 89' lang='lat' dir='ltr'>sive</span> <span class='ocrx_word' id='word_1_213' title='bbox 1848 2153 1990 2208; x_wconf 91' lang='lat' dir='ltr'>pau-</span> 
     </span>
    </p>
   </div>
   <div class='ocr_carea' id='block_1_25' title="bbox 399 2225 908 2296">
    <p class='ocr_par' dir='ltr' id='par_1_25' title="bbox 399 2225 908 2296">
     <span class='ocr_line' id='line_1_25' title="bbox 399 2225 908 2296; baseline 0 -16"><span class='ocrx_word' id='word_1_214' title='bbox 399 2225 537 2296; x_wconf 86' lang='lat' dir='ltr'>peri,</span> <span class='ocrx_word' id='word_1_215' title='bbox 571 2225 908 2296; x_wconf 76' lang='lat' dir='ltr'>aelymosina.</span> 
     </span>
    </p>
   </div>
   <div class='ocr_carea' id='block_1_26' title="bbox 463 2341 1990 2414">
    <p class='ocr_par' dir='ltr' id='par_1_26' title="bbox 463 2341 1990 2414">
     <span class='ocr_line' id='line_1_26' title="bbox 463 2341 1990 2414; baseline 0.001 -18"><span class='ocrx_word' id='word_1_216' title='bbox 463 2342 691 2397; x_wconf 86' lang='lat' dir='ltr'>Dictum</span> <span class='ocrx_word' id='word_1_217' title='bbox 721 2345 807 2396; x_wconf 88' lang='lat' dir='ltr'>est</span> <span class='ocrx_word' id='word_1_218' title='bbox 833 2341 1104 2414; x_wconf 85' lang='lat' dir='ltr'>antiquis,</span> <span class='ocrx_word' id='word_1_219' title='bbox 1137 2341 1327 2413; x_wconf 86' lang='lat' dir='ltr'>diligis</span> <span class='ocrx_word' id='word_1_220' title='bbox 1352 2342 1686 2413; x_wconf 75' lang='lat' dir='ltr'>proximum</span> <span class='ocrx_word' id='word_1_221' title='bbox 1721 2345 1902 2409; x_wconf 85' lang='lat' dir='ltr'>tuum,</span> <span class='ocrx_word' id='word_1_222' title='bbox 1934 2346 1990 2397; x_wconf 91' lang='lat' dir='ltr'>et</span> 
     </span>
    </p>
   </div>
   <div class='ocr_carea' id='block_1_27' title="bbox 389 2429 1988 2502">
    <p class='ocr_par' dir='ltr' id='par_1_27' title="bbox 389 2429 1988 2502">
     <span class='ocr_line' id='line_1_27' title="bbox 389 2429 1988 2502; baseline -0.001 -16"><span class='ocrx_word' id='word_1_223' title='bbox 389 2429 514 2486; x_wconf 89' lang='lat' dir='ltr'>odio</span> <span class='ocrx_word' id='word_1_224' title='bbox 545 2430 763 2486; x_wconf 86' lang='lat' dir='ltr'>habebis</span> <span class='ocrx_word' id='word_1_225' title='bbox 788 2430 1088 2486; x_wconf 87' lang='lat' dir='ltr'>inimicum</span> <span class='ocrx_word' id='word_1_226' title='bbox 1114 2433 1278 2485; x_wconf 82' lang='lat' dir='ltr'>tuum</span> <span class='ocrx_word' id='word_1_227' title='bbox 1310 2447 1322 2484; x_wconf 93' lang='lat'>:</span> <span class='ocrx_word' id='word_1_228' title='bbox 1359 2430 1634 2502; x_wconf 90' lang='lat' dir='ltr'>quomodo</span> <span class='ocrx_word' id='word_1_229' title='bbox 1668 2430 1826 2495; x_wconf 85' lang='lat' dir='ltr'>dixit,</span> <span class='ocrx_word' id='word_1_230' title='bbox 1878 2446 1988 2485; x_wconf 90' lang='lat' dir='ltr'>non</span> 
     </span>
    </p>
   </div>
   <div class='ocr_carea' id='block_1_28' title="bbox 390 2507 1984 2590">
    <p class='ocr_par' dir='ltr' id='par_1_28' title="bbox 390 2507 1984 2590">
     <span class='ocr_line' id='line_1_28' title="bbox 390 2507 1984 2590; baseline -0.001 -16"><span class='ocrx_word' id='word_1_231' title='bbox 390 2517 600 2574; x_wconf 86' lang='lat' dir='ltr'>solvere</span> <span class='ocrx_word' id='word_1_232' title='bbox 629 2518 810 2590; x_wconf 85' lang='lat' dir='ltr'>legem</span> <span class='ocrx_word' id='word_1_233' title='bbox 843 2527 1023 2574; x_wconf 88' lang='lat' dir='ltr'>:recte</span> <span class='ocrx_word' id='word_1_234' title='bbox 1062 2519 1268 2589; x_wconf 85' lang='lat' dir='ltr'>implet,</span> <span class='ocrx_word' id='word_1_235' title='bbox 1324 2519 1452 2590; x_wconf 84' lang='lat' dir='ltr'>quia</span> <span class='ocrx_word' id='word_1_236' title='bbox 1497 2519 1555 2572; x_wconf 93' lang='lat' dir='ltr'>in</span> <span class='ocrx_word' id='word_1_237' title='bbox 1598 2507 1784 2573; x_wconf 70' lang='lat' dir='ltr'>v’etere</span> <span class='ocrx_word' id='word_1_238' title='bbox 1835 2519 1984 2589; x_wconf 88' lang='lat' dir='ltr'>dicit,</span> 
     </span>
    </p>
   </div>
   <div class='ocr_carea' id='block_1_29' title="bbox 389 2606 1987 2677">
    <p class='ocr_par' dir='ltr' id='par_1_29' title="bbox 389 2606 1987 2677">
     <span class='ocr_line' id='line_1_29' title="bbox 389 2606 1987 2677; baseline 0 -16"><span class='ocrx_word' id='word_1_239' title='bbox 389 2607 459 2662; x_wconf 93' lang='lat' dir='ltr'>de</span> <span class='ocrx_word' id='word_1_240' title='bbox 485 2606 723 2677; x_wconf 85' lang='lat' dir='ltr'>diabolo,</span> <span class='ocrx_word' id='word_1_241' title='bbox 757 2607 1033 2662; x_wconf 88' lang='lat' dir='ltr'>inimicum</span> <span class='ocrx_word' id='word_1_242' title='bbox 1063 2608 1216 2662; x_wconf 90' lang='lat' dir='ltr'>odire</span> <span class='ocrx_word' id='word_1_243' title='bbox 1251 2623 1263 2662; x_wconf 94' lang='lat'>:</span> <span class='ocrx_word' id='word_1_244' title='bbox 1296 2607 1383 2662; x_wconf 92' lang='lat' dir='ltr'>hic</span> <span class='ocrx_word' id='word_1_245' title='bbox 1414 2616 1597 2662; x_wconf 88' lang='lat' dir='ltr'>autem</span> <span class='ocrx_word' id='word_1_246' title='bbox 1638 2607 1708 2663; x_wconf 90' lang='lat' dir='ltr'>de</span> <span class='ocrx_word' id='word_1_247' title='bbox 1755 2616 1987 2677; x_wconf 91' lang='lat' dir='ltr'>utroque</span> 
     </span>
    </p>
   </div>
   <div class='ocr_carea' id='block_1_30' title="bbox 386 2695 1987 2768">
    <p class='ocr_par' dir='ltr' id='par_1_30' title="bbox 386 2695 1987 2768">
     <span class='ocr_line' id='line_1_30' title="bbox 386 2695 1987 2768; baseline 0.001 -20"><span class='ocrx_word' id='word_1_248' title='bbox 386 2702 499 2750; x_wconf 89' lang='lat' dir='ltr'>tres</span> <span class='ocrx_word' id='word_1_249' title='bbox 529 2695 707 2750; x_wconf 89' lang='lat' dir='ltr'>modis</span> <span class='ocrx_word' id='word_1_250' title='bbox 736 2695 1010 2767; x_wconf 82' lang='lat' dir='ltr'>diligimus</span> <span class='ocrx_word' id='word_1_251' title='bbox 1041 2695 1287 2750; x_wconf 89' lang='lat' dir='ltr'>inimicos</span> <span class='ocrx_word' id='word_1_252' title='bbox 1323 2715 1336 2762; x_wconf 91' lang='lat'><strong>;</strong></span> <span class='ocrx_word' id='word_1_253' title='bbox 1371 2697 1553 2764; x_wconf 91' lang='lat' dir='ltr'>corde,</span> <span class='ocrx_word' id='word_1_254' title='bbox 1580 2695 1670 2768; x_wconf 93' lang='lat' dir='ltr'>qui</span> <span class='ocrx_word' id='word_1_255' title='bbox 1701 2712 1801 2750; x_wconf 91' lang='lat' dir='ltr'>nos</span> <span class='ocrx_word' id='word_1_256' title='bbox 1823 2695 1987 2751; x_wconf 91' lang='lat' dir='ltr'>corde</span> 
     </span>
    </p>
   </div>
   <div class='ocr_carea' id='block_1_31' title="bbox 384 2784 1983 2856">
    <p class='ocr_par' dir='ltr' id='par_1_31' title="bbox 384 2784 1983 2856">
     <span class='ocr_line' id='line_1_31' title="bbox 384 2784 1983 2856; baseline 0 -18"><span class='ocrx_word' id='word_1_257' title='bbox 384 2785 497 2838; x_wconf 90' lang='lat' dir='ltr'>odit</span> <span class='ocrx_word' id='word_1_258' title='bbox 529 2803 543 2850; x_wconf 89' lang='lat'><strong>;</strong></span> <span class='ocrx_word' id='word_1_259' title='bbox 577 2799 744 2854; x_wconf 83' lang='lat' dir='ltr'>Opere</span> <span class='ocrx_word' id='word_1_260' title='bbox 766 2785 902 2839; x_wconf 89' lang='lat' dir='ltr'>bene</span> <span class='ocrx_word' id='word_1_261' title='bbox 920 2784 1122 2848; x_wconf 91' lang='lat' dir='ltr'>facere,</span> <span class='ocrx_word' id='word_1_262' title='bbox 1141 2785 1218 2838; x_wconf 93' lang='lat' dir='ltr'>illi</span> <span class='ocrx_word' id='word_1_263' title='bbox 1234 2785 1324 2855; x_wconf 90' lang='lat' dir='ltr'>qui</span> <span class='ocrx_word' id='word_1_264' title='bbox 1344 2801 1444 2840; x_wconf 93' lang='lat' dir='ltr'>nos</span> <span class='ocrx_word' id='word_1_265' title='bbox 1461 2801 1596 2855; x_wconf 91' lang='lat' dir='ltr'>oper</span> <span class='ocrx_word' id='word_1_266' title='bbox 1608 2785 1983 2856; x_wconf 90' lang='lat' dir='ltr'>persequitur;</span> 
     </span>
    </p>
   </div>
   <div class='ocr_carea' id='block_1_32' title="bbox 383 2872 1988 2943">
    <p class='ocr_par' dir='ltr' id='par_1_32' title="bbox 383 2872 1988 2943">
     <span class='ocr_line' id='line_1_32' title="bbox 383 2872 1988 2943; baseline -0.001 -16"><span class='ocrx_word' id='word_1_267' title='bbox 383 2887 540 2927; x_wconf 89' lang='lat' dir='ltr'>orare</span> <span class='ocrx_word' id='word_1_268' title='bbox 569 2873 776 2935; x_wconf 82' lang='lat' dir='ltr'>verbo;</span> <span class='ocrx_word' id='word_1_269' title='bbox 809 2872 900 2943; x_wconf 93' lang='lat' dir='ltr'>qui</span> <span class='ocrx_word' id='word_1_270' title='bbox 929 2889 1030 2927; x_wconf 93' lang='lat' dir='ltr'>nos</span> <span class='ocrx_word' id='word_1_271' title='bbox 1062 2874 1232 2928; x_wconf 90' lang='lat' dir='ltr'>verbo</span> <span class='ocrx_word' id='word_1_272' title='bbox 1261 2873 1556 2928; x_wconf 91' lang='lat' dir='ltr'>criminant</span> <span class='ocrx_word' id='word_1_273' title='bbox 1590 2889 1602 2927; x_wconf 91' lang='lat'>:</span> <span class='ocrx_word' id='word_1_274' title='bbox 1647 2873 1988 2928; x_wconf 88' lang='lat' dir='ltr'>calumnian-</span> 
     </span>
    </p>
   </div>
   <div class='ocr_carea' id='block_1_33' title="bbox 381 2961 1989 3032">
    <p class='ocr_par' dir='ltr' id='par_1_33' title="bbox 381 2961 1989 3032">
     <span class='ocr_line' id='line_1_33' title="bbox 381 2961 1989 3032; baseline 0.001 -17"><span class='ocrx_word' id='word_1_275' title='bbox 381 2961 526 3015; x_wconf 84' lang='lat' dir='ltr'>tibus</span> <span class='ocrx_word' id='word_1_276' title='bbox 554 2961 730 3027; x_wconf 85' lang='lat' dir='ltr'>vobis,</span> <span class='ocrx_word' id='word_1_277' title='bbox 762 2961 818 3015; x_wconf 92' lang='lat' dir='ltr'>id</span> <span class='ocrx_word' id='word_1_278' title='bbox 847 2969 948 3029; x_wconf 90' lang='lat' dir='ltr'>est,</span> <span class='ocrx_word' id='word_1_279' title='bbox 982 2961 1118 3015; x_wconf 91' lang='lat' dir='ltr'>falsa</span> <span class='ocrx_word' id='word_1_280' title='bbox 1147 2962 1440 3028; x_wconf 85' lang='lat' dir='ltr'>accusatio,</span> <span class='ocrx_word' id='word_1_281' title='bbox 1481 2970 1537 3016; x_wconf 88' lang='lat' dir='ltr'>ut</span> <span class='ocrx_word' id='word_1_282' title='bbox 1582 2961 1700 3015; x_wconf 88' lang='lat' dir='ltr'>sitis</span> <span class='ocrx_word' id='word_1_283' title='bbox 1749 2961 1842 3015; x_wconf 80' lang='lat' dir='ltr'>filii</span> <span class='ocrx_word' id='word_1_284' title='bbox 1888 2977 1989 3032; x_wconf 90' lang='lat' dir='ltr'>pa-</span> 
     </span>
    </p>
   </div>
   <div class='ocr_carea' id='block_1_34' title="bbox 2092 422 3687 494">
    <p class='ocr_par' dir='ltr' id='par_1_34' title="bbox 2092 422 3687 494">
     <span class='ocr_line' id='line_1_34' title="bbox 2092 422 3687 494; baseline -0.001 -18"><span class='ocrx_word' id='word_1_285' title='bbox 2092 423 2277 477; x_wconf 88' lang='lat' dir='ltr'>dicunt</span> <span class='ocrx_word' id='word_1_286' title='bbox 2305 425 2477 479; x_wconf 90' lang='lat' dir='ltr'>Pater</span> <span class='ocrx_word' id='word_1_287' title='bbox 2503 426 2713 492; x_wconf 81' lang='lat' dir='ltr'>noster,</span> <span class='ocrx_word' id='word_1_288' title='bbox 2749 439 2880 494; x_wconf 90' lang='lat' dir='ltr'>ergo</span> <span class='ocrx_word' id='word_1_289' title='bbox 2912 422 3004 493; x_wconf 88' lang='lat' dir='ltr'>qui</span> <span class='ocrx_word' id='word_1_290' title='bbox 3041 437 3207 476; x_wconf 90' lang='lat' dir='ltr'>unum</span> <span class='ocrx_word' id='word_1_291' title='bbox 3226 431 3434 492; x_wconf 86' lang='lat' dir='ltr'>patrem</span> <span class='ocrx_word' id='word_1_292' title='bbox 3465 422 3687 491; x_wconf 88' lang='lat' dir='ltr'>habent,</span> 
     </span>
    </p>
   </div>
   <div class='ocr_carea' id='block_1_35' title="bbox 2092 510 3690 583">
    <p class='ocr_par' dir='ltr' id='par_1_35' title="bbox 2092 510 3690 583">
     <span class='ocr_line' id='line_1_35' title="bbox 2092 510 3690 583; baseline 0 -19"><span class='ocrx_word' id='word_1_293' title='bbox 2092 510 2285 566; x_wconf 86' lang='lat' dir='ltr'>fratres</span> <span class='ocrx_word' id='word_1_294' title='bbox 2316 519 2440 565; x_wconf 90' lang='lat' dir='ltr'>sunt</span> <span class='ocrx_word' id='word_1_295' title='bbox 2473 527 2486 566; x_wconf 90' lang='lat'>:</span> <span class='ocrx_word' id='word_1_296' title='bbox 2521 511 2646 566; x_wconf 90' lang='lat' dir='ltr'>ideo</span> <span class='ocrx_word' id='word_1_297' title='bbox 2673 527 2784 566; x_wconf 89' lang='lat' dir='ltr'>non</span> <span class='ocrx_word' id='word_1_298' title='bbox 2811 511 3140 583; x_wconf 79' lang='lat' dir='ltr'>dedignatur</span> <span class='ocrx_word' id='word_1_299' title='bbox 3178 511 3440 564; x_wconf 88' lang='lat' dir='ltr'>Dominus</span> <span class='ocrx_word' id='word_1_300' title='bbox 3470 527 3690 564; x_wconf 88' lang='lat' dir='ltr'>servum</span> 
     </span>
    </p>
   </div>
   <div class='ocr_carea' id='block_1_36' title="bbox 2094 597 3693 670">
    <p class='ocr_par' dir='ltr' id='par_1_36' title="bbox 2094 597 3693 670">
     <span class='ocr_line' id='line_1_36' title="bbox 2094 597 3693 670; baseline -0.001 -17"><span class='ocrx_word' id='word_1_301' title='bbox 2094 615 2252 654; x_wconf 90' lang='lat' dir='ltr'>suum</span> <span class='ocrx_word' id='word_1_302' title='bbox 2287 599 2513 654; x_wconf 88' lang='lat' dir='ltr'>fratrem</span> <span class='ocrx_word' id='word_1_303' title='bbox 2543 600 2767 665; x_wconf 87' lang='lat' dir='ltr'>habere,</span> <span class='ocrx_word' id='word_1_304' title='bbox 2819 615 2984 670; x_wconf 90' lang='lat' dir='ltr'>quem</span> <span class='ocrx_word' id='word_1_305' title='bbox 3011 597 3277 654; x_wconf 90' lang='lat' dir='ltr'>Dominus</span> <span class='ocrx_word' id='word_1_306' title='bbox 3315 599 3565 654; x_wconf 91' lang='lat' dir='ltr'>Christus</span> <span class='ocrx_word' id='word_1_307' title='bbox 3586 598 3693 653; x_wconf 81' lang='lat' dir='ltr'>fra-</span> 
     </span>
    </p>
   </div>
   <div class='ocr_carea' id='block_1_37' title="bbox 2092 687 3694 757">
    <p class='ocr_par' dir='ltr' id='par_1_37' title="bbox 2092 687 3694 757">
     <span class='ocr_line' id='line_1_37' title="bbox 2092 687 3694 757; baseline -0.001 -16"><span class='ocrx_word' id='word_1_308' title='bbox 2092 695 2176 742; x_wconf 91' lang='lat' dir='ltr'>ter</span> <span class='ocrx_word' id='word_1_309' title='bbox 2204 687 2374 743; x_wconf 89' lang='lat' dir='ltr'>voluit</span> <span class='ocrx_word' id='word_1_310' title='bbox 2405 704 2547 754; x_wconf 92' lang='lat' dir='ltr'>esse,</span> <span class='ocrx_word' id='word_1_311' title='bbox 2599 696 2652 743; x_wconf 91' lang='lat' dir='ltr'>et</span> <span class='ocrx_word' id='word_1_312' title='bbox 2694 689 2772 744; x_wconf 93' lang='lat' dir='ltr'>sic</span> <span class='ocrx_word' id='word_1_313' title='bbox 2823 687 3107 755; x_wconf 85' lang='lat' dir='ltr'>faciamus,</span> <span class='ocrx_word' id='word_1_314' title='bbox 3155 697 3213 746; x_wconf 88' lang='lat' dir='ltr'>ut</span> <span class='ocrx_word' id='word_1_315' title='bbox 3257 688 3520 744; x_wconf 67' lang='lat' dir='ltr'>han-edes—</span> <span class='ocrx_word' id='word_1_316' title='bbox 3553 687 3694 757; x_wconf 87' lang='lat' dir='ltr'>patri</span> 
     </span>
    </p>
   </div>
   <div class='ocr_carea' id='block_1_38' title="bbox 2092 776 3692 850">
    <p class='ocr_par' dir='ltr' id='par_1_38' title="bbox 2092 776 3692 850">
     <span class='ocr_line' id='line_1_38' title="bbox 2092 776 3692 850; baseline 0 -19"><span class='ocrx_word' id='word_1_317' title='bbox 2092 778 2366 847; x_wconf 90' lang='lat' dir='ltr'>possimus</span> <span class='ocrx_word' id='word_1_318' title='bbox 2393 793 2536 846; x_wconf 89' lang='lat' dir='ltr'>esse,</span> <span class='ocrx_word' id='word_1_319' title='bbox 2569 793 2698 834; x_wconf 87' lang='lat' dir='ltr'>nam</span> <span class='ocrx_word' id='word_1_320' title='bbox 2728 786 2781 834; x_wconf 92' lang='lat' dir='ltr'>et</span> <span class='ocrx_word' id='word_1_321' title='bbox 2810 777 2899 834; x_wconf 84' lang='lat' dir='ltr'>lex</span> <span class='ocrx_word' id='word_1_322' title='bbox 2929 778 3184 850; x_wconf 90' lang='lat' dir='ltr'>humana,</span> <span class='ocrx_word' id='word_1_323' title='bbox 3217 778 3547 835; x_wconf 79' lang='lat' dir='ltr'>haereditare</span> <span class='ocrx_word' id='word_1_324' title='bbox 3561 776 3692 832; x_wconf 82' lang='lat' dir='ltr'>facit</span> 
     </span>
    </p>
   </div>
   <div class='ocr_carea' id='block_1_39' title="bbox 2093 864 2256 922">
    <p class='ocr_par' dir='ltr' id='par_1_39' title="bbox 2093 864 2256 922">
     <span class='ocr_line' id='line_1_39' title="bbox 2093 864 2256 922; baseline 0.012 -2"><span class='ocrx_word' id='word_1_325' title='bbox 2093 864 2256 922; x_wconf 84' lang='lat' dir='ltr'>ﬁlios.</span> 
     </span>
    </p>
   </div>
   <div class='ocr_carea' id='block_1_40' title="bbox 2163 954 3692 1030">
    <p class='ocr_par' dir='ltr' id='par_1_40' title="bbox 2163 954 3692 1030">
     <span class='ocr_line' id='line_1_40' title="bbox 2163 954 3692 1030; baseline -0.001 -19"><span class='ocrx_word' id='word_1_326' title='bbox 2163 955 2566 1024; x_wconf 82' lang='lat' dir='ltr'>Sanctiﬁcetur</span> <span class='ocrx_word' id='word_1_327' title='bbox 2594 971 2801 1012; x_wconf 87' lang='lat' dir='ltr'>nomen</span> <span class='ocrx_word' id='word_1_328' title='bbox 2823 959 2988 1012; x_wconf 88' lang='lat' dir='ltr'>tuum</span> <span class='ocrx_word' id='word_1_329' title='bbox 3021 972 3034 1011; x_wconf 89' lang='lat'><strong><em>:</em></strong></span> <span class='ocrx_word' id='word_1_330' title='bbox 3075 957 3166 1013; x_wconf 88' lang='lat' dir='ltr'>hic</span> <span class='ocrx_word' id='word_1_331' title='bbox 3207 973 3488 1030; x_wconf 82' lang='lat' dir='ltr'>rogamus,</span> <span class='ocrx_word' id='word_1_332' title='bbox 3539 963 3600 1010; x_wconf 94' lang='lat' dir='ltr'>ut</span> <span class='ocrx_word' id='word_1_333' title='bbox 3637 954 3692 1008; x_wconf 92' lang='lat' dir='ltr'>in</span> 
     </span>
    </p>
   </div>
   <div class='ocr_carea' id='block_1_41' title="bbox 2093 1042 3693 1117">
    <p class='ocr_par' dir='ltr' id='par_1_41' title="bbox 2093 1042 3693 1117">
     <span class='ocr_line' id='line_1_41' title="bbox 2093 1042 3693 1117; baseline -0.001 -19"><span class='ocrx_word' id='word_1_334' title='bbox 2093 1045 2250 1099; x_wconf 92' lang='lat' dir='ltr'>nobis</span> <span class='ocrx_word' id='word_1_335' title='bbox 2283 1042 2670 1112; x_wconf 82' lang='lat' dir='ltr'>sanctiﬁcetur,</span> <span class='ocrx_word' id='word_1_336' title='bbox 2696 1044 2752 1099; x_wconf 92' lang='lat' dir='ltr'>id</span> <span class='ocrx_word' id='word_1_337' title='bbox 2798 1052 2882 1100; x_wconf 88' lang='lat' dir='ltr'>est</span> <span class='ocrx_word' id='word_1_338' title='bbox 2909 1045 2964 1099; x_wconf 89' lang='lat' dir='ltr'>in</span> <span class='ocrx_word' id='word_1_339' title='bbox 2997 1046 3253 1117; x_wconf 85' lang='lat' dir='ltr'>Operibus</span> <span class='ocrx_word' id='word_1_340' title='bbox 3275 1045 3512 1107; x_wconf 89' lang='lat' dir='ltr'>nostris;</span> <span class='ocrx_word' id='word_1_341' title='bbox 3567 1059 3693 1098; x_wconf 89' lang='lat' dir='ltr'>nam</span> 
     </span>
    </p>
   </div>
   <div class='ocr_carea' id='block_1_42' title="bbox 2093 1134 3690 1205">
    <p class='ocr_par' dir='ltr' id='par_1_42' title="bbox 2093 1134 3690 1205">
     <span class='ocr_line' id='line_1_42' title="bbox 2093 1134 3690 1205; baseline -0.001 -17"><span class='ocrx_word' id='word_1_342' title='bbox 2093 1134 2210 1202; x_wconf 89' lang='lat' dir='ltr'>ejus</span> <span class='ocrx_word' id='word_1_343' title='bbox 2240 1148 2441 1188; x_wconf 82' lang='lat' dir='ltr'>nomen</span> <span class='ocrx_word' id='word_1_344' title='bbox 2471 1149 2692 1204; x_wconf 89' lang='lat' dir='ltr'>semper</span> <span class='ocrx_word' id='word_1_345' title='bbox 2740 1142 2992 1189; x_wconf 88' lang='lat' dir='ltr'>sanctum</span> <span class='ocrx_word' id='word_1_346' title='bbox 3039 1142 3139 1203; x_wconf 91' lang='lat' dir='ltr'>est,</span> <span class='ocrx_word' id='word_1_347' title='bbox 3209 1136 3400 1191; x_wconf 85' lang='lat' dir='ltr'>Veniat</span> <span class='ocrx_word' id='word_1_348' title='bbox 3450 1150 3690 1205; x_wconf 68' lang='lat' dir='ltr'>regnum</span> 
     </span>
    </p>
   </div>
   <div class='ocr_carea' id='block_1_43' title="bbox 2095 1221 3696 1296">
    <p class='ocr_par' dir='ltr' id='par_1_43' title="bbox 2095 1221 3696 1296">
     <span class='ocr_line' id='line_1_43' title="bbox 2095 1221 3696 1296; baseline 0 -19"><span class='ocrx_word' id='word_1_349' title='bbox 2095 1226 2278 1287; x_wconf 90' lang='lat' dir='ltr'>tuum,</span> <span class='ocrx_word' id='word_1_350' title='bbox 2311 1221 2368 1276; x_wconf 92' lang='lat' dir='ltr'>id</span> <span class='ocrx_word' id='word_1_351' title='bbox 2397 1229 2481 1277; x_wconf 91' lang='lat' dir='ltr'>est</span> <span class='ocrx_word' id='word_1_352' title='bbox 2519 1222 2657 1277; x_wconf 89' lang='lat' dir='ltr'>sicut</span> <span class='ocrx_word' id='word_1_353' title='bbox 2684 1230 2872 1293; x_wconf 88' lang='lat' dir='ltr'>optant</span> <span class='ocrx_word' id='word_1_354' title='bbox 2899 1221 2997 1276; x_wconf 82' lang='lat' dir='ltr'>filii</span> <span class='ocrx_word' id='word_1_355' title='bbox 3028 1239 3263 1296; x_wconf 82' lang='lat' dir='ltr'>regnum</span> <span class='ocrx_word' id='word_1_356' title='bbox 3297 1223 3438 1294; x_wconf 90' lang='lat' dir='ltr'>patri</span> <span class='ocrx_word' id='word_1_357' title='bbox 3472 1238 3594 1291; x_wconf 90' lang='lat' dir='ltr'>suo,</span> <span class='ocrx_word' id='word_1_358' title='bbox 3645 1231 3696 1277; x_wconf 91' lang='lat' dir='ltr'>et</span> 
     </span>
    </p>
   </div>
   <div class='ocr_carea' id='block_1_44' title="bbox 2090 1309 3694 1384">
    <p class='ocr_par' dir='ltr' id='par_1_44' title="bbox 2090 1309 3694 1384">
     <span class='ocr_line' id='line_1_44' title="bbox 2090 1309 3694 1384; baseline 0.002 -21"><span class='ocrx_word' id='word_1_359' title='bbox 2090 1309 2163 1364; x_wconf 92' lang='lat' dir='ltr'>ita</span> <span class='ocrx_word' id='word_1_360' title='bbox 2193 1318 2245 1366; x_wconf 92' lang='lat' dir='ltr'>et</span> <span class='ocrx_word' id='word_1_361' title='bbox 2274 1325 2375 1365; x_wconf 92' lang='lat' dir='ltr'>nos</span> <span class='ocrx_word' id='word_1_362' title='bbox 2406 1325 2642 1379; x_wconf 90' lang='lat' dir='ltr'>oramus,</span> <span class='ocrx_word' id='word_1_363' title='bbox 2676 1318 2736 1364; x_wconf 91' lang='lat' dir='ltr'>ut</span> <span class='ocrx_word' id='word_1_364' title='bbox 2763 1310 2853 1365; x_wconf 89' lang='lat' dir='ltr'>ille</span> <span class='ocrx_word' id='word_1_365' title='bbox 2883 1320 3077 1384; x_wconf 88' lang='lat' dir='ltr'>regnet</span> <span class='ocrx_word' id='word_1_366' title='bbox 3091 1313 3148 1366; x_wconf 90' lang='lat' dir='ltr'>in</span> <span class='ocrx_word' id='word_1_367' title='bbox 3181 1312 3335 1367; x_wconf 91' lang='lat' dir='ltr'>nobis</span> <span class='ocrx_word' id='word_1_368' title='bbox 3365 1319 3417 1366; x_wconf 91' lang='lat' dir='ltr'>et</span> <span class='ocrx_word' id='word_1_369' title='bbox 3436 1327 3548 1366; x_wconf 87' lang='lat' dir='ltr'>non</span> <span class='ocrx_word' id='word_1_370' title='bbox 3578 1311 3694 1366; x_wconf 87' lang='lat' dir='ltr'>dia-</span> 
     </span>
    </p>
   </div>
   <div class='ocr_carea' id='block_1_45' title="bbox 2092 1398 3694 1470">
    <p class='ocr_par' dir='ltr' id='par_1_45' title="bbox 2092 1398 3694 1470">
     <span class='ocr_line' id='line_1_45' title="bbox 2092 1398 3694 1470; baseline 0.001 -18"><span class='ocrx_word' id='word_1_371' title='bbox 2092 1398 2293 1453; x_wconf 90' lang='lat' dir='ltr'>bolus:</span> <span class='ocrx_word' id='word_1_372' title='bbox 2346 1398 2438 1453; x_wconf 90' lang='lat' dir='ltr'>ille</span> <span class='ocrx_word' id='word_1_373' title='bbox 2486 1407 2538 1454; x_wconf 93' lang='lat' dir='ltr'>et</span> <span class='ocrx_word' id='word_1_374' title='bbox 2582 1415 2692 1454; x_wconf 91' lang='lat' dir='ltr'>non</span> <span class='ocrx_word' id='word_1_375' title='bbox 2733 1407 3038 1470; x_wconf 88' lang='lat' dir='ltr'>peccatum,</span> <span class='ocrx_word' id='word_1_376' title='bbox 3106 1400 3221 1456; x_wconf 86' lang='lat' dir='ltr'>sive</span> <span class='ocrx_word' id='word_1_377' title='bbox 3261 1401 3529 1469; x_wconf 88' lang='lat' dir='ltr'>Ecclesia,</span> <span class='ocrx_word' id='word_1_378' title='bbox 3579 1400 3694 1454; x_wconf 86' lang='lat' dir='ltr'>sive</span> 
     </span>
    </p>
   </div>
   <div class='ocr_carea' id='block_1_46' title="bbox 2090 1487 2478 1559">
    <p class='ocr_par' dir='ltr' id='par_1_46' title="bbox 2090 1487 2478 1559">
     <span class='ocr_line' id='line_1_46' title="bbox 2090 1487 2478 1559; baseline 0 -17"><span class='ocrx_word' id='word_1_379' title='bbox 2090 1487 2478 1559; x_wconf 84' lang='lat' dir='ltr'>Evangelium.</span> 
     </span>
    </p>
   </div>
   <div class='ocr_carea' id='block_1_47' title="bbox 2161 1577 3697 1650">
    <p class='ocr_par' dir='ltr' id='par_1_47' title="bbox 2161 1577 3697 1650">
     <span class='ocr_line' id='line_1_47' title="bbox 2161 1577 3697 1650; baseline 0.001 -20"><span class='ocrx_word' id='word_1_380' title='bbox 2161 1578 2291 1631; x_wconf 85' lang='lat' dir='ltr'>Fiat</span> <span class='ocrx_word' id='word_1_381' title='bbox 2313 1577 2575 1632; x_wconf 83' lang='lat' dir='ltr'>voluntas</span> <span class='ocrx_word' id='word_1_382' title='bbox 2598 1580 2716 1642; x_wconf 86' lang='lat' dir='ltr'>tua,</span> <span class='ocrx_word' id='word_1_383' title='bbox 2755 1583 2807 1631; x_wconf 90' lang='lat' dir='ltr'>et</span> <span class='ocrx_word' id='word_1_384' title='bbox 2837 1577 3065 1650; x_wconf 90' lang='lat' dir='ltr'>reliqua,</span> <span class='ocrx_word' id='word_1_385' title='bbox 3110 1585 3214 1633; x_wconf 90' lang='lat' dir='ltr'>etc.</span> <span class='ocrx_word' id='word_1_386' title='bbox 3250 1577 3396 1632; x_wconf 88' lang='lat' dir='ltr'>Sicut</span> <span class='ocrx_word' id='word_1_387' title='bbox 3423 1577 3607 1648; x_wconf 86' lang='lat' dir='ltr'>angeli</span> <span class='ocrx_word' id='word_1_388' title='bbox 3640 1577 3697 1631; x_wconf 91' lang='lat' dir='ltr'>in</span> 
     </span>
    </p>
   </div>
   <div class='ocr_carea' id='block_1_48' title="bbox 1803 1665 3694 1765">
    <p class='ocr_par' dir='ltr' id='par_1_48' title="bbox 1803 1665 3694 1765">
     <span class='ocr_line' id='line_1_48' title="bbox 1803 1665 3694 1765; baseline -0.004 -39"><span class='ocrx_word' id='word_1_389' title='bbox 1803 1667 1987 1765; x_wconf 61' lang='lat' dir='ltr'>dis&#39;po_</span> <span class='ocrx_word' id='word_1_390' title='bbox 2022 1665 2233 1763; x_wconf 74' lang='lat' dir='ltr'>Bcoelo</span> <span class='ocrx_word' id='word_1_391' title='bbox 2265 1665 2382 1765; x_wconf 79' lang='lat' dir='ltr'>sine</span> <span class='ocrx_word' id='word_1_392' title='bbox 2415 1666 2576 1764; x_wconf 81' lang='lat' dir='ltr'>culpa</span> <span class='ocrx_word' id='word_1_393' title='bbox 2605 1665 2930 1765; x_wconf 78' lang='lat' dir='ltr'>famulantur</span> <span class='ocrx_word' id='word_1_394' title='bbox 2968 1667 3044 1722; x_wconf 90' lang='lat' dir='ltr'>ita</span> <span class='ocrx_word' id='word_1_395' title='bbox 3074 1675 3127 1722; x_wconf 91' lang='lat' dir='ltr'>et</span> <span class='ocrx_word' id='word_1_396' title='bbox 3155 1682 3256 1721; x_wconf 90' lang='lat' dir='ltr'>nos</span> <span class='ocrx_word' id='word_1_397' title='bbox 3287 1686 3301 1732; x_wconf 90' lang='lat'><strong>;</strong></span> <span class='ocrx_word' id='word_1_398' title='bbox 3336 1667 3422 1722; x_wconf 90' lang='lat' dir='ltr'>vel</span> <span class='ocrx_word' id='word_1_399' title='bbox 3449 1666 3590 1722; x_wconf 89' lang='lat' dir='ltr'>sicut</span> <span class='ocrx_word' id='word_1_400' title='bbox 3639 1667 3694 1720; x_wconf 90' lang='lat' dir='ltr'>in</span> 
     </span>
    </p>
   </div>
   <div class='ocr_carea' id='block_1_49' title="bbox 2093 1753 3695 1825">
    <p class='ocr_par' dir='ltr' id='par_1_49' title="bbox 2093 1753 3695 1825">
     <span class='ocr_line' id='line_1_49' title="bbox 2093 1753 3695 1825; baseline 0.002 -18"><span class='ocrx_word' id='word_1_401' title='bbox 2093 1753 2397 1820; x_wconf 90' lang='lat' dir='ltr'>animabus,</span> <span class='ocrx_word' id='word_1_402' title='bbox 2430 1753 2502 1808; x_wconf 91' lang='lat' dir='ltr'>ita</span> <span class='ocrx_word' id='word_1_403' title='bbox 2534 1762 2585 1809; x_wconf 91' lang='lat' dir='ltr'>et</span> <span class='ocrx_word' id='word_1_404' title='bbox 2615 1754 2672 1808; x_wconf 93' lang='lat' dir='ltr'>in</span> <span class='ocrx_word' id='word_1_405' title='bbox 2701 1770 2949 1825; x_wconf 91' lang='lat' dir='ltr'>corpore,</span> <span class='ocrx_word' id='word_1_406' title='bbox 2985 1756 3072 1811; x_wconf 88' lang='lat' dir='ltr'>vel</span> <span class='ocrx_word' id='word_1_407' title='bbox 3107 1756 3246 1811; x_wconf 90' lang='lat' dir='ltr'>sicut</span> <span class='ocrx_word' id='word_1_408' title='bbox 3274 1755 3585 1822; x_wconf 87' lang='lat' dir='ltr'>Christiani,</span> <span class='ocrx_word' id='word_1_409' title='bbox 3620 1755 3695 1810; x_wconf 85' lang='lat' dir='ltr'>ita</span> 
     </span>
    </p>
   </div>
   <div class='ocr_carea' id='block_1_50' title="bbox 2092 1841 3689 1917">
    <p class='ocr_par' dir='ltr' id='par_1_50' title="bbox 2092 1841 3689 1917">
     <span class='ocr_line' id='line_1_50' title="bbox 2092 1841 3689 1917; baseline 0.002 -23"><span class='ocrx_word' id='word_1_410' title='bbox 2092 1841 2349 1910; x_wconf 65' lang='lat' dir='ltr'>hmretici,</span> <span class='ocrx_word' id='word_1_411' title='bbox 2388 1842 2526 1898; x_wconf 87' lang='lat' dir='ltr'>sicut</span> <span class='ocrx_word' id='word_1_412' title='bbox 2552 1843 2822 1909; x_wconf 86' lang='lat' dir='ltr'>Ecclesia,</span> <span class='ocrx_word' id='word_1_413' title='bbox 2856 1844 2927 1897; x_wconf 89' lang='lat' dir='ltr'>ita</span> <span class='ocrx_word' id='word_1_414' title='bbox 2957 1859 3261 1917; x_wconf 82' lang='lat' dir='ltr'>synagoga,</span> <span class='ocrx_word' id='word_1_415' title='bbox 3298 1845 3438 1899; x_wconf 87' lang='lat' dir='ltr'>sicut</span> <span class='ocrx_word' id='word_1_416' title='bbox 3459 1845 3689 1912; x_wconf 84' lang='lat' dir='ltr'>justitia,</span> 
     </span>
    </p>
   </div>
   <div class='ocr_carea' id='block_1_51' title="bbox 2089 1929 3688 2001">
    <p class='ocr_par' dir='ltr' id='par_1_51' title="bbox 2089 1929 3688 2001">
     <span class='ocr_line' id='line_1_51' title="bbox 2089 1929 3688 2001; baseline 0.002 -18"><span class='ocrx_word' id='word_1_417' title='bbox 2089 1929 2161 1984; x_wconf 90' lang='lat' dir='ltr'>ita</span> <span class='ocrx_word' id='word_1_418' title='bbox 2186 1939 2490 2001; x_wconf 90' lang='lat' dir='ltr'>peccatum,</span> <span class='ocrx_word' id='word_1_419' title='bbox 2525 1940 2860 1998; x_wconf 90' lang='lat' dir='ltr'>convertant,</span> <span class='ocrx_word' id='word_1_420' title='bbox 2893 1941 2950 1987; x_wconf 93' lang='lat' dir='ltr'>ut</span> <span class='ocrx_word' id='word_1_421' title='bbox 2981 1933 3085 1987; x_wconf 90' lang='lat' dir='ltr'>illis</span> <span class='ocrx_word' id='word_1_422' title='bbox 3133 1931 3230 1987; x_wconf 76' lang='lat' dir='ltr'>fiat</span> <span class='ocrx_word' id='word_1_423' title='bbox 3275 1933 3529 1987; x_wconf 86' lang='lat' dir='ltr'>voluntas</span> <span class='ocrx_word' id='word_1_424' title='bbox 3577 1940 3688 1987; x_wconf 84' lang='lat' dir='ltr'>tua.</span> 
     </span>
    </p>
   </div>
   <div class='ocr_carea' id='block_1_52' title="bbox 2161 2046 3692 2119">
    <p class='ocr_par' dir='ltr' id='par_1_52' title="bbox 2161 2046 3692 2119">
     <span class='ocr_line' id='line_1_52' title="bbox 2161 2046 3692 2119; baseline 0.001 -19"><span class='ocrx_word' id='word_1_425' title='bbox 2161 2048 2375 2101; x_wconf 87' lang='lat' dir='ltr'>Panem</span> <span class='ocrx_word' id='word_1_426' title='bbox 2403 2051 2665 2102; x_wconf 88' lang='lat' dir='ltr'>nostrum</span> <span class='ocrx_word' id='word_1_427' title='bbox 2695 2047 3088 2119; x_wconf 88' lang='lat' dir='ltr'>quotidianum</span> <span class='ocrx_word' id='word_1_428' title='bbox 3121 2064 3133 2102; x_wconf 91' lang='lat'><strong>:</strong></span> <span class='ocrx_word' id='word_1_429' title='bbox 3165 2047 3221 2102; x_wconf 92' lang='lat' dir='ltr'>id</span> <span class='ocrx_word' id='word_1_430' title='bbox 3271 2055 3354 2102; x_wconf 90' lang='lat' dir='ltr'>est</span> <span class='ocrx_word' id='word_1_431' title='bbox 3403 2047 3556 2102; x_wconf 90' lang='lat' dir='ltr'>omni</span> <span class='ocrx_word' id='word_1_432' title='bbox 3603 2046 3692 2101; x_wconf 89' lang='lat' dir='ltr'>die</span> 
     </span>
    </p>
   </div>
   <div class='ocr_carea' id='block_1_53' title="bbox 2089 2134 3689 2208">
    <p class='ocr_par' dir='ltr' id='par_1_53' title="bbox 2089 2134 3689 2208">
     <span class='ocr_line' id='line_1_53' title="bbox 2089 2134 3689 2208; baseline 0.001 -20"><span class='ocrx_word' id='word_1_433' title='bbox 2089 2149 2259 2206; x_wconf 90' lang='lat' dir='ltr'>usque</span> <span class='ocrx_word' id='word_1_434' title='bbox 2287 2134 2353 2188; x_wconf 87' lang='lat' dir='ltr'>ad</span> <span class='ocrx_word' id='word_1_435' title='bbox 2385 2143 2544 2205; x_wconf 89' lang='lat' dir='ltr'>caput</span> <span class='ocrx_word' id='word_1_436' title='bbox 2572 2135 2700 2189; x_wconf 91' lang='lat' dir='ltr'>anni</span> <span class='ocrx_word' id='word_1_437' title='bbox 2735 2153 2748 2189; x_wconf 88' lang='lat'><strong>:</strong></span> <span class='ocrx_word' id='word_1_438' title='bbox 2784 2136 2962 2205; x_wconf 86' lang='lat' dir='ltr'>hodie,</span> <span class='ocrx_word' id='word_1_439' title='bbox 2993 2136 3048 2189; x_wconf 93' lang='lat' dir='ltr'>id</span> <span class='ocrx_word' id='word_1_440' title='bbox 3078 2144 3159 2190; x_wconf 91' lang='lat' dir='ltr'>est</span> <span class='ocrx_word' id='word_1_441' title='bbox 3189 2152 3404 2206; x_wconf 91' lang='lat' dir='ltr'>semper</span> <span class='ocrx_word' id='word_1_442' title='bbox 3428 2153 3689 2208; x_wconf 85' lang='lat' dir='ltr'>:panem,</span> 
     </span>
    </p>
   </div>
   <div class='ocr_carea' id='block_1_54' title="bbox 2088 2221 3694 2297">
    <p class='ocr_par' dir='ltr' id='par_1_54' title="bbox 2088 2221 3694 2297">
     <span class='ocr_line' id='line_1_54' title="bbox 2088 2221 3694 2297; baseline 0.001 -21"><span class='ocrx_word' id='word_1_443' title='bbox 2088 2221 2143 2276; x_wconf 88' lang='lat' dir='ltr'>id</span> <span class='ocrx_word' id='word_1_444' title='bbox 2175 2231 2256 2277; x_wconf 91' lang='lat' dir='ltr'>est</span> <span class='ocrx_word' id='word_1_445' title='bbox 2288 2223 2580 2290; x_wconf 89' lang='lat' dir='ltr'>Christum,</span> <span class='ocrx_word' id='word_1_446' title='bbox 2615 2223 2694 2279; x_wconf 91' lang='lat' dir='ltr'>sic</span> <span class='ocrx_word' id='word_1_447' title='bbox 2725 2240 2893 2297; x_wconf 89' lang='lat' dir='ltr'>agere</span> <span class='ocrx_word' id='word_1_448' title='bbox 2921 2225 3202 2288; x_wconf 88' lang='lat' dir='ltr'>debemus,</span> <span class='ocrx_word' id='word_1_449' title='bbox 3236 2232 3292 2279; x_wconf 94' lang='lat' dir='ltr'>ut</span> <span class='ocrx_word' id='word_1_450' title='bbox 3333 2241 3458 2279; x_wconf 89' lang='lat' dir='ltr'>eum</span> <span class='ocrx_word' id='word_1_451' title='bbox 3509 2225 3694 2295; x_wconf 87' lang='lat' dir='ltr'>quoti-</span> 
     </span>
    </p>
   </div>
   <div class='ocr_carea' id='block_1_55' title="bbox 2088 2309 3692 2383">
    <p class='ocr_par' dir='ltr' id='par_1_55' title="bbox 2088 2309 3692 2383">
     <span class='ocr_line' id='line_1_55' title="bbox 2088 2309 3692 2383; baseline 0.002 -19"><span class='ocrx_word' id='word_1_452' title='bbox 2088 2309 2176 2364; x_wconf 90' lang='lat' dir='ltr'>die</span> <span class='ocrx_word' id='word_1_453' title='bbox 2205 2312 2478 2380; x_wconf 90' lang='lat' dir='ltr'>possimus</span> <span class='ocrx_word' id='word_1_454' title='bbox 2511 2313 2760 2383; x_wconf 90' lang='lat' dir='ltr'>accipere</span> <span class='ocrx_word' id='word_1_455' title='bbox 2792 2313 2861 2367; x_wconf 90' lang='lat' dir='ltr'>ad</span> <span class='ocrx_word' id='word_1_456' title='bbox 2888 2314 3204 2368; x_wconf 90' lang='lat' dir='ltr'>remedium.</span> <span class='ocrx_word' id='word_1_457' title='bbox 3239 2315 3310 2368; x_wconf 89' lang='lat' dir='ltr'>Et</span> <span class='ocrx_word' id='word_1_458' title='bbox 3328 2314 3553 2368; x_wconf 85' lang='lat' dir='ltr'>dimitte</span> <span class='ocrx_word' id='word_1_459' title='bbox 3585 2330 3692 2368; x_wconf 84' lang='lat' dir='ltr'>no-</span> 
     </span>
    </p>
   </div>
   <div class='ocr_carea' id='block_1_56' title="bbox 2089 2399 3692 2471">
    <p class='ocr_par' dir='ltr' id='par_1_56' title="bbox 2089 2399 3692 2471">
     <span class='ocr_line' id='line_1_56' title="bbox 2089 2399 3692 2471; baseline 0.001 -17"><span class='ocrx_word' id='word_1_460' title='bbox 2089 2399 2188 2469; x_wconf 87' lang='lat' dir='ltr'>bis,</span> <span class='ocrx_word' id='word_1_461' title='bbox 2223 2407 2275 2453; x_wconf 91' lang='lat' dir='ltr'>et</span> <span class='ocrx_word' id='word_1_462' title='bbox 2304 2401 2514 2471; x_wconf 88' lang='lat' dir='ltr'>reliqua</span> <span class='ocrx_word' id='word_1_463' title='bbox 2546 2419 2559 2455; x_wconf 90' lang='lat'><strong>:</strong></span> <span class='ocrx_word' id='word_1_464' title='bbox 2594 2401 2683 2457; x_wconf 91' lang='lat' dir='ltr'>hic</span> <span class='ocrx_word' id='word_1_465' title='bbox 2713 2402 3023 2458; x_wconf 89' lang='lat' dir='ltr'>cautionem</span> <span class='ocrx_word' id='word_1_466' title='bbox 3053 2417 3179 2458; x_wconf 90' lang='lat' dir='ltr'>cum</span> <span class='ocrx_word' id='word_1_467' title='bbox 3220 2403 3338 2457; x_wconf 90' lang='lat' dir='ltr'>Deo</span> <span class='ocrx_word' id='word_1_468' title='bbox 3380 2401 3612 2458; x_wconf 84' lang='lat' dir='ltr'>facimus</span> <span class='ocrx_word' id='word_1_469' title='bbox 3645 2401 3692 2456; x_wconf 90' lang='lat' dir='ltr'>si</span> 
     </span>
    </p>
   </div>
   <div class='ocr_carea' id='block_1_57' title="bbox 2088 2487 3248 2545">
    <p class='ocr_par' dir='ltr' id='par_1_57' title="bbox 2088 2487 3248 2545">
     <span class='ocr_line' id='line_1_57' title="bbox 2088 2487 3248 2545; baseline 0.006 -5"><span class='ocrx_word' id='word_1_470' title='bbox 2088 2487 2418 2542; x_wconf 89' lang='lat' dir='ltr'>dimittimini</span> <span class='ocrx_word' id='word_1_471' title='bbox 2447 2489 2733 2544; x_wconf 89' lang='lat' dir='ltr'>dimittitur</span> <span class='ocrx_word' id='word_1_472' title='bbox 2754 2490 2928 2545; x_wconf 90' lang='lat' dir='ltr'>vobis.</span> <span class='ocrx_word' id='word_1_473' title='bbox 3236 2489 3248 2500; x_wconf 85' lang='grc'><strong>’</strong></span> 
     </span>
    </p>
   </div>
   <div class='ocr_carea' id='block_1_58' title="bbox 2159 2603 3686 2660">
    <p class='ocr_par' dir='ltr' id='par_1_58' title="bbox 2159 2603 3686 2660">
     <span class='ocr_line' id='line_1_58' title="bbox 2159 2603 3686 2660; baseline 0 -3"><span class='ocrx_word' id='word_1_474' title='bbox 2159 2603 2228 2657; x_wconf 84' lang='lat' dir='ltr'>Et</span> <span class='ocrx_word' id='word_1_475' title='bbox 2249 2619 2320 2656; x_wconf 91' lang='lat' dir='ltr'>ne</span> <span class='ocrx_word' id='word_1_476' title='bbox 2351 2619 2452 2659; x_wconf 92' lang='lat' dir='ltr'>nos</span> <span class='ocrx_word' id='word_1_477' title='bbox 2483 2603 2723 2660; x_wconf 86' lang='lat' dir='ltr'>inducas</span> <span class='ocrx_word' id='word_1_478' title='bbox 2746 2605 2807 2659; x_wconf 88' lang='lat' dir='ltr'>in</span> <span class='ocrx_word' id='word_1_479' title='bbox 2834 2605 3231 2660; x_wconf 89' lang='lat' dir='ltr'>tentationem.</span> <span class='ocrx_word' id='word_1_480' title='bbox 3256 2603 3403 2659; x_wconf 91' lang='lat' dir='ltr'>Sicut</span> <span class='ocrx_word' id='word_1_481' title='bbox 3420 2603 3686 2659; x_wconf 80' lang='lat' dir='ltr'>seduxisti</span> 
     </span>
    </p>
   </div>
   <div class='ocr_carea' id='block_1_59' title="bbox 2086 2689 3686 2759">
    <p class='ocr_par' dir='ltr' id='par_1_59' title="bbox 2086 2689 3686 2759">
     <span class='ocr_line' id='line_1_59' title="bbox 2086 2689 3686 2759; baseline 0.003 -16"><span class='ocrx_word' id='word_1_482' title='bbox 2086 2689 2334 2744; x_wconf 88' lang='lat' dir='ltr'>homines</span> <span class='ocrx_word' id='word_1_483' title='bbox 2363 2691 2419 2744; x_wconf 93' lang='lat' dir='ltr'>in</span> <span class='ocrx_word' id='word_1_484' title='bbox 2445 2691 2668 2758; x_wconf 89' lang='lat' dir='ltr'>diluvio,</span> <span class='ocrx_word' id='word_1_485' title='bbox 2703 2691 2790 2746; x_wconf 86' lang='lat' dir='ltr'>vel</span> <span class='ocrx_word' id='word_1_486' title='bbox 2820 2691 2940 2747; x_wconf 89' lang='lat' dir='ltr'>illos</span> <span class='ocrx_word' id='word_1_487' title='bbox 2970 2693 3025 2745; x_wconf 93' lang='lat' dir='ltr'>in</span> <span class='ocrx_word' id='word_1_488' title='bbox 3057 2693 3316 2759; x_wconf 88' lang='lat' dir='ltr'>Sodoma,</span> <span class='ocrx_word' id='word_1_489' title='bbox 3350 2693 3438 2748; x_wconf 86' lang='lat' dir='ltr'>vel</span> <span class='ocrx_word' id='word_1_490' title='bbox 3486 2693 3686 2747; x_wconf 78' lang='lat' dir='ltr'>Farau—</span> 
     </span>
    </p>
   </div>
   <div class='ocr_carea' id='block_1_60' title="bbox 2087 2778 3690 2848">
    <p class='ocr_par' dir='ltr' id='par_1_60' title="bbox 2087 2778 3690 2848">
     <span class='ocr_line' id='line_1_60' title="bbox 2087 2778 3690 2848; baseline 0.002 -17"><span class='ocrx_word' id='word_1_491' title='bbox 2087 2794 2213 2833; x_wconf 90' lang='lat' dir='ltr'>nem</span> <span class='ocrx_word' id='word_1_492' title='bbox 2243 2778 2299 2832; x_wconf 93' lang='lat' dir='ltr'>in</span> <span class='ocrx_word' id='word_1_493' title='bbox 2328 2795 2494 2845; x_wconf 90' lang='lat' dir='ltr'>mare,</span> <span class='ocrx_word' id='word_1_494' title='bbox 2529 2781 2645 2836; x_wconf 89' lang='lat' dir='ltr'>sive</span> <span class='ocrx_word' id='word_1_495' title='bbox 2673 2779 2730 2835; x_wconf 91' lang='lat' dir='ltr'>in</span> <span class='ocrx_word' id='word_1_496' title='bbox 2760 2781 3056 2836; x_wconf 90' lang='lat' dir='ltr'>tentatione</span> <span class='ocrx_word' id='word_1_497' title='bbox 3102 2781 3324 2848; x_wconf 85' lang='lat' dir='ltr'>diaboli,</span> <span class='ocrx_word' id='word_1_498' title='bbox 3359 2788 3454 2836; x_wconf 89' lang='lat' dir='ltr'>aut</span> <span class='ocrx_word' id='word_1_499' title='bbox 3510 2780 3690 2836; x_wconf 84' lang='lat' dir='ltr'>hemi-</span> 
     </span>
    </p>
   </div>
   <div class='ocr_carea' id='block_1_61' title="bbox 2088 2867 2492 2922">
    <p class='ocr_par' dir='ltr' id='par_1_61' title="bbox 2088 2867 2492 2922">
     <span class='ocr_line' id='line_1_61' title="bbox 2088 2867 2492 2922; baseline 0.007 -2"><span class='ocrx_word' id='word_1_500' title='bbox 2088 2883 2216 2921; x_wconf 88' lang='lat' dir='ltr'>num</span> <span class='ocrx_word' id='word_1_501' title='bbox 2245 2867 2492 2922; x_wconf 90' lang='lat' dir='ltr'>insidias.</span> 
     </span>
    </p>
   </div>
   <div class='ocr_carea' id='block_1_62' title="bbox 2161 2974 3684 3046">
    <p class='ocr_par' dir='ltr' id='par_1_62' title="bbox 2161 2974 3684 3046">
     <span class='ocr_line' id='line_1_62' title="bbox 2161 2974 3684 3046; baseline -0.001 -15"><span class='ocrx_word' id='word_1_502' title='bbox 2161 2974 2266 3031; x_wconf 89' lang='lat' dir='ltr'>Sed</span> <span class='ocrx_word' id='word_1_503' title='bbox 2290 2976 2465 3031; x_wconf 88' lang='lat' dir='ltr'>libera</span> <span class='ocrx_word' id='word_1_504' title='bbox 2484 2991 2585 3032; x_wconf 91' lang='lat' dir='ltr'>nos</span> <span class='ocrx_word' id='word_1_505' title='bbox 2614 2993 2648 3031; x_wconf 92' lang='lat' dir='ltr'>a</span> <span class='ocrx_word' id='word_1_506' title='bbox 2678 2977 2846 3032; x_wconf 85' lang='lat' dir='ltr'>male.</span> <span class='ocrx_word' id='word_1_507' title='bbox 2881 2976 2941 3030; x_wconf 93' lang='lat' dir='ltr'>Id</span> <span class='ocrx_word' id='word_1_508' title='bbox 2971 2983 3051 3031; x_wconf 92' lang='lat' dir='ltr'>est</span> <span class='ocrx_word' id='word_1_509' title='bbox 3080 2992 3112 3030; x_wconf 90' lang='lat' dir='ltr'>a</span> <span class='ocrx_word' id='word_1_510' title='bbox 3139 2975 3380 3041; x_wconf 92' lang='lat' dir='ltr'>diabolo,</span> <span class='ocrx_word' id='word_1_511' title='bbox 3402 2992 3435 3030; x_wconf 87' lang='lat' dir='ltr'>a</span> <span class='ocrx_word' id='word_1_512' title='bbox 3456 2985 3684 3046; x_wconf 88' lang='lat' dir='ltr'>peccato</span> 
     </span>
    </p>
   </div>
   <div class='ocr_carea' id='block_1_63' title="bbox 380 3049 3689 3136">
    <p class='ocr_par' dir='ltr' id='par_1_63' title="bbox 380 3049 3689 3136">
     <span class='ocr_line' id='line_1_63' title="bbox 380 3049 3689 3136; baseline 0.001 -32"><span class='ocrx_word' id='word_1_513' title='bbox 380 3049 475 3104; x_wconf 91' lang='lat' dir='ltr'>tris</span> <span class='ocrx_word' id='word_1_514' title='bbox 506 3049 691 3114; x_wconf 88' lang='lat' dir='ltr'>vestri,</span> <span class='ocrx_word' id='word_1_515' title='bbox 727 3057 779 3104; x_wconf 91' lang='lat' dir='ltr'>et</span> <span class='ocrx_word' id='word_1_516' title='bbox 806 3049 1036 3119; x_wconf 89' lang='lat' dir='ltr'>reliqua,</span> <span class='ocrx_word' id='word_1_517' title='bbox 1071 3049 1125 3103; x_wconf 92' lang='lat' dir='ltr'>id</span> <span class='ocrx_word' id='word_1_518' title='bbox 1155 3057 1256 3119; x_wconf 90' lang='lat' dir='ltr'>est,</span> <span class='ocrx_word' id='word_1_519' title='bbox 1293 3050 1449 3120; x_wconf 89' lang='lat' dir='ltr'>quasi</span> <span class='ocrx_word' id='word_1_520' title='bbox 1486 3050 1681 3120; x_wconf 87' lang='lat' dir='ltr'>aliquis</span> <span class='ocrx_word' id='word_1_521' title='bbox 1738 3058 1986 3120; x_wconf 88' lang='lat' dir='ltr'>portasse</span> <span class='ocrx_word' id='word_1_522' title='bbox 2017 3051 2065 3114; x_wconf 87' lang='lat' dir='ltr'>C</span> <span class='ocrx_word' id='word_1_523' title='bbox 2087 3062 2155 3116; x_wconf 73' lang='lat' dir='ltr'>ab</span> <span class='ocrx_word' id='word_1_524' title='bbox 2207 3063 2425 3118; x_wconf 70' lang='lat' dir='ltr'>homine</span> <span class='ocrx_word' id='word_1_525' title='bbox 2469 3064 2612 3119; x_wconf 71' lang='lat' dir='ltr'>malo</span> <span class='ocrx_word' id='word_1_526' title='bbox 2650 3081 2661 3119; x_wconf 73' lang='grc' dir='ltr'>ε</span> <span class='ocrx_word' id='word_1_527' title='bbox 2705 3065 2821 3120; x_wconf 65' lang='grc' dir='ltr'>ιιεεο</span> <span class='ocrx_word' id='word_1_528' title='bbox 2870 3072 3079 3135; x_wconf 58' lang='lat' dir='ltr'>septem</span> <span class='ocrx_word' id='word_1_529' title='bbox 3127 3065 3405 3119; x_wconf 52' lang='lat' dir='ltr'>orationes</span> <span class='ocrx_word' id='word_1_530' title='bbox 3454 3075 3689 3136; x_wconf 56' lang='lat' dir='ltr'>quatuor</span> 
     </span>
    </p>
   </div>
   <div class='ocr_carea' id='block_1_64' title="bbox 376 3137 1983 3208">
    <p class='ocr_par' dir='ltr' id='par_1_64' title="bbox 376 3137 1983 3208">
     <span class='ocr_line' id='line_1_64' title="bbox 376 3137 1983 3208; baseline 0.001 -17"><span class='ocrx_word' id='word_1_531' title='bbox 376 3153 570 3192; x_wconf 88' lang='lat' dir='ltr'>aurum</span> <span class='ocrx_word' id='word_1_532' title='bbox 600 3145 890 3208; x_wconf 82' lang='lat' dir='ltr'>argentum</span> <span class='ocrx_word' id='word_1_533' title='bbox 919 3137 1122 3190; x_wconf 90' lang='lat' dir='ltr'>nobis:</span> <span class='ocrx_word' id='word_1_534' title='bbox 1166 3145 1219 3191; x_wconf 91' lang='lat' dir='ltr'>et</span> <span class='ocrx_word' id='word_1_535' title='bbox 1267 3137 1312 3190; x_wconf 92' lang='lat' dir='ltr'>si</span> <span class='ocrx_word' id='word_1_536' title='bbox 1362 3137 1733 3192; x_wconf 86' lang='lat' dir='ltr'>maledixisset</span> <span class='ocrx_word' id='word_1_537' title='bbox 1785 3154 1885 3193; x_wconf 92' lang='lat' dir='ltr'>nos</span> <span class='ocrx_word' id='word_1_538' title='bbox 1932 3146 1983 3194; x_wconf 87' lang='lat' dir='ltr'>et</span> 
     </span>
    </p>
   </div>
   <div class='ocr_carea' id='block_1_65' title="bbox 375 3224 1984 3295">
    <p class='ocr_par' dir='ltr' id='par_1_65' title="bbox 375 3224 1984 3295">
     <span class='ocr_line' id='line_1_65' title="bbox 375 3224 1984 3295; baseline 0.002 -16"><span class='ocrx_word' id='word_1_539' title='bbox 375 3225 750 3295; x_wconf 89' lang='lat' dir='ltr'>percussisset,</span> <span class='ocrx_word' id='word_1_540' title='bbox 786 3224 1133 3279; x_wconf 86' lang='lat' dir='ltr'>dilexerimus</span> <span class='ocrx_word' id='word_1_541' title='bbox 1162 3241 1306 3289; x_wconf 90' lang='lat' dir='ltr'>eum,</span> <span class='ocrx_word' id='word_1_542' title='bbox 1331 3233 1382 3280; x_wconf 93' lang='lat' dir='ltr'>et</span> <span class='ocrx_word' id='word_1_543' title='bbox 1415 3241 1540 3281; x_wconf 89' lang='lat' dir='ltr'>cum</span> <span class='ocrx_word' id='word_1_544' title='bbox 1591 3225 1682 3280; x_wconf 89' lang='lat' dir='ltr'>illa</span> <span class='ocrx_word' id='word_1_545' title='bbox 1742 3226 1984 3282; x_wconf 89' lang='lat' dir='ltr'>defecis-</span> 
     </span>
    </p>
   </div>
   <div class='ocr_carea' id='block_1_66' title="bbox 377 3311 1984 3378">
    <p class='ocr_par' dir='ltr' id='par_1_66' title="bbox 377 3311 1984 3378">
     <span class='ocr_line' id='line_1_66' title="bbox 377 3311 1984 3378; baseline 0.003 -12"><span class='ocrx_word' id='word_1_546' title='bbox 377 3320 518 3378; x_wconf 91' lang='lat' dir='ltr'>sent,</span> <span class='ocrx_word' id='word_1_547' title='bbox 552 3319 605 3367; x_wconf 92' lang='lat' dir='ltr'>et</span> <span class='ocrx_word' id='word_1_548' title='bbox 632 3328 732 3367; x_wconf 91' lang='lat' dir='ltr'>nos</span> <span class='ocrx_word' id='word_1_549' title='bbox 761 3311 1171 3376; x_wconf 82' lang='lat' dir='ltr'>defecessimus,</span> <span class='ocrx_word' id='word_1_550' title='bbox 1220 3313 1344 3369; x_wconf 90' lang='lat' dir='ltr'>ideo</span> <span class='ocrx_word' id='word_1_551' title='bbox 1381 3331 1490 3368; x_wconf 90' lang='lat' dir='ltr'>non</span> <span class='ocrx_word' id='word_1_552' title='bbox 1538 3313 1828 3370; x_wconf 85' lang='lat' dir='ltr'>deficiente</span> <span class='ocrx_word' id='word_1_553' title='bbox 1877 3315 1984 3371; x_wconf 91' lang='lat' dir='ltr'>vita</span> 
     </span>
    </p>
   </div>
   <div class='ocr_carea' id='block_1_67' title="bbox 375 3400 1976 3474">
    <p class='ocr_par' dir='ltr' id='par_1_67' title="bbox 375 3400 1976 3474">
     <span class='ocr_line' id='line_1_67' title="bbox 375 3400 1976 3474; baseline 0.004 -20"><span class='ocrx_word' id='word_1_554' title='bbox 375 3400 725 3472; x_wconf 87' lang='lat' dir='ltr'>promittitur,</span> <span class='ocrx_word' id='word_1_555' title='bbox 755 3401 844 3472; x_wconf 90' lang='lat' dir='ltr'>qui</span> <span class='ocrx_word' id='word_1_556' title='bbox 872 3403 1043 3457; x_wconf 91' lang='lat' dir='ltr'>solem</span> <span class='ocrx_word' id='word_1_557' title='bbox 1073 3419 1230 3457; x_wconf 92' lang='lat' dir='ltr'>suum</span> <span class='ocrx_word' id='word_1_558' title='bbox 1260 3411 1313 3458; x_wconf 91' lang='lat' dir='ltr'>et</span> <span class='ocrx_word' id='word_1_559' title='bbox 1342 3403 1551 3474; x_wconf 90' lang='lat' dir='ltr'>reliqua</span> <span class='ocrx_word' id='word_1_560' title='bbox 1582 3422 1595 3458; x_wconf 94' lang='lat'><strong>:</strong></span> <span class='ocrx_word' id='word_1_561' title='bbox 1628 3412 1681 3458; x_wconf 93' lang='lat' dir='ltr'>et</span> <span class='ocrx_word' id='word_1_562' title='bbox 1711 3405 1848 3474; x_wconf 90' lang='lat' dir='ltr'>pluit</span> <span class='ocrx_word' id='word_1_563' title='bbox 1879 3422 1976 3460; x_wconf 88' lang='lat' dir='ltr'>su-</span> 
     </span>
    </p>
   </div>
   <div class='ocr_carea' id='block_1_68' title="bbox 377 3490 1979 3562">
    <p class='ocr_par' dir='ltr' id='par_1_68' title="bbox 377 3490 1979 3562">
     <span class='ocr_line' id='line_1_68' title="bbox 377 3490 1979 3562; baseline 0.003 -19"><span class='ocrx_word' id='word_1_564' title='bbox 377 3505 479 3559; x_wconf 90' lang='lat' dir='ltr'>per</span> <span class='ocrx_word' id='word_1_565' title='bbox 493 3491 686 3558; x_wconf 90' lang='lat' dir='ltr'>justos,</span> <span class='ocrx_word' id='word_1_566' title='bbox 712 3490 840 3561; x_wconf 88' lang='lat' dir='ltr'>quia</span> <span class='ocrx_word' id='word_1_567' title='bbox 861 3490 917 3544; x_wconf 93' lang='lat' dir='ltr'>in</span> <span class='ocrx_word' id='word_1_568' title='bbox 945 3498 1171 3562; x_wconf 88' lang='lat' dir='ltr'>utroque</span> <span class='ocrx_word' id='word_1_569' title='bbox 1203 3501 1344 3547; x_wconf 89' lang='lat' dir='ltr'>totus</span> <span class='ocrx_word' id='word_1_570' title='bbox 1361 3493 1597 3547; x_wconf 89' lang='lat' dir='ltr'>mundus</span> <span class='ocrx_word' id='word_1_571' title='bbox 1628 3494 1942 3549; x_wconf 90' lang='lat' dir='ltr'>continetur</span> <span class='ocrx_word' id='word_1_572' title='bbox 1967 3512 1979 3548; x_wconf 93' lang='lat'><strong>:</strong></span> 
     </span>
    </p>
   </div>
   <div class='ocr_carea' id='block_1_69' title="bbox 377 3577 1980 3656">
    <p class='ocr_par' dir='ltr' id='par_1_69' title="bbox 377 3577 1980 3656">
     <span class='ocr_line' id='line_1_69' title="bbox 377 3577 1980 3656; baseline 0.002 -24"><span class='ocrx_word' id='word_1_573' title='bbox 377 3577 434 3632; x_wconf 93' lang='lat' dir='ltr'>in</span> <span class='ocrx_word' id='word_1_574' title='bbox 463 3579 598 3644; x_wconf 88' lang='lat' dir='ltr'>sole,</span> <span class='ocrx_word' id='word_1_575' title='bbox 632 3579 799 3644; x_wconf 88' lang='lat' dir='ltr'>arida,</span> <span class='ocrx_word' id='word_1_576' title='bbox 833 3587 886 3634; x_wconf 89' lang='lat' dir='ltr'>et</span> <span class='ocrx_word' id='word_1_577' title='bbox 911 3580 1092 3635; x_wconf 85' lang='lat' dir='ltr'>calida</span> <span class='ocrx_word' id='word_1_578' title='bbox 1124 3598 1136 3634; x_wconf 91' lang='lat'><strong>:</strong></span> <span class='ocrx_word' id='word_1_579' title='bbox 1171 3581 1224 3635; x_wconf 91' lang='lat' dir='ltr'>in</span> <span class='ocrx_word' id='word_1_580' title='bbox 1256 3581 1452 3652; x_wconf 89' lang='lat' dir='ltr'>pluvia,</span> <span class='ocrx_word' id='word_1_581' title='bbox 1491 3582 1708 3636; x_wconf 89' lang='lat' dir='ltr'>humida</span> <span class='ocrx_word' id='word_1_582' title='bbox 1757 3590 1810 3637; x_wconf 93' lang='lat' dir='ltr'>et</span> <span class='ocrx_word' id='word_1_583' title='bbox 1855 3582 1980 3656; x_wconf 90' lang='lat' dir='ltr'>gri-</span> 
     </span>
    </p>
   </div>
   <div class='ocr_carea' id='block_1_70' title="bbox 379 3666 1980 3739">
    <p class='ocr_par' dir='ltr' id='par_1_70' title="bbox 379 3666 1980 3739">
     <span class='ocr_line' id='line_1_70' title="bbox 379 3666 1980 3739; baseline 0.004 -19"><span class='ocrx_word' id='word_1_584' title='bbox 379 3666 508 3738; x_wconf 87' lang='lat' dir='ltr'>gida</span> <span class='ocrx_word' id='word_1_585' title='bbox 542 3683 554 3721; x_wconf 89' lang='lat'><strong>:</strong></span> <span class='ocrx_word' id='word_1_586' title='bbox 587 3667 654 3722; x_wconf 92' lang='lat' dir='ltr'>de</span> <span class='ocrx_word' id='word_1_587' title='bbox 695 3667 778 3722; x_wconf 91' lang='lat' dir='ltr'>his</span> <span class='ocrx_word' id='word_1_588' title='bbox 827 3677 1058 3739; x_wconf 86' lang='lat' dir='ltr'>quatuor</span> <span class='ocrx_word' id='word_1_589' title='bbox 1109 3667 1283 3724; x_wconf 87' lang='lat' dir='ltr'>factus</span> <span class='ocrx_word' id='word_1_590' title='bbox 1331 3678 1414 3724; x_wconf 92' lang='lat' dir='ltr'>est</span> <span class='ocrx_word' id='word_1_591' title='bbox 1462 3670 1734 3736; x_wconf 88' lang='lat' dir='ltr'>mundus;</span> <span class='ocrx_word' id='word_1_592' title='bbox 1769 3669 1848 3726; x_wconf 92' lang='lat' dir='ltr'>sic</span> <span class='ocrx_word' id='word_1_593' title='bbox 1880 3686 1980 3726; x_wconf 91' lang='lat' dir='ltr'>nos</span> 
     </span>
    </p>
   </div>
   <div class='ocr_carea' id='block_1_71' title="bbox 379 3755 1973 3830">
    <p class='ocr_par' dir='ltr' id='par_1_71' title="bbox 379 3755 1973 3830">
     <span class='ocr_line' id='line_1_71' title="bbox 379 3755 1973 3830; baseline 0.003 -21"><span class='ocrx_word' id='word_1_594' title='bbox 379 3755 642 3811; x_wconf 88' lang='lat' dir='ltr'>debemus</span> <span class='ocrx_word' id='word_1_595' title='bbox 670 3756 800 3810; x_wconf 91' lang='lat' dir='ltr'>dare</span> <span class='ocrx_word' id='word_1_596' title='bbox 832 3757 960 3811; x_wconf 90' lang='lat' dir='ltr'>dare</span> <span class='ocrx_word' id='word_1_597' title='bbox 981 3757 1214 3812; x_wconf 91' lang='lat' dir='ltr'>inimicis</span> <span class='ocrx_word' id='word_1_598' title='bbox 1244 3757 1446 3812; x_wconf 89' lang='lat' dir='ltr'>nostris</span> <span class='ocrx_word' id='word_1_599' title='bbox 1478 3759 1660 3814; x_wconf 88' lang='lat' dir='ltr'>cibum</span> <span class='ocrx_word' id='word_1_600' title='bbox 1690 3766 1744 3813; x_wconf 94' lang='lat' dir='ltr'>et</span> <span class='ocrx_word' id='word_1_601' title='bbox 1766 3767 1973 3830; x_wconf 90' lang='lat' dir='ltr'>potum,</span> 
     </span>
    </p>
   </div>
   <div class='ocr_carea' id='block_1_72' title="bbox 379 3845 1484 3915">
    <p class='ocr_par' dir='ltr' id='par_1_72' title="bbox 379 3845 1484 3915">
     <span class='ocr_line' id='line_1_72' title="bbox 379 3845 1484 3915; baseline 0.002 -15"><span class='ocrx_word' id='word_1_602' title='bbox 379 3845 764 3900; x_wconf 86' lang='lat' dir='ltr'>vestimentum</span> <span class='ocrx_word' id='word_1_603' title='bbox 792 3852 846 3899; x_wconf 88' lang='lat' dir='ltr'>et</span> <span class='ocrx_word' id='word_1_604' title='bbox 877 3846 1124 3915; x_wconf 89' lang='lat' dir='ltr'>verbum,</span> <span class='ocrx_word' id='word_1_605' title='bbox 1159 3845 1484 3902; x_wconf 89' lang='lat' dir='ltr'>dilectionis.</span> 
     </span>
    </p>
   </div>
   <div class='ocr_carea' id='block_1_73' title="bbox 450 3959 1984 4042">
    <p class='ocr_par' dir='ltr' id='par_1_73' title="bbox 450 3959 1984 4042">
     <span class='ocr_line' id='line_1_73' title="bbox 450 3959 1984 4042; baseline 0.001 -28"><span class='ocrx_word' id='word_1_606' title='bbox 450 3959 509 4014; x_wconf 91' lang='lat' dir='ltr'>Si</span> <span class='ocrx_word' id='word_1_607' title='bbox 527 3959 682 4014; x_wconf 88' lang='lat' dir='ltr'>enim</span> <span class='ocrx_word' id='word_1_608' title='bbox 711 3960 951 4031; x_wconf 88' lang='lat' dir='ltr'>diligitis</span> <span class='ocrx_word' id='word_1_609' title='bbox 983 3976 1090 4042; x_wconf 79' lang='lat' dir='ltr'>eos,</span> <span class='ocrx_word' id='word_1_610' title='bbox 1126 3968 1178 4015; x_wconf 90' lang='lat' dir='ltr'>et</span> <span class='ocrx_word' id='word_1_611' title='bbox 1208 3960 1412 4032; x_wconf 88' lang='lat' dir='ltr'>reliqua</span> <span class='ocrx_word' id='word_1_612' title='bbox 1447 3979 1460 4014; x_wconf 90' lang='lat'><strong>:</strong></span> <span class='ocrx_word' id='word_1_613' title='bbox 1493 3960 1822 4017; x_wconf 88' lang='lat' dir='ltr'>Publicanus</span> <span class='ocrx_word' id='word_1_614' title='bbox 1852 3962 1984 4019; x_wconf 83' lang='lat' dir='ltr'>dici-</span> 
     </span>
    </p>
   </div>
   <div class='ocr_carea' id='block_1_74' title="bbox 385 4047 1978 4124">
    <p class='ocr_par' dir='ltr' id='par_1_74' title="bbox 385 4047 1978 4124">
     <span class='ocr_line' id='line_1_74' title="bbox 385 4047 1978 4124; baseline 0.003 -23"><span class='ocrx_word' id='word_1_615' title='bbox 385 4055 492 4113; x_wconf 91' lang='lat' dir='ltr'>tur,</span> <span class='ocrx_word' id='word_1_616' title='bbox 526 4047 649 4117; x_wconf 92' lang='lat' dir='ltr'>quia</span> <span class='ocrx_word' id='word_1_617' title='bbox 677 4048 893 4117; x_wconf 89' lang='lat' dir='ltr'>publice</span> <span class='ocrx_word' id='word_1_618' title='bbox 921 4056 1130 4119; x_wconf 90' lang='lat' dir='ltr'>peccat,</span> <span class='ocrx_word' id='word_1_619' title='bbox 1151 4056 1242 4102; x_wconf 90' lang='lat' dir='ltr'>aut</span> <span class='ocrx_word' id='word_1_620' title='bbox 1273 4049 1365 4120; x_wconf 90' lang='lat' dir='ltr'>qui</span> <span class='ocrx_word' id='word_1_621' title='bbox 1395 4066 1510 4103; x_wconf 91' lang='lat' dir='ltr'>rem</span> <span class='ocrx_word' id='word_1_622' title='bbox 1531 4049 1808 4119; x_wconf 88' lang='lat' dir='ltr'>publicam</span> <span class='ocrx_word' id='word_1_623' title='bbox 1827 4051 1941 4124; x_wconf 83' lang='lat' dir='ltr'>agit</span> <span class='ocrx_word' id='word_1_624' title='bbox 1964 4068 1978 4105; x_wconf 89' lang='lat'><strong>:</strong></span> 
     </span>
    </p>
   </div>
   <div class='ocr_carea' id='block_1_75' title="bbox 384 4133 1983 4209">
    <p class='ocr_par' dir='ltr' id='par_1_75' title="bbox 384 4133 1983 4209">
     <span class='ocr_line' id='line_1_75' title="bbox 384 4133 1983 4209; baseline 0.003 -19"><span class='ocrx_word' id='word_1_625' title='bbox 384 4133 605 4199; x_wconf 88' lang='lat' dir='ltr'>ethnici,</span> <span class='ocrx_word' id='word_1_626' title='bbox 639 4135 895 4206; x_wconf 88' lang='lat' dir='ltr'>gentilis;</span> <span class='ocrx_word' id='word_1_627' title='bbox 931 4145 1104 4192; x_wconf 89' lang='lat' dir='ltr'>estote</span> <span class='ocrx_word' id='word_1_628' title='bbox 1136 4135 1379 4206; x_wconf 88' lang='lat' dir='ltr'>perfecti,</span> <span class='ocrx_word' id='word_1_629' title='bbox 1421 4137 1477 4192; x_wconf 93' lang='lat' dir='ltr'>id</span> <span class='ocrx_word' id='word_1_630' title='bbox 1507 4146 1608 4205; x_wconf 91' lang='lat' dir='ltr'>est,</span> <span class='ocrx_word' id='word_1_631' title='bbox 1640 4145 1698 4192; x_wconf 92' lang='lat' dir='ltr'>ut</span> <span class='ocrx_word' id='word_1_632' title='bbox 1728 4138 1983 4209; x_wconf 75' lang='lat' dir='ltr'>perfectae</span> 
     </span>
    </p>
   </div>
   <div class='ocr_carea' id='block_1_76' title="bbox 386 4223 1982 4296">
    <p class='ocr_par' dir='ltr' id='par_1_76' title="bbox 386 4223 1982 4296">
     <span class='ocr_line' id='line_1_76' title="bbox 386 4223 1982 4296; baseline 0.003 -19"><span class='ocrx_word' id='word_1_633' title='bbox 386 4223 504 4280; x_wconf 58' lang='lat' dir='ltr'>haec</span> <span class='ocrx_word' id='word_1_634' title='bbox 551 4223 856 4294; x_wconf 86' lang='lat' dir='ltr'>impleatis,</span> <span class='ocrx_word' id='word_1_635' title='bbox 917 4225 972 4279; x_wconf 91' lang='lat' dir='ltr'>in</span> <span class='ocrx_word' id='word_1_636' title='bbox 1038 4225 1418 4296; x_wconf 87' lang='lat' dir='ltr'>eleemosynis,</span> <span class='ocrx_word' id='word_1_637' title='bbox 1500 4225 1556 4279; x_wconf 92' lang='lat' dir='ltr'>in</span> <span class='ocrx_word' id='word_1_638' title='bbox 1613 4227 1870 4296; x_wconf 91' lang='lat' dir='ltr'>jejuniis,</span> <span class='ocrx_word' id='word_1_639' title='bbox 1925 4227 1982 4282; x_wconf 92' lang='lat' dir='ltr'>in</span> 
     </span>
    </p>
   </div>
   <div class='ocr_carea' id='block_1_77' title="bbox 387 4311 1982 4383">
    <p class='ocr_par' dir='ltr' id='par_1_77' title="bbox 387 4311 1982 4383">
     <span class='ocr_line' id='line_1_77' title="bbox 387 4311 1982 4383; baseline 0.002 -15"><span class='ocrx_word' id='word_1_640' title='bbox 387 4311 768 4368; x_wconf 87' lang='lat' dir='ltr'>orationibus:</span> <span class='ocrx_word' id='word_1_641' title='bbox 826 4329 899 4368; x_wconf 91' lang='lat' dir='ltr'>ne</span> <span class='ocrx_word' id='word_1_642' title='bbox 936 4329 1127 4368; x_wconf 88' lang='lat' dir='ltr'>coram</span> <span class='ocrx_word' id='word_1_643' title='bbox 1177 4315 1494 4370; x_wconf 88' lang='lat' dir='ltr'>hominibus</span> <span class='ocrx_word' id='word_1_644' title='bbox 1533 4315 1861 4383; x_wconf 85' lang='lat' dir='ltr'>videamini,</span> <span class='ocrx_word' id='word_1_645' title='bbox 1925 4316 1982 4371; x_wconf 90' lang='lat' dir='ltr'>id</span> 
     </span>
    </p>
   </div>
   <div class='ocr_carea' id='block_1_78' title="bbox 2085 3153 3685 3224">
    <p class='ocr_par' dir='ltr' id='par_1_78' title="bbox 2085 3153 3685 3224">
     <span class='ocr_line' id='line_1_78' title="bbox 2085 3153 3685 3224; baseline -0.001 -17"><span class='ocrx_word' id='word_1_646' title='bbox 2085 3167 2402 3207; x_wconf 90' lang='lat' dir='ltr'>communes</span> <span class='ocrx_word' id='word_1_647' title='bbox 2432 3162 2555 3207; x_wconf 91' lang='lat' dir='ltr'>sunt</span> <span class='ocrx_word' id='word_1_648' title='bbox 2586 3154 2858 3222; x_wconf 89' lang='lat' dir='ltr'>omnibus,</span> <span class='ocrx_word' id='word_1_649' title='bbox 2894 3162 2950 3207; x_wconf 89' lang='lat' dir='ltr'>ut</span> <span class='ocrx_word' id='word_1_650' title='bbox 2981 3162 3190 3224; x_wconf 86' lang='lat' dir='ltr'>septem</span> <span class='ocrx_word' id='word_1_651' title='bbox 3219 3153 3402 3224; x_wconf 66' lang='lat' dir='ltr'>gratia:</span> <span class='ocrx_word' id='word_1_652' title='bbox 3447 3153 3685 3224; x_wconf 90' lang='lat' dir='ltr'>Spiritus</span> 
     </span>
    </p>
   </div>
   <div class='ocr_carea' id='block_1_79' title="bbox 2086 3241 3688 3311">
    <p class='ocr_par' dir='ltr' id='par_1_79' title="bbox 2086 3241 3688 3311">
     <span class='ocr_line' id='line_1_79' title="bbox 2086 3241 3688 3311; baseline 0.001 -17"><span class='ocrx_word' id='word_1_653' title='bbox 2086 3241 2258 3295; x_wconf 90' lang='lat' dir='ltr'>sancti</span> <span class='ocrx_word' id='word_1_654' title='bbox 2292 3249 2508 3295; x_wconf 89' lang='lat' dir='ltr'>orasset</span> <span class='ocrx_word' id='word_1_655' title='bbox 2539 3259 2552 3295; x_wconf 93' lang='lat'>:</span> <span class='ocrx_word' id='word_1_656' title='bbox 2589 3249 2701 3295; x_wconf 92' lang='lat' dir='ltr'>tres</span> <span class='ocrx_word' id='word_1_657' title='bbox 2733 3242 3022 3311; x_wconf 89' lang='lat' dir='ltr'>petitiones</span> <span class='ocrx_word' id='word_1_658' title='bbox 3053 3243 3122 3296; x_wconf 89' lang='lat' dir='ltr'>ad</span> <span class='ocrx_word' id='word_1_659' title='bbox 3171 3242 3470 3297; x_wconf 73' lang='lat' dir='ltr'>coelestiam</span> <span class='ocrx_word' id='word_1_660' title='bbox 3515 3243 3688 3311; x_wconf 89' lang='lat' dir='ltr'>perti-</span> 
     </span>
    </p>
   </div>
   <div class='ocr_carea' id='block_1_80' title="bbox 2084 3329 3692 3396">
    <p class='ocr_par' dir='ltr' id='par_1_80' title="bbox 2084 3329 3692 3396">
     <span class='ocr_line' id='line_1_80' title="bbox 2084 3329 3692 3396; baseline 0.001 -14"><span class='ocrx_word' id='word_1_661' title='bbox 2084 3337 2230 3396; x_wconf 87' lang='lat' dir='ltr'>nent,</span> <span class='ocrx_word' id='word_1_662' title='bbox 2283 3329 2337 3383; x_wconf 93' lang='lat' dir='ltr'>id</span> <span class='ocrx_word' id='word_1_663' title='bbox 2383 3337 2465 3385; x_wconf 88' lang='lat' dir='ltr'>est</span> <span class='ocrx_word' id='word_1_664' title='bbox 2515 3329 2882 3385; x_wconf 84' lang='lat' dir='ltr'>sanctiticetur</span> <span class='ocrx_word' id='word_1_665' title='bbox 2940 3346 3139 3385; x_wconf 87' lang='lat' dir='ltr'>nomen</span> <span class='ocrx_word' id='word_1_666' title='bbox 3201 3339 3373 3395; x_wconf 90' lang='lat' dir='ltr'>tuum,</span> <span class='ocrx_word' id='word_1_667' title='bbox 3436 3330 3692 3384; x_wconf 82' lang='lat' dir='ltr'>adveniat</span> 
     </span>
    </p>
   </div>
   <div class='ocr_carea' id='block_1_81' title="bbox 2084 3417 3686 3490">
    <p class='ocr_par' dir='ltr' id='par_1_81' title="bbox 2084 3417 3686 3490">
     <span class='ocr_line' id='line_1_81' title="bbox 2084 3417 3686 3490; baseline 0.001 -19"><span class='ocrx_word' id='word_1_668' title='bbox 2084 3434 2316 3488; x_wconf 88' lang='lat' dir='ltr'>regnum</span> <span class='ocrx_word' id='word_1_669' title='bbox 2345 3426 2514 3484; x_wconf 89' lang='lat' dir='ltr'>tuum,</span> <span class='ocrx_word' id='word_1_670' title='bbox 2550 3417 2639 3473; x_wconf 86' lang='lat' dir='ltr'>ﬁat</span> <span class='ocrx_word' id='word_1_671' title='bbox 2667 3420 2918 3475; x_wconf 87' lang='lat' dir='ltr'>voluntas</span> <span class='ocrx_word' id='word_1_672' title='bbox 2965 3428 3085 3486; x_wconf 87' lang='lat' dir='ltr'>tua;</span> <span class='ocrx_word' id='word_1_673' title='bbox 3141 3427 3375 3490; x_wconf 89' lang='lat' dir='ltr'>quatuor</span> <span class='ocrx_word' id='word_1_674' title='bbox 3414 3419 3484 3473; x_wconf 90' lang='lat' dir='ltr'>ad</span> <span class='ocrx_word' id='word_1_675' title='bbox 3531 3419 3686 3473; x_wconf 85' lang='lat' dir='ltr'>istam</span> 
     </span>
    </p>
   </div>
   <div class='ocr_carea' id='block_1_82' title="bbox 2083 3507 2271 3562">
    <p class='ocr_par' dir='ltr' id='par_1_82' title="bbox 2083 3507 2271 3562">
     <span class='ocr_line' id='line_1_82' title="bbox 2083 3507 2271 3562; baseline -0.005 0"><span class='ocrx_word' id='word_1_676' title='bbox 2083 3507 2271 3562; x_wconf 87' lang='lat' dir='ltr'>vitam.</span> 
     </span>
    </p>
   </div>
   <div class='ocr_carea' id='block_1_83' title="bbox 2157 3595 3685 3666">
    <p class='ocr_par' dir='ltr' id='par_1_83' title="bbox 2157 3595 3685 3666">
     <span class='ocr_line' id='line_1_83' title="bbox 2157 3595 3685 3666; baseline 0 -16"><span class='ocrx_word' id='word_1_677' title='bbox 2157 3595 2294 3650; x_wconf 87' lang='lat' dir='ltr'>Cum</span> <span class='ocrx_word' id='word_1_678' title='bbox 2319 3599 2511 3651; x_wconf 90' lang='lat' dir='ltr'>autem</span> <span class='ocrx_word' id='word_1_679' title='bbox 2534 3597 2896 3664; x_wconf 79' lang='lat' dir='ltr'>ieiunaverit,</span> <span class='ocrx_word' id='word_1_680' title='bbox 2921 3603 2975 3650; x_wconf 94' lang='lat' dir='ltr'>et</span> <span class='ocrx_word' id='word_1_681' title='bbox 2997 3595 3210 3666; x_wconf 87' lang='lat' dir='ltr'>reliqua</span> <span class='ocrx_word' id='word_1_682' title='bbox 3235 3612 3246 3648; x_wconf 92' lang='lat'>:</span> <span class='ocrx_word' id='word_1_683' title='bbox 3281 3597 3685 3651; x_wconf 74' lang='lat' dir='ltr'>exterminant</span> 
     </span>
    </p>
   </div>
   <div class='ocr_carea' id='block_1_84' title="bbox 2082 3682 3687 3756">
    <p class='ocr_par' dir='ltr' id='par_1_84' title="bbox 2082 3682 3687 3756">
     <span class='ocr_line' id='line_1_84' title="bbox 2082 3682 3687 3756; baseline -0.001 -17"><span class='ocrx_word' id='word_1_684' title='bbox 2082 3684 2256 3755; x_wconf 79' lang='lat' dir='ltr'>facies</span> <span class='ocrx_word' id='word_1_685' title='bbox 2281 3701 2433 3739; x_wconf 86' lang='lat' dir='ltr'>suas.</span> <span class='ocrx_word' id='word_1_686' title='bbox 2459 3684 2518 3738; x_wconf 91' lang='lat' dir='ltr'>Id</span> <span class='ocrx_word' id='word_1_687' title='bbox 2535 3692 2616 3738; x_wconf 90' lang='lat' dir='ltr'>est</span> <span class='ocrx_word' id='word_1_688' title='bbox 2648 3682 3037 3756; x_wconf 86' lang='lat' dir='ltr'>transﬁgurant</span> <span class='ocrx_word' id='word_1_689' title='bbox 3059 3701 3136 3749; x_wconf 90' lang='lat' dir='ltr'>se,</span> <span class='ocrx_word' id='word_1_690' title='bbox 3173 3685 3227 3739; x_wconf 92' lang='lat' dir='ltr'>id</span> <span class='ocrx_word' id='word_1_691' title='bbox 3258 3692 3340 3738; x_wconf 91' lang='lat' dir='ltr'>est</span> <span class='ocrx_word' id='word_1_692' title='bbox 3370 3691 3428 3738; x_wconf 90' lang='lat' dir='ltr'>ut</span> <span class='ocrx_word' id='word_1_693' title='bbox 3458 3684 3687 3739; x_wconf 84' lang='lat' dir='ltr'>videan-</span> 
     </span>
    </p>
   </div>
   <div class='ocr_carea' id='block_1_85' title="bbox 2084 3772 3683 3844">
    <p class='ocr_par' dir='ltr' id='par_1_85' title="bbox 2084 3772 3683 3844">
     <span class='ocr_line' id='line_1_85' title="bbox 2084 3772 3683 3844; baseline 0.001 -18"><span class='ocrx_word' id='word_1_694' title='bbox 2084 3779 2169 3826; x_wconf 90' lang='lat' dir='ltr'>tur</span> <span class='ocrx_word' id='word_1_695' title='bbox 2200 3773 2268 3826; x_wconf 89' lang='lat' dir='ltr'>ab</span> <span class='ocrx_word' id='word_1_696' title='bbox 2297 3773 2609 3827; x_wconf 86' lang='lat' dir='ltr'>hominibus</span> <span class='ocrx_word' id='word_1_697' title='bbox 2642 3772 2768 3843; x_wconf 89' lang='lat' dir='ltr'>quia</span> <span class='ocrx_word' id='word_1_698' title='bbox 2791 3773 3037 3841; x_wconf 89' lang='lat' dir='ltr'>jejunant</span> <span class='ocrx_word' id='word_1_699' title='bbox 3070 3790 3086 3843; x_wconf 88' lang='lat'>_:</span> <span class='ocrx_word' id='word_1_700' title='bbox 3121 3788 3265 3843; x_wconf 88' lang='lat' dir='ltr'>unge</span> <span class='ocrx_word' id='word_1_701' title='bbox 3299 3777 3477 3844; x_wconf 85' lang='lat' dir='ltr'>caput</span> <span class='ocrx_word' id='word_1_702' title='bbox 3497 3776 3683 3841; x_wconf 86' lang='lat' dir='ltr'>tuum,</span> 
     </span>
    </p>
   </div>
   <div class='ocr_carea' id='block_1_86' title="bbox 2082 3859 3680 3932">
    <p class='ocr_par' dir='ltr' id='par_1_86' title="bbox 2082 3859 3680 3932">
     <span class='ocr_line' id='line_1_86' title="bbox 2082 3859 3680 3932; baseline 0 -18"><span class='ocrx_word' id='word_1_703' title='bbox 2082 3863 2138 3915; x_wconf 90' lang='lat' dir='ltr'>et</span> <span class='ocrx_word' id='word_1_704' title='bbox 2170 3861 2295 3915; x_wconf 91' lang='lat' dir='ltr'>lava</span> <span class='ocrx_word' id='word_1_705' title='bbox 2323 3863 2533 3932; x_wconf 80' lang='lat' dir='ltr'>faciem</span> <span class='ocrx_word' id='word_1_706' title='bbox 2561 3865 2737 3930; x_wconf 86' lang='lat' dir='ltr'>tuam,</span> <span class='ocrx_word' id='word_1_707' title='bbox 2761 3860 2817 3915; x_wconf 91' lang='lat' dir='ltr'>id</span> <span class='ocrx_word' id='word_1_708' title='bbox 2847 3869 2929 3916; x_wconf 89' lang='lat' dir='ltr'>est</span> <span class='ocrx_word' id='word_1_709' title='bbox 2958 3861 3105 3932; x_wconf 90' lang='lat' dir='ltr'>quod</span> <span class='ocrx_word' id='word_1_710' title='bbox 3151 3859 3381 3916; x_wconf 91' lang='lat' dir='ltr'>Domino</span> <span class='ocrx_word' id='word_1_711' title='bbox 3410 3861 3550 3916; x_wconf 86' lang='lat' dir='ltr'>dare</span> <span class='ocrx_word' id='word_1_712' title='bbox 3580 3862 3680 3927; x_wconf 85' lang='lat' dir='ltr'>vis,</span> 
     </span>
    </p>
   </div>
   <div class='ocr_carea' id='block_1_87' title="bbox 2082 3947 3689 4020">
    <p class='ocr_par' dir='ltr' id='par_1_87' title="bbox 2082 3947 3689 4020">
     <span class='ocr_line' id='line_1_87' title="bbox 2082 3947 3689 4020; baseline 0.002 -19"><span class='ocrx_word' id='word_1_713' title='bbox 2082 3947 2176 4020; x_wconf 91' lang='lat' dir='ltr'>qui</span> <span class='ocrx_word' id='word_1_714' title='bbox 2204 3957 2286 4002; x_wconf 88' lang='lat' dir='ltr'>est</span> <span class='ocrx_word' id='word_1_715' title='bbox 2316 3959 2478 4020; x_wconf 89' lang='lat' dir='ltr'>caput</span> <span class='ocrx_word' id='word_1_716' title='bbox 2507 3957 2678 4014; x_wconf 88' lang='lat' dir='ltr'>tuum,</span> <span class='ocrx_word' id='word_1_717' title='bbox 2710 3949 2960 4020; x_wconf 86' lang='lat' dir='ltr'>proximo</span> <span class='ocrx_word' id='word_1_718' title='bbox 2991 3957 3082 4004; x_wconf 92' lang='lat' dir='ltr'>tuo</span> <span class='ocrx_word' id='word_1_719' title='bbox 3115 3950 3183 4004; x_wconf 89' lang='lat' dir='ltr'>da</span> <span class='ocrx_word' id='word_1_720' title='bbox 3211 3966 3222 4004; x_wconf 92' lang='lat'>:</span> <span class='ocrx_word' id='word_1_721' title='bbox 3246 3949 3376 4005; x_wconf 86' lang='lat' dir='ltr'>noli</span> <span class='ocrx_word' id='word_1_722' title='bbox 3393 3950 3689 4005; x_wconf 63' lang='lat' dir='ltr'>thesauri-</span> 
     </span>
    </p>
   </div>
   <div class='ocr_carea' id='block_1_88' title="bbox 2081 4037 3688 4111">
    <p class='ocr_par' dir='ltr' id='par_1_88' title="bbox 2081 4037 3688 4111">
     <span class='ocr_line' id='line_1_88' title="bbox 2081 4037 3688 4111; baseline 0.001 -21"><span class='ocrx_word' id='word_1_723' title='bbox 2081 4053 2207 4091; x_wconf 89' lang='lat' dir='ltr'>sare</span> <span class='ocrx_word' id='word_1_724' title='bbox 2237 4038 2300 4092; x_wconf 89' lang='lat' dir='ltr'>in</span> <span class='ocrx_word' id='word_1_725' title='bbox 2334 4041 2504 4106; x_wconf 87' lang='lat' dir='ltr'>terra,</span> <span class='ocrx_word' id='word_1_726' title='bbox 2529 4037 2584 4092; x_wconf 90' lang='lat' dir='ltr'>id</span> <span class='ocrx_word' id='word_1_727' title='bbox 2614 4046 2696 4093; x_wconf 89' lang='lat' dir='ltr'>est</span> <span class='ocrx_word' id='word_1_728' title='bbox 2726 4038 2780 4092; x_wconf 92' lang='lat' dir='ltr'>in</span> <span class='ocrx_word' id='word_1_729' title='bbox 2811 4039 2970 4102; x_wconf 78' lang='lat' dir='ltr'>ccelo,</span> <span class='ocrx_word' id='word_1_730' title='bbox 3004 4055 3073 4094; x_wconf 89' lang='lat' dir='ltr'>ne</span> <span class='ocrx_word' id='word_1_731' title='bbox 3123 4053 3311 4111; x_wconf 89' lang='lat' dir='ltr'>erugo,</span> <span class='ocrx_word' id='word_1_732' title='bbox 3347 4038 3403 4092; x_wconf 92' lang='lat' dir='ltr'>id</span> <span class='ocrx_word' id='word_1_733' title='bbox 3431 4047 3516 4092; x_wconf 91' lang='lat' dir='ltr'>est</span> <span class='ocrx_word' id='word_1_734' title='bbox 3545 4053 3688 4093; x_wconf 82' lang='lat' dir='ltr'>vana</span> 
     </span>
    </p>
   </div>
   <div class='ocr_carea' id='block_1_89' title="bbox 2081 4123 3686 4197">
    <p class='ocr_par' dir='ltr' id='par_1_89' title="bbox 2081 4123 3686 4197">
     <span class='ocr_line' id='line_1_89' title="bbox 2081 4123 3686 4197; baseline 0.002 -20"><span class='ocrx_word' id='word_1_735' title='bbox 2081 4123 2276 4196; x_wconf 87' lang='lat' dir='ltr'>gloria,</span> <span class='ocrx_word' id='word_1_736' title='bbox 2309 4133 2399 4179; x_wconf 88' lang='lat' dir='ltr'>aut</span> <span class='ocrx_word' id='word_1_737' title='bbox 2445 4125 2548 4191; x_wconf 90' lang='lat' dir='ltr'>ira,</span> <span class='ocrx_word' id='word_1_738' title='bbox 2598 4126 2763 4192; x_wconf 87' lang='lat' dir='ltr'>tinea,</span> <span class='ocrx_word' id='word_1_739' title='bbox 2817 4127 3018 4181; x_wconf 86' lang='lat' dir='ltr'>invidia</span> <span class='ocrx_word' id='word_1_740' title='bbox 3059 4134 3148 4181; x_wconf 89' lang='lat' dir='ltr'>aut</span> <span class='ocrx_word' id='word_1_741' title='bbox 3197 4127 3472 4197; x_wconf 89' lang='lat' dir='ltr'>superbia,</span> <span class='ocrx_word' id='word_1_742' title='bbox 3520 4126 3686 4195; x_wconf 85' lang='lat' dir='ltr'>fures,</span> 
     </span>
    </p>
   </div>
   <div class='ocr_carea' id='block_1_90' title="bbox 2082 4211 3684 4282">
    <p class='ocr_par' dir='ltr' id='par_1_90' title="bbox 2082 4211 3684 4282">
     <span class='ocr_line' id='line_1_90' title="bbox 2082 4211 3684 4282; baseline 0.001 -16"><span class='ocrx_word' id='word_1_743' title='bbox 2082 4211 2378 4282; x_wconf 72' lang='lat' dir='ltr'>daemones,</span> <span class='ocrx_word' id='word_1_744' title='bbox 2421 4230 2633 4281; x_wconf 87' lang='lat' dir='ltr'>aurum,</span> <span class='ocrx_word' id='word_1_745' title='bbox 2681 4230 2919 4280; x_wconf 91' lang='lat' dir='ltr'>sensum,</span> <span class='ocrx_word' id='word_1_746' title='bbox 2970 4215 3227 4282; x_wconf 91' lang='lat' dir='ltr'>mundus,</span> <span class='ocrx_word' id='word_1_747' title='bbox 3275 4214 3684 4280; x_wconf 89' lang='lat' dir='ltr'>vestimentum,</span> 
     </span>
    </p>
   </div>
   <div class='ocr_carea' id='block_1_91' title="bbox 2081 4301 2994 4373">
    <p class='ocr_par' dir='ltr' id='par_1_91' title="bbox 2081 4301 2994 4373">
     <span class='ocr_line' id='line_1_91' title="bbox 2081 4301 2994 4373; baseline 0.003 -19"><span class='ocrx_word' id='word_1_748' title='bbox 2081 4316 2209 4355; x_wconf 90' lang='lat' dir='ltr'>nam</span> <span class='ocrx_word' id='word_1_749' title='bbox 2240 4301 2413 4371; x_wconf 90' lang='lat' dir='ltr'>cibus,</span> <span class='ocrx_word' id='word_1_750' title='bbox 2447 4303 2760 4373; x_wconf 65' lang='lat' dir='ltr'>praedicatio</span> <span class='ocrx_word' id='word_1_751' title='bbox 2791 4302 2994 4357; x_wconf 90' lang='lat' dir='ltr'>divina.</span> 
     </span>
    </p>
   </div>
   <div class='ocr_carea' id='block_1_92' title="bbox 389 4387 3688 4489">
    <p class='ocr_par' dir='ltr' id='par_1_92' title="bbox 389 4387 3688 4489">
     <span class='ocr_line' id='line_1_92' title="bbox 389 4387 3688 4489; baseline 0 -17"><span class='ocrx_word' id='word_1_752' title='bbox 389 4409 491 4471; x_wconf 69' lang='grc' dir='ltr'>θεῖν</span> <span class='ocrx_word' id='word_1_753' title='bbox 526 4402 673 4473; x_wconf 68' lang='grc' dir='ltr'>φιοά</span> <span class='ocrx_word' id='word_1_754' title='bbox 714 4387 859 4457; x_wconf 70' lang='lat' dir='ltr'>bona</span> <span class='ocrx_word' id='word_1_755' title='bbox 905 4417 1076 4472; x_wconf 65' lang='lat' dir='ltr'>Opem</span> <span class='ocrx_word' id='word_1_756' title='bbox 1119 4418 1222 4473; x_wconf 75' lang='lat' dir='ltr'>Per</span> <span class='ocrx_word' id='word_1_757' title='bbox 1267 4401 1486 4457; x_wconf 65' lang='lat' dir='ltr'>landem</span> <span class='ocrx_word' id='word_1_758' title='bbox 1532 4403 1829 4460; x_wconf 73' lang='lat' dir='ltr'>humanam</span> <span class='ocrx_word' id='word_1_759' title='bbox 1878 4420 1986 4461; x_wconf 78' lang='grc' dir='ltr'>ῐιοῐι</span> <span class='ocrx_word' id='word_1_760' title='bbox 2016 4408 2069 4469; x_wconf 93' lang='lat' dir='ltr'>D</span> <span class='ocrx_word' id='word_1_761' title='bbox 2160 4416 2418 4472; x_wconf 88' lang='lat' dir='ltr'>Lucerna</span> <span class='ocrx_word' id='word_1_762' title='bbox 2433 4419 2680 4489; x_wconf 81' lang='lat' dir='ltr'>corporis</span> <span class='ocrx_word' id='word_1_763' title='bbox 2705 4418 2792 4473; x_wconf 89' lang='lat' dir='ltr'>tui</span> <span class='ocrx_word' id='word_1_764' title='bbox 2825 4434 2838 4470; x_wconf 91' lang='lat'><strong>:</strong></span> <span class='ocrx_word' id='word_1_765' title='bbox 2871 4417 2926 4471; x_wconf 91' lang='lat' dir='ltr'>id</span> <span class='ocrx_word' id='word_1_766' title='bbox 2956 4425 3038 4472; x_wconf 91' lang='lat' dir='ltr'>est</span> <span class='ocrx_word' id='word_1_767' title='bbox 3067 4417 3276 4482; x_wconf 90' lang='lat' dir='ltr'>doctor,</span> <span class='ocrx_word' id='word_1_768' title='bbox 3311 4415 3400 4471; x_wconf 89' lang='lat' dir='ltr'>vel</span> <span class='ocrx_word' id='word_1_769' title='bbox 3427 4415 3688 4487; x_wconf 86' lang='lat' dir='ltr'>princeps</span> 
     </span>
    </p>
   </div>
   <div class='ocr_carea' id='block_1_93' title="bbox 395 4489 546 4547">
    <p class='ocr_par' dir='ltr' id='par_1_93' title="bbox 395 4489 546 4547">
     <span class='ocr_line' id='line_1_93' title="bbox 395 4489 546 4547; baseline 0.013 -3"><span class='ocrx_word' id='word_1_770' title='bbox 395 4489 546 4547; x_wconf 86' lang='lat' dir='ltr'>ﬁent.</span> 
     </span>
    </p>
   </div>
   <div class='ocr_carea' id='block_1_94' title="bbox 471 4606 1988 4677">
    <p class='ocr_par' dir='ltr' id='par_1_94' title="bbox 471 4606 1988 4677">
     <span class='ocr_line' id='line_1_94' title="bbox 471 4606 1988 4677; baseline 0.001 -16"><span class='ocrx_word' id='word_1_771' title='bbox 471 4606 607 4661; x_wconf 84' lang='lat' dir='ltr'>Cum</span> <span class='ocrx_word' id='word_1_772' title='bbox 633 4620 761 4676; x_wconf 86' lang='lat' dir='ltr'>ergo</span> <span class='ocrx_word' id='word_1_773' title='bbox 777 4606 922 4676; x_wconf 85' lang='lat' dir='ltr'>facis</span> <span class='ocrx_word' id='word_1_774' title='bbox 950 4606 1348 4677; x_wconf 82' lang='lat' dir='ltr'>elymosynam,</span> <span class='ocrx_word' id='word_1_775' title='bbox 1384 4606 1440 4661; x_wconf 91' lang='lat' dir='ltr'>id</span> <span class='ocrx_word' id='word_1_776' title='bbox 1489 4613 1572 4661; x_wconf 92' lang='lat' dir='ltr'>est</span> <span class='ocrx_word' id='word_1_777' title='bbox 1613 4606 1900 4673; x_wconf 89' lang='lat' dir='ltr'>sacerdoti,</span> <span class='ocrx_word' id='word_1_778' title='bbox 1934 4614 1988 4664; x_wconf 90' lang='lat' dir='ltr'>et</span> 
     </span>
    </p>
   </div>
   <div class='ocr_carea' id='block_1_95' title="bbox 394 4693 1988 4768">
    <p class='ocr_par' dir='ltr' id='par_1_95' title="bbox 394 4693 1988 4768">
     <span class='ocr_line' id='line_1_95' title="bbox 394 4693 1988 4768; baseline 0.003 -19"><span class='ocrx_word' id='word_1_779' title='bbox 394 4693 641 4766; x_wconf 87' lang='lat' dir='ltr'>pauperi,</span> <span class='ocrx_word' id='word_1_780' title='bbox 674 4701 728 4748; x_wconf 92' lang='lat' dir='ltr'>et</span> <span class='ocrx_word' id='word_1_781' title='bbox 755 4694 993 4762; x_wconf 90' lang='lat' dir='ltr'>inimico,</span> <span class='ocrx_word' id='word_1_782' title='bbox 1028 4695 1317 4766; x_wconf 84' lang='lat' dir='ltr'>hypocrita</span> <span class='ocrx_word' id='word_1_783' title='bbox 1361 4694 1559 4750; x_wconf 91' lang='lat' dir='ltr'>dicitur</span> <span class='ocrx_word' id='word_1_784' title='bbox 1600 4694 1757 4751; x_wconf 82' lang='lat' dir='ltr'>fictus</span> <span class='ocrx_word' id='word_1_785' title='bbox 1798 4699 1988 4768; x_wconf 88' lang='lat' dir='ltr'>perci-</span> 
     </span>
    </p>
   </div>
   <div class='ocr_carea' id='block_1_96' title="bbox 391 4783 1990 4857">
    <p class='ocr_par' dir='ltr' id='par_1_96' title="bbox 391 4783 1990 4857">
     <span class='ocr_line' id='line_1_96' title="bbox 391 4783 1990 4857; baseline 0.002 -18"><span class='ocrx_word' id='word_1_786' title='bbox 391 4786 608 4857; x_wconf 86' lang='lat' dir='ltr'>perunt</span> <span class='ocrx_word' id='word_1_787' title='bbox 632 4783 948 4840; x_wconf 87' lang='lat' dir='ltr'>mercedem</span> <span class='ocrx_word' id='word_1_788' title='bbox 975 4799 1158 4849; x_wconf 88' lang='lat' dir='ltr'>suam,</span> <span class='ocrx_word' id='word_1_789' title='bbox 1191 4799 1300 4838; x_wconf 89' lang='lat' dir='ltr'>non</span> <span class='ocrx_word' id='word_1_790' title='bbox 1330 4783 1429 4839; x_wconf 91' lang='lat' dir='ltr'>Dei</span> <span class='ocrx_word' id='word_1_791' title='bbox 1459 4801 1472 4838; x_wconf 91' lang='lat'><strong>:</strong></span> <span class='ocrx_word' id='word_1_792' title='bbox 1507 4786 1726 4840; x_wconf 87' lang='lat' dir='ltr'>nesciat</span> <span class='ocrx_word' id='word_1_793' title='bbox 1752 4785 1990 4842; x_wconf 87' lang='lat' dir='ltr'>sinistra</span> 
     </span>
    </p>
   </div>
   <div class='ocr_carea' id='block_1_97' title="bbox 397 4871 1990 4944">
    <p class='ocr_par' dir='ltr' id='par_1_97' title="bbox 397 4871 1990 4944">
     <span class='ocr_line' id='line_1_97' title="bbox 397 4871 1990 4944; baseline 0.001 -17"><span class='ocrx_word' id='word_1_794' title='bbox 397 4876 518 4942; x_wconf 84' lang='lat' dir='ltr'>tua,</span> <span class='ocrx_word' id='word_1_795' title='bbox 550 4872 605 4927; x_wconf 92' lang='lat' dir='ltr'>id</span> <span class='ocrx_word' id='word_1_796' title='bbox 633 4879 735 4938; x_wconf 89' lang='lat' dir='ltr'>est,</span> <span class='ocrx_word' id='word_1_797' title='bbox 770 4887 910 4928; x_wconf 89' lang='lat' dir='ltr'>vana</span> <span class='ocrx_word' id='word_1_798' title='bbox 939 4871 1119 4944; x_wconf 89' lang='lat' dir='ltr'>gloria</span> <span class='ocrx_word' id='word_1_799' title='bbox 1153 4889 1165 4925; x_wconf 91' lang='lat'><strong>:</strong></span> <span class='ocrx_word' id='word_1_800' title='bbox 1224 4872 1482 4941; x_wconf 75' lang='lat' dir='ltr'>dextera,</span> <span class='ocrx_word' id='word_1_801' title='bbox 1533 4872 1716 4927; x_wconf 90' lang='lat' dir='ltr'>omnia</span> <span class='ocrx_word' id='word_1_802' title='bbox 1767 4881 1990 4944; x_wconf 88' lang='lat' dir='ltr'>propter</span> 
     </span>
    </p>
   </div>
   <div class='ocr_carea' id='block_1_98' title="bbox 396 4959 1988 5030">
    <p class='ocr_par' dir='ltr' id='par_1_98' title="bbox 396 4959 1988 5030">
     <span class='ocr_line' id='line_1_98' title="bbox 396 4959 1988 5030; baseline 0.002 -15"><span class='ocrx_word' id='word_1_803' title='bbox 396 4961 576 5016; x_wconf 91' lang='lat' dir='ltr'>Deum</span> <span class='ocrx_word' id='word_1_804' title='bbox 605 4959 727 5016; x_wconf 89' lang='lat' dir='ltr'>fac:</span> <span class='ocrx_word' id='word_1_805' title='bbox 764 4963 923 5016; x_wconf 88' lang='lat' dir='ltr'>intra</span> <span class='ocrx_word' id='word_1_806' title='bbox 953 4962 1015 5015; x_wconf 91' lang='lat' dir='ltr'>in</span> <span class='ocrx_word' id='word_1_807' title='bbox 1045 4960 1386 5029; x_wconf 87' lang='lat' dir='ltr'>cubiculum,</span> <span class='ocrx_word' id='word_1_808' title='bbox 1431 4960 1487 5015; x_wconf 92' lang='lat' dir='ltr'>id</span> <span class='ocrx_word' id='word_1_809' title='bbox 1526 4968 1626 5030; x_wconf 93' lang='lat' dir='ltr'>est,</span> <span class='ocrx_word' id='word_1_810' title='bbox 1680 4962 1858 5018; x_wconf 92' lang='lat' dir='ltr'>cordis</span> <span class='ocrx_word' id='word_1_811' title='bbox 1903 4978 1988 5018; x_wconf 86' lang='lat' dir='ltr'>se-</span> 
     </span>
    </p>
   </div>
   <div class='ocr_carea' id='block_1_99' title="bbox 398 5048 1985 5123">
    <p class='ocr_par' dir='ltr' id='par_1_99' title="bbox 398 5048 1985 5123">
     <span class='ocr_line' id='line_1_99' title="bbox 398 5048 1985 5123; baseline 0.002 -19"><span class='ocrx_word' id='word_1_812' title='bbox 398 5056 565 5113; x_wconf 82' lang='lat' dir='ltr'>creta,</span> <span class='ocrx_word' id='word_1_813' title='bbox 601 5049 793 5105; x_wconf 89' lang='lat' dir='ltr'>clauso</span> <span class='ocrx_word' id='word_1_814' title='bbox 821 5051 981 5115; x_wconf 86' lang='lat' dir='ltr'>ostio,</span> <span class='ocrx_word' id='word_1_815' title='bbox 1016 5048 1072 5102; x_wconf 91' lang='lat' dir='ltr'>id</span> <span class='ocrx_word' id='word_1_816' title='bbox 1101 5055 1202 5115; x_wconf 91' lang='lat' dir='ltr'>est,</span> <span class='ocrx_word' id='word_1_817' title='bbox 1245 5056 1436 5105; x_wconf 89' lang='lat' dir='ltr'>contra</span> <span class='ocrx_word' id='word_1_818' title='bbox 1485 5064 1682 5106; x_wconf 88' lang='lat' dir='ltr'>vanam</span> <span class='ocrx_word' id='word_1_819' title='bbox 1729 5049 1985 5123; x_wconf 86' lang='lat' dir='ltr'>gloriam.</span> 
     </span>
    </p>
   </div>
   <div class='ocr_carea' id='block_1_100' title="bbox 470 5145 1991 5219">
    <p class='ocr_par' dir='ltr' id='par_1_100' title="bbox 470 5145 1991 5219">
     <span class='ocr_line' id='line_1_100' title="bbox 470 5145 1991 5219; baseline 0.002 -18"><span class='ocrx_word' id='word_1_820' title='bbox 470 5146 656 5201; x_wconf 85' lang='lat' dir='ltr'>Nolite</span> <span class='ocrx_word' id='word_1_821' title='bbox 666 5147 916 5200; x_wconf 89' lang='lat' dir='ltr'>multum</span> <span class='ocrx_word' id='word_1_822' title='bbox 931 5147 1097 5218; x_wconf 87' lang='lat' dir='ltr'>loqui,</span> <span class='ocrx_word' id='word_1_823' title='bbox 1119 5145 1175 5202; x_wconf 90' lang='lat' dir='ltr'>id</span> <span class='ocrx_word' id='word_1_824' title='bbox 1195 5155 1278 5202; x_wconf 91' lang='lat' dir='ltr'>est</span> <span class='ocrx_word' id='word_1_825' title='bbox 1297 5163 1366 5202; x_wconf 92' lang='lat' dir='ltr'>ne</span> <span class='ocrx_word' id='word_1_826' title='bbox 1388 5147 1586 5202; x_wconf 87' lang='lat' dir='ltr'>multas</span> <span class='ocrx_word' id='word_1_827' title='bbox 1596 5149 1887 5219; x_wconf 91' lang='lat' dir='ltr'>petitiones</span> <span class='ocrx_word' id='word_1_828' title='bbox 1899 5155 1991 5204; x_wconf 87' lang='lat' dir='ltr'>aut</span> 
     </span>
    </p>
   </div>
   <div class='ocr_carea' id='block_1_101' title="bbox 351 5232 1990 5306">
    <p class='ocr_par' dir='ltr' id='par_1_101' title="bbox 351 5232 1990 5306">
     <span class='ocr_line' id='line_1_101' title="bbox 351 5232 1990 5306; baseline 0.007 -24"><span class='ocrx_word' id='word_1_829' title='bbox 395 5233 568 5288; x_wconf 90' lang='lat' dir='ltr'>multa</span> <span class='ocrx_word' id='word_1_830' title='bbox 596 5232 762 5288; x_wconf 91' lang='lat' dir='ltr'>verba</span> <span class='ocrx_word' id='word_1_831' title='bbox 793 5233 1006 5290; x_wconf 89' lang='lat' dir='ltr'>discere</span> <span class='ocrx_word' id='word_1_832' title='bbox 1037 5235 1151 5291; x_wconf 89' lang='lat' dir='ltr'>sive</span> <span class='ocrx_word' id='word_1_833' title='bbox 1179 5251 1276 5306; x_wconf 91' lang='lat' dir='ltr'>per</span> <span class='ocrx_word' id='word_1_834' title='bbox 1291 5235 1628 5291; x_wconf 85' lang='lat' dir='ltr'>altitudinem</span> <span class='ocrx_word' id='word_1_835' title='bbox 1649 5237 1798 5293; x_wconf 85' lang='lat' dir='ltr'>vocis</span> <span class='ocrx_word' id='word_1_836' title='bbox 1813 5239 1990 5294; x_wconf 90' lang='lat' dir='ltr'>Deum</span> 
     </span>
    </p>
   </div>
   <div class='ocr_carea' id='block_1_102' title="bbox 397 5323 1989 5400">
    <p class='ocr_par' dir='ltr' id='par_1_102' title="bbox 397 5323 1989 5400">
     <span class='ocr_line' id='line_1_102' title="bbox 397 5323 1989 5400; baseline 0.005 -23"><span class='ocrx_word' id='word_1_837' title='bbox 397 5337 600 5396; x_wconf 87' lang='lat' dir='ltr'>rogare</span> <span class='ocrx_word' id='word_1_838' title='bbox 633 5336 646 5376; x_wconf 90' lang='lat'><strong>:</strong></span> <span class='ocrx_word' id='word_1_839' title='bbox 678 5323 785 5378; x_wconf 87' lang='lat' dir='ltr'>scit</span> <span class='ocrx_word' id='word_1_840' title='bbox 806 5323 959 5378; x_wconf 86' lang='lat' dir='ltr'>enim</span> <span class='ocrx_word' id='word_1_841' title='bbox 976 5328 1138 5396; x_wconf 90' lang='lat' dir='ltr'>pater</span> <span class='ocrx_word' id='word_1_842' title='bbox 1158 5325 1299 5396; x_wconf 88' lang='lat' dir='ltr'>quod</span> <span class='ocrx_word' id='word_1_843' title='bbox 1315 5326 1460 5381; x_wconf 85' lang='lat' dir='ltr'>vobis</span> <span class='ocrx_word' id='word_1_844' title='bbox 1481 5342 1618 5399; x_wconf 87' lang='lat' dir='ltr'>opus</span> <span class='ocrx_word' id='word_1_845' title='bbox 1634 5330 1739 5396; x_wconf 90' lang='lat' dir='ltr'>est,</span> <span class='ocrx_word' id='word_1_846' title='bbox 1763 5329 1843 5384; x_wconf 85' lang='lat' dir='ltr'>sic</span> <span class='ocrx_word' id='word_1_847' title='bbox 1863 5344 1989 5400; x_wconf 86' lang='lat' dir='ltr'>ergo</span> 
     </span>
    </p>
   </div>
   <div class='ocr_carea' id='block_1_103' title="bbox 396 5411 1989 5487">
    <p class='ocr_par' dir='ltr' id='par_1_103' title="bbox 396 5411 1989 5487">
     <span class='ocr_line' id='line_1_103' title="bbox 396 5411 1989 5487; baseline 0.002 -18"><span class='ocrx_word' id='word_1_848' title='bbox 396 5416 574 5480; x_wconf 88' lang='lat' dir='ltr'>orate,</span> <span class='ocrx_word' id='word_1_849' title='bbox 599 5412 772 5468; x_wconf 89' lang='lat' dir='ltr'>Pater</span> <span class='ocrx_word' id='word_1_850' title='bbox 799 5416 1008 5481; x_wconf 88' lang='lat' dir='ltr'>noster,</span> <span class='ocrx_word' id='word_1_851' title='bbox 1041 5411 1098 5467; x_wconf 91' lang='lat' dir='ltr'>id</span> <span class='ocrx_word' id='word_1_852' title='bbox 1125 5419 1207 5468; x_wconf 89' lang='lat' dir='ltr'>est</span> <span class='ocrx_word' id='word_1_853' title='bbox 1233 5413 1474 5470; x_wconf 88' lang='lat' dir='ltr'>vivamus</span> <span class='ocrx_word' id='word_1_854' title='bbox 1503 5414 1560 5469; x_wconf 89' lang='lat' dir='ltr'>in</span> <span class='ocrx_word' id='word_1_855' title='bbox 1601 5423 1770 5482; x_wconf 88' lang='lat' dir='ltr'>terra,</span> <span class='ocrx_word' id='word_1_856' title='bbox 1806 5422 1864 5471; x_wconf 91' lang='lat' dir='ltr'>ut</span> <span class='ocrx_word' id='word_1_857' title='bbox 1891 5432 1989 5487; x_wconf 90' lang='lat' dir='ltr'>pa-</span> 
     </span>
    </p>
   </div>
   <div class='ocr_carea' id='block_1_104' title="bbox 396 5499 1990 5567">
    <p class='ocr_par' dir='ltr' id='par_1_104' title="bbox 396 5499 1990 5567">
     <span class='ocr_line' id='line_1_104' title="bbox 396 5499 1990 5567; baseline 0.003 -11"><span class='ocrx_word' id='word_1_858' title='bbox 396 5511 534 5558; x_wconf 91' lang='lat' dir='ltr'>trem</span> <span class='ocrx_word' id='word_1_859' title='bbox 565 5501 864 5557; x_wconf 90' lang='lat' dir='ltr'>habeamus</span> <span class='ocrx_word' id='word_1_860' title='bbox 892 5499 949 5554; x_wconf 90' lang='lat' dir='ltr'>in</span> <span class='ocrx_word' id='word_1_861' title='bbox 977 5500 1116 5556; x_wconf 68' lang='lat' dir='ltr'>coelo</span> <span class='ocrx_word' id='word_1_862' title='bbox 1148 5519 1163 5567; x_wconf 90' lang='lat'><strong>;</strong></span> <span class='ocrx_word' id='word_1_863' title='bbox 1211 5503 1488 5559; x_wconf 88' lang='lat' dir='ltr'>caritatem</span> <span class='ocrx_word' id='word_1_864' title='bbox 1518 5511 1571 5560; x_wconf 90' lang='lat' dir='ltr'>et</span> <span class='ocrx_word' id='word_1_865' title='bbox 1599 5503 1990 5560; x_wconf 87' lang='lat' dir='ltr'>fraternitatem</span> 
     </span>
    </p>
   </div>
   <div class='ocr_carea' id='block_1_105' title="bbox 402 5589 1990 5666">
    <p class='ocr_par' dir='ltr' id='par_1_105' title="bbox 402 5589 1990 5666">
     <span class='ocr_line' id='line_1_105' title="bbox 402 5589 1990 5666; baseline 0.002 -19"><span class='ocrx_word' id='word_1_866' title='bbox 402 5590 760 5666; x_wconf 88' lang='lat' dir='ltr'>ostendimus,</span> <span class='ocrx_word' id='word_1_867' title='bbox 793 5590 923 5647; x_wconf 90' lang='lat' dir='ltr'>dum</span> <span class='ocrx_word' id='word_1_868' title='bbox 955 5589 1188 5647; x_wconf 85' lang='lat' dir='ltr'>dicimus</span> <span class='ocrx_word' id='word_1_869' title='bbox 1217 5597 1429 5662; x_wconf 83' lang='lat' dir='ltr'>noster,</span> <span class='ocrx_word' id='word_1_870' title='bbox 1457 5592 1562 5649; x_wconf 90' lang='lat' dir='ltr'>hoc</span> <span class='ocrx_word' id='word_1_871' title='bbox 1588 5593 1720 5650; x_wconf 89' lang='lat' dir='ltr'>dicit</span> <span class='ocrx_word' id='word_1_872' title='bbox 1745 5593 1990 5665; x_wconf 87' lang='lat' dir='ltr'>impera-</span> 
     </span>
    </p>
   </div>
   <div class='ocr_carea' id='block_1_106' title="bbox 2094 4504 3692 4576">
    <p class='ocr_par' dir='ltr' id='par_1_106' title="bbox 2094 4504 3692 4576">
     <span class='ocr_line' id='line_1_106' title="bbox 2094 4504 3692 4576; baseline 0.001 -18"><span class='ocrx_word' id='word_1_873' title='bbox 2094 4511 2217 4559; x_wconf 90' lang='lat' dir='ltr'>tuus</span> <span class='ocrx_word' id='word_1_874' title='bbox 2249 4523 2264 4573; x_wconf 89' lang='lat'><strong>;</strong></span> <span class='ocrx_word' id='word_1_875' title='bbox 2297 4505 2560 4575; x_wconf 89' lang='lat' dir='ltr'>corporis,</span> <span class='ocrx_word' id='word_1_876' title='bbox 2585 4505 2639 4560; x_wconf 92' lang='lat' dir='ltr'>id</span> <span class='ocrx_word' id='word_1_877' title='bbox 2668 4513 2752 4560; x_wconf 91' lang='lat' dir='ltr'>est</span> <span class='ocrx_word' id='word_1_878' title='bbox 2780 4505 3014 4560; x_wconf 89' lang='lat' dir='ltr'>hominis</span> <span class='ocrx_word' id='word_1_879' title='bbox 3044 4504 3332 4573; x_wconf 85' lang='lat' dir='ltr'>interioris,</span> <span class='ocrx_word' id='word_1_880' title='bbox 3366 4505 3414 4559; x_wconf 90' lang='lat' dir='ltr'>si</span> <span class='ocrx_word' id='word_1_881' title='bbox 3459 4506 3692 4576; x_wconf 81' lang='lat' dir='ltr'>simplex</span> 
     </span>
    </p>
   </div>
   <div class='ocr_carea' id='block_1_107' title="bbox 2093 4589 3690 4666">
    <p class='ocr_par' dir='ltr' id='par_1_107' title="bbox 2093 4589 3690 4666">
     <span class='ocr_line' id='line_1_107' title="bbox 2093 4589 3690 4666; baseline 0.003 -21"><span class='ocrx_word' id='word_1_882' title='bbox 2093 4589 2270 4659; x_wconf 87' lang='lat' dir='ltr'>fuerit,</span> <span class='ocrx_word' id='word_1_883' title='bbox 2301 4593 2461 4647; x_wconf 91' lang='lat' dir='ltr'>unius</span> <span class='ocrx_word' id='word_1_884' title='bbox 2490 4593 2568 4649; x_wconf 91' lang='lat' dir='ltr'>rei</span> <span class='ocrx_word' id='word_1_885' title='bbox 2592 4595 2792 4651; x_wconf 89' lang='lat' dir='ltr'>:Ne-mo</span> <span class='ocrx_word' id='word_1_886' title='bbox 2818 4598 3003 4666; x_wconf 83' lang='lat' dir='ltr'>potest</span> <span class='ocrx_word' id='word_1_887' title='bbox 3031 4594 3238 4650; x_wconf 86' lang='lat' dir='ltr'>duobus</span> <span class='ocrx_word' id='word_1_888' title='bbox 3288 4593 3538 4651; x_wconf 86' lang='lat' dir='ltr'>dominis</span> <span class='ocrx_word' id='word_1_889' title='bbox 3573 4611 3690 4650; x_wconf 84' lang='lat' dir='ltr'>ser-</span> 
     </span>
    </p>
   </div>
   <div class='ocr_carea' id='block_1_108' title="bbox 2094 4681 3691 4753">
    <p class='ocr_par' dir='ltr' id='par_1_108' title="bbox 2094 4681 3691 4753">
     <span class='ocr_line' id='line_1_108' title="bbox 2094 4681 3691 4753; baseline 0.001 -18"><span class='ocrx_word' id='word_1_890' title='bbox 2094 4681 2230 4746; x_wconf 81' lang='lat' dir='ltr'>vire,</span> <span class='ocrx_word' id='word_1_891' title='bbox 2255 4681 2348 4736; x_wconf 86' lang='lat' dir='ltr'>ubi</span> <span class='ocrx_word' id='word_1_892' title='bbox 2367 4683 2549 4752; x_wconf 84' lang='lat' dir='ltr'>fuerit</span> <span class='ocrx_word' id='word_1_893' title='bbox 2569 4681 2870 4738; x_wconf 83' lang='lat' dir='ltr'>thesaurus</span> <span class='ocrx_word' id='word_1_894' title='bbox 2893 4685 3045 4748; x_wconf 87' lang='lat' dir='ltr'>tuus,</span> <span class='ocrx_word' id='word_1_895' title='bbox 3071 4689 3123 4737; x_wconf 91' lang='lat' dir='ltr'>et</span> <span class='ocrx_word' id='word_1_896' title='bbox 3138 4681 3343 4753; x_wconf 90' lang='lat' dir='ltr'>reliqua</span> <span class='ocrx_word' id='word_1_897' title='bbox 3375 4691 3503 4736; x_wconf 88' lang='lat' dir='ltr'>:aut</span> <span class='ocrx_word' id='word_1_898' title='bbox 3523 4697 3691 4736; x_wconf 89' lang='lat' dir='ltr'>unum</span> 
     </span>
    </p>
   </div>
   <div class='ocr_carea' id='block_1_109' title="bbox 2094 4768 3691 4841">
    <p class='ocr_par' dir='ltr' id='par_1_109' title="bbox 2094 4768 3691 4841">
     <span class='ocr_line' id='line_1_109' title="bbox 2094 4768 3691 4841; baseline 0 -17"><span class='ocrx_word' id='word_1_899' title='bbox 2094 4768 2220 4824; x_wconf 90' lang='lat' dir='ltr'>odio</span> <span class='ocrx_word' id='word_1_900' title='bbox 2250 4769 2487 4838; x_wconf 85' lang='lat' dir='ltr'>habebit,</span> <span class='ocrx_word' id='word_1_901' title='bbox 2524 4769 2579 4825; x_wconf 93' lang='lat' dir='ltr'>id</span> <span class='ocrx_word' id='word_1_902' title='bbox 2609 4778 2690 4825; x_wconf 92' lang='lat' dir='ltr'>est</span> <span class='ocrx_word' id='word_1_903' title='bbox 2719 4770 2811 4841; x_wconf 90' lang='lat' dir='ltr'>qui</span> <span class='ocrx_word' id='word_1_904' title='bbox 2840 4787 2939 4827; x_wconf 90' lang='lat' dir='ltr'>nec</span> <span class='ocrx_word' id='word_1_905' title='bbox 2967 4770 3072 4825; x_wconf 89' lang='lat' dir='ltr'>sibi</span> <span class='ocrx_word' id='word_1_906' title='bbox 3099 4770 3309 4836; x_wconf 89' lang='lat' dir='ltr'>bonus;</span> <span class='ocrx_word' id='word_1_907' title='bbox 3353 4770 3519 4824; x_wconf 90' lang='lat' dir='ltr'>alium</span> <span class='ocrx_word' id='word_1_908' title='bbox 3561 4769 3691 4824; x_wconf 91' lang='lat' dir='ltr'>dili-</span> 
     </span>
    </p>
   </div>
   <div class='ocr_carea' id='block_1_110' title="bbox 2094 4856 3686 4930">
    <p class='ocr_par' dir='ltr' id='par_1_110' title="bbox 2094 4856 3686 4930">
     <span class='ocr_line' id='line_1_110' title="bbox 2094 4856 3686 4930; baseline 0.003 -20"><span class='ocrx_word' id='word_1_909' title='bbox 2094 4856 2191 4928; x_wconf 87' lang='lat' dir='ltr'>git,</span> <span class='ocrx_word' id='word_1_910' title='bbox 2226 4857 2317 4928; x_wconf 90' lang='lat' dir='ltr'>qui</span> <span class='ocrx_word' id='word_1_911' title='bbox 2347 4858 2450 4912; x_wconf 88' lang='lat' dir='ltr'>sibi</span> <span class='ocrx_word' id='word_1_912' title='bbox 2478 4859 2674 4926; x_wconf 91' lang='lat' dir='ltr'>bonus,</span> <span class='ocrx_word' id='word_1_913' title='bbox 2716 4859 2771 4912; x_wconf 90' lang='lat' dir='ltr'>id</span> <span class='ocrx_word' id='word_1_914' title='bbox 2818 4867 2903 4915; x_wconf 92' lang='lat' dir='ltr'>est</span> <span class='ocrx_word' id='word_1_915' title='bbox 2950 4859 3228 4914; x_wconf 86' lang='lat' dir='ltr'>diabolum</span> <span class='ocrx_word' id='word_1_916' title='bbox 3275 4866 3686 4930; x_wconf 85' lang='lat' dir='ltr'>contempnere,</span> 
     </span>
    </p>
   </div>
   <div class='ocr_carea' id='block_1_111' title="bbox 2094 4946 3690 5018">
    <p class='ocr_par' dir='ltr' id='par_1_111' title="bbox 2094 4946 3690 5018">
     <span class='ocr_line' id='line_1_111' title="bbox 2094 4946 3690 5018; baseline 0.001 -18"><span class='ocrx_word' id='word_1_917' title='bbox 2094 4946 2272 5001; x_wconf 88' lang='lat' dir='ltr'>Deum</span> <span class='ocrx_word' id='word_1_918' title='bbox 2317 4961 2525 5014; x_wconf 86' lang='lat' dir='ltr'>amare,</span> <span class='ocrx_word' id='word_1_919' title='bbox 2575 4946 2668 5018; x_wconf 93' lang='lat' dir='ltr'>qui</span> <span class='ocrx_word' id='word_1_920' title='bbox 2711 4946 2911 5003; x_wconf 87' lang='lat' dir='ltr'>divitiis</span> <span class='ocrx_word' id='word_1_921' title='bbox 2962 4947 3148 5016; x_wconf 91' lang='lat' dir='ltr'>servit,</span> <span class='ocrx_word' id='word_1_922' title='bbox 3203 4947 3451 5002; x_wconf 87' lang='lat' dir='ltr'>diabolos</span> <span class='ocrx_word' id='word_1_923' title='bbox 3503 4947 3645 5002; x_wconf 88' lang='lat' dir='ltr'>eruit</span> <span class='ocrx_word' id='word_1_924' title='bbox 3676 4962 3690 4976; x_wconf 74' lang='grc' dir='ltr'><strong>ο</strong></span> 
     </span>
    </p>
   </div>
   <div class='ocr_carea' id='block_1_112' title="bbox 2093 5034 3528 5103">
    <p class='ocr_par' dir='ltr' id='par_1_112' title="bbox 2093 5034 3528 5103">
     <span class='ocr_line' id='line_1_112' title="bbox 2093 5034 3528 5103; baseline 0.001 -15"><span class='ocrx_word' id='word_1_925' title='bbox 2093 5049 2406 5090; x_wconf 90' lang='lat' dir='ltr'>mammona</span> <span class='ocrx_word' id='word_1_926' title='bbox 2435 5034 2633 5091; x_wconf 89' lang='lat' dir='ltr'>dicitur</span> <span class='ocrx_word' id='word_1_927' title='bbox 2662 5035 2900 5103; x_wconf 90' lang='lat' dir='ltr'>divitias,</span> <span class='ocrx_word' id='word_1_928' title='bbox 2935 5036 3050 5092; x_wconf 91' lang='lat' dir='ltr'>sive</span> <span class='ocrx_word' id='word_1_929' title='bbox 3076 5052 3275 5092; x_wconf 89' lang='lat' dir='ltr'>nomen</span> <span class='ocrx_word' id='word_1_930' title='bbox 3303 5035 3528 5091; x_wconf 86' lang='lat' dir='ltr'>diaboli.</span> 
     </span>
    </p>
   </div>
   <div class='ocr_carea' id='block_1_113' title="bbox 2164 5149 3692 5223">
    <p class='ocr_par' dir='ltr' id='par_1_113' title="bbox 2164 5149 3692 5223">
     <span class='ocr_line' id='line_1_113' title="bbox 2164 5149 3692 5223; baseline -0.001 -18"><span class='ocrx_word' id='word_1_931' title='bbox 2164 5149 2360 5205; x_wconf 88' lang='lat' dir='ltr'>Nonne</span> <span class='ocrx_word' id='word_1_932' title='bbox 2391 5152 2588 5206; x_wconf 87' lang='lat' dir='ltr'>anima</span> <span class='ocrx_word' id='word_1_933' title='bbox 2600 5151 2733 5223; x_wconf 88' lang='lat' dir='ltr'>plus</span> <span class='ocrx_word' id='word_1_934' title='bbox 2763 5154 2848 5206; x_wconf 91' lang='lat' dir='ltr'>est</span> <span class='ocrx_word' id='word_1_935' title='bbox 2872 5167 3042 5223; x_wconf 88' lang='lat' dir='ltr'>quam</span> <span class='ocrx_word' id='word_1_936' title='bbox 3083 5167 3228 5208; x_wconf 86' lang='lat' dir='ltr'>esca.</span> <span class='ocrx_word' id='word_1_937' title='bbox 3258 5150 3319 5205; x_wconf 84' lang='lat' dir='ltr'>Id</span> <span class='ocrx_word' id='word_1_938' title='bbox 3353 5158 3438 5205; x_wconf 90' lang='lat' dir='ltr'>est</span> <span class='ocrx_word' id='word_1_939' title='bbox 3465 5149 3562 5221; x_wconf 89' lang='lat' dir='ltr'>qui</span> <span class='ocrx_word' id='word_1_940' title='bbox 3589 5149 3692 5204; x_wconf 84' lang='lat' dir='ltr'>mi-</span> 
     </span>
    </p>
   </div>
   <div class='ocr_carea' id='block_1_114' title="bbox 2093 5237 3693 5311">
    <p class='ocr_par' dir='ltr' id='par_1_114' title="bbox 2093 5237 3693 5311">
     <span class='ocr_line' id='line_1_114' title="bbox 2093 5237 3693 5311; baseline 0.001 -20"><span class='ocrx_word' id='word_1_941' title='bbox 2093 5251 2223 5292; x_wconf 90' lang='lat' dir='ltr'>nora</span> <span class='ocrx_word' id='word_1_942' title='bbox 2253 5238 2343 5292; x_wconf 88' lang='lat' dir='ltr'>dat</span> <span class='ocrx_word' id='word_1_943' title='bbox 2371 5239 2506 5305; x_wconf 88' lang='lat' dir='ltr'>Deo,</span> <span class='ocrx_word' id='word_1_944' title='bbox 2542 5246 2596 5293; x_wconf 92' lang='lat' dir='ltr'>et</span> <span class='ocrx_word' id='word_1_945' title='bbox 2624 5239 2833 5308; x_wconf 90' lang='lat' dir='ltr'>majora</span> <span class='ocrx_word' id='word_1_946' title='bbox 2861 5237 3102 5295; x_wconf 90' lang='lat' dir='ltr'>diabolo.</span> <span class='ocrx_word' id='word_1_947' title='bbox 3134 5240 3409 5311; x_wconf 82' lang='lat' dir='ltr'>Respicite</span> <span class='ocrx_word' id='word_1_948' title='bbox 3431 5239 3693 5294; x_wconf 81' lang='lat' dir='ltr'>volatilia</span> 
     </span>
    </p>
   </div>
   <div class='ocr_carea' id='block_1_115' title="bbox 2093 5325 3692 5398">
    <p class='ocr_par' dir='ltr' id='par_1_115' title="bbox 2093 5325 3692 5398">
     <span class='ocr_line' id='line_1_115' title="bbox 2093 5325 3692 5398; baseline -0.001 -17"><span class='ocrx_word' id='word_1_949' title='bbox 2093 5326 2237 5392; x_wconf 68' lang='lat' dir='ltr'>caeli,</span> <span class='ocrx_word' id='word_1_950' title='bbox 2258 5334 2311 5380; x_wconf 92' lang='lat' dir='ltr'>et</span> <span class='ocrx_word' id='word_1_951' title='bbox 2340 5325 2571 5398; x_wconf 90' lang='lat' dir='ltr'>reliqua.</span> <span class='ocrx_word' id='word_1_952' title='bbox 2605 5325 2743 5395; x_wconf 85' lang='lat' dir='ltr'>Quia</span> <span class='ocrx_word' id='word_1_953' title='bbox 2768 5343 2889 5384; x_wconf 89' lang='lat' dir='ltr'>mos</span> <span class='ocrx_word' id='word_1_954' title='bbox 2919 5335 3002 5384; x_wconf 90' lang='lat' dir='ltr'>est</span> <span class='ocrx_word' id='word_1_955' title='bbox 3019 5327 3198 5383; x_wconf 88' lang='lat' dir='ltr'>avium</span> <span class='ocrx_word' id='word_1_956' title='bbox 3214 5328 3268 5382; x_wconf 91' lang='lat' dir='ltr'>in</span> <span class='ocrx_word' id='word_1_957' title='bbox 3298 5327 3469 5382; x_wconf 89' lang='lat' dir='ltr'>altum</span> <span class='ocrx_word' id='word_1_958' title='bbox 3499 5326 3692 5382; x_wconf 84' lang='lat' dir='ltr'>volare</span> 
     </span>
    </p>
   </div>
   <div class='ocr_carea' id='block_1_116' title="bbox 2094 5413 3691 5488">
    <p class='ocr_par' dir='ltr' id='par_1_116' title="bbox 2094 5413 3691 5488">
     <span class='ocr_line' id='line_1_116' title="bbox 2094 5413 3691 5488; baseline -0.001 -18"><span class='ocrx_word' id='word_1_959' title='bbox 2094 5421 2148 5470; x_wconf 90' lang='lat' dir='ltr'>et</span> <span class='ocrx_word' id='word_1_960' title='bbox 2191 5413 2463 5470; x_wconf 88' lang='lat' dir='ltr'>canticum</span> <span class='ocrx_word' id='word_1_961' title='bbox 2512 5423 2747 5482; x_wconf 88' lang='lat' dir='ltr'>cantare,</span> <span class='ocrx_word' id='word_1_962' title='bbox 2801 5424 2856 5472; x_wconf 89' lang='lat' dir='ltr'>et</span> <span class='ocrx_word' id='word_1_963' title='bbox 2901 5416 3106 5488; x_wconf 88' lang='lat' dir='ltr'>aliquid</span> <span class='ocrx_word' id='word_1_964' title='bbox 3177 5415 3280 5470; x_wconf 88' lang='lat' dir='ltr'>sibi</span> <span class='ocrx_word' id='word_1_965' title='bbox 3322 5414 3589 5470; x_wconf 85' lang='lat' dir='ltr'>voluerint</span> <span class='ocrx_word' id='word_1_966' title='bbox 3634 5414 3691 5468; x_wconf 87' lang='lat' dir='ltr'>in</span> 
     </span>
    </p>
   </div>
   <div class='ocr_carea' id='block_1_117' title="bbox 2092 5503 3692 5576">
    <p class='ocr_par' dir='ltr' id='par_1_117' title="bbox 2092 5503 3692 5576">
     <span class='ocr_line' id='line_1_117' title="bbox 2092 5503 3692 5576; baseline -0.001 -18"><span class='ocrx_word' id='word_1_967' title='bbox 2092 5509 2256 5572; x_wconf 89' lang='lat' dir='ltr'>terra,</span> <span class='ocrx_word' id='word_1_968' title='bbox 2291 5503 2560 5576; x_wconf 89' lang='lat' dir='ltr'>accipiunt</span> <span class='ocrx_word' id='word_1_969' title='bbox 2603 5520 2638 5559; x_wconf 89' lang='lat' dir='ltr'>a</span> <span class='ocrx_word' id='word_1_970' title='bbox 2673 5504 2926 5574; x_wconf 91' lang='lat' dir='ltr'>Domino,</span> <span class='ocrx_word' id='word_1_971' title='bbox 2975 5505 3052 5560; x_wconf 91' lang='lat' dir='ltr'>ita</span> <span class='ocrx_word' id='word_1_972' title='bbox 3100 5513 3154 5560; x_wconf 90' lang='lat' dir='ltr'>et</span> <span class='ocrx_word' id='word_1_973' title='bbox 3191 5503 3441 5560; x_wconf 90' lang='lat' dir='ltr'>homines</span> <span class='ocrx_word' id='word_1_974' title='bbox 3483 5503 3692 5558; x_wconf 89' lang='lat' dir='ltr'>debent</span> 
     </span>
    </p>
   </div>
   <div class='ocr_carea' id='block_1_118' title="bbox 2091 5591 3691 5665">
    <p class='ocr_par' dir='ltr' id='par_1_118' title="bbox 2091 5591 3691 5665">
     <span class='ocr_line' id='line_1_118' title="bbox 2091 5591 3691 5665; baseline -0.001 -16"><span class='ocrx_word' id='word_1_975' title='bbox 2091 5591 2338 5650; x_wconf 85' lang='lat' dir='ltr'>coelestia</span> <span class='ocrx_word' id='word_1_976' title='bbox 2365 5592 2626 5665; x_wconf 77' lang='lat' dir='ltr'>cogitare,</span> <span class='ocrx_word' id='word_1_977' title='bbox 2661 5600 2716 5650; x_wconf 89' lang='lat' dir='ltr'>et</span> <span class='ocrx_word' id='word_1_978' title='bbox 2738 5594 2920 5651; x_wconf 83' lang='lat' dir='ltr'>Deum‘</span> <span class='ocrx_word' id='word_1_979' title='bbox 2935 5594 3179 5664; x_wconf 86' lang='lat' dir='ltr'>laudare,</span> <span class='ocrx_word' id='word_1_980' title='bbox 3219 5602 3273 5650; x_wconf 90' lang='lat' dir='ltr'>et</span> <span class='ocrx_word' id='word_1_981' title='bbox 3309 5607 3436 5650; x_wconf 90' lang='lat' dir='ltr'>cum</span> <span class='ocrx_word' id='word_1_982' title='bbox 3475 5591 3691 5649; x_wconf 82' lang='lat' dir='ltr'>civibus</span> 
     </span>
    </p>
   </div>
  </div>
