4002 6184
272 271 383 326 8⁸77

1048 269 1436 328 EXPOSITIO
1469 271 1543 327 IN
1581 263 1921 340 QUATUOR
1956 262 2388 326 EVANGELIA.
2420 300 2490 312 —
2519 271 2595 326 IN
2623 270 2879 328 MATTH.

3482 275 3585 329 8'78

279 394 536 467 indigent
563 409 597 451 a
625 395 861 452 Domino
902 395 960 450 in
988 403 1141 452 terra
1168 396 1444 468 accipiunt
1486 394 1887 467 reparationem
1912 388 2066 450 Aest
2094 393 2163 449 de
2189 401 2456 465 potestate
2520 395 2738 463 diaboli,
2769 396 2992 452 veniunt
3035 394 3108 451 ad
3147 395 3330 464 ﬁdem,
3376 414 3599 456 recum-

280 483 601 552 divinitatis,
626 494 840 565 quanto
868 486 1044 559 magis
1074 494 1229 557 pater
1258 494 1462 553 vester,
1492 485 1584 557 qui
1613 485 1788 541 bonus
1804 491 1888 539 est
1986 481 2135 549 bent,
2168 482 2225 539 id
2255 490 2338 539 est
2368 483 2686 540 inhabitant
2717 501 2732 538 :
2771 499 2942 556 quare
2984 497 3110 541 cum
3150 485 3325 540 tribus
3365 493 3590 555 tantum,

282 581 504 641 natura,
536 574 694 630 dabit
722 575 864 631 bona
890 575 1218 648 petentibus
1246 591 1325 645 sc,
1358 574 1415 629 id
1453 582 1535 629 est
1578 574 1744 629 ﬁdem
1790 588 1891 643 per
1987 569 2046 625 id
2075 579 2159 626 est
2186 579 2414 643 propter
2442 573 2849 629 remissionem.
2878 571 2985 642 Qui
3018 572 3431 645 concupiscunt,
3464 574 3594 633 illuc

283 662 588 719 caritatem.
633 664 838 719 Intrate
880 680 975 735 per
1014 671 1304 737 augustam
1346 670 1582 734 portam,
1630 662 1723 717 ubi
1780 677 1892 717 non

280 759 479 823 capent
509 759 849 823 peccatores,
881 751 987 806 nisi
1015 752 1288 823 deponant
1316 759 1530 823 portam
1560 749 1697 806 ﬁdes
1744 750 1893 821 pala-

282 840 454 896 sticas
484 841 554 895 II.
585 840 641 896 id
671 848 756 897 est
785 841 1070 897 caritatem
1092 840 1193 896 Dei
1223 848 1276 895 et
1304 839 1560 911 proximi,
1590 839 1701 895 duo
1730 837 1894 894 lumi-

281 928 463 996 naria,
496 929 751 1000 superior
778 928 1159 1002 Evangelium,
1191 927 1421 984 inferior
1448 935 1605 984 vetus
1645 927 1754 995 lex,
1801 926 1895 981 ubi

283 1017 412 1090 quis
443 1016 684 1073 oﬂ'endat
711 1033 823 1073 non
853 1017 1035 1084 intrat,
1068 1033 1235 1090 quam
1264 1017 1373 1072 lata
1402 1025 1557 1088 porta
1573 1023 1626 1072 et
1645 1015 1890 1088 reliqua:

280 1105 346 1161 id
382 1114 469 1162 est
498 1105 699 1162 divitiis
730 1114 784 1163 et
812 1106 1040 1179 propria
1067 1106 1345 1163 voluntate
1388 1105 1709 1162 servientes.

360 1248 657 1306 Attenditc
687 1249 852 1316 vobis,
886 1248 943 1304 id
975 1255 1059 1304 est
1085 1246 1287 1303 afalsis
1326 1247 1641 1304 doctoribus
1684 1254 1892 1314 cavete,

284 1339 353 1393 in
380 1340 738 1394 vestimentis
769 1338 977 1407 ovium,
1010 1337 1067 1392 id
1096 1345 1178 1392 est
1207 1335 1341 1391 boni
1368 1336 1644 1406 doctores,
1676 1335 1790 1406 lupi
1807 1351 1900 1391 ra-

287 1441 483 1497 paces,
516 1425 573 1481 id
600 1435 682 1482 est
711 1426 920 1482 animas
937 1426 994 1481 in
1011 1425 1352 1497 perdictione
1370 1425 1588 1496 rapiunt
1610 1444 1625 1492 ;
1645 1442 1679 1480 a
1696 1426 1901 1496 fructi-

293 1514 400 1571 bus
431 1530 647 1581 eorum,
673 1514 730 1570 id
776 1522 860 1570 est
896 1531 964 1570 ex
990 1514 1247 1585 operibus
1290 1512 1637 1587 cognoscetis
1680 1528 1796 1581 eos,
1842 1511 1899 1568 id

288 1610 380 1658 est
406 1604 667 1676 nunquid
697 1604 972 1675 colligunt
1000 1603 1065 1660 de
1126 1604 1331 1676 spinis,
1365 1602 1420 1656 id
1451 1609 1533 1658 est
1562 1601 1630 1657 de
1676 1601 1897 1658 haereti-

293 1691 378 1748 cis
408 1707 561 1761 uvas,
595 1692 649 1746 id
690 1700 772 1748 est
812 1691 1199 1763 virginitatem,
1246 1692 1311 1748 de
1358 1691 1584 1747 tribulis
1616 1691 1757 1760 ﬁcus
1780 1709 1799 1746 :
1842 1690 1899 1745 id

292 1787 382 1837 est
411 1781 703 1852 conjugem
734 1780 802 1836 de
831 1780 1103 1836 haereticis
1136 1796 1149 1836 :
1182 1780 1351 1835 arbor
1392 1780 1557 1849 bona,
1603 1780 1769 1834 homo
1798 1778 1904 1835 bo-

292 1885 424 1939 nus,
458 1869 623 1925 arbor
651 1868 814 1935 mala,
850 1870 1015 1926 homo
1041 1869 1217 1925 malus
1248 1886 1263 1924 :
1296 1871 1389 1941 qui
1419 1868 1532 1942 agit
1551 1883 1722 1940 opera
1742 1867 1904 1923 mala.

372 1985 495 2041 Non
527 1984 709 2042 omnis
739 1984 835 2057 qui
857 1984 997 2039 dicit
1024 1986 1189 2049 mihi,
1215 1986 1451 2042 Domine
1467 1986 1720 2053 Domine,
1742 1990 1796 2039 et
1828 1999 1911 2039 re-

308 2072 479 2145 liqua.
512 2074 592 2128 De
619 2073 725 2129 illis
754 2072 886 2129 dicit
916 2073 1007 2145 qui
1031 2081 1210 2127 amant
1240 2073 1296 2128 in
1339 2073 1557 2147 angulis
1588 2081 1731 2128 stare
1748 2088 1913 2129 oran-

310 2170 417 2231 tes,
450 2161 546 2217 sed
573 2163 670 2235 qui
688 2163 833 2233 facit
852 2163 1203 2218 voluntatem
1230 2164 1420 2218 Patris
1450 2163 1584 2228 mei,
1618 2161 1674 2216 id
1705 2169 1788 2217 est
1818 2161 1911 2233 qui

309 2257 495 2305 servat
523 2249 798 2315 mandata,
832 2249 986 2304 multi
1024 2249 1159 2304 mihi
1204 2249 1390 2306 dicunt
1432 2249 1683 2315 Domine,
1729 2248 1785 2303 id
1828 2256 1912 2304 est

304 2338 467 2393 multi
493 2346 617 2393 sunt
645 2338 737 2410 qui
767 2338 967 2393 intrant
998 2355 1099 2409 per
1125 2354 1275 2408 eam,
1326 2338 1451 2409 quia
1478 2353 1759 2411 nunquam
1784 2338 1911 2393 novi

298 2443 424 2493 vos,
454 2427 510 2482 id
541 2434 623 2482 est
651 2428 854 2483 bonum
871 2428 961 2483 vel
989 2426 1233 2484 haeretici
1267 2443 1279 2482 :
1339 2427 1602 2483 discedite
1640 2443 1671 2482 a
1712 2442 1819 2493 me,
1854 2426 1912 2482 id

303 2525 391 2572 est
422 2516 515 2589 qui
544 2525 768 2587 sperant
795 2531 906 2572 non
935 2533 1058 2571 esse
1085 2515 1467 2572 remissionem
1496 2522 1850 2588 peccatorum
1893 2532 1907 2569 :

309 2605 493 2661 omnis
523 2605 615 2676 qui
645 2605 798 2660 audit
826 2606 999 2661 verba
1023 2621 1145 2660 mea
1175 2613 1228 2661 et
1262 2605 1473 2677 reliqua
1522 2623 1536 2659 :
1583 2605 1677 2677 qui
1721 2612 1913 2660 contra

303 2694 751 2767 praedicationem
779 2710 889 2749 non
918 2694 1029 2767 agit
1058 2694 1451 2749 assimilabitur
1488 2694 1609 2751 viro
1656 2693 1906 2764 sapienti,

308 2785 405 2856 qui
433 2782 719 2839 aediﬁcavit
744 2783 969 2838 domum
1025 2800 1189 2855 super
1232 2792 1468 2855 petram,
1511 2782 1568 2838 id
1611 2791 1694 2838 est
1744 2798 1911 2854 super

317 2886 457 2944 Opus
486 2873 708 2939 bonum,
761 2889 830 2927 ne
878 2872 1105 2928 intraret
1149 2872 1332 2943 pluvia
1375 2873 1431 2926 in
1470 2888 1555 2941 ea,
1594 2872 1650 2927 id
1693 2879 1776 2926 est
1810 2872 1911 2926 do-

312 2960 491 3016 ctrina
520 2961 792 3028 haeretica,
826 2960 1065 3029 ﬂumina,
1098 2961 1514 3032 persecutiones
1532 2960 1915 3015 haereticorum

308 3050 478 3119 venti,
513 3049 811 3117 dzemones,
844 3051 1039 3115 nubes,
1076 3051 1349 3121 accipiunt
1390 3050 1575 3122 pluvia
1624 3050 1692 3105 de
1740 3065 1909 3115 mare,

302 3138 547 3194 heretici
577 3138 824 3194 doctrina
854 3139 922 3193 de
956 3139 1180 3204 mundo,
1216 3146 1268 3193 et
1310 3155 1421 3193 non
1464 3138 1659 3194 cecidit
1702 3138 1917 3206 domus,

301 3227 362 3282 id
392 3236 475 3283 est
505 3244 614 3284 non
646 3229 809 3297 cadit,
846 3228 938 3300 qui
968 3245 1134 3299 super
1165 3226 1331 3282 ﬁdem
1361 3234 1464 3281 stat
1493 3227 1549 3281 in
1582 3227 1814 3282 Christo.

379 3346 453 3400 Et
478 3346 664 3401 omnis
693 3346 789 3417 qui
814 3344 976 3400 audit
996 3343 1160 3400 verba
1186 3361 1245 3399 τη
1269 3359 1336 3398 ea
1359 3346 1415 3397 et
1431 3358 1547 3397 non
1564 3344 1741 3413 faciet
1758 3358 1843 3397 ea.
1864 3341 1925 3396 Id

306 3440 391 3490 est
418 3448 541 3488 mos
570 3431 668 3487 fuit
696 3432 753 3486 in
782 3431 905 3504 lege
935 3433 1083 3503 quod
1113 3447 1223 3488 non
1278 3439 1425 3486 esset
1455 3431 1512 3484 in
1555 3430 1779 3501 populo,
1831 3427 1926 3501 qui

299 3539 415 3579 non
442 3530 590 3577 esset
618 3521 877 3588 mundus,
912 3530 966 3578 et
998 3522 1052 3576 si
1092 3521 1385 3576 sanitatem
1403 3520 1731 3591 accepisset,
1749 3527 1927 3574 osten-

305 3612 479 3667 disset
510 3626 545 3666 a
575 3611 871 3678 sacerdoti,
905 3619 959 3666 et
986 3609 1445 3681 oﬂ'erebatur'pro
1462 3624 1528 3665 eo
1549 3625 1767 3676 munus,
1786 3608 1925 3664 duos

312 3707 580 3770 turtures,
630 3709 720 3755 aut
739 3700 877 3756 duos
918 3700 1099 3772 pullos
1161 3700 1589 3765 columbrarum,
1648 3705 1701 3754 et
1751 3696 1926 3753 fuerat

307 3805 439 3845 cum
466 3789 547 3844 eis
571 3790 727 3858 juxta
751 3790 855 3845 hoc
885 3805 1043 3861 Opus,
1077 3788 1287 3862 lignum
1318 3790 1604 3861 hysopem,
1639 3794 1691 3842 et
1739 3786 1924 3842 cocci-

307 3894 460 3945 num,
496 3894 628 3950 erga
659 3893 919 3935 cacumen
969 3878 1141 3949 ipsius
1184 3877 1342 3951 ligni,
1396 3886 1450 3932 et
1503 3876 1926 3949 dispergebatur

312 3966 539 4039 sanguis
570 3968 795 4022 alterius
824 3967 940 4022 avis
973 3984 1137 4038 super
1168 3966 1313 4021 istud
1358 3966 1569 4039 lignum
1615 3982 1629 4020 :
1662 3972 1715 4020 et
1757 3980 1925 4035 super

315 4057 549 4112 alterum
576 4072 753 4125 avem,
786 4064 845 4113 et.
868 4056 985 4127 ipse
1015 4055 1386 4111 dimittebatur
1415 4054 1471 4109 in
1514 4070 1664 4124 aere,
1715 4053 1924 4127 lignum

314 4160 451 4201 crux
487 4145 708 4215 Christi,
742 4145 1047 4208 coccinum,
1081 4144 1263 4215 passio
1282 4143 1416 4213 ejus,
1440 4149 1923 4215 etopportetmar-

313 4234 518 4306 tyrium
547 4234 647 4302 ire,
677 4251 779 4305 per
809 4233 1123 4304 passionem
1155 4232 1375 4299 Christi,
1409 4240 1463 4287 et
1494 4230 1716 4303 sanguis
1738 4237 1925 4285 noster

314 4331 630 4394 spargatur,
678 4339 844 4394 super
891 4338 1112 4378 crucem
1167 4321 1305 4390 ejus,
1370 4337 1497 4376 nam
1530 4320 1793 4375 ascendat
1854 4317 1924 4374 ad

311 4411 643 4478 Ecclesiam,
676 4418 802 4484 post
832 4410 1145 4483 passionem
1178 4408 1425 4481 corporis
1446 4408 1618 4465 nostri
1660 4408 1717 4462 in
1761 4423 1917 4463 mar-

309 4500 477 4573 tyrio.

388 4590 455 4645 In
490 4588 881 4646 testimonium
910 4588 1050 4644 illis.
1071 4586 1130 4642 Id
1147 4593 1228 4642 est
1247 4593 1304 4641 ut
1320 4601 1431 4641 non
1452 4584 1706 4641 solvisset
1719 4581 1920 4656 legem,

312 4676 406 4735 vel
431 4675 696 4732 vidissent
728 4676 873 4749 quod
904 4684 1064 4731 natus
1092 4683 1235 4732 esset
1264 4692 1295 4729 a
1326 4674 1481 4746 lepra
1511 4692 1524 4728 :
1556 4672 1798 4729 centurio
1854 4672 1924 4727 ﬁ-

311 4774 478 4841 gurat
507 4765 784 4833 doctores,
820 4781 958 4837 puer
976 4764 1313 4836 paralyticus
1358 4769 1693 4829 contractus,
1748 4760 1924 4832 signi-

315 4853 449 4911 ﬁcat
475 4870 652 4928 genus
680 4852 1060 4922 humanum,in
1087 4852 1328 4925 peccatis
1357 4850 1694 4908 conclusum.
1716 4849 1925 4906 Invenit

325 4944 492 5000 Jesus
521 4943 577 4998 in
608 4942 925 5000 centurione
955 4942 1099 4997 trina
1124 4940 1402 5014 mysteria,
1435 4940 1669 5013 primam
1698 4936 1926 4994 humili-

315 5040 486 5088 tatem
519 5032 631 5101 ubi,
660 5031 774 5087 ait:
808 5031 1040 5089 Domine
1094 5047 1202 5087 non
1248 5048 1369 5085 sum
1413 5030 1614 5103 dignus
1655 5034 1713 5083 ut
1756 5027 1926 5081 intres

321 5121 425 5177 sub
454 5128 657 5177 tectum
685 5137 870 5176 meum
904 5139 916 5175 :
952 5121 1194 5177 secunda
1237 5119 1394 5187 ﬁdes,
1438 5118 1533 5174 ubi
1578 5117 1671 5186 ait,
1722 5123 1926 5171 tantum

317 5210 411 5267 dic
438 5210 685 5277 verbum,
720 5217 773 5266 et
803 5210 1086 5266 sanabitur
1132 5228 1145 5265 :
1192 5208 1369 5276 tertia,
1415 5208 1472 5263 id
1502 5214 1587 5264 est
1614 5205 1924 5279 prudentia,

316 5298 414 5354 ubi
443 5298 597 5367 dixit,
629 5300 794 5356 homo
815 5299 915 5355 sub
941 5306 1226 5371 potestate.
1259 5298 1490 5352 Miratur
1527 5297 1687 5352 Jesus
1716 5295 1772 5350 in
1800 5310 1929 5351 cen—

318 5387 559 5455 turione,
588 5387 643 5443 id
672 5396 756 5444 est
781 5388 987 5445 invenit
1016 5387 1073 5442 in
1102 5404 1230 5443 eum
1271 5385 1610 5458 sapientiam,
1656 5399 1761 5457 qua
1804 5382 1928 5438 fue-

323 5485 409 5531 rat
451 5476 645 5532 doctus
690 5493 789 5549 per
814 5476 1261 5549 praedicationem
1294 5474 1570 5541 divinam;
1607 5472 1676 5527 ab
1718 5471 1929 5528 oriente

323 5566 603 5633 conversi,
636 5564 692 5622 id
720 5573 802 5622 est
831 5566 901 5621 ab
929 5565 1191 5633 infantia;
1222 5564 1290 5619 ab
1330 5563 1631 5630 occidente,
1666 5561 1722 5615 id
1772 5567 1854 5616 est
1896 5575 1930 5616 a

322 5663 642 5713 senectute:
668 5670 702 5711 a
728 5653 978 5722 meridie,
1010 5654 1080 5712 ab
1104 5654 1389 5725 juventute
1423 5670 1439 5721 ;
1471 5650 1541 5708 ab
1563 5648 1853 5723 Aquilone,
1872 5648 1930 5705 id

1991 657 2198 716 ﬂebunt
2238 678 2252 716 :
2280 660 2387 715 illis
2417 669 2500 717 est
2517 661 2720 718 stridor
2758 661 3021 730 dentium,
3044 677 3276 734 quorum
3292 664 3440 720 Deus
3454 680 3595 720 ven-

1993 755 2081 804 ter
2109 756 2232 805 est:
2266 764 2481 806 socrum
2528 750 2677 806 Petri
2726 749 3126 808 febricitantem
3184 768 3199 806 :
3242 751 3299 807 id
3342 758 3425 809 est
3468 768 3596 825 syn-

1995 851 2193 910 agogas
2212 837 2483 895 dubietas.

2070 954 2272 1026 Tetigit
2299 954 2849 1011 manum.Praestavit
2876 954 3156 1022 auxilium,
3175 953 3403 1011 dimissa
3416 954 3591 1024 febre,

1992 1040 2049 1097 id
2077 1050 2160 1097 est
2187 1042 2387 1099 desinit
2413 1042 2787 1111 incredulitas,
2817 1043 3161 1100 ministrabat
3189 1043 3260 1115 ei,
3289 1043 3347 1100 id
3376 1051 3457 1100 est
3499 1044 3595 1102 be-

1994 1130 2284 1187 nedicebat
2305 1132 2356 1188 ei
2376 1150 2391 1200 ;
2410 1148 2511 1204 per
2533 1148 2846 1205 vesperum,
2873 1133 3112 1189 ostendit
3129 1132 3181 1188 ei
3194 1131 3356 1189 ﬁnem
3371 1133 3594 1189 mundi:

1995 1218 2281 1286 daemonia,
2316 1219 2373 1276 id
2401 1228 2483 1277 est
2511 1230 2737 1295 peccata
2767 1240 2780 1276 :
2815 1237 2916 1294 per
2943 1221 3155 1293 vulpes,
3194 1220 3251 1278 id
3294 1229 3378 1278 est
3419 1221 3594 1279 homi-

1995 1324 2097 1364 nes
2125 1308 2438 1365 incredulos
2471 1327 2485 1364 :
2517 1325 2618 1382 per
2644 1310 2916 1378 volucres,
2950 1310 3200 1367 homines
3241 1309 3598 1368 divitesmon

1996 1395 2226 1454 reclinet
2253 1405 2435 1469 caput,
2486 1398 2579 1454 ubi
2620 1414 2732 1456 non
2782 1407 2865 1455 est
2907 1398 3045 1455 ﬁdes
3092 1416 3107 1454 :
3151 1406 3401 1455 mortuus
3451 1415 3597 1456 mor-

1998 1492 2149 1541 tuum
2182 1487 2436 1558 sepelire,
2469 1487 2525 1543 id
2556 1496 2639 1544 est
2660 1503 2863 1560 corpus
2890 1488 3152 1557 animam,
3187 1487 3384 1546 aliter:
3414 1488 3462 1544 si
3478 1504 3603 1562 pec.

1997 1583 2172 1643 cator,
2220 1575 2410 1632 laudat
2448 1584 2816 1648 peccatorem.

2073 1691 2240 1746 Navis
2272 1710 2291 1747 :
2319 1690 2376 1747 id
2405 1698 2488 1746 est
2516 1690 2781 1748 Ecclesia
2814 1709 2828 1747 :
2858 1696 3045 1750 motus
3075 1696 3133 1748 et
3168 1693 3400 1763 ﬂuctus,
3430 1691 3488 1749 id
3517 1700 3601 1750 est

2008 1778 2291 1850 temptatio
2322 1797 2337 1834 :
2371 1779 2717 1848 dormitatus,
2743 1780 2799 1836 id
2816 1788 2898 1837 est
2925 1780 3245 1837 incarnatus
3274 1782 3388 1838 sive
3428 1782 3603 1839 cruci-

2007 1865 2148 1922 ﬁxus
2180 1885 2195 1923 :
2229 1874 2443 1935 ventus,
2502 1869 2558 1923 id
2588 1876 2672 1924 est
2700 1869 2984 1925 subitanea
3010 1870 3293 1941 temptatio
3336 1889 3352 1925 :
3389 1870 3601 1927 demo-

2008 1956 2220 2023 niacus,
2254 1956 2493 2030 gentilis,
2527 1973 2666 2029 gens
2696 1974 2821 2013 cum
2837 1957 3217 2030 perﬁdia;per
3231 1966 3608 2028 monumenta,

2009 2045 2115 2101 hoc
2144 2052 2267 2100 sunt
2296 2060 2564 2117 corpora;
2588 2063 2689 2118 per
2704 2046 2848 2104 viam
2875 2063 2984 2103 non
3032 2047 3266 2115 transiit,
3309 2047 3367 2103 id
3389 2056 3470 2104 est
3510 2064 3613 2119 per

2013 2134 2375 2206 gentilitatem
2402 2136 2473 2190 ad
2503 2151 2751 2207 regnum,
2798 2152 2935 2209 grex
2978 2152 3274 2208 porcorum
3318 2137 3609 2193 ostendunt

2010 2223 2257 2278 homines
2278 2230 2404 2279 ante
2431 2224 2846 2280 conversionem
2879 2226 3148 2282 :dimersi
3160 2227 3224 2281 in
3258 2242 3436 2296 mare,
3455 2225 3512 2281 id
3525 2232 3611 2283 est

2009 2310 2066 2366 in
2095 2310 2460 2383 profundum;
2490 2329 2593 2385 per
2632 2321 2914 2385 pastorem
2954 2313 3193 2371 ostendit
3229 2314 3607 2386 philosophos.

2065 2444 2334 2501 Surrexit
2361 2465 2379 2501 :
2411 2444 2467 2500 id
2496 2453 2598 2514 est,
2619 2454 2841 2503 curatus
2872 2455 2984 2504 est:
3002 2463 3260 2505 reversus
3289 2448 3355 2504 in
3383 2448 3613 2504 domum

2011 2550 2176 2590 suam
2222 2553 2241 2589 :
2285 2534 2340 2589 id
2384 2542 2467 2589 est
2497 2535 2568 2589 ad
2609 2535 2845 2606 primam
2890 2536 3228 2592 creationem
3290 2552 3304 2592 :
3355 2552 3608 2607 sponsus,

2013 2622 2232 2678 Chistus
2263 2629 2347 2678 est
2378 2639 2393 2677 :
2425 2638 2630 2694 sponsa
2657 2624 2907 2680 Ecclesia
2940 2643 2954 2681 :
2986 2623 3083 2679 ﬁlii
3114 2624 3322 2696 sponsi,
3365 2623 3615 2696 Apostoli

2012 2718 2174 2777 sunt;
2226 2711 2377 2766 rudis
2424 2711 2600 2783 panis,
2640 2713 2891 2768 doctrina
2938 2713 3298 2787 Evangelium
3347 2730 3361 2767 :
3427 2712 3617 2769 scissis

2012 2798 2230 2870 pannis,
2260 2800 2367 2855 hoc
2396 2808 2520 2855 sunt
2550 2800 2797 2857 homines
2844 2809 3056 2857 veteres
3103 2820 3116 2856 :
3166 2802 3352 2858 vinum
3392 2816 3615 2870 novum,

2014 2896 2067 2943 et
2100 2895 2247 2943 utres
2282 2896 2514 2955 veteres,
2548 2905 2693 2945 nova
2721 2890 3057 2960 praedicatio,
3090 2890 3160 2945 ad
3190 2890 3443 2946 homines
3473 2898 3622 2947 vete-

2014 2992 2125 3041 res,
2154 2977 2431 3047 princeps,
2480 2977 2715 3049 ﬁguram
2759 2986 2907 3034 tenet
2947 2980 3355 3050 prophetarum,
3391 2979 3479 3035 vel
3524 2994 3622 3050 pa-

2022 3064 2407 3131 triarcharum;
2438 3066 2622 3137 puella
2650 3068 2767 3123 haec
2795 3074 2877 3122 est
2906 3083 3208 3140 synagoga,
3255 3067 3429 3122 tenuit
3460 3068 3621 3123 Jesus

2028 3169 2246 3208 manum
2278 3155 2521 3224 ejusdem
2550 3156 2765 3226 puellae,
2798 3156 2853 3211 id
2881 3163 2964 3211 est
3005 3156 3263 3211 auxilium
3311 3156 3363 3212 ei
3411 3156 3620 3228 praesti-

2029 3241 2109 3309 tit,
2142 3259 2352 3298 messes
2394 3243 2584 3311 multa,
2633 3244 2689 3299 id
2735 3252 2818 3300 est
2860 3243 3031 3300 corda
3069 3253 3279 3317 parata,
3322 3261 3618 3314 messores,

2027 3331 2299 3398 doctores,
2334 3348 2443 3387 non
2474 3332 2613 3387 duas
2646 3332 2877 3399 tunicas,
2919 3333 2974 3388 id
2996 3342 3078 3389 est
3106 3349 3216 3389 non
3246 3334 3407 3405 dupla
3423 3341 3621 3402 mente,

2027 3435 2130 3475 nec
2161 3419 2327 3490 dupla
2358 3419 2575 3486 ﬁducia,
2611 3420 2666 3474 in
2682 3437 2914 3477 novum:
2934 3422 3099 3477 autin
3118 3423 3287 3478 Vetus
3308 3423 3626 3479 Testamen-

2027 3515 2160 3574 tum,
2214 3524 2323 3562 non
2373 3508 2807 3577 calciamentum,
2852 3509 2906 3563 id
2956 3517 3041 3565 est
3089 3526 3199 3565 non
3256 3511 3626 3567 testimonium

2026 3596 2314 3663 malorum,
2350 3613 2527 3668 neque
2556 3597 2792 3670 virgam,
2842 3598 2897 3652 id
2953 3605 3037 3653 est
3079 3614 3189 3654 non
3230 3598 3622 3670 fortitudinem,

2028 3684 2125 3739 sed
2156 3700 2257 3755 per
2287 3684 2623 3755 patientiam.
2658 3686 2770 3740 Pax
2798 3702 3040 3754 reversa,
3072 3686 3128 3740 id
3158 3693 3240 3741 est
3280 3688 3479 3744 mercis
3527 3704 3622 3743 re-

2026 3780 2200 3844 cepta,
2262 3790 2360 3844 per
2411 3774 2692 3844 pulverem
2736 3774 3253 3847 iniquinamentum;
3299 3775 3406 3831 hoc
3447 3783 3618 3830 sunt:

2026 3861 2150 3934 quia
2180 3861 2357 3932 pulvis
2388 3862 2564 3917 tribus
2599 3863 2775 3918 modis
2805 3863 3088 3934 impendit,
3120 3879 3348 3936 gressus
3392 3863 3617 3937 obligat,

2024 3949 2215 4006 oculus
2259 3951 2532 4018 obscurat,
2569 3952 2890 4008 vestimenta
2937 3952 3183 4023 inquinat
3223 3968 3450 4024 serpens
3490 3969 3621 4008 cru-

2023 4039 2163 4095 ciata
2192 4039 2480 4096 abscondit
2509 4048 2671 4113 caput
2702 4057 2879 4109 suum,
2914 4040 2968 4096 id
2998 4048 3081 4097 est
3112 4041 3343 4113 apostoli
3371 4041 3618 4113 cruciati,

2024 4144 2135 4184 non
2162 4137 2432 4201 negantes
2463 4131 2736 4186 Christum
2783 4149 2798 4185 :
2848 4131 3304 4203 persecutionem,
3349 4131 3454 4187 hoc
3496 4139 3622 4186 sunt

2023 4219 2284 4273 haereses.
2319 4219 2399 4275 De
2431 4219 2645 4276 civitate
2687 4218 2743 4274 in
2787 4219 2969 4291 aliam,
3014 4220 3071 4276 id
3114 4228 3198 4277 est
3235 4235 3335 4292 per
3376 4218 3621 4293 singulas

2025 4308 2359 4383 quaestiones
2403 4309 2688 4365 ﬁbrarum.

2095 4404 2251 4459 Nihil
2281 4403 2539 4473 opertum
2571 4398 2713 4471 quod
2732 4414 2848 4454 non
2867 4399 3154 4455 reveletur
3178 4414 3192 4452 :
3226 4396 3283 4453 id
3311 4403 3396 4453 est
3433 4394 3617 4469 passio

2026 4491 2223 4547 Christi
2255 4498 2309 4546 et
2339 4487 2579 4545 omnium
2607 4487 2923 4543 doctorum:
2958 4485 3105 4558 quod
3134 4486 3257 4542 dico
3276 4486 3334 4541 in
3352 4485 3614 4553 tenebris,

2024 4580 2082 4636 id
2109 4589 2193 4637 est
2226 4579 2296 4635 ad
2327 4578 2565 4644 Iudaeos,
2599 4575 2763 4632 dicite
2791 4575 2848 4629 in
2874 4574 3098 4643 lumine,
3131 4574 3185 4629 id
3214 4582 3298 4631 est
3323 4574 3380 4630 in
3433 4574 3620 4631 Eccle-

2026 4668 2104 4723 sia
2134 4669 2241 4724 duo
2271 4681 2545 4738 passeres,
2579 4664 2636 4718 id
2666 4670 2748 4720 est
2778 4679 2978 4735 corpus
3007 4671 3062 4719 et
3090 4663 3293 4732 anima,
3326 4679 3424 4719 seu
3453 4663 3617 4719 Chri-

2027 4765 2142 4812 stus
2171 4755 2435 4811 Barabias
2468 4771 2482 4808 :
2535 4767 2681 4818 asse,
2714 4752 2770 4807 id
2798 4760 2882 4807 est
2909 4750 3066 4820 ﬁdes,
3098 4768 3200 4824 per
3228 4751 3492 4826 gladium,
3512 4751 3619 4809 hoc

2026 4852 2150 4901 sunt
2178 4845 2405 4901 verbum
2435 4840 2841 4914 praedicationis
2873 4827 2888 4896 Ξ
2918 4841 3092 4909 aliter,
3123 4841 3231 4897 duo
3260 4856 3537 4912 passeres,
3563 4840 3622 4898 id

2026 4942 2110 4990 est
2134 4933 2243 4989 duo
2273 4939 2593 4988 testamenta
2623 4945 2765 4999 esse,
2797 4930 2902 4987 hoc
2930 4938 3011 4985 est
3058 4928 3325 4997 Christus,
3358 4944 3621 5002 separare

2026 5029 2234 5095 patrem
2264 5037 2298 5077 a
2317 5020 2446 5088 ﬁlio,
2476 5020 2579 5075 hoc
2609 5026 2712 5086 est,
2744 5017 2934 5074 ﬁdeles
2963 5018 3034 5073 ab
3063 5016 3387 5086 inﬁdelibus,
3412 5018 3624 5091 accepit

2027 5127 2269 5177 crucem,
2318 5109 2374 5165 id
2438 5116 2521 5165 est
2566 5107 2750 5165 crucia
2786 5108 3023 5179 teipsum
3072 5124 3086 5163 :
3146 5108 3521 5166 scandalizare
3564 5108 3623 5164 in

2029 5200 2262 5267 Christo,
2292 5198 2348 5254 id
2379 5205 2460 5254 est
2488 5212 2696 5271 negare
2725 5195 2999 5252 Christum
3031 5214 3045 5251 :
3092 5197 3418 5255 arundinem
3459 5204 3624 5256 vento

2030 5290 2308 5363 agitatam,
2345 5288 2449 5343 hoc
2479 5294 2604 5341 sunt
2630 5285 2880 5342 homines
2913 5285 3244 5355 adulatores,
3278 5303 3479 5345 vacuos
3507 5287 3627 5343 sine

2030 5379 2206 5435 fructu
2239 5396 2253 5433 :
2288 5392 2521 5449 regnum
2550 5374 2815 5432 caelorum
2844 5374 2952 5431 vim
2979 5375 3193 5447 patitur,
3242 5376 3335 5433 hic
3376 5383 3459 5433 est
3502 5372 3628 5447 quia

2024 5484 2123 5542 per
2152 5466 2513 5523 cruciationes
2544 5463 2725 5521 carnis
2775 5472 2828 5519 et
2869 5464 3222 5536 poenitentiae,
3262 5462 3513 5535 pervenit
3557 5460 3628 5518 ad

2030 5573 2264 5629 regnum
2294 5555 2415 5611 Dei.
2448 5554 2566 5627 ipse
2599 5560 2681 5608 est
2718 5552 2871 5610 Elias
2918 5552 3012 5627 qui
3052 5553 3296 5619 Joannis,
3343 5550 3473 5624 quia
3514 5551 3634 5623 ipse

2034 5645 2259 5720 spiritus
2286 5651 2405 5703 erat
2446 5642 2504 5699 in
2554 5640 2697 5711 Elia,
2756 5642 2812 5699 in
2870 5642 3110 5700 secundo
3138 5641 3396 5708 adventu,
3430 5637 3525 5713 qui
3580 5640 3638 5694 in
