3998 6188
399 242 501 297 879

1002 238 1403 295 WALAFRIDI
1432 236 1676 293 STRABI
1705 237 1905 293 FULD.
1938 236 1990 290 M

2098 277 2111 291 .
2146 235 2298 292 OPP.
2332 237 2508 292 PARS
2534 237 2575 292 Ι.
2606 235 3163 293 -ι-ΤΗΕΟΙιΟΕΙΟΑ.

3583 242 3685 293 880

403 384 609 439 Joanne
642 382 812 437 fuitin
833 382 1011 454 primo
1033 382 1267 437 adventu
1292 400 1305 447 ;
1328 380 1482 451 pueri
1496 380 1750 435 sedentes
1767 379 1821 433 in
1862 378 1999 446 foro,
2023 361 2080 422 Α
2112 361 2468 454 νθτδιιῐξξ-θθί
2495 370 2548 454 ἐι
2575 362 2782 454 δορθΡίί
2812 361 3042 454 ίῌυτηνθι
3072 362 3380 454 ξυροθηᾲθηε
3399 364 3692 433 temptatio,

401 473 507 527 hoc
539 480 660 526 sunt
692 473 985 542 pr0phetas
1021 488 1033 523 :
1067 470 1402 526 cantavimus
1432 469 1588 524 vobis
1618 477 1669 523 et
1699 484 1807 522 non
1839 467 2001 522 salta—

404 560 501 615 stis
532 561 711 623 tibias,
747 561 803 614 id
834 568 916 614 est
938 558 1301 615 nuntiavimus
1331 557 1487 612 vobis
1511 558 1803 613 adventum
1822 565 1874 611 et
1893 572 2004 610 non
2056 586 2071 608 ι

405 649 713 705 credidistis
738 668 751 713 ;
782 647 1201 702 lamentavimus
1231 654 1283 701 et
1316 662 1424 701 non
1455 645 1757 716 planxistis,
1814 645 1871 700 id
1921 652 2005 699 est

403 737 835 792 adnuntiavimus
866 736 1022 792 vobis
1042 735 1439 807 pmnitentiam,
1462 728 1759 806 e‘xpavistis
1781 732 2005 790 confes-

407 826 566 896 sioni,
598 833 822 897 quatuor
850 826 1027 881 modis
1058 832 1181 879 sunt
1208 824 1569 880 laudationes.

473 968 781 1036 Conﬁtebor
812 968 936 1035 tibi,
968 969 1200 1023 Domine
1232 967 1429 1022 :Pater
1449 964 1574 1021 coeli
1594 963 1741 1031 ﬁdei,
1763 962 1929 1020 credo
1949 961 2005 1017 in

401 1058 578 1111 Deum
606 1058 822 1112 Patrem
859 1075 872 1111 :
902 1064 1223 1128 martyrum,
1262 1055 1354 1127 qui
1389 1053 1676 1110 conﬁtetur
1707 1069 1796 1108 me
1818 1067 2005 1108 coram

401 1146 734 1216 hominibus,
789 1153 1158 1216 peccatorum,
1211 1143 1545 1199 conﬁtemini
1590 1142 1824 1198 Domino
1872 1155 2008 1213 quo-

418 1235 562 1289 niam
598 1235 776 1290 bonus
809 1252 823 1289 :
854 1234 1199 1291 abscondisti
1227 1250 1261 1288 a
1283 1232 1653 1305 sapientibus,
1690 1230 1745 1285 id
1793 1237 1876 1286 est
1913 1227 2006 1300 qui

399 1324 665 1395 sapientia
690 1324 852 1393 hujus
878 1323 1065 1378 mundi
1094 1322 1606 1387 utuntur,revelasti
1649 1320 1928 1393 parvulis,
1950 1317 2006 1372 id

398 1420 482 1467 est
509 1412 790 1484 discipulis
820 1429 833 1467 :
891 1411 1116 1467 Vocatio
1148 1418 1385 1483 quatuor
1430 1408 1610 1465 modis
1649 1407 1795 1464 facta
1823 1414 1907 1462 est
1948 1406 2006 1461 in

400 1517 545 1558 110νο
558 1544 571 1557 .

477 1619 668 1675 Venite
696 1617 768 1673 ad
796 1633 906 1684 me,
938 1632 1133 1674 omnes
1162 1616 1258 1689 qui
1282 1615 1556 1672 laboratis
1575 1614 1672 1670 :In
1687 1620 1888 1681 vetere,
1911 1627 2007 1669 ve-

399 1707 531 1774 nite,
561 1706 677 1773 ﬁlii,
711 1706 892 1760 audite
922 1722 1011 1760 me
1045 1724 1058 1760 :
1093 1705 1146 1759 in
1186 1704 1388 1771 futuro,
1424 1703 1625 1771 venite,
1662 1700 1936 1758 benedicti
1985 1717 1999 1755 :

396 1796 616 1869 Iugum,
652 1795 707 1850 id
737 1802 818 1849 est
846 1794 1111 1860 doctrina,
1146 1793 1284 1849 levis
1315 1800 1398 1848 est
1426 1791 1755 1860 volentibus,
1808 1789 1996 1860 gravis

394 1884 706 1940 nolentibus
736 1899 821 1938 ea.
842 1882 1110 1938 Perfeetio
1142 1890 1252 1937 tres
1281 1881 1461 1936 modis
1479 1879 1813 1951 intelligitur,
1838 1878 1893 1932 id
1914 1885 2006 1932 est

400 1973 808 2044 discipulorum,
843 1988 943 2043 per
972 1971 1300 2044 baptismum
1335 1988 1348 2024 :
1381 1976 1745 2040 peccatorum,
1777 1983 1877 2037 per
1906 1982 1999 2021 re-

395 2063 716 2119 missionem
765 2080 779 2116 :
832 2062 1168 2130 Iudaeorum,
1219 2076 1321 2131 per
1387 2058 1795 2114 renovationem
1859 2054 2000 2111 Novi

398 2150 751 2217 Testamenti,
783 2166 885 2222 per
913 2157 1054 2217 sata,
1090 2149 1145 2204 id
1176 2156 1260 2204 est
1298 2146 1495 2203 messis
1544 2146 1688 2218 quod
1730 2142 2003 2217 signiﬁcat

403 2242 586 2314 legem
612 2248 857 2297 veterem
874 2257 905 2293 κε
940 2238 1216 2294 Sabbatho
1227 2236 1447 2308 requies
1476 2234 1617 2290 Novi
1646 2233 1996 2300 Testamenti,

397 2330 649 2401 discipuli
679 2328 944 2385 vellentes
974 2328 1173 2398 spicas,
1206 2326 1259 2381 id
1290 2333 1372 2381 est
1391 2325 1672 2380 trahentes
1692 2321 2003 2379 testimonia

392 2420 462 2475 de
505 2418 709 2485 Veteri,
757 2417 827 2473 ad
870 2416 1303 2473 conﬁrmandum
1346 2415 1581 2482 Novum,
1634 2411 1999 2468 confricantes

401 2508 675 2577 manibus,
706 2506 762 2561 id
788 2514 869 2561 est
896 2506 1262 2576 exprimentes
1292 2504 1347 2557 in
1377 2518 1594 2557 sensum
1634 2499 1931 2571 spiritalem
1985 2516 1999 2553 :

397 2599 561 2653 homo
590 2612 812 2651 manum
845 2595 1054 2649 aridam
1083 2594 1311 2658 habens,
1344 2590 1581 2647 ostendit
1601 2589 1885 2655 avaritam,
1907 2604 1980 2659 qu

392 2687 621 2757 cupidus
652 2692 731 2740 est
762 2684 817 2738 in
847 2683 1251 2754 accipiendum,
1299 2696 1495 2735 avarus
1542 2678 1612 2734 ad
1655 2676 1998 2748 largiendum

391 2775 482 2847 qui
511 2775 721 2830 solebat
755 2788 975 2844 rapere,
1011 2772 1188 2827 discat
1218 2769 1461 2842 largire;
1493 2766 1732 2823 extendit
1751 2780 1992 2832 manum,

390 2863 447 2918 id
476 2872 559 2919 est
587 2861 840 2935 purgavit
882 2860 1065 2929 corde,
1116 2859 1365 2914 restituta
1409 2865 1509 2923 est,
1546 2852 1817 2928 signiﬁcat
1858 2868 1996 2908 con-

391 2952 699 3008 versionem
729 2951 799 3005 ad
829 2947 1021 3014 ﬁdem;
1056 2948 1264 3020 lignum
1294 2944 1589 3016 fumigans,
1624 2943 1680 2996 id
1694 2949 1776 2996 est
1815 2940 1981 2997 corda

390 3041 632 3114 gentium
673 3046 867 3110 parata
918 3037 988 3091 ad
1026 3035 1210 3100 ﬁdem,
1260 3034 1537 3088 hominem
1566 3030 1984 3097 daemoniacum,

393 3136 601 3184 mutum
640 3135 693 3182 et
740 3141 965 3193 caecum,
1017 3122 1290 3196 signiﬁcat
1336 3122 1629 3176 humanum
1674 3134 1868 3192 genus,
1922 3118 1975 3172 in

390 3217 555 3273 domo
584 3215 826 3286 alligavit
853 3212 1157 3278 fortem,,id
1187 3218 1268 3266 est
1298 3210 1545 3265 Christus
1573 3207 1815 3280 alligavit
1860 3206 1984 3262 dia-

390 3305 595 3370 bolum,
619 3319 753 3359 vasa
765 3304 899 3372 ejus,
924 3302 1030 3357 hoc
1051 3309 1174 3356 sunt
1194 3300 1359 3356 corda
1379 3299 1619 3372 gentium
1644 3315 1657 3351 :
1676 3296 1988 3370 progenies.

393 3393 724 3465 viperarum,
760 3391 1034 3463 quomodo
1065 3390 1291 3461 potestis
1331 3388 1480 3460 loqui
1517 3388 1661 3443 bona
1703 3402 1827 3441 cum
1876 3385 1995 3440 sitis

389 3482 517 3538 mali
546 3484 574 3538 ?
602 3498 704 3554 per
731 3481 937 3553 vipera,
971 3478 1208 3535 ostendit
1239 3492 1523 3550 synagoga
1547 3495 1562 3544 ;
1584 3475 1900 3548 progenies,
1938 3473 1994 3528 id

393 3580 519 3626 sunt
544 3569 885 3640 Judaei,sicut
907 3568 1108 3624 occidit
1136 3566 1280 3621 ﬁlius
1293 3567 1539 3637 viperam
1558 3573 1791 3619 matrem
1814 3578 1987 3627 suam,

391 3660 471 3717 sic
490 3659 663 3715 Judaei
692 3659 967 3714 Christum
1001 3655 1091 3728 qui
1124 3664 1207 3711 est
1235 3655 1498 3726 sapientia
1526 3653 1769 3709 omnium
1794 3659 1986 3717 mater,

388 3748 673 3823 generatio
701 3747 846 3802 mala
879 3755 930 3802 et
950 3745 1217 3814 adultera,
1244 3743 1390 3799 idem
1405 3744 1726 3798 deserentes
1748 3739 1989 3810 Domini,

387 3839 727 3893 adhaerentes
758 3835 937 3891 idolis.

456 3955 669 4025 Regina
680 3952 865 4008 austri
886 3951 1080 4006 venita
1100 3948 1305 4017 ﬁnibus
1324 3951 1494 4003 terra:
1517 3965 1535 4002 :
1557 3944 1830 4018 signiﬁcat
1845 3960 1987 4015 gen-

385 4052 490 4113 tes,
521 4042 709 4097 audire
738 4039 1061 4111 sapientiam
1091 4036 1422 4101 Salomonis,
1450 4035 1506 4089 id
1550 4043 1633 4089 est
1682 4034 1987 4089 doctrinam

385 4132 602 4190 Christi.
636 4129 955 4185 Immundus
986 4126 1207 4197 spiritus
1236 4125 1365 4179 exiit
1392 4125 1461 4178 ab
1514 4123 1775 4189 homine,
1803 4122 1859 4177 id
1906 4128 1989 4176 est

385 4237 417 4276 a
446 4220 665 4284 Judteis,
699 4217 831 4272 abitt
874 4231 974 4286 per
1010 4214 1161 4269 arida
1207 4213 1347 4283 loca,
1399 4212 1455 4265 id
1503 4219 1586 4266 est
1631 4228 1731 4282 per
1772 4218 1983 4284 gentes,

384 4308 608 4364 revertit
636 4307 693 4360 in
723 4306 965 4369 domum,
998 4302 1052 4357 id
1084 4310 1165 4357 est
1194 4302 1261 4355 ad
1307 4300 1523 4355 Judmos
1554 4317 1566 4353 :
1621 4298 1824 4354 invenit
1868 4313 1988 4353 eam

388 4397 571 4467 scOpis
598 4394 929 4458 mandatam,
964 4392 1019 4447 id
1050 4397 1133 4446 est
1163 4389 1513 4444 traditionum
1566 4396 1912 4459 paternarum
1967 4403 1984 4453 ς

388 4484 689 4555 adsumpsit
719 4498 905 4538 secum
936 4495 1034 4545 vu,
1088 4478 1310 4550 spiritus
1358 4476 1669 4548 nequiores,
1714 4476 1818 4531 hoc
1864 4482 1990 4529 sunt

388 4589 579 4631 omnes
608 4573 727 4627 dies
757 4586 943 4626 eorum
974 4568 1027 4622 in
1059 4569 1203 4623 malo
1232 4582 1400 4638 opere
1432 4565 1594 4631 versi,
1628 4565 1890 4619 intrantes
1934 4563 1990 4617 in

392 4664 634 4728 domum,
659 4660 714 4715 id
736 4668 820 4715 est
847 4658 902 4713 in
932 4657 1095 4714 corda
1120 4663 1548 4727 persecutorum,
1572 4654 1695 4725 quia
1717 4652 1992 4708 Christum

392 4750 667 4826 persecuti
696 4756 819 4804 sunt
850 4756 903 4802 et
933 4747 1228 4816 Prophetas
1264 4762 1278 4799 :
1312 4745 1477 4798 Mater
1505 4751 1557 4799 et
1586 4741 1801 4807 fratres,
1822 4740 1875 4795 id
1909 4747 1994 4796 est

397 4856 675 4913 synagoga
733 4846 786 4894 et
829 4836 1069 4899 Judazos,
1101 4833 1245 4888 foras
1272 4831 1559 4898 stantes,id
1589 4838 1670 4886 est
1700 4837 1852 4885 extra
1878 4829 1991 4885 Ec-

398 4930 640 4994 clesium,
698 4932 1004 4998 quaerentes
1052 4921 1304 4992 conloqui
1350 4928 1575 4975 tecum:
1641 4916 1875 4974 ostendit
1937 4916 1994 4971 in

401 5017 577 5072 futuro
606 5014 1021 5072 conversionem
1052 5011 1364 5065 Judaeorum
1385 5008 1451 5063 ad
1473 5007 1655 5063 ﬁdem.
1677 5005 1995 5062 ExiitJesus

404 5105 473 5160 de
502 5105 681 5169 domo,
715 5102 940 5157 sedebat
968 5100 1039 5156 ad
1066 5115 1234 5164 mare,
1268 5098 1481 5153 duobus
1512 5096 1689 5152 modis
1730 5093 1995 5168 intelligi-

407 5203 512 5263 tur,
545 5191 599 5246 id
628 5199 711 5246 est
738 5190 806 5244 de
835 5189 974 5246 caelo
1003 5188 1057 5242 in
1069 5187 1367 5251 mumdum,
1388 5185 1666 5241 deJudaeis
1687 5184 1756 5238 ad
1777 5192 1990 5257 gentes,

406 5279 649 5341 ascendit
680 5279 736 5332 in
766 5278 906 5343 navi,
929 5277 984 5331 id
1015 5285 1097 5332 est
1142 5277 1198 5330 in
1245 5275 1432 5343 ccelos,
1484 5274 1671 5329 turbas
1713 5272 1782 5327 ad
1824 5272 1991 5339 littus,

406 5368 679 5445 signiﬁcat
706 5382 946 5438 praesens
975 5366 1158 5431 vitam,
1218 5365 1274 5419 in
1330 5362 1729 5430 similiudinem,
1779 5360 1883 5417 hoc
1939 5360 1996 5414 in

402 5458 697 5538 parabolis,
732 5454 963 5511 seminat
989 5453 1106 5523 ipse
1136 5453 1228 5523 qui
1256 5453 1536 5523 praedicat,
1571 5451 1818 5516 seminat,
1834 5448 1888 5503 id
1912 5456 1996 5504 est

404 5551 630 5609 verbum
658 5546 778 5615 Dei,
817 5559 975 5598 secus
1005 5540 1169 5607 viam,
1203 5541 1258 5594 id
1306 5549 1387 5594 est
1434 5540 1526 5612 qui
1573 5539 1723 5595 audit
1769 5539 1994 5594 verbum

406 5636 531 5709 Dei,
559 5646 614 5698 et
642 5652 757 5695 non
806 5630 1081 5705 intelligit,
1110 5630 1165 5688 in
1201 5634 1439 5702 petrosa,
1490 5628 1546 5684 id
1592 5635 1675 5686 est
1715 5625 1808 5700 qui
1848 5627 2000 5687 audit

2104 457 2269 521 negat
2301 449 2471 516 illum,
2495 450 2549 504 in
2575 451 2763 521 spinis,
2799 452 2852 505 id
2879 459 2960 505 est
2990 450 3137 505 audit
3166 451 3414 521 verbum,
3465 458 3521 506 et
3565 468 3694 523 pro-

2102 546 2224 608 pter
2254 539 2467 593 divitias
2496 538 2721 595 suffocat
2750 539 2881 593 illud
2917 557 2931 594 :
2963 540 3019 594 in
3045 546 3248 594 terram
3278 540 3502 606 bonam,
3536 539 3589 595 id
3618 548 3695 595 est

2105 627 2197 699 q’ui
2228 627 2376 682 audit
2407 635 2459 682 et
2501 627 2769 700 intelligit.

2177 763 2249 816 Et
2277 762 2426 832 facit
2457 764 2755 833 fructum;
2787 761 3141 829 tricesimum,
3173 761 3411 819 ostendit
3446 761 3694 818 ordinem

2104 849 2562 919 conjugatorum:
2615 857 2907 921 sequentes
2953 851 3269 906 mandatum
3313 851 3435 920 Dei,
3486 850 3697 907 fructus

2103 936 2219 991 LX.
2252 937 2445 993 ordine
2472 938 2772 1004 viduarum,
2804 939 3267 1009 perseverantiam
3298 938 3353 994 in
3395 939 3632 994 Domino
3680 957 3696 1007 ;

2103 1024 2311 1081 fructus
2358 1026 2706 1093 centesimus,
2750 1028 2856 1083 hoc
2911 1034 3037 1082 sunt
3096 1028 3317 1083 ordines
3377 1036 3696 1099 martyrum,

2103 1116 2495 1171 monachorum
2521 1116 2608 1171 vel
2638 1116 2913 1189 virginum
2946 1132 2958 1171 :
3012 1116 3106 1188 qui
3149 1117 3312 1172 habet
3357 1116 3580 1171 dabitur
3625 1117 3695 1184 ei,

2103 1204 2341 1258 ostendit
2368 1204 2628 1275 apostolis
2659 1205 2751 1276 qui
2780 1205 2984 1260 habent
3004 1205 3273 1260 Christum
3303 1204 3524 1261 dabitur
3551 1206 3631 1261 eis
3648 1213 3702 1261 et

2104 1291 2457 1360 intellectum,
2488 1300 2541 1348 et
2568 1292 2661 1364 qui
2688 1309 2800 1349 non
2829 1294 2995 1349 habet
3030 1293 3211 1365 ipsum
3242 1295 3386 1366 quod
3416 1295 3583 1349 habet
3599 1311 3699 1349 au-

2104 1379 2311 1436 feretur
2338 1383 2408 1436 ab
2439 1396 2525 1450 eo,
2559 1382 2795 1437 ostendit
2821 1383 3058 1451 Iudaeos,
3084 1382 3258 1453 ipsam
3301 1383 3486 1454 legem
3534 1398 3698 1454 quam

2103 1469 2398 1537 habebant,
2431 1469 2705 1526 auferetur
2735 1470 2802 1524 ab
2825 1471 2906 1526 eis
2948 1489 2963 1539 ;
3008 1471 3256 1527 videntes
3301 1487 3414 1527 non
3455 1471 3696 1542 videant,

2102 1558 2207 1614 hoc
2236 1558 2615 1626 suntJudzeos,
2650 1559 2745 1631 qui
2773 1559 2947 1615 oculis
2978 1559 3164 1616 vident
3191 1568 3245 1615 et
3259 1560 3431 1615 eorde
3449 1576 3561 1615 non
3579 1577 3698 1616 cre-

2104 1646 2305 1702 debant
2336 1665 2350 1701 :
2383 1648 2663 1703 audientes
2690 1663 2801 1704 non
2826 1648 3050 1703 audiunt
3082 1666 3095 1702 :
3129 1648 3363 1704 ostendit
3394 1649 3545 1705 curis
3564 1664 3698 1705 cor-

2021 1725 2075 1786 B
2103 1735 2272 1806 poris,
2304 1736 2597 1791 audiebant
2625 1745 2675 1792 et
2696 1736 2922 1791 duribus
2942 1736 3123 1793 cordis
3144 1753 3253 1793 non
3272 1738 3690 1810 intelligebant:

2102 1824 2275 1879 simile
2307 1833 2390 1879 est
2419 1842 2651 1896 regnum
2680 1826 2939 1881 caelorum
2960 1826 3164 1881 homini
3192 1826 3284 1898 qui
3305 1826 3699 1882 seminavitse-

2098 1929 2224 1968 men
2254 1913 2458 1969 bonum
2485 1914 2541 1968 in
2570 1930 2705 1985 agro
2737 1930 2874 1982 suo;
2907 1914 2998 1986 qui
3032 1914 3414 1969 seminatﬁlius
3460 1915 3699 1970 hominis

2100 2010 2201 2071 est,
2238 2018 2426 2057 semen
2452 2003 2681 2058 verbum
2694 2003 2794 2058 Dei
2810 2003 2867 2057 in
2884 2004 3054 2059 corda
3069 2003 3428 2069 credentium,
3452 2003 3510 2058 in
3536 2018 3693 2078 agro,

2099 2089 2155 2144 id
2182 2098 2264 2145 est
2294 2091 2348 2144 in
2379 2092 2679 2159 mumdum,
2708 2092 2951 2158 'zizania,
2983 2090 3077 2146 ﬁlii
3106 2108 3361 2164 nequam,
3386 2092 3443 2147 id
3464 2101 3547 2147 est
3571 2108 3698 2164 ope-

2099 2178 2233 2234 rarii
2262 2179 2582 2250 iniquitatis,
2614 2180 2865 2236 inimicus
2890 2181 2983 2252 qui
3018 2180 3323 2247 seminavit,
3365 2180 3421 2235 id
3443 2189 3530 2236 est
3572 2182 3695 2237 dia-

2095 2267 2254 2323 bolus
2288 2286 2301 2322 :
2336 2270 2564 2336 Messes,
2598 2270 2991 2325 consummatio
3013 2270 3197 2326 saeculi
3226 2277 3307 2325 est
3339 2287 3353 2323 :
3394 2271 3690 2337 Messores,

2097 2357 2279 2430 angeli
2309 2364 2452 2428 sunt,
2501 2373 2604 2428 pro
2653 2358 2784 2430 quid
2824 2357 3118 2414 fasciculus
3156 2358 3369 2425 dicitur,
3415 2359 3542 2430 quia
3582 2374 3696 2414 non

2096 2461 2288 2501 omnes
2315 2446 2595 2518 aequaliter
2615 2446 2946 2516 judicantur,
2980 2448 3079 2503 sed
3107 2447 3341 2503 adulteri
3378 2464 3502 2503 cum
3542 2446 3699 2503 adul-

2097 2534 2244 2601 teris,
2280 2543 2333 2590 et
2361 2551 2552 2591 omnes
2597 2552 2762 2607 pares
2811 2534 3124 2609 aequaliter:
3180 2552 3419 2609 granum
3461 2536 3688 2608 sinapis,

2096 2621 2366 2696 signiﬁcat
2395 2624 2689 2691 Christum,
2723 2626 2886 2681 homo
2917 2625 3191 2681 seminans
3219 2626 3367 2681 Deus
3395 2626 3555 2682 Pater
3582 2634 3687 2695 est,

2095 2711 2151 2766 in
2179 2727 2334 2784 agro,
2365 2712 2422 2768 id
2452 2721 2535 2768 est
2564 2713 2618 2767 in
2639 2714 2938 2768 mumdum.

2164 2854 2461 2909 Minimum
2479 2854 2736 2911 omnibus
2748 2856 3054 2911 seminibus
3071 2872 3085 2911 :
3100 2853 3685 2929 SigniﬁcatChristum,

2092 2940 2376 2997 refutatum
2408 2959 2439 2997 a
2465 2943 2665 3001 Judmis
2697 2961 2710 2999 :
2745 2960 2867 3000 cum
2896 2952 3077 3000 autem
3107 2946 3356 3012 creverit,
3381 2944 3439 3000 id
3467 2953 3552 3001 est
3569 2961 3691 3001 sur-

2092 3031 2294 3087 rexerit
2329 3032 2409 3088 sic
2451 3033 2629 3099 arbor,
2672 3033 2728 3087 id
2775 3041 2857 3089 est
2894 3033 3139 3089 ascendit
3178 3034 3247 3088 ad
3294 3034 3514 3100 coelum,
3556 3035 3693 3090 rami

2091 3122 2227 3189 ejus,
2261 3120 2364 3175 hoc
2393 3129 2515 3175 sunt
2545 3121 2796 3192 apostoli,
2848 3122 3096 3178 volucres
3140 3122 3196 3177 in
3242 3122 3406 3177 ramis
3445 3123 3581 3192 ejus,
3627 3123 3689 3178 id

2092 3217 2216 3263 sunt
2246 3210 2440 3277 sancti,
2475 3210 2567 3282 qui
2596 3219 2816 3265 terrena
2844 3210 3168 3282 despiciunt,
3199 3212 3442 3268 coelestia
3480 3229 3687 3268 concu-

2085 3297 2318 3368 piscunt.
2344 3299 2515 3353 Aliter
2534 3315 2706 3370 grano
2731 3300 2954 3370 sinapis,
2990 3316 3169 3355 sermo
3199 3302 3369 3356 sancti
3424 3303 3686 3375 Evange-

2084 3385 2121 3439 ii
2154 3404 2166 3439 :
2201 3387 2363 3442 horno
2403 3388 2685 3442 seminans
2716 3388 2964 3444 Christus
2988 3398 3089 3454 est,
3114 3389 3170 3443 in
3185 3405 3344 3462 agro,
3368 3390 3683 3447 inmundo:

2087 3474 2368 3530 Minimum
2396 3476 2656 3545 omnium,
2689 3476 2745 3531 id
2775 3484 2856 3532 est
2884 3477 3230 3533 servatumin
3261 3478 3522 3534 cordibus
3542 3478 3685 3535 ﬁde-

2095 3562 2227 3634 ium,
2256 3572 2484 3636 propter
2515 3565 2843 3635 sapientiam
2871 3565 3342 3637 philosophorum,
3394 3567 3476 3623 sic
3520 3568 3685 3623 arbor

2090 3651 2147 3707 id
2176 3660 2259 3708 est
2288 3654 2504 3709 acendit
2534 3670 2698 3724 super
2724 3670 2942 3710 omnem
2972 3655 3291 3725 sapientiam
3332 3656 3685 3727 mundanam,

2088 3756 2268 3796 ramos
2296 3742 2671 3811 ejus,ostendit
2687 3743 3094 3814 explanationes
3121 3744 3461 3817 singulorum
3491 3746 3690 3802 docto-

2089 3846 2230 3897 rum,
2248 3831 2516 3897 volucres,
2551 3831 2607 3886 id
2636 3840 2719 3887 est
2746 3840 3016 3887 amatores
3047 3831 3305 3901 scientiae,
3340 3834 3410 3889 de
3438 3842 3688 3891 semente

2089 3927 2335 3990 accepto,
2371 3920 2426 3975 id
2455 3928 2537 3975 est
2563 3919 2813 3976 doctrina
2841 3920 3145 3994 Evangelii.

2164 4036 2383 4102 Mulier,
2408 4036 2462 4091 id
2494 4045 2577 4091 est
2614 4036 2898 4108 sapientia,
2948 4038 3236 4094 abscondit
3279 4040 3335 4093 in
3382 4039 3580 4108 farina,
3628 4038 3686 4096 id

2089 4130 2170 4178 est
2200 4123 2254 4178 in
2287 4125 2460 4180 corda
2488 4124 2753 4193 fidelium,
2788 4134 2900 4181 sata
2930 4127 3054 4193 tria,
3096 4127 3332 4183 ostendit
3380 4136 3495 4184 tres
3541 4128 3685 4186 ﬁlios

2086 4212 2225 4278 Noe,
2259 4213 2436 4269 donec
2463 4212 2845 4269 fermentatum
2878 4222 2959 4271 est
2987 4224 3178 4283 totum,
3207 4217 3261 4270 id
3289 4224 3373 4271 est
3392 4217 3523 4271 dum
3541 4235 3687 4289 pra:-

2084 4301 2319 4357 dicatum
2351 4310 2431 4356 est
2455 4301 2816 4373 Evangelium
2855 4304 2911 4357 in
2953 4310 3125 4358 totum
3164 4305 3451 4360 mundum.
3497 4306 3687 4363 Simile

2092 4397 2176 4445 est
2204 4391 2707 4463 regnumccnlorum
2736 4393 2990 4448 thesauro
3020 4392 3681 4465 abscondito,thesaurus,

2096 4478 2152 4533 id
2185 4487 2268 4534 est
2291 4479 2508 4535 Chistus
2536 4479 2623 4535 vel
2654 4472 2939 4551 sapientia.
2966 4482 3030 4536 In
3057 4497 3213 4554 agro,
3254 4483 3309 4538 id
3352 4492 3436 4539 est
3479 4484 3685 4541 Eccle—

2049 4607 2051 4609 ι
2087 4568 2182 4623 sine
2211 4568 2326 4627 sive
2346 4568 2401 4621 in
2423 4568 2720 4640 Scripturis
2742 4569 2959 4638 divinis,
3010 4571 3251 4626 vendidit
3292 4573 3498 4641 omnia,
3521 4572 3578 4629 id
3599 4584 3687 4630 est

2086 4655 2304 4727 reliquit
2330 4655 2478 4726 vilia,
2509 4673 2607 4712 seu
2637 4674 2729 4714 res
2758 4666 3022 4731 terrenas,
3056 4660 3186 4714 emit
3231 4676 3449 4733 agrum,
3500 4662 3557 4717 id
3598 4672 3685 4720 est

2087 4760 2319 4817 regnum
2347 4745 2609 4801 caelorum
2640 4764 2653 4800 :
2686 4748 2849 4803 homo
2875 4748 3184 4821 negotians,
3216 4748 3309 4821 qui
3338 4751 3536 4821 quaerit
3574 4752 3687 4810 do-

2072 4832 2315 4905 ctrinam
2345 4834 2604 4900 divinam,
2636 4834 2841 4891 invenit
2869 4852 3032 4891 unam
3075 4837 3444 4911 margaritam,
3495 4838 3550 4894 id
3600 4849 3686 4897 est

2094 4921 2415 4993 sapientiam
2446 4921 2666 4990 Christi,
2697 4923 2939 4980 vendidit
2965 4925 3168 4991 omnia,
3200 4926 3257 4981 id
3285 4935 3369 4982 est
3398 4916 3550 4983 vitia.
3595 4928 3688 4985 Si-

2092 5010 2221 5066 mile
2250 5018 2333 5066 est
2362 5027 2590 5084 regnum
2619 5012 2877 5067 caelorum
2921 5028 3141 5085 sagenaa
3178 5014 3360 5072 missa
3405 5016 3462 5070 in
3508 5034 3685 5085 mare,

2093 5115 2194 5170 per
2223 5115 2504 5172 sagenam,
2535 5100 2765 5155 verbum
2807 5101 3210 5172 praedicationis
3255 5104 3578 5173 ostenditur,
3630 5106 3689 5163 in

2094 5204 2262 5257 mare,
2312 5188 2368 5242 id
2416 5195 2500 5244 est
2536 5187 2593 5242 in
2631 5189 2855 5260 mundo,
2907 5206 2974 5245 ex
3016 5191 3162 5246 omni
3206 5207 3414 5263 genere
3448 5193 3687 5264 piscium

2094 5276 2471 5350 congreganti,
2503 5276 2556 5331 id
2587 5284 2669 5332 est
2698 5294 2857 5334 omne
2915 5296 3091 5352 genus
3147 5280 3479 5351 humanum;
3537 5283 3692 5341 audit

2092 5364 2323 5421 verbum
2352 5364 2453 5421 Dei
2484 5381 2642 5421 secus
2671 5365 2839 5431 littus,
2872 5366 2929 5422 id
2972 5375 3054 5423 est
3095 5383 3263 5440 prope
3308 5368 3416 5426 ﬁne
3469 5370 3686 5441 mundi,

2092 5461 2244 5525 pater
2273 5453 2519 5521 familias,
2555 5455 2796 5510 Christus
2828 5463 2927 5522 est,
2976 5456 3184 5513 Scribae
3240 5458 3499 5515 doctores
3545 5474 3690 5533 apo-

2094 5542 2218 5597 stoli
2249 5549 2389 5609 sunt,
2426 5542 2572 5599 venit
2591 5542 2646 5597 in
2674 5541 2908 5615 patriam
2939 5559 3111 5612 suam,
3145 5545 3200 5602 id
3217 5553 3300 5602 est
3324 5547 3393 5603 ad
3439 5548 3689 5608 Judaeos.

2091 5631 2443 5701 Thetrarcha,
2472 5630 2530 5689 id
2556 5639 2639 5690 est
2652 5631 2784 5689 inita
2809 5649 2940 5706 pars
2968 5632 3145 5707 regni.
