3998 6188
311 286 414 339 881

1101 280 1478 338 EXPOSITIO
1528 285 1601 340 IN
1631 281 1964 354 QUATUOR
1993 287 2430 349 EVANGETIA.
2459 323 2527 332 —
2550 294 2623 348 IN
2655 295 2908 350 ΜΛΤΤΗ.

3524 295 3626 354 882

383 407 654 478 Alligavit
682 408 960 462 Joannem
991 410 1047 461 et
1067 407 1225 461 misit
1246 408 1307 461 in
1328 424 1612 464 carcerem
1637 429 1654 464 :
1677 411 1915 464 ostendit
1939 413 1994 474 A
2023 415 2091 468 ad
2119 416 2338 472 Judreos
2363 437 2376 483 ;
2406 421 2582 486 aliter,
2617 420 2746 492 quia
2791 436 2982 475 omnes
3029 421 3316 476 credentes
3363 423 3415 476 in
3447 425 3620 480 Deum

315 496 611 552 terminum
639 495 780 567 legis
811 504 1013 550 vetera;
1046 513 1059 549 :
1094 495 1428 551 Herodiades
1471 497 1744 569 signiﬁcat
1775 499 1922 552 sina-

315 601 541 659 gogam,
593 584 774 654 puella
826 584 1036 638 saltavit
1067 584 1120 638 in
1150 585 1418 651 convivio,
1451 587 1686 640 ostendit
1729 596 1924 658 gentes

319 675 578 729 saltantes
609 681 732 728 ante
763 673 982 741 idolam,
1025 681 1184 744 caput
1227 673 1452 728 Joannis
1483 674 1536 728 in
1569 675 1722 730 disco
1755 677 1924 746 signi-

318 768 447 818 ﬁcat
478 777 676 833 corpus
708 762 906 816 Christi
936 761 990 814 in
1040 762 1230 827 altare,
1276 771 1436 832 caput
1480 762 1624 816 illius
1673 764 1728 817 in
1758 765 1922 819 corde

319 849 583 914 ﬁdelium,
619 850 800 904 datum
833 858 914 905 est
944 851 1159 920 puellm,
1191 851 1244 904 id
1274 858 1356 905 est
1383 851 1647 906 Ecclesiae
1669 868 1732 905 ex
1754 852 1928 924 genti-

319 940 444 1004 bus,
487 939 662 993 attulit
707 938 864 992 matri
914 955 1046 1002 suae,
1100 940 1342 993 ostendit
1381 940 1794 995 conversionem
1826 941 1924 995 Ju-

314 1028 579 1095 dasorum,
639 1028 693 1081 in
749 1026 1003 1094 futurum,
1062 1036 1261 1082 secuta:
1317 1029 1555 1083 ostendit
1617 1030 1920 1099 pedestres,

317 1117 557 1172 ostendit
587 1132 693 1171 non
737 1133 859 1171 cum
908 1117 1154 1186 pecuniis
1205 1118 1472 1190 anteguis,
1507 1118 1603 1172 sed
1632 1133 1756 1172 cum
1791 1134 1922 1188 pro-

317 1206 440 1276 prio
471 1207 660 1260 labore
690 1206 853 1260 debet
883 1207 1045 1259 homo
1079 1206 1233 1276 sequi
1269 1207 1439 1260 Deum
1474 1224 1486 1260 :
1524 1207 1741 1262 curavit
1773 1205 1923 1260 inﬁr-

315 1311 458 1358 mos,
494 1295 547 1348 id
577 1303 659 1348 est
707 1294 874 1348 abluit
914 1295 1152 1364 peccatis
1197 1303 1248 1349 et
1292 1295 1358 1348 ab
1403 1295 1563 1349 idolis
1601 1313 1612 1348 :
1649 1297 1782 1348 hora
1811 1296 1924 1363 jam

315 1382 599 1455 praeteriit,
634 1383 688 1436 id
720 1391 800 1437 est
832 1382 1002 1437 littera
1045 1383 1202 1453 legis,
1256 1383 1491 1454 quinque
1536 1399 1726 1454 panes,
1761 1384 1813 1437 id
1844 1392 1926 1438 est

326 1472 567 1543 quinque
596 1471 721 1525 libri
766 1471 956 1542 Moysi,
1009 1472 1115 1525 duo
1157 1471 1357 1541 pisces,
1393 1471 1446 1525 id
1479 1482 1559 1526 est
1607 1473 1712 1527 duo
1755 1480 1923 1528 testa-

282 1625 290 1638 .
323 1569 528 1629 menta,
565 1561 678 1614 sive
707 1561 818 1614 duo
845 1559 1086 1625 ordines,
1120 1559 1171 1612 id
1203 1569 1284 1613 est
1327 1561 1674 1615 sacerdotum
1705 1569 1755 1614 et
1787 1563 1924 1615 Pro-

317 1650 618 1719 phetarum,
653 1649 768 1704 sive
798 1649 906 1702 duo
938 1648 1064 1701 libri
1095 1648 1275 1702 Josuae
1308 1666 1322 1702 :
1356 1649 1512 1702 turba
1542 1649 1925 1704 discumbebat

319 1754 488 1808 super
519 1736 741 1802 Renum,
775 1737 830 1791 id
861 1746 942 1792 est
974 1754 1138 1807 super
1186 1737 1338 1791 arida
1377 1738 1563 1803 corda,
1617 1738 1732 1792 sive
1765 1754 1928 1808 super

319 1825 446 1880 vitia
475 1825 868 1894 discumbebat,
923 1834 975 1881 et
1026 1826 1266 1895 acceptis
1315 1826 1556 1896 panibus
1606 1826 1822 1881 intuens
1871 1827 1924 1880 in

319 1915 538 1978 malum,
572 1914 625 1968 id
656 1922 738 1969 est
769 1915 1032 1970 abstraxit
1061 1931 1301 1982 sensum,
1337 1914 1520 1987 fregit,
1555 1915 1610 1968 id
1653 1923 1735 1969 est
1764 1914 1932 1969 histo-

320 2003 461 2057 riam
497 2003 636 2075 legis
666 2003 934 2073 expressit
977 2003 1032 2057 in
1083 2003 1377 2073 spiritalem
1423 2019 1647 2057 sensum
1681 2012 1734 2057 et
1762 2020 1925 2074 appa-

322 2092 425 2146 ruit
456 2091 780 2160 intellectus,
817 2091 1110 2159 benedixit,
1143 2091 1198 2145 id
1227 2099 1310 2145 est
1339 2091 1714 2162 multiplicavit
1746 2110 1759 2146 :
1794 2093 1926 2148 duo-

321 2180 502 2234 decim
523 2179 732 2235 coﬁnos
754 2179 964 2250 plenos,
985 2180 1039 2234 id
1062 2189 1141 2234 est
1165 2180 1231 2235 de
1254 2180 1498 2235 doctrina
1520 2189 1704 2236 sancta
1727 2181 1929 2236 duode-

319 2269 429 2324 cim
461 2269 758 2340 apostolos,
792 2285 893 2339 pro
924 2285 1032 2342 qua
1061 2285 1226 2324 causa
1257 2286 1364 2324 non
1394 2279 1778 2341 computantur
1810 2288 1924 2325 mu-

322 2357 489 2412 lieres
521 2366 574 2411 et
602 2357 810 2427 parvuli
841 2358 978 2414 sicut
1007 2358 1128 2422 viri,
1165 2358 1290 2430 quia
1331 2359 1542 2428 parvuli
1588 2375 1696 2414 non
1743 2359 1924 2414 valent

317 2461 630 2516 repugnare
659 2454 844 2500 contra
877 2445 1004 2500 vitia
1033 2463 1148 2514 sua,
1184 2447 1264 2501 sic
1293 2455 1344 2500 et
1371 2447 1650 2514 mulieres,
1685 2464 1792 2519 qua
1821 2448 1925 2502 im-

315 2534 592 2606 perfectus
625 2551 786 2588 sexus
816 2543 898 2589 est
929 2552 942 2588 :
967 2535 1126 2603 jussit
1157 2535 1454 2590 ascendere
1485 2536 1538 2590 in
1571 2537 1835 2600 navicula,
1869 2536 1924 2590 id

320 2632 406 2679 est
432 2624 489 2677 in
519 2623 843 2692 Ecclesiam,
895 2623 1210 2694 prmcedere
1256 2623 1624 2689 transfretum,
1659 2625 1715 2678 id
1744 2632 1826 2680 est
1855 2625 1924 2679 de

320 2712 524 2767 Judaais
555 2712 624 2766 ad
666 2721 879 2785 gentes.
934 2711 1174 2780 Quatuor
1225 2713 1402 2767 modis
1449 2721 1670 2768 vocatur
1704 2731 1716 2767 :
1749 2713 1924 2785 prima

320 2809 534 2856 natura.
597 2801 844 2856 Secunda
902 2802 1176 2874 cognatio.
1245 2801 1424 2856 Tertia
1481 2810 1662 2872 gente.
1724 2801 1924 2870 Quarta

323 2888 521 2947 affectu
555 2909 567 2946 :
605 2899 832 2962 quatuor
858 2890 1056 2957 modis,
1105 2889 1300 2945 dicitur
1329 2891 1513 2958 homo,
1546 2890 1676 2962 quid
1705 2891 1916 2959 dicitur,

322 2981 378 3035 id
409 2989 492 3036 est
521 2980 746 3045 bonum,
780 2979 938 3033 bene.
990 2979 1362 3049 poenitentiam
1406 2979 1572 3050 agite,
1605 2986 1657 3033 et
1685 2979 1917 3052 reliqua.

320 3070 521 3125 Malum
545 3068 705 3134 male,
740 3067 966 3140 sanguis
1007 3068 1123 3136 ejus
1152 3083 1318 3137 super
1367 3083 1488 3133 nos,
1523 3068 1724 3123 bonum
1756 3069 1917 3138 male,

321 3159 415 3214 ubi
445 3159 646 3213 dicitur
692 3157 759 3210 de
810 3171 977 3224 carco,
1029 3163 1084 3209 tu
1124 3155 1274 3210 solus
1323 3155 1620 3225 discipulus
1667 3158 1782 3225 ejus
1814 3158 1922 3212 es?

320 3247 494 3303 Malus
552 3246 712 3314 bene,
760 3245 852 3299 ubi
893 3244 1184 3315 Apostolus
1231 3243 1322 3312 ait,
1375 3245 1569 3298 tradidi
1613 3245 1922 3314 hujusmodi

323 3337 601 3403 hominem
657 3335 713 3388 in
753 3333 1026 3388 interitum
1081 3334 1312 3399 Satanae,
1362 3341 1416 3386 ut
1464 3333 1687 3403 spiritus
1744 3335 1924 3388 salvus

326 3425 432 3478 ﬁat.
471 3425 712 3494 Vespere
743 3431 923 3478 autem
955 3421 1096 3477 facto
1139 3422 1286 3476 solus
1328 3429 1460 3492 erat,
1494 3423 1731 3477 ostendit
1760 3419 1924 3477 ﬁnem

324 3513 534 3578 mundi,
567 3513 718 3568 solus
747 3513 892 3567 venit
922 3511 1185 3566 redimere
1215 3512 1506 3565 humanum
1538 3527 1732 3583 genus.

395 3655 563 3710 Navis
594 3655 658 3709 in
699 3653 884 3708 medio
930 3669 1087 3708 mare
1119 3672 1136 3707 :
1168 3652 1223 3706 id
1251 3660 1334 3707 est
1381 3651 1629 3708 Ecclesia
1658 3651 1714 3706 in
1743 3653 1925 3708 medio

327 3742 534 3809 mundi,
595 3742 899 3810 iactabatur
965 3741 1237 3806 ﬂuctibus,
1288 3741 1343 3796 id
1390 3749 1473 3796 est
1518 3741 1925 3812 persecutiones

327 3832 656 3904 patiebatur,
734 3839 928 3887 ventus
1003 3830 1329 3896 contrarius,
1390 3829 1446 3884 id
1502 3837 1585 3885 est
1656 3831 1922 3898 diabolos,

325 3930 517 3992 quarta
547 3919 735 3991 vigilia
763 3918 938 3974 noctis
969 3919 1115 3974 venit
1156 3920 1332 3985 Jesus,
1382 3919 1620 3973 ostendit
1649 3919 1704 3973 in
1734 3927 1928 3991 quarta

331 4009 474 4081 lege,
508 4008 562 4062 id
595 4017 678 4064 est
706 4007 1011 4078 Evangelii,
1056 4007 1338 4062 ambulans
1370 4008 1530 4062 Jesus
1561 4024 1725 4078 super
1751 4026 1922 4075 mare,

326 4097 381 4152 id
412 4105 496 4153 est
543 4097 761 4153 calcans
809 4097 1195 4151 amaritudines
1241 4095 1440 4162 smculi,
1486 4097 1779 4152 ambulavit
1820 4099 1927 4153 Pe-

330 4194 443 4240 trus
476 4202 642 4257 super
670 4201 863 4258 aquas,
897 4202 1062 4256 super
1102 4185 1486 4241 amaritudines
1532 4186 1666 4251 sive,
1710 4186 1927 4242 calcans

330 4275 460 4329 vitia
509 4283 881 4346 peccatorum,
931 4275 1086 4328 Petro
1133 4283 1413 4346 mergente
1457 4274 1511 4328 in
1559 4291 1728 4340 mare,
1762 4275 1818 4330 id
1847 4283 1931 4331 est

327 4363 658 4419 dubietatem
689 4363 836 4428 ﬁdei,
871 4363 950 4418 sic
980 4363 1156 4416 omnis
1189 4362 1281 4432 qui
1312 4362 1518 4416 dubitat
1547 4363 1602 4416 in
1632 4362 1758 4429 ﬁde,
1793 4379 1930 4419 mer-

328 4453 406 4524 git
434 4453 490 4506 in
520 4461 826 4522 peccatum,
858 4451 1099 4506 extendit
1144 4466 1360 4504 manum
1402 4452 1581 4517 Jesus,
1613 4453 1926 4523 apprehen-

330 4542 410 4596 dit
438 4557 584 4612 eum,
617 4541 671 4596 id
703 4549 784 4596 est
827 4541 976 4596 dedit
1004 4540 1054 4594 ei
1081 4539 1402 4608 adjutorium
1450 4539 1576 4595 ﬁdei
1610 4558 1622 4596 :
1657 4542 1773 4598 hazc
1805 4551 1929 4597 sunt

330 4637 564 4702 quatuor
610 4629 761 4700 leges
795 4648 808 4683 :
842 4629 1019 4700 prima
1051 4628 1106 4682 in
1150 4636 1344 4682 natura
1375 4646 1388 4682 :
1438 4629 1674 4684 secunda
1718 4630 1805 4685 lex
1836 4631 1928 4684 lit-

327 4727 444 4774 tera
475 4737 489 4773 :
523 4719 682 4774 tertia
715 4720 1128 4789 Prophetarum,
1163 4725 1358 4788 quarta
1400 4719 1877 4791 Evangelistarum
1911 4738 1924 4773 :

333 4824 458 4864 cum
504 4806 926 4875 transfretasset,
961 4807 1014 4861 id
1045 4816 1126 4861 est
1156 4824 1277 4860 cum
1326 4807 1632 4875 transisset,
1665 4817 1929 4864 venerunt

330 4897 387 4951 in
444 4905 645 4953 terram
695 4896 962 4964 Genesar,
1012 4895 1067 4950 id
1115 4904 1196 4951 est
1243 4896 1308 4950 de
1352 4895 1557 4950 Judaris
1605 4897 1672 4951 ad
1715 4907 1927 4970 gentes,

333 4985 644 5041 obtulerunt
696 4985 746 5040 ei
802 4985 943 5041 male
1000 4984 1282 5051 habentes,
1342 4984 1398 5040 id
1453 4992 1538 5040 est
1592 4985 1753 5041 idolis
1807 5001 1930 5040 ser-

333 5074 563 5130 vientes.

407 5227 610 5283 Mulier
629 5225 951 5282 Chananaea
963 5244 981 5280 :
999 5223 1235 5280 ostendit
1253 5223 1583 5296 primitivam
1605 5224 1930 5291 Ecclesiam,

333 5314 443 5370 ﬁlia
473 5316 592 5384 ejus
620 5331 650 5370 a
673 5314 940 5375 daemonia
967 5321 1178 5382 vexata,
1212 5313 1268 5367 id
1289 5321 1371 5368 est
1390 5312 1639 5368 Ecclesia
1668 5315 1931 5384 gentium,

333 5403 401 5458 ab
449 5404 613 5459 idolis
659 5412 936 5474 corrupta,
988 5410 1176 5456 sanata
1224 5411 1304 5456 est
1349 5402 1528 5473 puella
1567 5418 1632 5456 ex
1663 5402 1752 5456 illa
1781 5404 1930 5472 hora,

278 5519 286 5528 -
337 5493 574 5549 ostendit
622 5492 1038 5548 conversionem
1085 5491 1347 5562 gentium,
1399 5508 1463 5546 ex
1512 5491 1605 5546 illa
1651 5492 1785 5547 hora
1833 5508 1935 5564 qua

343 5581 561 5638 Christo
593 5581 940 5639 crediderunt
974 5599 987 5635 :
1015 5582 1139 5637 Non
1169 5597 1289 5635 sum
1338 5581 1539 5635 missus
1582 5581 1686 5636 nisi
1712 5581 1779 5636 ad
1807 5597 1938 5637 oves

341 5687 469 5746 quce
499 5671 782 5745 perierunt
821 5672 1016 5728 domus
1063 5670 1257 5736 Israel,
1307 5670 1544 5728 ostendit
1585 5671 1940 5743 corporaliter

2025 505 2191 559 Israel
2224 517 2481 562 vocantur
2516 527 2527 562 :
2566 525 2778 563 sumere
2811 525 3024 579 panem,
3071 509 3124 562 id
3174 518 3255 564 est
3300 511 3616 580 doctrinam,

2022 591 2274 664 ﬁliorum,
2307 597 2358 650 id
2391 606 2471 652 est
2502 600 2831 663 Judzeorum,
2866 599 2985 652 dari
3019 599 3263 666 canibus,
3298 599 3352 653 id
3383 609 3465 654 est
3486 617 3620 671 gen-

2023 681 2184 747 tibus,
2220 685 2399 740 catelli
2441 687 2621 752 edunt,
2656 687 2711 740 id
2741 695 2822 741 est
2854 696 3063 760 gentes,
3116 687 3384 758 accipiunt
3413 689 3480 745 de
3512 690 3585 744 mi

2024 771 2122 838 cis,
2156 773 2210 826 id
2241 782 2322 827 est
2352 777 2418 829 de
2448 775 2744 830 minoribus
2773 777 3062 830 mandatis.

2093 887 2353 944 Misereor
2384 891 2559 945 turbae
2591 911 2608 946 :
2639 891 2872 944 ostendit
2901 892 3027 962 quia
3059 893 3206 946 Deus
3237 899 3380 946 totus
3408 895 3615 950 miseri-

2023 990 2144 1030 cors
2175 986 2275 1044 est,
2307 978 2540 1032 triduum
2573 980 2865 1048 perdurant
2904 997 3137 1044 mecum,
3189 982 3424 1036 ostendit
3455 982 3614 1037 ﬁdem

2024 1064 2318 1129 Trinitatis,
2353 1083 2460 1120 non
2505 1068 2705 1121 habent
2750 1069 2879 1138 quid
2923 1070 3266 1134 manducent,
3301 1071 3357 1124 id
3388 1079 3468 1126 est
3509 1088 3614 1126 non

2024 1154 2221 1208 habent
2266 1155 2493 1209 verbum
2548 1157 2970 1225 praedicationis,
3023 1159 3148 1211 nolo
3194 1175 3288 1214 eos
3346 1159 3615 1215 dimittere

2018 1243 2234 1311 jujunos
2260 1261 2326 1297 ne
2356 1244 2606 1298 deﬁciant
2638 1245 2690 1297 in
2723 1246 2826 1310 via,
2865 1247 2915 1298 id
2949 1255 3029 1300 est
3072 1264 3139 1300 ne
3169 1257 3396 1319 pereant
3443 1249 3497 1302 in
3527 1249 3617 1305 via

2025 1332 2230 1387 erroris
2261 1332 2313 1385 in
2351 1341 2620 1403 prmsente
2669 1334 2798 1399 vita,
2841 1335 2964 1406 quia
3014 1335 3148 1389 ﬁdes
3197 1337 3312 1391 sine
3361 1338 3616 1408 operibus

2024 1429 2237 1474 mortua
2267 1430 2350 1474 est
2384 1439 2396 1475 :
2428 1438 2524 1491 per
2553 1430 2759 1492 septem
2810 1439 2981 1493 panes
3023 1424 3255 1479 ostendit
3303 1427 3613 1495 eptaticurn,

2023 1524 2223 1578 paucos
2252 1509 2430 1579 pisces
2461 1511 2695 1564 ostendit
2727 1511 2972 1564 ordinem
3005 1513 3387 1582 prophetarum
3420 1515 3504 1569 vel
3538 1532 3616 1569 sa-

2025 1598 2328 1662 cerdotum,
2364 1615 2528 1668 super
2560 1607 2759 1652 terram
2791 1600 3158 1667 discumbens,
3211 1603 3445 1656 ostendit
3481 1620 3615 1674 per-

2024 1685 2277 1740 fectiores
2303 1687 2416 1755 jam
2445 1687 2654 1742 calcata
2685 1688 2813 1742 vitia
2845 1704 2961 1756 sua,
2997 1706 3094 1758 per
3136 1699 3343 1759 septem
3375 1702 3611 1761 sportas,

1956 1770 2008 1829 B
2028 1783 2235 1844 septem
2269 1777 2520 1829 doctores
2550 1776 2780 1846 Spiritus
2808 1778 3002 1842 sancti,
3035 1778 3290 1833 Pharisaei
3322 1780 3501 1847 divisi,
3526 1781 3615 1836 Sa-

2026 1864 2218 1928 ducaei,
2247 1864 2536 1933 justiﬁcati,
2571 1866 2766 1919 cmlum
2800 1882 3071 1932 serenum,
3107 1866 3161 1920 id
3192 1876 3273 1921 est
3296 1871 3618 1926 resurrectio

2026 1951 2244 2019 Christi,
2275 1954 2474 2007 ccelum
2504 1954 2867 2008 rubicundum
2897 1953 3089 2008 eﬁ‘usio
3139 1957 3420 2027 sanguinis
3456 1976 3469 2012 :
3501 1973 3620 2013 cce-

2026 2042 2136 2095 lum
2195 2041 2366 2107 triste,
2419 2042 2729 2112 passionem
2778 2042 2977 2096 Christi
3024 2044 3276 2112 ostendit,
3327 2053 3619 2114 tempestas

2026 2130 2254 2184 rutilans
2286 2129 2555 2202 signiﬁcat
2585 2131 3021 2200 persecutionem
3047 2147 3058 2184 :
3091 2140 3280 2186 cavete
3301 2149 3329 2185 a
3353 2132 3619 2191 fermento

2025 2219 2440 2287 Pharisaeorum,
2489 2220 2541 2273 id
2591 2227 2672 2273 est
2704 2236 2732 2272 a
2771 2219 3016 2274 doctrina
3063 2236 3272 2274 eorum.
3325 2222 3532 2288 Simon,
3565 2223 3620 2278 id

2025 2318 2106 2363 est
2138 2309 2418 2372 obediens,
2453 2308 2507 2362 id
2537 2316 2620 2363 est
2649 2307 2791 2362 ﬁlius
2821 2310 2974 2377 Jona,
3008 2309 3062 2362 id
3093 2317 3175 2362 est
3197 2309 3449 2365 columba
3479 2313 3623 2382 quod

2025 2397 2411 2466 interpretatur
2443 2397 2673 2467 Spiritus
2721 2405 2957 2463 sanctus,
3008 2413 3134 2452 caro
3163 2405 3216 2451 et
3246 2399 3465 2470 sanguis
3511 2416 3622 2456 non

2023 2485 2282 2540 revelavit
2331 2485 2425 2538 tibi
2487 2485 2541 2538 id
2589 2493 2670 2539 est
2705 2494 2857 2555 pater
2904 2495 2954 2539 et
3002 2495 3179 2542 mater
3226 2504 3335 2542 non
3382 2489 3620 2544 ostendit

2024 2574 2140 2639 tibi,
2176 2582 2345 2644 portae
2376 2574 2429 2628 in
2459 2573 2655 2628 inferni
2686 2582 2807 2628 sunt
2836 2583 3055 2644 peccata
3105 2577 3403 2641 hominum,
3435 2576 3620 2632 claves

2027 2663 2182 2736 regni
2227 2664 2490 2718 caelorum
2539 2672 2776 2734 potestas
2823 2671 2903 2718 est
2945 2664 3151 2736 ligandi
3182 2674 3233 2720 et
3262 2666 3530 2732 solvendi,
3563 2667 3619 2721 id

2026 2761 2105 2807 est
2137 2769 2236 2822 per
2265 2752 2632 2822 pmnitentiam
2659 2753 2987 2821 aperientur,
3021 2754 3187 2808 multa
3231 2755 3344 2824 pati
3373 2770 3403 2807 a
3432 2755 3618 2809 senio-

2025 2841 2178 2895 ribus
2209 2850 2261 2895 et
2293 2841 2504 2907 scribis,
2553 2843 2670 2897 haec
2700 2841 2886 2897 dicens
2938 2843 3097 2896 Jesus
3147 2844 3383 2897 ostendit
3412 2845 3620 2914 passio—

2025 2945 2151 2984 nem
2181 2937 2233 2984 et
2260 2930 2730 2997 resurrectionem,
2779 2931 2907 2984 dicit
2949 2931 3017 2984 ad
3059 2932 3275 2986 Petrum
3318 2933 3457 2987 vade
3497 2940 3621 3002 post

2025 3034 2130 3082 me,
2165 3018 2402 3072 ostendit
2432 3019 2607 3088 ipsum
2639 3017 2970 3083 cruciﬁxum,
3004 3027 3127 3089 post
3167 3027 3220 3074 te
3260 3021 3498 3090 abneget
3524 3037 3615 3076 se-

2025 3107 2337 3177 metipsum,
2371 3107 2426 3160 id
2455 3113 2539 3161 est
2569 3115 2875 3162 contemnat
2921 3108 3247 3178 voluptatem
3297 3109 3494 3174 carnis,
3527 3109 3619 3181 qui

2023 3204 2164 3249 amat
2207 3196 2536 3264 voluptatem
2580 3197 2856 3266 propriam
2907 3196 3140 3250 animam
3184 3198 3359 3267 perdit
3393 3215 3405 3251 :
3439 3198 3622 3253 anima

2024 3284 2128 3348 hic,
2164 3300 2263 3354 pro
2296 3285 2570 3354 voluptate
2597 3284 2835 3355 ponitur,
2869 3286 2963 3355 qui
2992 3286 3172 3356 perdit
3199 3287 3435 3342 animam
3467 3304 3620 3342 suam

2024 3371 2263 3426 inveniet
2293 3389 2429 3439 eam,
2465 3373 2677 3426 duobus
2725 3373 2903 3428 modis
2950 3374 3184 3428 animam
3229 3375 3402 3445 perdit
3432 3375 3616 3442 homo,

2023 3477 2124 3530 per
2169 3461 2489 3530 martyrium
2538 3468 2589 3514 et
2647 3463 3009 3534 abnegatione
3057 3463 3350 3534 corporis:
3387 3464 3625 3520 inveniet

2025 3564 2167 3615 eam,
2209 3548 2263 3602 id
2311 3557 2412 3616 est,
2465 3549 2518 3602 in
2569 3565 2801 3621 regnum
2848 3550 2994 3604 Dei:
3029 3553 3501 3608 commutationem
3531 3553 3622 3608 dat

2024 3653 2125 3708 pro
2173 3637 2370 3705 anima,
2417 3637 2510 3709 qui
2564 3652 2785 3692 carnem
2829 3653 2981 3692 suam
3035 3639 3238 3694 cruciat
3287 3649 3340 3696 et
3383 3641 3619 3698 animam

2024 3725 2206 3780 nutrit.

2097 3872 2227 3925 Post
2281 3885 2384 3925 sea:
2439 3867 2575 3925 dies.
2602 3868 2722 3924 Jam
2749 3867 2802 3922 in
2847 3869 3077 3939 septimo
3120 3871 3373 3942 ostendit,
3435 3878 3620 3926 aetates

2026 3958 2232 4028 mundi,
2279 3957 2512 4029 septima
2556 3975 2677 4030 quae
2722 3957 2936 4029 requies
2984 3958 3344 4030 intelligitur:
3379 3960 3620 4026 Petrum,

2026 4049 2287 4104 Jacobum
2319 4056 2370 4102 et
2401 4048 2684 4116 Joannem,
2715 4047 2803 4102 hic
2833 4047 3068 4102 ostendit
3098 4055 3265 4103 totam
3293 4049 3620 4117 Ecclesiam,

2029 4137 2176 4193 ducit
2225 4137 2345 4190 illos
2401 4137 2454 4190 in
2513 4143 2771 4200 montem,
2825 4136 2880 4190 id
2938 4145 3038 4201 est,
3099 4137 3153 4191 in
3213 4153 3441 4210 regnum
3502 4139 3621 4204 Dei,

2023 4225 2304 4298 splenduit
2354 4223 2520 4279 facies
2569 4225 2686 4294 ejus
2717 4225 2850 4281 sicut
2881 4226 2982 4292 sol,
3014 4226 3069 4280 id
3109 4235 3190 4280 est
3221 4227 3392 4282 sancti
3426 4227 3480 4281 in
3510 4228 3631 4299 glo-

2030 4316 2108 4370 ria
2141 4314 2335 4380 Patris,
2395 4313 2555 4368 aliter
2613 4315 2778 4368 Vetus
2834 4315 3240 4370 Testamentum
3269 4315 3541 4386 splenduit
3576 4316 3632 4370 in

2029 4405 2241 4459 Novum
2277 4419 2288 4456 :
2325 4402 2646 4457 vestimenta
2675 4402 2802 4456 alba
2833 4403 2968 4456 sicut
2990 4404 3098 4470 nix,
3135 4404 3188 4457 id
3221 4411 3302 4458 est
3331 4420 3631 4476 congrega-

1956 4489 2014 4552 D
2035 4493 2107 4547 tio
2136 4491 2377 4546 omnium
2424 4489 2682 4546 ﬁdelium.
2730 4493 2834 4546 Per
2876 4493 3099 4562 Moysen
3129 4493 3363 4547 ostendit
3392 4493 3628 4548 litteram

2028 4580 2169 4653 legis
2203 4599 2216 4634 :
2251 4582 2352 4635 Per
2380 4580 2609 4646 Heliam,
2657 4579 2903 4634 ordinem
2941 4581 3344 4650 prOphetarum,
3381 4582 3626 4638 Christus

2031 4686 2157 4725 cum
2189 4669 2470 4739 discipulis
2523 4668 2757 4723 ostendit
2783 4669 2996 4722 Novum
3026 4670 3431 4726 Testamentum
3469 4688 3480 4726 :
3515 4673 3628 4726 Nu-

2033 4760 2130 4813 bes
2161 4766 2318 4822 tetra,
2350 4757 2405 4812 id
2435 4765 2517 4811 est
2559 4757 2698 4828 legis
2727 4757 2925 4812 littera.
2961 4759 3148 4812 Nuber
3178 4760 3423 4827 candida,
3460 4760 3515 4814 id
3547 4769 3631 4814 est

2031 4847 2349 4920 prmdicatio
2427 4845 2728 4916 Evangelii.
2817 4847 3001 4901 Nubes
3085 4847 3357 4916 pluvialis,
3428 4849 3482 4904 id
3547 4858 3629 4903 est

2031 4935 2347 5008 praidicatio
2377 4935 2765 5005 apostolorum,
2801 4935 2892 5006 qui
2915 4935 3180 4991 faciebant
3203 4935 3434 4991 fructum
3457 4938 3630 5008 paeni-

2033 5024 2232 5090 tentiae,
2265 5032 2389 5094 post
2436 5023 2813 5079 ascensionem
2858 5024 3075 5088 Christi,
3125 5041 3250 5080 cum
3292 5025 3533 5082 venisset
3561 5028 3632 5083 ad

2035 5113 2240 5178 turbas,
2278 5111 2333 5166 id
2361 5121 2443 5167 est
2470 5128 2592 5168 cum
2622 5112 2997 5168 descendisset
3026 5113 3082 5166 in
3112 5115 3394 5169 mundum.

2104 5229 2273 5284 Homo
2302 5230 2530 5300 genibus
2557 5227 2886 5302 provolutus
2920 5248 2937 5284 :
2967 5228 3201 5285 ostendit
3232 5231 3476 5286 ordinem
3507 5232 3636 5286 Pro-

2032 5317 2356 5389 phatarum,
2389 5319 2480 5388 qui
2512 5318 2742 5392 rogabat
2771 5333 2954 5388 posse,
2987 5319 3138 5390 quasi
3170 5321 3414 5375 Ecclesia
3447 5339 3460 5373 :
3494 5319 3633 5372 ﬁlius

2036 5407 2151 5476 ejus
2181 5406 2464 5472 lunaticus,
2515 5408 2746 5463 ostendit
2789 5407 3047 5478 populum
3103 5409 3364 5478 gentium,
3399 5409 3633 5461 adoran-

2037 5504 2120 5551 tes
2153 5496 2317 5561 idola,
2353 5496 2491 5551 cadit
2537 5497 2589 5550 in
2628 5498 2833 5567 ignem,
2885 5497 2942 5551 id
3001 5506 3100 5561 est,
3152 5499 3206 5551 in
3265 5495 3634 5566 cupiditatem,

2038 5585 2236 5641 crebro
2285 5585 2341 5639 in
2387 5601 2604 5656 aquam,
2639 5586 2692 5640 id
2723 5595 2804 5642 est
2836 5587 2890 5641 in
2935 5587 3225 5650 luxuriam,
3281 5582 3475 5637 transit
3513 5583 3640 5640 hinc

2039 5675 2109 5731 de
2139 5674 2342 5732 Judaeis
2374 5675 2444 5731 ad
2473 5682 2684 5748 gentes,
2718 5678 2854 5734 vade
2882 5677 2952 5732 ad
2982 5691 3153 5740 mare,
3177 5675 3232 5728 id
3253 5681 3333 5729 est
3356 5673 3426 5728 ad
3447 5680 3642 5744 gentes
