4002 6184
365 334 466 386 883

898 329 1302 386 WALAFRJDI
1330 327 1572 384 STRABI
1606 327 1809 383 FULD.
1842 326 2013 383 MON.
2046 327 2198 384 OPP.
2233 327 2408 384 PARS
2438 329 2479 383 Ι.
2513 358 2582 370 -—
2608 327 3080 385 THEOLOGICA.

3557 336 3663 389 884

436 455 589 511 Mitte
620 455 854 512 hamum
877 475 894 510 :
923 454 978 509 id
1010 462 1089 543 est
1110 452 1765 543 verbumiprzedicationis
1802 469 1816 507 :
1848 452 1960 524 pis-
1987 458 2236 539 Avinea’
2271 471 2359 526 lex
2389 469 2504 526 sive
2535 486 2839 543 synagoga,
2873 471 3139 526 dinarium
3169 471 3463 539 diurnium,
3497 474 3668 530 mam

361 557 456 598 ces
509 543 601 616 qui
629 543 863 614 primum
893 542 1139 598 ascendit
1183 542 1245 596 in
1286 541 1470 606 alium,
1504 541 1738 596 ostendit
1767 556 1958 597 corne-

360 630 550 698 mium,
582 631 638 686 in
671 648 767 687 ore
795 632 911 700 ejus
940 630 1186 686 invenies
1230 637 1504 695 stateram,
1538 629 1591 683 id
1623 637 1709 685 est
1736 629 1957 685 confes-

361 719 570 775 sionem
622 719 767 787 ﬁdei,
825 719 1214 774 humanitatem
1262 727 1314 773 et
1360 719 1718 774 divinitatem.
1769 719 1847 774 Da
1877 719 1958 773 eis

361 824 464 880 pro
493 825 581 864 me
612 815 665 862 et
691 824 794 878 pro
824 815 896 873 te,
947 807 1002 862 id
1049 816 1129 862 est
1158 823 1257 878 pro
1299 823 1386 862 me
1418 806 1601 876 ﬁdem,
1653 815 1707 862 et
1747 823 1848 878 pro
1905 814 1958 862 te

355 896 776 964 excusationem,
826 896 1084 967 parvulus
1113 897 1273 950 intrat
1304 912 1534 968 regnum
1585 895 1868 965 cmlorum,
1902 895 1958 949 id

359 993 442 1039 est
472 1000 579 1038 non
608 992 764 1039 aetate
811 1000 1011 1054 parvus
1067 985 1164 1039 sed
1219 991 1399 1038 mente
1446 1000 1634 1054 purus,
1694 983 1837 1038 unde
1885 983 1960 1038 ait

355 1071 670 1143 Apostolus,
703 1072 890 1127 Estote
917 1072 1126 1142 parvuli
1157 1071 1212 1125 in
1244 1071 1465 1126 malitia.

428 1188 533 1255 Qui
560 1188 1038 1244 scandalizaverit
1059 1206 1240 1244 unum
1270 1206 1344 1244 ea:
1367 1190 1454 1244 his
1474 1209 1492 1245 :
1516 1188 1571 1242 id
1588 1195 1670 1244 est
1689 1189 1802 1243 sive
1825 1188 1960 1256 inju-

352 1276 434 1331 ria
463 1277 780 1348 corporalis,
815 1278 930 1332 sive
961 1277 1017 1330 in
1047 1277 1368 1333 adversione
1400 1275 1546 1331 ﬁdei.
1583 1277 1961 1348 Suspendatur

357 1366 520 1434 mola,
563 1365 619 1420 id
669 1373 752 1420 est
804 1381 938 1421 cura
995 1366 1108 1421 sive
1138 1367 1394 1421 circuitus
1441 1367 1600 1434 hujus
1632 1365 1816 1420 saeculi
1851 1383 1862 1421 :
1899 1367 1957 1419 In

359 1455 500 1510 collo
539 1455 676 1523 ejus,
727 1455 782 1506 in
831 1454 1013 1509 labore
1061 1455 1244 1509 saeculi
1277 1473 1290 1508 :
1325 1455 1670 1524 Dimergatur
1699 1455 1754 1508 in
1785 1469 1954 1520 mare,

360 1542 418 1597 id
445 1551 526 1597 est
555 1543 608 1596 in
655 1543 912 1598 saeculum
948 1559 960 1598 :
994 1544 1181 1597 Manus
1230 1551 1342 1610 tua,
1376 1544 1431 1596 id
1462 1550 1543 1598 est
1591 1560 1751 1613 pares
1781 1550 1905 1596 tuus
1941 1562 1954 1597 :

354 1631 552 1696 Pedes,
604 1630 660 1685 id
703 1638 786 1686 est
833 1631 1120 1685 minister:
1167 1630 1390 1697 Oculus,
1441 1631 1495 1686 id
1541 1639 1623 1685 est
1669 1631 1956 1700 episcopus

355 1726 479 1774 tuus
507 1728 597 1774 aut
641 1720 897 1774 sacerdos
941 1736 1039 1774 seu
1088 1720 1278 1775 doctor
1315 1729 1368 1774 et
1413 1719 1614 1774 senior.
1664 1721 1780 1774 Nec
1819 1735 1956 1773 con-

357 1808 612 1863 temnatis
659 1825 825 1862 unum
876 1824 940 1862 ex
987 1808 1093 1874 his,
1125 1825 1194 1875 ne
1226 1817 1412 1862 contra
1457 1823 1644 1862 eorum
1693 1807 1958 1862 innocen-

355 1897 487 1949 tiam
519 1913 532 1949 :
565 1895 698 1951 Ovis
735 1913 856 1966 qua:
889 1896 1106 1963 erravit,
1143 1897 1378 1950 ostendit
1407 1897 1700 1950 humanum
1729 1913 1901 1966 genus
1935 1913 1947 1950 :

352 1985 546 2039 Pastor
571 1984 818 2038 Christus
841 1992 923 2038 est
957 2003 969 2038 :
1007 1983 1152 2039 Oves
1171 1984 1373 2038 relictis
1393 1984 1449 2037 in
1469 1985 1762 2050 montibus,
1777 1993 1951 2039 osten-

355 2073 433 2126 dit
462 2073 683 2127 ordines
713 2073 1034 2144 angelorum
1065 2073 1156 2143 qui
1190 2073 1491 2127 consistunt
1520 2073 1575 2126 in
1615 2073 1946 2128 coelestibus.

427 2180 487 2234 Si
513 2181 830 2252 peccaverit
859 2183 1045 2250 frater
1077 2183 1228 2246 tuus,
1259 2182 1478 2251 corripe
1500 2197 1628 2236 eum
1650 2181 1803 2235 inter
1827 2184 1878 2235 te
1897 2186 1953 2236 et

354 2271 545 2342 ipsum
579 2285 592 2322 :
621 2275 678 2323 ut
719 2268 954 2323 detectio
999 2268 1204 2338 peccati
1236 2283 1347 2322 non
1385 2268 1494 2332 ﬁet,
1537 2277 1588 2322 et
1620 2268 1950 2339 improperio

355 2357 504 2412 fratri
526 2372 635 2411 non
654 2367 929 2427 nascatur,
949 2358 1035 2412 die
1053 2357 1336 2422 Ecclesiae,
1362 2357 1415 2411 id
1436 2365 1518 2412 est
1538 2358 1950 2429 congregationi

356 2446 616 2515 ﬁdelium,
650 2446 917 2512 ethnicus,
950 2446 1005 2500 id
1037 2454 1118 2501 est
1145 2446 1378 2519 gentiles
1426 2455 1478 2500 et
1515 2447 1831 2516 publicanus
1871 2456 1954 2502 est

358 2536 449 2606 qui
495 2535 711 2606 publice
755 2542 947 2606 peccat
979 2553 992 2588 :
1027 2536 1150 2589 Non
1180 2536 1360 2606 imago
1407 2551 1595 2590 eorum
1640 2537 1708 2589 sit
1755 2536 1848 2590 tibi
1897 2536 1950 2590 in

357 2624 502 2690 odio,
537 2624 635 2679 sed
675 2639 839 2694 opera
889 2639 1096 2678 eorum.
1133 2623 1190 2679 Si
1220 2624 1326 2678 duo
1359 2623 1754 2694 consenserint,
1788 2624 1841 2678 id
1873 2632 1953 2678 est

357 2727 487 2768 caro
517 2720 569 2767 et
597 2713 773 2766 anima
807 2731 821 2766 :
855 2712 911 2767 Si
942 2728 1072 2768 caro
1101 2712 1441 2768 consenserit
1467 2712 1660 2768 animae
1692 2731 1704 2766 :
1739 2713 1828 2785 qui
1857 2728 1952 2783 pe-

356 2800 437 2868 tit,
469 2817 572 2872 per
598 2800 762 2856 ﬁdem
790 2801 1015 2872 accepit.

429 2908 627 2964 Simile
640 2913 726 2965 est
741 2924 982 2980 regnum
994 2908 1262 2964 calorum
1273 2908 1491 2964 homini
1506 2908 1644 2978 regi,
1665 2907 1761 2979 qui
1777 2907 1957 2963 voluit

357 2998 638 3054 rationem
664 3014 872 3070 ponere
902 3014 1032 3054 cum
1059 2999 1235 3053 servi:
1266 2996 1403 3052 suis.
1437 2995 1542 3064 Qui
1579 2996 1741 3050 debet
1778 2995 1955 3050 decim

356 3085 527 3141 millia
569 3087 781 3151 talenta,
815 3094 898 3141 est
944 3085 1036 3156 qui
1081 3091 1270 3155 peccat
1315 3084 1371 3138 in
1418 3085 1610 3139 Deum.
1644 3083 1749 3152 Qui
1796 3084 1956 3139 debet

2058 568 2354 615 aeternam:
2380 559 2561 614 Prima
2579 559 2709 614 hora
2727 560 2874 615 venit
2900 559 3059 627 Abel,
3092 561 3250 616 tertia
3278 563 3418 617 hora
3449 563 3589 630 Noe,
3615 573 3672 618 et

2059 647 2156 703 ﬁlii
2185 649 2302 718 ejus
2327 667 2341 702 :
2367 651 2428 703 In
2457 648 2594 714 foro,
2628 649 2684 704 id
2714 657 2796 704 est
2824 649 2877 703 in
2908 650 3132 717 mundo,
3168 660 3320 706 sexta
3349 651 3491 707 hora
3519 654 3673 707 venit

2059 738 2356 792 Abraham.
2389 738 2544 792 Nona
2574 739 2710 791 hora
2733 738 2877 792 venit
2905 741 3121 808 Moyses
3143 747 3195 794 et
3215 740 3377 794 david
3401 759 3413 793 :
3435 742 3671 796 Undeci-

2059 842 2150 881 ma
2181 827 2332 892 hora,
2368 826 2515 880 venit
2543 826 2775 896 populus
2801 827 3083 899 gentium:
3116 827 3238 883 Alio
3267 829 3453 894 modo,
3487 829 3668 901 prima

2059 917 2212 983 hora,
2244 915 2299 969 id
2346 923 2429 969 est
2476 913 2700 969 infantia
2747 917 3027 982 secunda;
3080 917 3216 971 hora
3263 918 3661 990 adolescentia,

2061 1013 2211 1058 sexta
2234 1005 2506 1072 juventus,
2541 1019 2682 1060 novo
2727 1013 2998 1071 senectus,
3045 1005 3336 1061 undecima
3383 1007 3670 1078 decrepita

2059 1101 2188 1147 aetas
2223 1109 2236 1148 :
2271 1108 2608 1165 quacumque
2638 1094 2764 1148 hora
2822 1109 3117 1148 conversus
3148 1095 3477 1166 ingemuerit
3505 1097 3670 1152 homo

2061 1197 2127 1237 ex
2157 1189 2268 1236 toto
2298 1182 2466 1237 corde
2495 1181 2708 1252 accepit
2735 1181 3008 1236 dinarium
3039 1183 3293 1237 diurnum
3324 1203 3337 1236 :
3374 1185 3513 1239 Sero
3543 1184 3665 1241 fac-

2061 1278 2192 1336 tum,
2229 1271 2285 1325 id
2331 1278 2414 1324 est
2457 1269 2564 1327 ﬁne
2606 1271 2794 1324 mundi
2830 1289 2842 1324 :
2877 1272 3207 1326 Procurator
3255 1273 3428 1327 vineae
3494 1274 3666 1328 Chri-

2065 1367 2208 1424 stus,
2243 1359 2335 1430 qui
2380 1368 2852 1414 murmuraverunt
2880 1359 3050 1414 Judaei
3085 1367 3228 1426 sunt,
3259 1361 3508 1416 dicentes
3538 1378 3672 1433 por-

2059 1449 2292 1503 tavimus
2321 1448 2536 1518 pondus
2567 1448 2696 1515 diei,
2729 1447 2783 1501 id
2813 1455 2895 1503 est
2922 1456 3206 1519 portantes
3235 1448 3418 1522 legem
3447 1459 3502 1506 et
3532 1452 3667 1506 Pro-

2061 1537 2270 1607 phetas.

2130 1669 2371 1734 Jericho,
2403 1669 2787 1740 interpretatur
2813 1667 2962 1736 luna,
2997 1667 3268 1741 signiﬁcat
3296 1670 3664 1727 defectionem

2058 1757 2267 1828 populi,
2303 1758 2410 1812 duo
2440 1758 2571 1813 caeci
2599 1758 2906 1828 signiﬁcant
2931 1758 3134 1813 Judeos
3165 1768 3216 1814 et
3235 1769 3447 1830 gentes,
3475 1762 3667 1827 seden-

1988 1816 2144 1901 Btes
2203 1863 2361 1901 secus
2405 1847 2565 1911 viam,
2613 1847 2668 1901 id
2715 1857 2792 1901 est
2842 1864 3086 1917 praesens
3131 1847 3234 1901 vita
3274 1850 3428 1916 juxta
3473 1850 3661 1917 ﬁnem,

2055 1935 2292 1989 transire
2323 1937 2526 2002 Jesum,
2563 1936 2619 1990 id
2648 1944 2730 1989 est
2759 1952 2856 2006 per
2884 1936 3312 1991 incarnationem
3341 1948 3392 1992 et
3415 1938 3665 1994 humani-

2056 2024 2176 2077 tatis
2207 2023 2475 2090 transivit,
2509 2041 2609 2095 per
2656 2025 2936 2090 mundum,
2983 2033 3126 2079 stare
3155 2026 3364 2092 Iesum,
3399 2028 3661 2083 divinita-

2054 2121 2160 2168 tem
2193 2113 2446 2181 ostendit,
2501 2129 2624 2168 cum
2670 2114 3164 2185 appropinquasset
3203 2115 3571 2187 Jerosolyma,
3609 2118 3663 2172 id

2054 2211 2135 2257 est
2166 2218 2292 2257 cum
2318 2203 2556 2256 venisset
2602 2202 2658 2256 in
2691 2203 2950 2256 mundum
2985 2221 2996 2256 :
3029 2203 3311 2276 Bethfage,
3347 2205 3403 2258 id
3438 2214 3524 2259 est
3554 2205 3661 2260 do-

2052 2308 2173 2344 mus
2203 2291 2407 2356 bucca},
2442 2291 2526 2346 vel
2548 2291 2781 2346 maxillae
2807 2310 2819 2344 :
2845 2294 3000 2345 Mons
3031 2291 3248 2358 Oliveti,
3277 2293 3332 2347 id
3355 2302 3436 2347 est
3460 2311 3665 2349 nomen

2051 2381 2214 2437 trium
2243 2381 2526 2445 luminum,
2575 2379 2630 2433 id
2673 2388 2756 2434 est
2801 2379 3030 2436 refectio
3075 2381 3305 2446 laboris,
3355 2383 3662 2438 consolatio

2054 2469 2254 2540 Operis,
2289 2469 2478 2523 notitia
2515 2468 2629 2522 veri
2660 2468 2898 2536 luminis,
2943 2470 3228 2523 castellum
3271 2471 3417 2541 quod
3466 2481 3661 2527 contra

2054 2575 2151 2612 vos
2217 2566 2316 2625 est,
2385 2557 2439 2610 id
2505 2565 2587 2612 est
2651 2557 2953 2612 Jerusalem
3021 2575 3142 2630 quae
3217 2568 3408 2614 contra
3473 2560 3661 2633 legem

2054 2645 2340 2718 Evangelii
2358 2646 2710 2718 repugnabat,
2733 2647 2924 2701 solvite
2942 2655 2992 2700 et
3015 2647 3265 2702 adducite
3294 2649 3446 2714 mihi,
3481 2658 3666 2704 osten-

2051 2735 2130 2790 ‘dit
2154 2733 2566 2790 conversionem
2596 2735 2922 2801 Judmorum,
2958 2735 3071 2790 sive
3101 2737 3365 2807 gentium,
3397 2755 3498 2809 per
3526 2756 3664 2809 pm

2055 2824 2382 2880 dicationem
2426 2824 2818 2894 apostolorum.
2866 2825 3127 2879 Dominus
3175 2841 3311 2896 Opus
3356 2827 3659 2883 habetnon

2056 2913 2200 2968 aliud
2236 2912 2341 2966 nisi
2383 2911 2544 2967 ﬁdem
2595 2912 2663 2967 ad
2695 2912 2844 2977 Sion,
2888 2913 2942 2967 id
2990 2921 3070 2967 est
3093 2914 3310 2984 specula
3358 2915 3485 2970 vita:
3533 2914 3661 2973 ﬁliae

2059 3002 2208 3071 Sion,
2242 3001 2298 3055 id
2341 3010 2424 3056 est
2471 3001 2822 3072 congregatio
2865 3001 3126 3068 ﬁdelium,
3170 3019 3272 3072 per
3311 3004 3658 3069 vestimenta,

2057 3091 2292 3146 ostendit
2325 3090 2650 3156 doctrinam,
2685 3090 2927 3146 facerunt
2959 3108 3081 3146 eum
3104 3092 3340 3162 desuper
3361 3093 3581 3159 sedere,
3608 3094 3664 3150 id

360 3182 576 3230 centum
606 3173 884 3239 denarios,
929 3180 1013 3228 est
1041 3172 1134 3244 qui
1167 3179 1358 3244 peccat
1403 3172 1459 3226 in
1500 3171 1724 3227 fratrem
1773 3189 1947 3242 suum,
1975 3171 2023 3234 C
2057 3189 2158 3244 est,
2221 3180 2466 3235 Christus
2507 3179 2560 3233 in
2611 3181 2780 3234 corda
2822 3179 3083 3246 ﬁdelium,
3134 3189 3438 3236 straverunt
3485 3185 3660 3238 vesti-

360 3262 611 3319 conservi
643 3263 734 3334 qui
757 3261 1177 3332 judiciaverunt,
1208 3261 1390 3334 angeli
1420 3268 1564 3316 sunt.

439 3377 577 3434 Cum
591 3383 1037 3434 consummasset
1051 3379 1078 3432 J
1083 3393 1208 3432 esus
1221 3391 1506 3433 sermones
1532 3376 1686 3443 istos,
1702 3375 1956 3448 migravit

357 3466 429 3522 ad
460 3465 761 3535 Galilaeam,
793 3466 849 3522 id
889 3475 972 3523 est
999 3466 1056 3522 in
1082 3464 1192 3522 ﬁne
1239 3465 1448 3534 mundi,
1499 3465 1569 3522 de
1609 3465 1860 3538 gentibus
1887 3463 1954 3519 ad

355 3555 621 3612 Judaaam.

430 3671 722 3744 Relinquit
752 3671 912 3729 homo
935 3674 1163 3745 patrem
1190 3674 1248 3728 et
1267 3673 1513 3728 matrem
1536 3687 1550 3725 :
1574 3669 1810 3726 Ostendit
1830 3668 1957 3742 quia

354 3760 610 3832 relinquit
641 3760 886 3816 Christus
916 3761 1129 3816 Patrem
1158 3760 1216 3815 in
1243 3759 1401 3826 cmlo,
1443 3759 1524 3815 sic
1570 3766 1750 3814 tamen
1781 3757 1954 3812 relin-

355 3849 466 3922 quit
494 3857 551 3904 ut
579 3865 690 3906 non
745 3849 962 3905 deserat
1018 3857 1266 3915 matrem,
1325 3848 1382 3904 id
1425 3855 1508 3903 est
1563 3861 1950 3919 synagogam:

356 3938 658 3994 adhaerebit
710 3937 868 3994 uxori
925 3954 1057 4004 suas,
1113 3937 1169 3992 id
1225 3945 1306 3992 est
1361 3936 1612 3992 Christus
1667 3935 1950 3991 Ecclesim.

355 4029 529 4084 Erunt
557 4027 667 4082 duo
696 4027 752 4081 in
782 4041 945 4083 carne
993 4041 1119 4092 una,
1170 4023 1405 4080 ostendit
1444 4023 1570 4094 quia
1600 4023 1844 4078 Christus
1873 4032 1954 4078 est

354 4123 535 4186 caput,
567 4129 765 4187 corpus
791 4104 920 4171 vero
948 4113 1199 4170 Ecclesia
1230 4131 1244 4168 :
1278 4114 1424 4169 Uxor
1452 4111 1709 4167 deserere
1739 4127 1769 4164 a
1798 4127 1949 4179 vero,

357 4203 415 4260 id
445 4211 528 4260 est
556 4219 680 4260 cum
709 4203 1025 4260 discesserit
1070 4201 1194 4274 quis
1221 4217 1254 4256 a
1283 4200 1517 4267 Christo,
1565 4208 1692 4256 tunc
1720 4200 1952 4269 conjun-

358 4293 438 4366 git
467 4309 526 4348 se
574 4292 772 4348 haeresi
820 4307 876 4346 1n
904 4307 1013 4346 uno
1061 4289 1271 4348 scelere
1301 4307 1314 4344 :
1346 4289 1588 4359 Quatuor
1633 4289 1828 4344 animm
1857 4305 1954 4360 pe-

354 4386 534 4448 reunt,
566 4381 622 4437 id
651 4389 735 4436 est
755 4381 847 4453 qui
879 4379 1096 4435 dimittit
1124 4395 1346 4435 uxorem
1377 4395 1529 4433 suam
1579 4386 1728 4434 extra
1779 4379 1952 4435 ratio-

357 4486 483 4526 nem
516 4477 570 4525 et
598 4469 691 4542 qui
720 4469 1001 4524 dimissam
1030 4468 1180 4524 ducit
1201 4485 1214 4522 :
1235 4467 1452 4524 difﬁcile
1481 4467 1634 4523 dives
1665 4466 1880 4524 intravit
1900 4475 1955 4523 et

355 4558 570 4631 reliqua
605 4577 616 4612 :
648 4559 719 4614 de
764 4557 849 4613 his
904 4557 1036 4614 dicit
1079 4556 1170 4629 qui
1217 4557 1318 4611 sub
1365 4555 1587 4612 avaritia
1634 4556 1944 4626 possident:

358 4646 607 4704 foramen
645 4662 797 4716 acus,
851 4645 1130 4717 posterula
1199 4645 1506 4701 Jerusalem
1559 4644 1793 4700 dicitur:
1827 4645 1948 4700 Alio

355 4736 520 4794 modo
548 4735 798 4791 foramen
827 4751 977 4806 acus,
1001 4734 1274 4792 confessio
1301 4732 1448 4801 ﬁdei,
1479 4733 1566 4790 vel
1593 4733 1944 4804 poenitentiae,

322 4881 327 4886 .
357 4825 553 4882 divites
593 4824 768 4880 Judaei
815 4823 1084 4893 dicuntur,
1125 4823 1364 4880 camelus
1393 4822 1626 4894 populus
1655 4821 1900 4895 gentium
1931 4839 1945 4876 :

355 4915 516 4970 tertio
543 4913 708 4970 modo
738 4912 982 4969 foramen
1001 4927 1156 4979 acus,
1178 4912 1416 4968 ostendit
1431 4912 1745 4984 passionem
1811 4910 1957 4966 Chri-

365 5001 452 5067 sti,
499 5003 763 5069 camelus,
813 5001 868 5057 id
897 5011 980 5058 est
1028 5001 1122 5074 qui
1149 5008 1330 5073 portat
1357 5008 1577 5073 peccata
1605 5001 1828 5072 generis
1851 5001 1952 5056 hu-

355 5089 501 5144 mani
532 5106 547 5143 :
580 5091 639 5144 In
669 5091 1107 5162 regeneratione,
1139 5090 1195 5146 id
1223 5098 1307 5148 est
1341 5106 1442 5162 per
1471 5091 1946 5147 resurrectionem.

427 5178 614 5234 Erunt
641 5179 932 5234 novissimi
950 5181 1158 5252 primi:
1179 5188 1232 5235 et
1248 5179 1410 5251 primi
1429 5179 1730 5235 novissimi.
1753 5179 1952 5236 Novis-

352 5264 477 5322 simi
506 5264 724 5328 fuerunt
750 5266 982 5336 populus
1011 5269 1287 5342 gentium;
1319 5267 1492 5325 Judaei
1521 5267 1734 5324 fuerunt
1762 5268 1945 5340 primi,

350 5354 481 5414 facti
518 5361 647 5410 sunt
691 5353 974 5410 novissimi
1006 5374 1020 5411 :
1053 5357 1144 5414 Sic
1173 5357 1243 5413 de
1272 5357 1433 5412 Petro
1475 5364 1526 5413 et
1564 5356 1779 5413 latrone
1811 5375 1824 5412 :
1860 5358 1951 5414 Sic

350 5445 420 5503 de
446 5443 652 5500 infante
681 5451 736 5499 et
764 5442 980 5499 seniore
1013 5461 1027 5498 :
1062 5444 1474 5515 Paterfamilias,
1524 5446 1783 5503 conduxit
1811 5462 1949 5517 ope-

350 5533 577 5590 rarion's
605 5533 665 5589 in
690 5531 906 5589 vineam
934 5547 1109 5598 suam,
1141 5533 1304 5589 Pater
1342 5534 1590 5591 Christus
1636 5543 1736 5601 est,
1770 5535 1952 5606 prima

349 5636 512 5680 mane
567 5621 806 5679 ostendit
847 5620 1054 5677 initium
1098 5621 1330 5676 mundi:
1375 5624 1654 5694 Operarios
1711 5623 1951 5680 cultores

351 5710 728 5768 mandatorum
757 5710 880 5770 Dei.
912 5711 1102 5780 Vinea,
1154 5709 1210 5767 id
1250 5719 1334 5768 est
1360 5711 1630 5779 Ecclesia,
1678 5713 1732 5768 in
1763 5721 1950 5770 vetere

2058 3276 2242 3335 menta
2271 3269 2326 3322 in
2381 3269 2488 3334 via,
2552 3269 2966 3324 conversionem
3011 3269 3327 3324 humilitatis
3371 3273 3659 3327 ostendit:

2058 3359 2260 3414 Ramos
2291 3357 2359 3412 de
2389 3357 2692 3425 arboribus,
2727 3357 2782 3412 id
2814 3365 2915 3424 est,
2939 3358 3189 3414 doctrina
3211 3360 3475 3432 gentium,
3501 3363 3662 3416 turba

2057 3446 2331 3518 praecedit,
2366 3446 2602 3501 ostendit
2631 3446 2868 3512 Judaeos,
2902 3447 3064 3502 turba
3093 3464 3347 3520 sequens,
3382 3449 3662 3520 signiﬁcat

2057 3543 2253 3608 gentes
2277 3552 2290 3588 :
2325 3533 2566 3602 Osanna,
2601 3534 2813 3589 salvum
2843 3551 2932 3590 me
2961 3535 3072 3605 fac,
3101 3535 3216 3591 sive
3234 3535 3500 3605 salviﬁea,
3521 3540 3664 3594 sicut

2057 3624 2235 3678 salvas
2264 3623 2502 3689 Judaaos,
2539 3621 2692 3678 salva
2725 3631 2778 3678 et
2806 3633 3036 3696 gentes;
3060 3624 3198 3680 sicut
3220 3625 3400 3680 salvas
3431 3627 3661 3699 angelos

2057 3712 2207 3767 salva
2235 3713 2530 3766 humanum
2559 3728 2736 3784 genus
2771 3730 2784 3766 :
2817 3712 2987 3768 Aliter
3029 3729 3214 3768 ramos
3245 3714 3313 3769 de
3345 3715 3659 3782 arboribus,

2055 3801 2110 3855 id
2155 3810 2257 3866 est,
2317 3800 2592 3871 simplices
2636 3801 2910 3867 doctores,
2960 3801 3053 3874 qui
3097 3819 3194 3872 per
3251 3803 3659 3873 simplicitatem

2055 3890 2361 3946 doctrinam
2394 3891 2611 3944 Patrum
2641 3890 2798 3962 quasi
2825 3890 3068 3946 surculos
3098 3891 3442 3947 abscindunt.
3479 3893 3660 3947 Intra-

2053 3979 2130 4033 vit
2157 3980 2317 4034 Jesus
2359 3978 2416 4032 in
2459 3978 2740 4049 templum,
2793 3979 2848 4033 id
2896 3979 3063 4034 estin
3109 3980 3415 4036 Ecclesium
3451 3999 3465 4034 :
3498 3982 3661 4046 Eiicit

2053 4069 2353 4123 vendentes
2382 4075 2435 4122 et
2463 4075 2726 4137 ementes,
2761 4067 2815 4122 id
2845 4076 2932 4123 est
2963 4069 3054 4139 qui
3083 4069 3225 4123 dona
3243 4069 3472 4140 Spiritus
3489 4071 3662 4126 sancti

2053 4156 2292 4212 vendunt
2322 4165 2375 4211 et
2403 4165 2608 4226 emunt,
2659 4156 2753 4228 qui
2795 4156 3123 4228 baptismum
3178 4158 3265 4213 vel
3315 4175 3660 4231 quacumque

2055 4245 2417 4302 sacrationem
2450 4263 2463 4299 :
2497 4244 2784 4315 Cathedra,
2813 4245 2868 4300 id
2899 4253 2982 4300 est
3030 4245 3281 4301 doctrina
3315 4264 3327 4300 :
3361 4248 3574 4314 Mensa,
3601 4248 3659 4303 id

2054 4341 2137 4390 est
2165 4333 2417 4388 mandata
2446 4333 2609 4405 legis,
2642 4349 2842 4405 pueros
2882 4333 3179 4390 clamantes
3225 4334 3280 4388 in
3333 4336 3560 4407 templo,
3602 4337 3658 4391 id

2053 4431 2136 4479 est
2164 4423 2220 4477 in
2248 4422 2514 4492 Ecclesia,
2548 4423 2765 4478 relectis
2793 4422 2900 4477 illis
2926 4421 3056 4477 abiit
3088 4421 3257 4492 foras,
3290 4425 3530 4479 ostendit
3562 4441 3656 4481 re-

1978 4531 2032 4592 D
2055 4511 2212 4568 lictos
2241 4510 2478 4577 Iudaeos,
2513 4511 2647 4566 abiit
2673 4512 2741 4566 ad
2770 4521 2989 4585 gentes:
3025 4511 3304 4577 Bethania,
3338 4511 3392 4567 id
3425 4522 3530 4581 est,
3561 4515 3659 4570 do-

2049 4617 2170 4656 mus
2199 4601 2483 4667 obediens,
2519 4601 2592 4656 ibi
2614 4600 2831 4667 mansit,
2857 4601 3092 4656 ostendit
3113 4601 3386 4657 Christum
3408 4602 3465 4657 in
3489 4603 3658 4659 corde

2049 4689 2415 4746 obedientium
2443 4705 2698 4756 manere;
2732 4691 2952 4745 revertit
2981 4691 3037 4744 in
3085 4690 3383 4759 civitatem,
3420 4692 3657 4747 ostendit

2049 4779 2104 4833 in
2151 4778 2328 4849 primo
2384 4779 2620 4834 adventu
2662 4778 2877 4834 venisse
2921 4779 2989 4833 ad
3015 4779 3235 4835 Judaaos
3269 4797 3282 4833 :
3316 4779 3410 4852 qui
3469 4781 3656 4836 esuriit

2050 4867 2156 4922 nisi
2181 4865 2345 4922 ﬁdem
2389 4867 2702 4922 Judzaorum
2723 4868 2752 4922 ?
2780 4867 2959 4923 Arbor
3001 4865 3110 4934 ﬁci,
3142 4867 3197 4922 id
3223 4876 3304 4923 est
3345 4883 3652 4941 synagoga,

2050 4971 2210 5012 secus
2239 4956 2404 5026 viam,
2428 4957 2580 5025 juxta
2618 4955 2872 5012 litteram.
2905 4955 3051 5010 Nihil
3109 4956 3317 5012 invenit
3348 4957 3404 5012 in
3435 4973 3519 5025 ea,
3553 4958 3656 5012 nisi

2051 5043 2197 5111 folia,
2240 5044 2295 5099 id
2339 5053 2422 5100 est
2467 5043 2863 5099 sustitutionem
2905 5045 3233 5112 Iudaeorum,
3269 5055 3322 5100 et
3351 5045 3654 5102 doctrinam

2050 5141 2396 5206 paternarum
2431 5151 2445 5187 :
2477 5131 2730 5189 Arefacta
2758 5131 3006 5200 ﬁculnea,
3042 5133 3279 5189 ostendit
3307 5149 3649 5206 synagogam

2051 5222 2168 5277 sine
2194 5221 2506 5293 paenitentia
2539 5238 2552 5275 :
2583 5223 2736 5277 Mens
2764 5221 2821 5277 id
2852 5231 2936 5277 est
2978 5222 3242 5293 Christus,
3283 5222 3458 5279 tollite
3505 5223 3652 5290 hinc,

2050 5311 2104 5366 id
2133 5317 2213 5366 est
2239 5309 2440 5366 Judmis
2462 5310 2660 5380 jactate
2705 5309 2762 5366 in
2807 5325 2981 5379 mare,
3027 5311 3082 5366 id
3128 5320 3210 5368 est
3237 5311 3294 5367 in
3322 5311 3498 5368 corda
3525 5328 3652 5369 cre-

2051 5399 2312 5456 dentium.

2119 5535 2288 5590 Homo
2318 5534 2413 5606 qui
2447 5531 2678 5589 habebat
2709 5533 2846 5588 duo:
2875 5533 3060 5603 ﬁlios:
3087 5533 3250 5588 homo
3269 5531 3520 5588 Christus
3544 5542 3651 5598 est,

2048 5621 2184 5678 duos
2214 5621 2373 5689 ﬁlios,
2405 5622 2624 5678 Iudaeos
2655 5629 2709 5677 et
2737 5629 2949 5695 gentes,
2983 5622 3104 5694 quis
3135 5638 3201 5677 ex
3218 5621 3297 5677 eis
3316 5620 3443 5678 fecit
3462 5623 3646 5678 volun-

2046 5719 2212 5768 tatem
2239 5709 2430 5783 patris,
2467 5711 2559 5782 qui
2589 5710 2723 5767 dixit
2751 5727 2816 5767 eo
2865 5718 2916 5766 et
2947 5726 3056 5766 non
3096 5710 3240 5776 fecit,
3286 5711 3526 5767 ostendit
3555 5712 3652 5766 Ju-
