3998 6188
339 285 447 339 885
503 246 514 248 -

1164 278 1546 336 EXPOSITIO
1579 281 1654 336 IN
1683 279 2020 350 QUATUOR
2041 281 2468 339 EVANGELIA.
2500 313 2569 322 —
2602 283 2677 340 IN
2705 283 2962 340 MATTH.

3557 287 3660 342 886

337 403 489 458 daeos
522 419 536 458 :
568 409 620 457 et
650 401 742 474 qui
772 401 906 456 dixit
934 416 1044 458 non
1073 417 1140 458 eo
1169 410 1222 456 et
1250 401 1395 468 fecit,
1429 403 1664 458 ostendit
1684 403 1946 473 populum
1976 404 2108 463 Ain
2143 405 2306 475 spiris
2335 405 2608 476 pinnis,id
2637 413 2720 460 est
2754 405 3051 461 sublevatis
3081 404 3204 471 alis,
3236 403 3313 460 ita
3332 411 3387 461 et
3405 407 3652 464 Christus

337 491 582 564 gentium
612 490 703 563 qui
732 489 859 547 fecit
887 506 987 561 per
1015 489 1417 546 confessionem
1446 491 1598 546 ﬁdei.
1639 491 1951 546 Paterfami-

341 580 444 634 lias
473 579 733 651 plantavit
779 579 1030 635 vineam:
1065 580 1239 634 Homo
1283 580 1429 634 Deus
1460 587 1619 650 pater
1647 589 1746 634 est.
1780 579 1949 634 Vinea

339 684 642 740 synagoga,
678 683 777 738 spe
818 667 1194 733 circumdedit,
1227 667 1282 722 id
1326 675 1408 722 est
1438 667 1687 723 custodia
1716 667 1948 738 angelo-

337 773 484 812 rum.
536 756 812 821 Torcular,
861 756 916 809 id
946 764 1027 810 est
1073 755 1335 826 templum
1365 755 1706 826 martyrium,
1739 762 1949 810 turrem

336 845 393 898 in
415 844 616 910 medio,
649 844 886 900 ostendit
924 844 1226 899 doctrinam
1258 844 1398 917 legis
1430 862 1444 898 :
1477 843 1948 916 agricola'docto-

337 950 427 988 res
459 940 601 999 sunt,
637 949 760 988 cum
791 941 970 988 autem
1001 941 1212 1004 tempus
1241 932 1399 988 fructi
1431 933 1945 1004 apprOpinquasset,

337 1023 393 1077 id
426 1031 507 1078 est
556 1023 821 1078 adventus
871 1022 1070 1076 Christi
1103 1023 1249 1078 servi
1296 1022 1468 1091 missi,
1519 1023 1801 1093 propheta?
1830 1031 1953 1076 sunt

337 1126 500 1182 quem
531 1110 768 1180 primum
795 1109 1130 1175 occiderunt,
1164 1117 1216 1164 et
1234 1109 1502 1164 Jeremias
1526 1117 1578 1164 et
1601 1109 1769 1164 Isaias
1791 1126 1951 1180 quem

333 1199 733 1270 lapidaverunt,
769 1215 829 1252 es
859 1215 946 1253 me
976 1198 1159 1267 Barth,
1219 1198 1332 1253 sive
1366 1199 1672 1269 Stephanus
1705 1214 1719 1253 :
1753 1198 1952 1266 Ejece-

337 1296 465 1341 runt
495 1303 619 1341 eum
650 1295 802 1341 extra
830 1288 1062 1352 vineam,
1088 1287 1142 1340 id
1173 1294 1254 1341 est
1282 1287 1606 1354 Jerusalem,
1636 1286 1692 1340 in
1712 1294 1954 1342 montem

339 1374 622 1439 Calvarize,
656 1376 744 1430 hic
792 1376 950 1431 vinea
995 1384 1047 1430 et
1076 1375 1167 1429 alii
1217 1375 1438 1430 colones
1482 1375 1722 1429 ostendit
1750 1374 1950 1430 Eccle-

341 1463 479 1519 siam
501 1464 774 1536 gentium,
810 1465 900 1536 qui
930 1464 1161 1520 reddunt
1184 1462 1438 1530 fructum,
1472 1463 1527 1518 id
1547 1472 1628 1518 est
1650 1462 1954 1518 confessio-

341 1569 470 1608 nem
533 1553 866 1624 pmnitentiae
916 1561 966 1607 et
1016 1551 1162 1608 ﬁdei.
1213 1553 1390 1623 Lapis,
1423 1552 1478 1606 id
1524 1562 1606 1606 est
1649 1552 1892 1607 Christus
1939 1570 1952 1605 :

342 1643 576 1698 scissum
622 1642 689 1696 de
738 1650 920 1696 monte
967 1641 1083 1697 sine
1115 1642 1397 1708 manibus,
1434 1641 1490 1696 id
1523 1649 1626 1710 est,
1675 1641 1793 1694 sine
1843 1649 1963 1696 actu

2058 494 2317 564 expandit
2349 493 2555 564 palmas
2583 494 2640 548 in
2669 511 2828 550 cruce
2857 503 2914 550 ut
2944 502 3308 565 congregaret
3337 493 3477 549 filios
3507 510 3656 564 suos,

2058 582 2199 638 sicut
2233 583 2506 638 canticum
2552 583 2958 638 Deuteronomii
2989 582 3212 648 adserit,
3252 583 3520 654 Expandit
3549 583 3661 638 alas

2057 683 2184 724 suas
2201 678 2254 723 et
2284 669 2586 740 adsumpsit
2603 686 2698 726 eos
2723 686 2889 741 super
2905 670 3154 741 scapulas
3172 686 3300 725 suas
3323 689 3334 724 :
3355 686 3483 726 ecce
3499 669 3662 724 relin-

2057 767 2257 830 quetur
2275 759 2474 814 domus
2486 767 2722 825 vestras,
2743 761 2991 814 desertas
3006 759 3262 824 ostendit,
3283 759 3410 830 quia
3423 756 3670 814 derelicti

2059 853 2183 901 sunt
2201 863 2229 901 a
2251 847 2374 920 lege
2397 863 2496 902 sua
2517 855 2570 903 et
2605 861 2638 902 a
2669 847 2957 919 pr0pbetia
2970 856 3022 903 et
3038 863 3070 902 a
3092 848 3397 902 sacerdotio
3418 864 3430 901 :
3451 861 3560 902 non
3576 862 3664 902 me

2057 936 2314 990 videbitis
2334 936 2511 991 donec
2529 935 2743 1005 dicatis,
2763 936 3088 992 Benedictus
3106 936 3198 1008 qui
3215 936 3360 990 venit
3378 937 3432 989 in
3449 935 3668 991 nomine

2056 1019 2309 1087 Domini,
2348 1021 2583 1076 ostendit
2630 1021 2756 1093 quia
2797 1021 2853 1075 in
2897 1021 3138 1076 secundo
3181 1021 3416 1076 adventu
3463 1020 3666 1074 videbit

2057 1125 2182 1163 eum
2214 1109 2389 1164 omnis
2421 1125 2569 1178 caro,
2603 1117 2656 1164 et
2685 1109 2946 1182 plangent
2989 1126 3154 1180 super
3185 1126 3243 1164 se
3275 1125 3465 1164 omnes
3495 1108 3667 1163 tribus

2056 1206 2217 1252 terrae
2266 1198 2354 1270 qui
2399 1207 2786 1268 pupunxerunt
2827 1213 2969 1252 eum.
3031 1199 3150 1252 Non
3195 1197 3531 1270 relinquetur
3577 1197 3668 1253 hic

2055 1285 2197 1356 lapis
2222 1303 2384 1356 super
2423 1286 2677 1356 lapidem,
2731 1286 2966 1341 ostendit
3019 1286 3418 1357 dispersionem
3445 1286 3666 1342 Judmo-

2059 1389 2196 1439 rum,
2231 1381 2358 1429 tunc
2407 1373 2914 1429 scandalizabuntur
2944 1375 3119 1440 multi,
3155 1375 3388 1430 ostendit
3419 1373 3541 1445 quia
3570 1390 3669 1444 per

2060 1463 2496 1534 magnitudinem
2568 1463 2961 1534 persecutionis
3006 1465 3286 1536 negabunt
3344 1463 3668 1518 Christum:

2058 1553 2478 1608 Abominatione
2527 1553 2764 1608 ostendit
2809 1561 2984 1608 statua
3035 1553 3351 1608 Antichristi
3394 1553 3570 1624 posita
3616 1552 3672 1606 in

2060 1642 2264 1712 templo
2300 1658 2312 1694 :
2346 1641 2631 1707 desolatio,
2667 1642 2721 1696 id
2750 1650 2830 1696 est
2864 1641 3260 1697 consummatio
3295 1660 3306 1695 :
3339 1642 3429 1712 qui
3461 1648 3586 1696 sunt
3615 1641 3670 1694 in

339 1731 484 1786 virili
515 1740 567 1786 et
596 1731 885 1785 concubitu
907 1772 920 1798 ,
955 1731 1023 1784 de
1057 1739 1227 1784 matre
1261 1731 1377 1784 sine
1427 1730 1654 1794 semine,
1689 1729 1758 1784 de
1787 1738 1942 1800 patre
1972 1764 2024 1822 B
2056 1731 2260 1797 Judaea,
2285 1730 2341 1783 id
2372 1738 2455 1783 est
2484 1730 2537 1783 in
2583 1730 2927 1785 confessione
2977 1729 3121 1784 ﬁdei.
3155 1731 3389 1801 Fugiunt
3410 1729 3476 1784 ad
3508 1745 3669 1784 mon-

341 1815 460 1874 sine
491 1828 723 1890 tempus.
766 1819 964 1873 Factus
993 1818 1047 1872 in
1086 1826 1246 1888 caput
1294 1818 1500 1888 anguli,
1531 1818 1769 1873 continet
1806 1819 1945 1872 duos

339 1908 600 1980 parietes,
651 1907 884 1962 ostendit
935 1908 1153 1961 Novum
1205 1915 1256 1960 et
1288 1908 1454 1961 Vetus
1501 1907 1945 1975 Testamentum,

338 1997 560 2052 Judzeos
591 2004 644 2050 et
674 2005 867 2068 gentes
901 2013 915 2051 :
951 1996 1041 2068 qui
1073 1995 1329 2051 ceciderit
1361 2012 1524 2065 super
1552 1994 1790 2064 lapidem
1813 2011 1949 2049 con-

339 2084 633 2158 fringetur,
666 2083 934 2157 significat
966 2092 1158 2157 gentes
1205 2100 1367 2154 super
1397 2085 1689 2150 Christum,
1723 2084 1791 2138 de
1823 2081 1949 2136 inti-

339 2173 563 2228 delitate
593 2174 660 2227 ad
684 2172 845 2227 fidem
876 2172 1245 2245 confringetur
1266 2188 1448 2243 super,
1477 2173 1528 2226 id
1552 2171 1707 2228 estin
1735 2171 1951 2225 humili-

343 2269 534 2328 tatem,
566 2278 726 2333 super
755 2279 916 2332 quem
952 2277 1082 2316 vero
1112 2261 1372 2316 ceciderit
1401 2260 1539 2331 lapis
1570 2267 1812 2316 conteret
1829 2276 1952 2314 eum

340 2350 579 2408 ostendit
616 2351 832 2406 Judazos
881 2351 1304 2421 superstitiosos.

413 2493 584 2549 Homo
615 2508 721 2549 rex
752 2493 850 2565 qui
877 2493 1016 2562 fecit
1047 2493 1280 2564 nuptias
1312 2492 1440 2563 filio
1465 2507 1585 2546 suo.
1609 2490 1784 2544 Homo
1805 2490 1953 2544 Deus

340 2589 502 2653 pater
523 2589 623 2647 est,
658 2596 756 2651 per
786 2581 1001 2651 nuptias
1041 2579 1280 2636 ostendit
1323 2579 1724 2650 copulationem
1756 2577 1956 2632 Christi

340 2678 395 2726 et
424 2669 707 2738 Ecclesiae,
743 2669 880 2725 sicut
911 2669 1023 2723 Eva
1054 2685 1119 2723 ex
1149 2676 1304 2724 costa
1335 2668 1484 2736 Adae,
1515 2668 1592 2724 sic
1621 2666 1868 2722 Ecclesia
1889 2683 1954 2722 ex

337 2759 509 2814 latere
539 2758 735 2814 Christi
764 2759 1042 2828 redempta
1073 2765 1173 2822 est,
1201 2766 1257 2812 et
1288 2757 1434 2812 sicut
1459 2773 1524 2811 ex
1556 2756 1766 2828 virgine
1804 2765 1946 2811 terra

335 2847 606 2918 processit
661 2847 864 2912 Adam,
900 2847 974 2901 ita
1022 2854 1075 2901 et
1123 2846 1369 2900 Christus
1421 2863 1486 2900 ex
1541 2846 1752 2918 virgine
1786 2845 1956 2899 Maria

337 2945 518 2992 natus.
547 2936 690 2990 Misit
738 2951 929 2990 servos
969 2951 1118 3002 suos,
1152 2935 1208 2990 id
1244 2943 1325 2989 est
1368 2935 1732 3005 patriarchas,
1758 2935 1956 2990 iterum

339 3026 487 3080 misit
525 3025 684 3090 alios,
718 3024 773 3079 id
819 3031 900 3079 est
935 3025 1249 3094 prephetas,
1283 3024 1567 3096 prandium
1599 3031 1866 3094 paratum,
1901 3023 1956 3077 id

338 3121 422 3169 est
460 3114 799 3184 Scripturam
844 3120 1088 3169 sanctam
1114 3157 1127 3177 ,
1159 3112 1297 3168 tauri
1341 3112 1529 3180 occisi,

341 3219 442 3274 pro
473 3204 690 3257 Christo
722 3202 1048 3273 sanguinem
1080 3201 1358 3268 fuderunt,
1394 3201 1596 3266 Altilia,
1621 3200 1674 3255 id
1705 3208 1788 3256 est
1804 3201 1956 3272 sagi-

340 3300 468 3346 nata
502 3307 514 3346 :
549 3291 801 3346 abierunt
829 3291 884 3344 in
915 3291 1120 3359 villam,
1151 3291 1205 3344 id
1238 3299 1320 3345 est
1350 3289 1404 3344 in
1435 3289 1788 3360 cupiditatem
1819 3306 1833 3343 :
1867 3289 1958 3343 alii

338 3381 394 3434 in
424 3379 866 3449 negotiationem,
901 3379 954 3434 id
987 3387 1090 3446 est,
1124 3379 1178 3432 in
1209 3379 1414 3433 mundo
1446 3378 1584 3433 sicut
1614 3379 1689 3432 ait
1718 3381 1956 3448 Aposto-

339 3468 445 3523 lus.
470 3467 647 3523 Nemo
677 3467 915 3522 militans
937 3469 1051 3522 Deo
1082 3467 1371 3538 implicans
1393 3483 1453 3522 se
1474 3466 1712 3540 negotiis
1733 3466 1950 3522 saecula-

342 3556 493 3610 ribus
521 3563 577 3611 ut
605 3557 814 3627 placeat
845 3556 895 3611 ei
922 3557 1006 3611 cui
1037 3573 1096 3610 se
1120 3555 1379 3626 probavit
1413 3571 1426 3611 :
1459 3555 1651 3628 reliqui
1671 3561 1959 3611 tenuerunt

342 3660 534 3701 servos
564 3645 700 3714 ejus,
732 3645 968 3702 ostendit
997 3645 1260 3716 impetum
1290 3644 1715 3715 persecutionis.
1733 3644 1824 3698 Ait
1843 3659 1961 3699 ser-

341 3734 424 3787 vis
454 3733 587 3800 suis,
620 3733 675 3788 id
718 3743 800 3789 est
849 3733 1109 3805 apostolis
1141 3751 1153 3789 :
1189 3733 1391 3805 nuptiae
1427 3732 1586 3788 factae
1615 3741 1760 3799 sunt,
1791 3732 1848 3787 id
1876 3741 1960 3788 est

341 3822 510 3879 corda
540 3823 876 3878 credentium
907 3823 1198 3892 conjuncta
1230 3838 1356 3878 cum
1396 3822 1610 3878 Christo
1638 3837 1736 3892 pro
1767 3837 1960 3877 amore

344 3910 600 3967 caritatis.
637 3912 713 3966 Ite
741 3913 809 3966 ad
839 3912 1015 3967 exitus
1035 3912 1263 3979 viarum,
1300 3911 1353 3964 id
1392 3919 1472 3965 est
1501 3911 1568 3964 ad
1599 3919 1791 3983 gentes
1821 3926 1958 3966 con-

344 4008 714 4074 gregaverunt
780 3999 954 4055 bonos
1002 4009 1054 4056 et
1100 4001 1312 4066 malos,
1347 3999 1584 4055 ostendit
1631 4007 1959 4070 praesentem

344 4089 506 4143 vitam
540 4104 553 4144 :
586 4088 804 4143 intravit
833 4104 928 4144 rex
961 4089 1030 4142 ad
1062 4088 1474 4144 discumbentes
1505 4087 1745 4143 ostendit
1766 4104 1962 4143 secun-

345 4176 471 4231 dum
503 4178 815 4243 adventum,
848 4178 1016 4232 homo
1050 4193 1160 4232 non
1181 4177 1392 4233 habens
1413 4185 1618 4233 vestem
1641 4176 1957 4248 nuptialem,

345 4265 580 4321 ostendit
609 4265 906 4332 caritatem,
941 4273 997 4322 ut
1027 4265 1120 4332 ait,
1153 4263 1290 4321 ﬁdes
1336 4267 1455 4322 sine
1489 4265 1710 4323 caritate
1740 4272 1953 4322 mortua

346 4364 446 4411 est.

2053 1827 2152 1888 tes,
2181 1819 2233 1871 id
2256 1826 2358 1882 est,
2381 1819 2446 1871 ad
2464 1819 2752 1873 doctrinan
2791 1818 3185 1890 apostolorum,
3213 1820 3330 1890 quis
3360 1819 3415 1873 in
3437 1827 3595 1884 tecto,
3614 1819 3668 1873 id

2052 1916 2153 1974 est,
2188 1908 2242 1960 in
2272 1907 2686 1978 contemplativa
2709 1908 2814 1962 vita
2846 1923 2952 1961 non
2985 1909 3319 1962 descendant
3351 1908 3405 1961 in
3427 1908 3669 1966 domum.

2053 1997 2106 2050 id
2139 2004 2220 2050 est
2252 1996 2304 2050 in
2337 1996 2509 2051 activa
2544 1995 2648 2049 vita
2685 2011 2696 2049 :
2734 1996 2785 2049 in
2820 2011 2973 2065 agro,
3008 1996 3062 2050 id
3093 2003 3176 2050 est
3207 1995 3259 2048 in
3282 1995 3670 2065 praedicatione

2054 2084 2359 2157 Evangelii.
2406 2085 2526 2138 Non
2575 2083 2726 2138 tollat
2774 2085 3012 2140 tunicam
3045 2100 3216 2151 suam,
3241 2084 3294 2138 id
3328 2093 3410 2138 est
3436 2100 3546 2140 non
3576 2100 3672 2139 re-

2055 2182 2299 2229 vertatur
2328 2173 2398 2228 ad
2447 2173 2731 2243 pristinam
2761 2173 3236 2228 conversationem
3260 2188 3439 2228 suam.

2125 2335 2220 2389 Vw
2276 2334 2724 2407 praegnantibus,
2767 2333 2819 2388 id
2869 2342 2950 2388 est
3005 2333 3520 2404 concupiscentibus
3581 2351 3670 2390 res

2057 2423 2263 2478 alienas
2299 2440 2311 2476 :
2346 2423 2440 2477 Vae
2481 2422 2844 2477 nutrientibus
2866 2466 2878 2488 ,
2914 2423 2966 2476 id
2999 2432 3098 2491 est,
3142 2423 3196 2476 in
3238 2438 3406 2492 opere
3462 2437 3666 2494 perpe-

2057 2513 2341 2576 trantibus,
2377 2528 2478 2582 per
2509 2528 2773 2576 eremum,
2820 2512 3054 2566 ostendit
3084 2512 3537 2582 persecutionem,
3572 2529 3674 2583 per

2058 2601 2319 2655 sabbatho
2351 2600 2513 2655 finem
2544 2601 2750 2656 mundi.
2787 2600 2887 2655 Ubi
2919 2599 3077 2656 fuerit
3108 2616 3324 2671 corpus,
3371 2601 3497 2656 illuc
3531 2617 3670 2656 con-

2057 2699 2432 2772 gregabuntur
2466 2707 2517 2753 et
2549 2699 2746 2770 aquilae
2778 2715 2790 2753 :
2838 2714 3038 2769 corpus
3065 2698 3310 2753 Christus
3343 2706 3423 2753 est
3463 2715 3476 2753 :
3510 2699 3670 2770 aqui-

2056 2789 2123 2844 la}
2154 2788 2349 2842 animae
2397 2796 2709 2842 sanctorum
2757 2795 2880 2842 sunt
2915 2786 3126 2842 :Aliter
3174 2788 3229 2843 in
3259 2787 3666 2844 resurrectione

2059 2892 2386 2950 unaquaque
2424 2877 2608 2931 anima
2668 2877 2947 2947 pr0prium
2979 2892 3175 2947 corpus
3199 2885 3374 2931 sumet
3407 2894 3422 2931 :
3452 2893 3553 2947 per
3583 2892 3672 2932 so-

2057 2967 2187 3036 lem,
2236 2965 2470 3021 ostendit
2515 2965 2953 3036 praedicationem
2999 2965 3301 3038 Evangelii,
3335 2983 3435 3036 per
3460 2966 3665 3036 lunam,

2059 3055 2388 3122 Ecclesiam,
2422 3071 2521 3126 per
2551 3055 2736 3109 stellas
2762 3054 2931 3110 sancti
2963 3054 3076 3108 sive
3108 3054 3519 3124 praedicatores.
3541 3055 3664 3110 Vir-

1582 3113 1818 3215 οῗξθηῴί
1866 3129 1956 3210 QE"
1978 3122 2027 3186 α
2064 3153 2208 3198 tutes
2236 3145 2497 3199 caelorum
2529 3143 3034 3209 commovebuntur,
3085 3143 3188 3198 hoc
3219 3152 3299 3198 est
3329 3144 3546 3215 agmina
3574 3160 3670 3199 an-

2062 3233 2312 3306 gelorum
2345 3233 2414 3287 ad
2441 3233 2799 3302 judicandum
2829 3240 3076 3304 apparet,
3111 3232 3323 3305 signum
3345 3232 3399 3286 in
3422 3232 3582 3300 coelo,
3615 3233 3671 3288 id

2063 3331 2145 3376 est
2191 3337 2321 3378 crux
2369 3322 2585 3390 Christi,
2617 3339 2716 3391 per
2745 3322 2926 3376 tubam
2975 3321 3210 3376 ostendit
3238 3321 3470 3375 sonitum
3501 3336 3671 3394 ange-

2062 3410 2254 3466 lorum.
2288 3411 2461 3464 Erunt
2491 3411 2597 3464 duo
2627 3410 2684 3465 in
2727 3426 2882 3481 agro,
2916 3410 2973 3464 id
3006 3417 3084 3464 est
3116 3411 3170 3464 in
3225 3408 3671 3480 praedicationem

2062 3499 2343 3572 Evangelii
2378 3516 2390 3552 :
2423 3515 2565 3553 unus
2587 3499 2924 3567 adsumetur,
2957 3498 3012 3553 id
3044 3507 3145 3564 est,
3180 3499 3271 3570 qui
3288 3498 3524 3569 complet
3538 3515 3674 3571 prae-

2061 3587 2384 3643 dicationem
2442 3588 2496 3640 in
2553 3603 2716 3657 Opere
2753 3603 2764 3641 :
2801 3585 2939 3640 alius
2994 3586 3356 3658 relinquetur,
3418 3587 3473 3642 id
3503 3588 3670 3642 estin

2061 3692 2228 3748 opere
2253 3675 2494 3744 justitiae,
2525 3676 2578 3729 in
2609 3675 2774 3741 mola,
2801 3674 2856 3728 in
2884 3675 3108 3740 mundo,
3143 3676 3252 3730 duo
3301 3675 3589 3742 molentes,
3613 3675 3667 3730 id

2063 3773 2164 3831 est,
2197 3765 2250 3819 in
2271 3764 2522 3820 Ecclesia
2552 3762 2822 3820 catholica
2849 3771 2902 3818 et
2929 3763 3323 3819 haereticorum.

2132 3926 2328 3983 Simile
2361 3928 2444 3981 est
2466 3940 2702 3997 regnum
2732 3924 2999 3980 caelorum
3019 3923 3209 3980 decem
3223 3923 3553 3995 virginibus,
3570 3941 3664 3981 ac-

2061 4014 2333 4088 cipientes
2395 4013 2682 4088 lampades
2740 4031 2890 4070 suas.
2927 4013 2987 4067 Id
3014 4019 3118 4079 est,
3150 4012 3206 4066 in
3260 4012 3663 4068 resurrectione

2061 4117 2296 4174 corpora
2356 4118 2474 4158 sua.
2527 4102 2782 4175 Virgines
2812 4109 2933 4156 sunt
2954 4117 3022 4158 eo
3078 4101 3224 4174 quod
3255 4101 3525 4158 Christum
3555 4117 3666 4158 non

2060 4199 2400 4266 negaverunt
2447 4210 2459 4246 :
2509 4191 2747 4264 quinque
2784 4190 3095 4262 prudentes,
3139 4207 3204 4247 eo
3250 4191 3394 4263 quod
3441 4199 3664 4263 propter

2061 4297 2292 4354 regnum
2327 4281 2427 4336 Dei
2471 4279 2872 4347 laboraverunt,
2920 4280 3158 4353 quinque
3200 4279 3378 4350 fatuae,
3427 4278 3664 4335 ostendit

2062 4371 2154 4442 qui
2189 4386 2290 4440 pro
2322 4369 2677 4425 retributione
2703 4369 2956 4424 humanae
2982 4369 3159 4423 laudis
3191 4369 3664 4441 gesseruntzdor-

415 4471 632 4539 Mulier,
665 4469 719 4525 id
752 4477 833 4526 est
863 4469 1174 4542 Synagoga,
1207 4485 1306 4542 per
1349 4479 1556 4542 septem
1587 4471 1750 4539 viros,
1782 4479 1939 4542 θρω-
1961 4484 2014 4543 D
2059 4459 2274 4524 mitare,
2310 4467 2392 4512 est
2423 4466 2547 4513 ante
2576 4466 2804 4513 mortem
2835 4459 3215 4530 languescere,
3249 4457 3486 4512 dormire
3504 4473 3658 4524 vero,

345 4559 512 4614 ticum
553 4559 868 4632 intelligitur
914 4578 926 4614 :
974 4561 1167 4615 mulier
1212 4559 1502 4628 defuncta,
1549 4558 1606 4614 id
1637 4567 1721 4615 est
1769 4559 1945 4616 littera

345 4647 600 4703 defuncta
649 4647 963 4703 transiendo
994 4649 1062 4705 de
1093 4649 1272 4704 Veteri
1302 4647 1649 4703 Testamento
1679 4648 1734 4702 in
1766 4649 1939 4716 Novo,

347 4736 401 4790 in
446 4736 850 4792 resurrectione
895 4736 980 4792 cui
1025 4737 1167 4804 erit,
1193 4736 1248 4790 id
1289 4745 1372 4792 est
1417 4736 1682 4792 Ecclesiae
1727 4736 1941 4791 Christi.

344 4825 490 4881 Dixit
534 4826 830 4892 Dominus,
863 4825 920 4879 id
953 4833 1035 4879 est
1080 4827 1226 4880 Deus
1257 4826 1414 4880 Pater
1453 4825 1686 4881 Domino
1728 4825 1946 4890 meo,id

343 4922 445 4978 est,
473 4912 705 4978 Christo,
762 4913 937 4968 donec
969 4929 1169 4983 ponam
1218 4914 1466 4970 inimicos
1493 4921 1614 4970 tuos
1647 4912 1946 4970 scabellum

342 5003 548 5074 pedum
594 5009 838 5070 tuorum,
872 5001 1106 5057 ostendit
1161 5001 1252 5074 qui
1278 5002 1574 5058 humiliavit
1631 5003 1852 5058 Judaeos
1895 5009 1948 5057 et

343 5097 539 5164 gentes
565 5105 666 5160 per
694 5089 1011 5160 patientiam
1039 5090 1138 5145 sub
1167 5090 1401 5161 pedibus
1434 5091 1569 5160 ejus,
1603 5099 1691 5147 aut
1712 5107 1811 5162 per
1831 5090 1946 5147 vin-

343 5179 540 5234 dictam
585 5179 876 5250 puniantur
919 5187 1298 5251 persecutores
1346 5187 1399 5235 et
1441 5180 1496 5234 in
1540 5178 1732 5245 futuro,
1783 5196 1949 5251 super

344 5268 659 5324 cathedram
687 5269 880 5342 Moysi,
914 5268 970 5324 id
999 5277 1081 5323 est
1099 5285 1264 5340 super
1280 5267 1586 5324 doctrinam
1607 5267 1799 5340 ipsius,
1819 5269 1946 5340 phi-

341 5357 584 5426 lacteria,
617 5357 671 5412 id
702 5365 815 5425 est,
849 5358 920 5412 X.
954 5358 1122 5412 verba
1149 5357 1289 5430 legis
1318 5357 1371 5412 in
1403 5357 1607 5414 cartula
1638 5356 1949 5428 conscripta

344 5454 626 5517 portantes
658 5445 916 5502 Pharisazi
939 5446 992 5500 in
1039 5445 1232 5503 fronte.

415 5580 750 5646 Jerusalem,
767 5580 1081 5638 Jerusalem
1099 5597 1113 5636 :
1128 5581 1415 5654 geminans
1441 5578 1677 5636 ostendit
1698 5577 1951 5636 affectum

348 5667 576 5735 doloris,
591 5667 732 5723 sicut
751 5667 954 5740 gallina
969 5683 1314 5744 congregans
1335 5669 1515 5742 pullos
1532 5669 1631 5728 sub
1648 5671 1770 5728 alas
1799 5684 1946 5736 suas,

2044 4549 2098 4603 in
2121 4555 2298 4602 morte
2320 4546 2606 4620 quiescere
2632 4554 2734 4612 est,
2759 4547 2939 4601 media
2970 4553 3152 4611 nocte,
3173 4545 3226 4600 id
3257 4553 3360 4611 est,
3394 4545 3449 4599 in
3470 4561 3654 4602 errore

2047 4638 2162 4694 sive
2192 4637 2248 4691 in
2279 4635 2569 4692 securitate
2599 4635 2966 4708 negligentes.
3029 4634 3232 4689 Nescio
3264 4650 3364 4689 vos
3391 4677 3404 4702 ,
3438 4634 3492 4689 id
3547 4642 3652 4704 est,

2045 4726 2232 4782 nescio
2255 4740 2426 4796 Opera
2449 4732 2631 4780 vestra
2663 4724 2802 4778 bona
2836 4741 2849 4777 :
2886 4725 3050 4778 homo
3079 4722 3459 4794 proficiscens,
3496 4723 3656 4778 Chri-

2047 4823 2162 4870 stus
2181 4823 2282 4881 est,
2299 4830 2537 4887 peregre
2555 4812 2850 4884 profectus,
2868 4813 2922 4867 id
2936 4821 3017 4868 est
3033 4813 3101 4868 de
3118 4813 3322 4868 mundo
3339 4813 3405 4866 ad
3418 4821 3653 4883 patrem.

2128 4958 2344 5014 Vocavit
2385 4971 2570 5014 servos
2616 4971 2765 5021 suos,
2806 4955 2859 5009 id
2904 4963 2986 5010 est
3033 4955 3308 5025 doctores,
3360 4953 3511 5012 dedit
3551 4955 3658 5011 illis

2047 5046 2192 5100 bona
2236 5063 2351 5112 sua,
2397 5045 2454 5100 id
2485 5051 2567 5100 est
2604 5043 2908 5100 doctrinam
2953 5043 3262 5117 Evangelii,
3314 5044 3550 5117 quinque
3580 5053 3659 5100 ta-

2046 5131 2212 5200 lenta,
2247 5134 2303 5189 id
2334 5143 2418 5190 est
2449 5134 2691 5206 quinque
2721 5149 2938 5197 sensus,
2978 5131 3147 5201 visus,
3181 5133 3418 5202 auditus,
3451 5133 3658 5190 odora-

2046 5232 2152 5288 tus,
2186 5230 2406 5297 gustus;
2431 5231 2608 5279 tactus
2644 5241 2657 5278 :
2692 5238 2829 5295 quos
2859 5238 2959 5293 per
2979 5223 3432 5279 consuetudinem
3453 5222 3662 5280 solebat

2049 5327 2293 5379 movere,
2326 5320 2418 5367 aut
2461 5327 2654 5368 causas
2695 5311 3038 5367 transitorias
3084 5319 3365 5368 convertat
3397 5312 3466 5366 ad
3496 5320 3650 5367 aeter-

2050 5416 2176 5455 nam
2213 5419 2226 5455 :
2263 5400 2340 5456 sic
2370 5401 2439 5456 de
2470 5401 2589 5456 visu
2631 5400 2838 5457 dictum
2867 5407 2949 5456 est
2980 5408 3164 5456 averte
3192 5401 3381 5458 oculos
3410 5415 3565 5454 meos
3597 5406 3650 5453 et

2051 5490 2262 5562 reliqua
2309 5509 2322 5544 :
2370 5491 2437 5546 de
2482 5490 2685 5560 auditu,
2724 5489 2856 5560 srepi
2897 5505 3057 5545 aures
3095 5498 3217 5545 tuas
3280 5503 3381 5544 nec
3437 5486 3661 5542 audiant

2052 5578 2266 5652 linguas
2295 5579 2646 5650 blasphemiae
2681 5595 2693 5635 :
2727 5579 2795 5635 de
2827 5580 3070 5646 odoratu,
3106 5579 3279 5633 bonus
3309 5576 3444 5630 odor
3476 5591 3662 5630 sumus

2059 5669 2194 5736 Deo,
2269 5669 2326 5725 in
2381 5668 2464 5725 his
2520 5669 2613 5742 qui
2671 5669 2807 5725 salvi
2854 5667 2989 5724 ﬁunt
3049 5685 3061 5721 :
3121 5667 3190 5720 de
3243 5671 3406 5736 gustu
3432 5708 3445 5732 ,
3492 5664 3657 5720 nolite
