4002 6184
330 317 435 374 887

337 443 671 499 maledicere
716 443 815 498 sed
862 441 1165 498 benedicite
1211 459 1224 496 :

328 533 447 603 jam
474 547 584 586 non
632 530 856 597 furetur,
891 532 986 585 sed
1031 531 1237 585 laboret
1270 529 1521 583 manibus
1563 529 1705 583 unde
1738 528 1936 581 tribuet

336 628 391 676 et
409 619 693 694 indigenti.
728 620 856 674 Ideo
889 617 1021 672 ﬁunt
1064 618 1256 673 decem
1286 618 1491 673 talenta
1525 635 1537 671 :
1572 618 1680 671 duo
1710 616 1931 682 talenta,

332 707 392 763 id
421 716 505 763 est
546 707 851 763 intellectus
880 714 933 760 et
962 707 1222 777 Operatio,
1270 707 1362 777 qui
1390 705 1551 759 habet
1581 707 1717 770 haec,
1755 712 1807 759 et
1828 704 1935 757 im—

334 796 449 869 plet
479 795 760 866 exemplis,
792 803 846 850 et
875 795 1058 850 verbis
1087 796 1264 860 docet,
1298 794 1465 850 salvat
1486 795 1856 864 semetipsum,
1883 800 1937 847 et

336 884 477 941 alios
519 884 753 939 instruit.
805 884 934 938 Ideo
978 884 1281 954 geminatur
1308 883 1571 937 talentum
1610 900 1621 937 :
1654 898 1820 936 unum
1851 889 1934 935 ta-

336 967 544 1023 lentum
590 966 825 1022 ostendit
854 966 1191 1023 intellectum
1225 985 1238 1021 :
1273 966 1572 1021 Abscondit
1601 966 1655 1019 in
1684 973 1847 1032 terra,
1880 964 1933 1019 id

336 1064 421 1111 est
450 1056 543 1128 qui
587 1056 1028 1126 praedicationem
1073 1056 1361 1127 Evangelii
1388 1072 1485 1125 pro
1517 1054 1741 1110 terrenis
1775 1054 1937 1108 rebus

333 1144 496 1200 docet
526 1160 540 1198 :
585 1152 711 1215 post
756 1145 986 1199 multum
1042 1162 1174 1200 vero
1221 1144 1479 1215 temporis
1504 1188 1516 1207 ,
1551 1143 1605 1198 id
1635 1151 1717 1198 est
1744 1143 1799 1195 in
1829 1141 1937 1196 ﬁne

336 1232 527 1287 mundi
559 1249 573 1286 :
607 1232 755 1289 Metit
784 1233 878 1288 ubi
908 1249 1017 1288 non
1046 1233 1349 1300 seminavit,
1381 1233 1435 1287 id
1466 1240 1567 1302 est,
1599 1232 1690 1285 ubi
1712 1247 1820 1285 non
1839 1230 1937 1285 fuit

334 1321 651 1394 praedicatio
684 1338 697 1377 :
732 1321 902 1377 tollite
933 1322 1215 1391 talentum,
1249 1321 1301 1375 id
1333 1328 1415 1376 est
1435 1320 1782 1383 intellectum,
1812 1320 1937 1373 date

334 1410 385 1466 ei
402 1409 495 1484 qui
514 1409 812 1481 geminavit
833 1411 889 1465 in
926 1411 1071 1465 bono
1101 1426 1269 1481 opere
1293 1428 1306 1464 :
1329 1409 1568 1481 quinque
1590 1424 1783 1462 sensus
1801 1408 1940 1462 sicut

330 1498 404 1555 ait
432 1499 746 1571 Apostolus,
780 1498 884 1571 ipsi
927 1499 1031 1553 sibi
1062 1508 1187 1554 sunt
1216 1498 1323 1566 lex,
1357 1498 1447 1569 qui
1481 1497 1772 1552 ostendunt
1802 1512 1938 1567 opus

328 1587 469 1660 legis
490 1587 551 1642 in
584 1587 846 1644 cordibus
880 1588 1013 1655 suis,
1048 1587 1139 1659 qui
1173 1587 1334 1642 habet
1364 1585 1526 1641 ﬁdem
1549 1594 1601 1641 et
1632 1585 1934 1655 caritatem,

328 1677 549 1732 dabitur
590 1675 643 1732 ei
686 1676 992 1733 intellectus
1022 1684 1074 1731 et
1104 1676 1350 1748 operatio
1400 1676 1679 1743 virtutum,
1713 1674 1804 1746 qui
1831 1689 1938 1727 non

329 1766 496 1822 habet
523 1766 702 1837 ipsum
733 1766 879 1838 quod
927 1766 1087 1820 habet
1129 1764 1407 1820 auferetur
1436 1764 1502 1818 ab
1534 1780 1620 1830 eo,
1653 1763 1705 1817 id
1730 1769 1811 1817 est
1843 1763 1937 1833 qui

326 1855 493 1910 habet
521 1853 706 1924 ﬁdem,
741 1863 794 1909 et
824 1870 933 1909 non
963 1854 1127 1909 habet
1158 1854 1463 1919 caritatem,
1495 1853 1615 1923 ipsa
1642 1850 1777 1906 fides
1810 1867 1932 1905 mo-

325 1943 498 1999 rietur
526 1943 584 1997 in
613 1959 699 1999 eo.
732 1943 1088 2012 Majestatem,
1121 1942 1176 1996 id
1204 1950 1287 1998 est
1320 1950 1663 2013 potestatem,
1696 1941 1933 2013 dignita-

326 2039 459 2099 tem,
489 2032 711 2087 Iudaeos
743 2049 757 2086 :
790 2046 923 2087 oves
944 2047 1073 2086 vero
1089 2030 1324 2101 populus
1344 2030 1590 2103 gentium
1616 2072 1628 2095 ,
1653 2030 1928 2098 dextrum,

325 2120 382 2175 id
412 2128 495 2176 est
522 2136 850 2192 prosperum
881 2120 996 2176 sive
1046 2128 1256 2176 rectum
1289 2137 1303 2174 :
1352 2119 1661 2186 sinistrum,
1727 2118 1931 2173 adver-

334 2225 456 2265 sum
477 2253 491 2277 ,
522 2209 639 2264 sive
686 2209 925 2281 poenale,
957 2208 1050 2281 qui
1095 2209 1235 2281 spud
1280 2209 1453 2263 Deum
1483 2207 1616 2262 nihil
1647 2214 1731 2262 est
1762 2207 1930 2260 sinis-

328 2305 473 2354 trum
505 2315 519 2352 :
550 2313 675 2354 cum
705 2306 887 2354 autem
918 2306 1067 2353 esset
1094 2297 1150 2352 in
1174 2297 1458 2365 Bethania,
1485 2296 1541 2352 id
1570 2304 1652 2351 est
1681 2296 1737 2349 in
1766 2293 1930 2351 domo

324 2387 670 2455 obedientiae,
705 2387 794 2443 hic
823 2388 1019 2443 domus
1047 2404 1150 2458 pro
1178 2387 1384 2441 mundo
1431 2386 1667 2457 ponitur.

394 2477 637 2534 Mulier:
689 2475 745 2531 id
793 2484 877 2531 est
907 2475 1085 2531 futura
1132 2474 1378 2532 Ecclesia
1426 2491 1439 2529 :
1487 2475 1844 2541 alabastrum,
1875 2475 1930 2530 id

323 2572 408 2622 est
435 2578 634 2636 corpus
663 2564 934 2633 hominis,
966 2581 1067 2635 per
1113 2564 1451 2638 inguentum,
1486 2564 1724 2618 ostendit
1765 2562 1931 2619 ﬁnem

321 2653 684 2712 confessionis
712 2661 915 2725 :caput
947 2653 1144 2709 Christi
1192 2653 1342 2709 Deus
1385 2653 1548 2708 Pater
1577 2654 1924 2723 recumbens,

319 2742 469 2800 idem
519 2743 771 2800 Christus
814 2758 979 2814 super
1027 2742 1333 2798 Ecclesiam
1366 2760 1379 2795 :
1410 2757 1683 2813 pauperes
1715 2757 1930 2811 semper

319 2831 611 2902 habebitis,
645 2832 703 2888 id
731 2841 815 2888 est
843 2832 1199 2903 spiritualiter
1216 2832 1309 2904 qui
1330 2830 1579 2903 indigent
1598 2831 1926 2899 doctrinam,

320 2920 438 2979 sive
468 2921 826 2993 corporaliter
856 2921 950 2993 qui
981 2920 1135 2977 cibos
1164 2919 1411 2991 indigent
1443 2937 1457 2974 :
1490 2935 1577 2974 me
1608 2927 1792 2975 autem
1820 2935 1930 2974 non

323 3026 544 3083 semper
556 3009 845 3076 habebitis,
866 3009 1120 3078 ostendit,
1136 3008 1436 3064 secundum
1453 3021 1706 3063 carnem:
1724 3008 1927 3078 Joseph

794 317 1200 374 WALAFRIDI
1230 316 1473 372 STRABI
1502 314 1701 370 FULD.
1736 312 1905 368 MON.
1939 310 2093 368 OPP.
2127 312 2303 368 PARS
2323 312 2365 367 Ι.
2397 342 2467 354 -
2494 310 2964 367 THEOLOGICA.

1275 442 1343 495 de
1372 448 1514 495 tactu
1543 439 1636 512 qui
1666 438 1942 494 furabatur
1969 437 2027 500 Α
2049 437 2235 506 tenuit,
2258 446 2317 490 ut
2346 452 2444 491 nos
2472 437 2540 491 de
2573 436 2804 507 flagellis
2834 444 3185 506 peccatorum
3214 436 3479 493 liberaret
3513 455 3528 494 :
3561 440 3642 493 si-

3526 319 3632 371 888

2034 535 2123 581 cut
2169 527 2342 580 Adam
2392 525 2631 580 extendit
2676 525 2915 596 palmam
2963 525 3019 579 in
3066 525 3277 600 lignum
3306 527 3449 593 vitae,
3485 527 3562 582 ita
3589 537 3643 583 et

2030 615 2205 670 Judari
2275 614 2636 668 extenderunt
2688 614 2897 684 palmas
2955 614 3009 668 in
3059 615 3276 670 Christo
3319 615 3555 686 proinde
3585 623 3639 671 et

2032 703 2309 769 Christus,
2343 703 2583 757 extendit
2627 703 2837 773 palmas
2867 704 2921 758 in
2952 703 3103 775 ligno
3134 702 3317 762 crucis
3349 713 3405 759 ut
3437 720 3542 759 nos
3571 704 3637 759 ab

2033 791 2181 846 omni
2210 792 2425 846 stimulo
2455 792 2727 861 liberaret,
2750 809 2847 862 per
2876 801 3093 847 cantum
3124 793 3255 866 galli
3282 793 3523 848 ostendit
3554 810 3643 849 re-

2034 880 2321 936 fectionem
2353 880 2583 951 Spiritus
2614 881 2787 935 sancti
2822 900 2835 935 :
2868 882 3082 936 vinctus
3103 882 3300 937 ductus
3329 890 3390 936 ut
3419 882 3641 938 vincula

2034 973 2381 1035 peccatorum
2413 974 2723 1019 nostrorum
2746 966 3004 1020 solveret.

2108 1053 2354 1107 Corbana
2416 1054 2718 1121 llebraice,
2754 1054 3139 1126 Gazophilacia
3182 1055 3397 1122 Grzece,
3448 1055 3640 1111 Latine

2036 1142 2349 1197 divitiarum
2377 1143 2623 1197 custodia
2653 1143 2849 1197 dicitur
2881 1160 2893 1198 :
2926 1160 3025 1214 per
3055 1142 3376 1199 effusionem
3406 1145 3640 1217 sangui-

2037 1232 2122 1286 nis
2171 1231 2368 1285 Christi
2414 1232 2750 1302 redemptum
2797 1239 2879 1286 est
2926 1233 3219 1286 humanum
3279 1249 3460 1306 genus
3491 1274 3505 1302 ,
3537 1248 3641 1303 per

2037 1320 2272 1390 pretium
2303 1320 2583 1391 sanguinis
2613 1328 2827 1390 emptus
2873 1328 2957 1375 est
2996 1337 3130 1393 ager
3167 1321 3236 1375 ad
3284 1320 3625 1392 sepulturam

2038 1409 2456 1481 peregrinorum
2490 1426 2503 1463 :
2539 1408 2715 1480 Hyrus
2736 1408 3026 1479 Pompeius
3057 1417 3159 1477 est,
3196 1410 3475 1465 Barrabas
3495 1410 3639 1465 duc-

2040 1505 2126 1551 tus
2154 1498 2207 1550 in
2240 1497 2533 1566 desertum,
2568 1497 2621 1550 id
2652 1505 2735 1552 est
2764 1498 2819 1551 in
2850 1497 3122 1553 infernum
3157 1516 3171 1551 :
3208 1498 3345 1553 alter
3373 1498 3633 1553 immola-

2042 1594 2145 1655 tus,
2179 1586 2233 1639 id
2255 1594 2338 1640 est
2362 1586 2607 1640 Christus
2638 1602 2735 1657 pro
2766 1594 2987 1657 peccato
3016 1587 3296 1641 hominum
3323 1605 3337 1641 :
3371 1597 3641 1642 exuerunt

2040 1674 2334 1741 Christum,
2360 1674 2414 1729 id
2454 1682 2535 1729 est
2563 1675 2913 1746 expoliatum,
2949 1691 2981 1729 a
3009 1674 3115 1730 ﬁde
3162 1676 3505 1743 Iudaeorum,
3540 1677 3633 1731 in-

1964 1800 2018 1859 B
2041 1764 2157 1817 duit
2186 1762 2477 1818 clamidem
2516 1764 2792 1829 coccineo,
2826 1763 2880 1817 id
2910 1771 2992 1818 est
3052 1763 3326 1818 Christum
3384 1764 3638 1819 indutum

2034 1851 2142 1906 ﬁde
2187 1852 2449 1925 gentium.
2500 1852 2746 1907 Induitur
2788 1852 3078 1907 clamidem
3120 1853 3399 1918 coccineo,
3451 1852 3508 1907 id
3555 1861 3640 1909 est

2035 1941 2309 1996 Christum
2339 1941 2585 1995 indutum
2612 1940 2717 1995 fide
2746 1941 2989 2013 gentium
3008 1940 3166 1995 aliter
3195 1957 3295 2012 per
3314 1941 3637 1997 coccineum

2035 2030 2343 2099 clamidem,
2377 2030 2615 2085 ostendit
2644 2029 2965 2085 effusionem
2999 2030 3278 2101 sanguinis
3313 2030 3491 2101 ipsius
3521 2030 3637 2087 sive

2034 2120 2378 2191 martyrium,
2427 2127 2691 2174 exuerunt
2755 2136 2879 2173 eum
2922 2119 3192 2189 clamide,
3240 2127 3293 2174 et
3341 2119 3639 2175 induerunt

2034 2225 2159 2265 eum
2189 2209 2528 2264 vestimentis
2560 2208 2690 2275 suis,
2710 2209 2945 2264 ostendit
2969 2209 3024 2262 in
3055 2207 3163 2263 ﬁne
3197 2208 3389 2263 mnudi
3411 2225 3644 2265 conver-

2035 2298 2243 2353 sionem
2300 2298 2635 2353 Judaaorum.
3684 2370 3693 2375 _

2104 2389 2309 2443 Milites
2337 2389 2433 2459 qui
2471 2388 2785 2443 diviserunt
2828 2386 3170 2442 vestimenta
3199 2389 3319 2459 ejus
3352 2401 3369 2442 :
3399 2385 3639 2460 ﬁguram

2033 2484 2221 2531 tenent
2248 2476 2557 2546 Evangelii,
2583 2475 2675 2547 qui
2705 2475 3007 2532 diviserunt
3044 2476 3186 2532 inter
3226 2493 3286 2531 se
3328 2476 3641 2533 doctrinam

2032 2565 2253 2631 Christi,
2286 2582 2388 2635 per
2426 2565 2747 2620 scissionem
2790 2564 2897 2620 veli
2927 2566 3167 2621 ostendit
3196 2565 3523 2621 scissionem
3553 2582 3644 2620 re-

2033 2654 2126 2725 gni
2156 2654 2472 2708 Iudaeorum
2506 2672 2519 2708 :
2553 2653 2675 2709 Alio
2705 2654 2867 2709 modo
2900 2654 3079 2710 velum
3127 2654 3361 2709 scissum
3392 2662 3499 2719 est,
3543 2670 3639 2709 os-

2031 2742 2203 2797 tendit
2232 2742 2553 2798 scissionem
2573 2742 2715 2816 legis
2746 2743 2937 2798 littera:
2963 2759 3062 2813 per
3088 2743 3480 2799 revelationem
3510 2743 3634 2813 Spi-

2031 2831 2169 2885 ritus
2201 2831 2392 2901 sancti,
2424 2831 2511 2887 vel
2542 2832 2918 2887 ascensionem
2947 2830 3148 2885 Cbristi
3177 2830 3334 2887 scissi
3357 2838 3486 2885 sunt
3504 2831 3636 2887 cmli

2031 2921 2267 2975 humano
2310 2921 2501 2993 generi
2536 2938 2548 2974 :
2582 2928 2727 2975 terra
2772 2928 2931 2985 nota,
2964 2920 3203 2975 ostendit
3242 2919 3476 2993 gratiam
3506 2920 3629 2989 Dei,

2031 3016 2305 3065 commota
2338 3010 2407 3064 de
2447 3008 2651 3064 Iudaeis
2693 3008 2764 3063 ad
2811 3016 3004 3079 gentes
3025 3051 3038 3075 ,
3072 3015 3238 3079 petrae
3267 3007 3489 3078 scissae,
3522 3009 3633 3065 hoc

318 3099 575 3157 venditur
588 3099 647 3154 in
662 3099 973 3172 Egyptum,
994 3113 1075 3152 xx
1111 3104 1402 3168 argenteos
1418 3102 1476 3149 ut
1489 3095 1711 3151 satiaret
1726 3095 1927 3151 famem
1960 3158 2002 3172 Α
2030 3105 2155 3151 sunt
2210 3098 2382 3154 corda
2438 3097 2679 3170 gentium
2700 3140 2712 3162 ,
2748 3096 2919 3151 scissa
2947 3096 3018 3152 ad
3046 3095 3209 3152 ﬁdem
3242 3114 3256 3151 :
3283 3097 3636 3153 Monumenta

317 3187 601 3260 corporis:
622 3158 871 3242 Christus
890 3158 1143 3243 venditus
1170 3158 1294 3239 xxx
1325 3191 1639 3258 argenteos,
1670 3200 1773 3256 pro
1802 3201 1926 3255 pec-
1955 3158 2005 3221 δ
2025 3194 2230 3257 aperta,
2266 3186 2322 3240 id
2351 3158 2634 3241 estvcorda
2661 3158 2730 3240 ad
2774 3183 2959 3240 ﬁdem.

317 3276 455 3334 catis
512 3273 796 3332 hominum
830 3318 844 3341 ,
871 3282 926 3329 et
986 3274 1127 3329 fame
1176 3272 1304 3329 ﬁdei
1337 3290 1350 3328 :
1383 3273 1761 3345 opportunitas
1793 3317 1806 3340 ,
1867 3275 1922 3328 id

321 3373 406 3423 est
439 3407 454 3432 ,
511 3372 729 3434 tempus
781 3378 1085 3437 congruum
1108 3402 1123 3432 ,
1164 3378 1265 3433 per
1295 3362 1528 3417 azimam
1593 3362 1922 3419 sinceritatis

327 3452 526 3510 mentis
581 3452 863 3519 ostendit,
904 3451 1084 3507 bibam
1129 3449 1281 3507 illum
1335 3449 1391 3505 in
1446 3466 1679 3525 regnum
1752 3452 1921 3506 Patris

324 3541 435 3600 mei
476 3541 762 3599 vobiscum
793 3582 808 3612 ,
856 3540 914 3596 id
966 3548 1051 3595 est
1107 3539 1163 3595 in
1209 3539 1473 3596 membris
1531 3538 1643 3595 suis
1701 3539 1759 3595 in
1785 3557 1920 3613 reg-

321 3648 470 3702 num,
503 3631 560 3687 id
591 3639 673 3686 est
701 3630 759 3685 in
785 3629 1036 3687 Ecclesia
1064 3628 1370 3702 percutiam
1397 3636 1695 3700 pastorem,
1730 3629 1785 3683 id
1815 3638 1918 3696 est,

292 3720 517 3778 'Christi
540 3736 554 3775 :
574 3720 960 3793 dispergentur
989 3734 1140 3786 oves,
1181 3718 1238 3774 id
1269 3725 1394 3773 sunt
1422 3718 1674 3789 apostoli,
1708 3734 1920 3789 praece-

313 3809 440 3867 dam
470 3825 570 3867 vos
610 3810 668 3865 in
716 3808 1017 3875 Galilaeam,
1048 3809 1152 3863 hoc
1170 3814 1255 3863 est
1288 3808 1510 3864 relictos
1533 3807 1755 3863 Iudaeos
1786 3794 1919 3861 abiit

320 3900 394 3957 ad
414 3905 610 3973 gentes
643 3917 657 3954 :
690 3898 737 3954 si
766 3896 1027 3969 possibile
1062 3904 1146 3952 est
1173 3904 1418 3951 transeat
1446 3911 1480 3951 a
1511 3912 1599 3950 me
1629 3895 1769 3951 calix
1794 3894 1917 3965 iste,

318 3988 377 4046 id
400 3996 484 4044 est
511 3986 716 4060 passio,
739 3986 843 4042 hoc
869 3985 1002 4041 dixit
1030 4001 1132 4056 pro
1148 3992 1301 4056 parte
1321 3984 1518 4051 carnis,
1550 4000 1651 4055 per
1678 3983 1922 4056 gladium

325 4076 567 4134 ostendit
594 4075 827 4132 verbum
876 4073 1144 4129 divinum.
1207 4074 1440 4144 Amputa
1495 4072 1816 4139 auriculam,
1866 4072 1921 4127 id

323 4173 409 4224 est
430 4172 767 4237 amputatum
795 4162 1042 4219 auditum
1060 4162 1371 4218 Judaeorum
1406 4162 1462 4216 in
1490 4161 1811 4216 munditiam
1832 4162 1921 4217 Ju-

319 4254 565 4312 daorum
593 4252 806 4325 accepit
833 4259 893 4308 ut
928 4257 1175 4308 nostram
1204 4249 1602 4307 immunditiam
1632 4258 1916 4324 purgaret,

323 4343 650 4417 ﬂagellatus.

2097 3278 2539 3341 Monumentum,
2586 3274 2640 3328 id
2669 3281 2753 3328 est
2797 3273 3044 3330 Ecclesia
3075 3288 3141 3328 ex
3172 3272 3430 3345 gentibus
3463 3291 3478 3328 :
3509 3274 3632 3329 No-

2024 3380 2152 3420 vum
2180 3364 2435 3429 ostendit,
2472 3362 2595 3435 quia
2624 3378 2735 3417 non
2756 3361 2854 3417 fuit
2876 3368 3002 3417 ante
3019 3362 3377 3433 praedicatum
3395 3362 3628 3418 verbum

2025 3453 2126 3507 Dei
2156 3452 2430 3525 gentibus,
2463 3451 2705 3507 excisum
2736 3459 3149 3507 monumentum
3175 3451 3419 3521 inpetra,
3437 3460 3627 3507 osten-

2024 3541 2104 3595 dit
2145 3540 2447 3596 Ecclesiam
2492 3540 2739 3606 scissam,
2786 3539 2855 3595 de
2883 3539 3079 3595 duritia
3106 3538 3445 3613 gentilitatis,
3475 3539 3628 3611 lapi-

2023 3630 2152 3685 dem
2180 3629 2422 3685 volutum
2450 3629 2518 3684 ad
2559 3629 2760 3684 ostium
2787 3627 3153 3695 monumenti,
3185 3627 3424 3683 ostendit
3474 3627 3630 3684 duri-

2023 3718 2152 3773 tiam
2173 3717 2229 3772 in
2258 3718 2421 3774 corda
2438 3717 2769 3773 Iudaeorum.

2102 3809 2297 3879 Vesper
2322 3806 2578 3862 θαι)ὺαίἡί
2612 3823 2625 3860 :
2657 3806 2713 3860 id
2733 3813 2817 3861 est
2843 3803 2951 3860 ﬁne
2981 3805 3186 3872 mundi,
3220 3804 3398 3876 prima
3428 3805 3629 3861 sabba-

2023 3895 2101 3950 thi
2159 3894 2397 3950 ostendit
2447 3894 2590 3949 diem
2628 3894 3045 3950 resurrectionis
3064 3936 3078 3963 ,
3110 3893 3360 3949 revoluto
3404 3894 3589 3965 lapide
3610 3939 3624 3959 ,

2024 3982 2300 4056 signiﬁcat
2331 3982 2633 4038 revolutam
2664 3983 2920 4037 duritiam
2937 3983 3245 4038 Iudaeorum
3274 3982 3330 4037 in
3360 3982 3626 4052 futurum,

2022 4090 2123 4145 per
2145 4071 2439 4145 fulgorem,
2470 4072 2708 4128 ostendit
2739 4080 3023 4139 terrorem,
3054 4087 3153 4142 per
3170 4072 3469 4127 candorem
3495 4088 3629 4128 ves-

2022 4160 2230 4216 timenti
2278 4159 2512 4216 ostendit
2585 4158 3013 4215 consolationem
3067 4158 3486 4216 recorrectionis
3507 4199 3523 4228 ,
3568 4159 3627 4213 in

2023 4249 2265 4317 Galilaaa,
2297 4251 2354 4304 in
2380 4255 2583 4315 monte,
2616 4248 2850 4305 ostendit
2878 4248 2949 4305 de
2976 4248 3178 4321 populo
3205 4248 3522 4306 Judaorum
3552 4248 3622 4303 ad

2021 4347 2233 4413 gentes.

1401 4657 1500 4731 IN
1548 4654 2169 4730 EVANGELIUM
2217 4655 2545 4768 MARCI.

394 4967 609 5024 Initium
636 4966 921 5040 Evangelii
957 4968 1088 5022 Jesu
1117 4963 1314 5021 Christi
1344 4963 1462 5021 Filii
1491 4965 1610 5022 Dei.
1647 4964 1807 5036 Quod
1835 4967 1924 5021 di-
1951 4969 2004 5030 D
2024 4968 2204 5034 mitas,
2228 4967 2284 5023 id
2313 4975 2399 5023 est
2443 4965 2799 5039 cogitationes
2842 4962 3024 5020 cordis
3069 4964 3257 5030 vestri,
3289 4979 3392 5035 per
3411 4964 3623 5037 baptis-

328 5054 403 5112 cit
442 5055 561 5111 Filii
599 5056 718 5122 Dei,
765 5055 1001 5112 ostendit
1028 5054 1363 5111 nativitatem
1392 5056 1691 5111 secundum
1723 5055 1923 5111 divini-

326 5150 490 5199 tatem
534 5145 833 5200 secundum
880 5160 1124 5214 carnem,
1174 5143 1411 5199 ostendit
1436 5145 1567 5199 dum
1614 5144 1744 5200 dicit
1772 5145 1920 5214 Jesu,

324 5248 455 5290 ecce
486 5231 658 5299 mitto,
678 5232 733 5287 id
764 5243 845 5289 est
874 5250 977 5289 vox
1019 5234 1189 5306 patris
1218 5233 1491 5307 A’ngelum
1520 5250 1721 5301 meum,
1754 5235 1809 5289 id
1841 5244 1924 5290 est

325 5323 594 5380 Joannem
627 5339 640 5376 :
671 5329 794 5377 ante
837 5321 1029 5378 faciem
1072 5331 1235 5388 tuam,
1287 5322 1341 5377 id
1376 5329 1489 5392 est,
1523 5339 1924 5394 praecursorem

326 5411 564 5479 Christi,
621 5410 848 5467 notitam
895 5411 1009 5480 ejus
1054 5410 1343 5467 facientem
1380 5428 1484 5467 vox
1537 5414 1759 5468 Joannis
1815 5422 1917 5480 est,

321 5502 562 5559 clamans
591 5499 840 5557 Christus
883 5508 967 5555 est
995 5498 1050 5553 in
1081 5500 1298 5556 deserto
1328 5499 1599 5571 signiﬁcat
1626 5502 1866 5567 Iudaeos,
1889 5516 1922 5556 a

321 5590 467 5663 lege,
500 5598 554 5647 et
582 5607 616 5646 a
644 5605 818 5663 regno
838 5606 870 5644 a
885 5588 1186 5646 sacerdotio
1217 5589 1529 5657 derelictos,
1550 5599 1733 5661 parate
1755 5591 1916 5658 viam,

324 5678 382 5735 id
425 5686 509 5736 est
549 5681 753 5751 corda,
803 5679 919 5739 sive
963 5694 1154 5754 opera,
1205 5686 1385 5736 rectas
1430 5677 1592 5739 facite
1648 5680 1765 5751 ejus
1825 5696 1919 5737 se-

2022 5074 2172 5113 mum
2199 5072 2375 5128 aquae,
2411 5055 2645 5112 ostendit
2687 5053 3019 5109 ablutionem
3048 5054 3296 5124 corporis
3325 5061 3381 5108 et
3407 5054 3621 5117 animae,

2024 5146 2354 5217 baptismum
2396 5144 2761 5216 paenitentiae,
2796 5142 3049 5198 remissio
3109 5150 3191 5197 est
3237 5150 3621 5213 peccatorum,

2022 5236 2167 5291 venit
2188 5235 2243 5290 in
2263 5236 2484 5289 domum
2516 5232 2754 5288 Simonis
2784 5233 3038 5299 Andreas,
3070 5232 3126 5287 id
3156 5240 3260 5299 est,
3280 5232 3351 5286 ad
3379 5232 3620 5295 Iudaeos,

2023 5323 2259 5379 diluculo
2288 5324 2447 5378 valde
2478 5338 2732 5394 surgens,
2765 5322 3001 5377 ostendit
3033 5321 3330 5376 adventum
3377 5320 3618 5389 Christi,

2024 5422 2077 5468 et
2106 5412 2315 5467 initium
2344 5411 2485 5466 Novi
2503 5410 2851 5476 Testamenti,
2886 5410 3017 5465 abiit
3032 5410 3088 5465 in
3109 5410 3388 5465 desertum
3414 5409 3619 5476 locum,

2021 5501 2077 5556 id
2121 5510 2204 5557 est
2249 5501 2319 5556 ad
2351 5500 2567 5556 Judaaos
2593 5544 2604 5565 ,
2638 5499 2821 5571 ibique
2848 5499 3059 5566 orabat,
3097 5499 3153 5553 id
3183 5507 3284 5565 est,
3316 5498 3392 5553 ibi
3420 5499 3624 5570 praedi-

2022 5592 2197 5649 cabat.

2090 5682 2212 5739 Non
2236 5680 2417 5753 possit
2444 5681 2507 5736 tn
2528 5680 2822 5738 civitatem
2835 5679 3096 5738 introire.
3124 5677 3241 5735 Hoc
3268 5684 3495 5751 propter
3508 5675 3620 5734 fre-
