4002 6184
293 307 397 361 889

1007 296 1384 353 EXPOSITIO
1415 299 1488 381 IN
1518 296 1854 367 QUATUOR
1885 297 2310 354 EVANGELIA.
2335 330 2404 339 —
2434 300 2508 354 IN
2530 297 2840 356 MARCUM.

3486 301 3588 354 890

306 428 580 501 quentiam
609 425 812 496 pepuli,
846 440 946 494 per
976 422 1312 494 paraliticum
1341 423 1577 477 ostendit
1617 425 1905 476 humanum
1926 423 1980 483 A
2011 431 2233 493 propter
2261 425 2460 494 spinas,
2496 425 2549 478 id
2580 432 2663 479 est
2693 439 2788 494 pro
2809 422 3139 496 obligatione
3157 422 3484 490 divitiarum,
3517 424 3605 479 vel

307 534 502 590 genus,
536 532 636 586 per
679 514 897 580 lectum,
951 528 1192 582 corpus:
1239 514 1283 566 A
1332 520 1526 582 quator
1573 512 1904 581 portabatur,

309 608 412 661 hoc
438 613 563 659 sunt
611 610 842 674 quatuor
861 601 1130 656 elementa
1163 617 1261 670 per
1291 616 1453 670 quem
1481 608 1692 655 constat
1722 601 1904 666 homo,

306 695 480 748 autin
504 701 737 764 quatuor
766 690 984 746 ordines
1031 689 1317 760 Evangelii
1379 707 1390 742 :
1425 697 1515 742 aut
1569 688 1624 742 in
1683 696 1909 758 quatuor

303 783 528 838 virtutes
560 781 773 845 animae,
807 779 861 833 id
893 787 974 832 est
1003 777 1257 833 fortitudo
1291 795 1303 830 :
1348 777 1574 845 justitia,
1622 776 1909 846 prudentia

305 880 360 926 et
389 869 744 940 temperentia
776 886 790 931 ;
823 867 1078 921 fortitudo
1103 875 1184 920 est
1231 882 1480 938 pugnare
1528 873 1715 920 contra
1760 865 1905 930 vitia,

294 960 506 1028 justitia
535 966 618 1013 est
644 957 874 1028 diligere
905 957 1076 1010 Deum
1108 973 1173 1009 ex
1202 964 1314 1010 toto
1337 956 1502 1010 corde
1532 963 1584 1008 et
1605 953 1909 1024 proximum

304 1050 447 1104 sicut
475 1048 734 1117 seipsum,
767 1044 1048 1116 prudentia
1079 1052 1157 1098 est
1184 1044 1471 1114 providere
1518 1043 1715 1108 futura,
1768 1051 1906 1097 tem-

303 1136 557 1208 perantia
588 1145 670 1190 est
700 1134 848 1189 omni
877 1134 992 1198 iras,
1018 1133 1298 1203 imponere
1323 1141 1542 1196 motum,
1571 1132 1908 1186 nudaverunt

302 1234 528 1288 tectum,
584 1223 638 1276 id
691 1232 774 1276 est
829 1221 1108 1276 historiam
1168 1221 1305 1292 legis
1333 1220 1738 1291 patefacientes,
1772 1221 1906 1274 sub-

298 1314 598 1367 misserunt
652 1312 957 1384 grabatum,
1018 1311 1253 1363 ostendit
1310 1310 1637 1364 denudatam
1677 1309 1905 1362 litteram

298 1401 463 1472 legis,
496 1399 838 1455 manifestum
897 1415 1118 1453 sensum
1162 1398 1467 1470 Evangelii,
1519 1397 1780 1467 praecepit
1826 1397 1906 1451 eis

300 1499 362 1545 ut
390 1491 445 1544 in
477 1489 725 1545 navicula
755 1488 858 1542 sibi
888 1487 1247 1554 deservirent,
1280 1488 1335 1540 id
1367 1495 1450 1541 est
1480 1486 1727 1542 Ecclesia
1757 1501 1904 1556 prae-

304 1579 568 1635 dicarent.

2012 512 2371 566 sollicitudine
2402 513 2602 580 saaculi,
2638 520 2858 583 propter
2888 511 3162 583 frigorem,
3198 511 3252 565 id
3281 519 3361 565 est
3389 527 3490 582 pro
3519 527 3609 568 cu-

2009 600 2233 670 piditate
2261 601 2457 655 mentis
2488 610 2577 655 aut
2605 600 2940 666 inﬁdelitate,
2974 609 3198 671 propter
3218 607 3518 670 serpentes,
3554 601 3608 654 id

2011 697 2090 744 est
2121 698 2340 760 propter
2370 691 2671 745 doctrinam
2699 690 3096 746 haereticorum.

2083 779 2202 833 Non
2233 780 2441 834 duobus
2475 781 2703 842 tunicis,
2739 778 2790 832 id
2821 787 2904 832 est
2933 794 3042 832 non
3073 777 3238 848 dupla
3278 784 3478 842 mente,
3505 792 3608 833 nec

2010 867 2283 922 dubietate
2312 869 2451 921 inter
2479 866 2642 920 ﬁdem
2672 876 2724 921 et
2767 866 3158 931 inﬁdelitatem,
3209 881 3318 920 non
3348 866 3516 936 dupla
3545 864 3608 919 ﬁ-

2009 955 2167 1010 ducia
2194 956 2249 1009 in
2279 973 2423 1010 novo
2454 964 2546 1009 aut
2574 955 2628 1009 in
2660 955 2829 1009 veteri
2855 973 2866 1008 :
2889 956 3011 1009 Non
3033 955 3172 1009 sicut
3191 954 3482 1008 simulares
3513 954 3606 1025 qui

2008 1046 2075 1098 ab
2122 1045 2430 1098 hominibus
2473 1044 2686 1098 laudem
2737 1052 3002 1113 quierunt,
3056 1059 3156 1114 per
3189 1059 3401 1098 ccenam
3441 1058 3605 1113 quam

2007 1149 2114 1188 non
2170 1133 2520 1204 subsequitur
2575 1132 2900 1202 prandium,
2935 1132 3332 1186 consummatio
3392 1130 3596 1195 saaculi,

2008 1221 2096 1292 qui
2156 1221 2402 1275 veniente
2457 1221 2669 1275 Christo
2700 1221 3225 1276 consummationem
3261 1236 3417 1273 suam
3447 1219 3596 1283 vidit,

2000 1311 2112 1380 jam
2140 1309 2393 1380 praeteriit
2423 1310 2576 1375 hora,
2605 1310 2659 1362 id
2691 1319 2774 1363 est
2799 1309 2972 1364 littera
3000 1309 3158 1381 legis,
3209 1309 3354 1364 unde
3383 1308 3472 1374 ait,
3507 1322 3606 1362 ve-

2007 1406 2120 1454 tera
2146 1399 2472 1453 transierum
2503 1407 2556 1453 et
2585 1414 2712 1454 ecce
2743 1397 2886 1454 facta
2917 1407 3040 1452 sunt
3071 1413 3227 1453 nova.

2081 1517 2253 1571 Naves
2268 1517 2329 1569 in
2345 1516 2523 1570 medio
2537 1517 2740 1569 maris:
2759 1514 2811 1567 id
2831 1522 2913 1568 est
2927 1512 3174 1567 Ecclesia
3191 1513 3243 1566 in
3261 1512 3605 1568 ﬂuctuatione

2003 1604 2189 1658 mundi
2223 1620 2235 1658 :
2269 1605 2427 1658 Jesus
2457 1604 2605 1658 solus
2637 1604 2688 1656 in
2711 1618 2878 1669 mare,
2905 1600 3173 1671 signiﬁcat
3194 1602 3341 1656 solus
3365 1609 3524 1655 natus
3546 1601 3600 1654 in

377 1711 641 1767 Αεεεηάίε
671 1713 733 1765 in
761 1714 1031 1775 montem,
1065 1709 1328 1782 significat
1360 1708 1738 1764 ascensionem
1787 1707 1902 1775 ejus
1939 1781 1970 1782 η
2001 1702 2140 1749 terra
2170 1694 2288 1748 sine
2319 1702 2459 1747 tactu
2495 1711 2506 1746 :
2543 1693 2744 1746 Ventus
2774 1691 3092 1757 contrarius,
3127 1691 3365 1745 ostendit
3414 1706 3604 1760 perse-

305 1816 431 1858 cum
462 1816 630 1856 carno
661 1800 716 1852 in
740 1799 956 1864 coelum,
992 1779 1205 1866 tonans,
1241 1798 1486 1852 Christus
1523 1806 1624 1860 est,
1676 1796 1769 1850 ﬁlii
1818 1804 1906 1850 to-

2018 1783 2282 1838 cutionem
2312 1781 2512 1835 diaboli
2542 1789 2663 1852 post
2693 1781 3070 1836 ascensionem
3100 1780 3297 1835 Christi
3353 1779 3409 1832 in
3463 1781 3611 1848 Apo-

304 1890 491 1955 nitrui,
529 1887 772 1959 Apostoli
802 1895 924 1941 sunt
960 1904 971 1941 :
1007 1888 1192 1941 Nubes
1223 1888 1518 1957 prophetae,
1552 1886 1735 1956 pluvia
1763 1902 1909 1955 prae-

304 1979 505 2034 dicatio
537 1986 638 2045 est,
673 1979 894 2032 lucerna
926 1976 1026 2029 sub
1057 1975 1257 2042 modio,
1289 1976 1342 2028 id
1373 1983 1454 2029 est
1486 1975 1578 2046 qui
1628 1990 1728 2044 pro
1759 1974 1911 2044 cupi-

304 2068 473 2123 ditate
505 2066 688 2121 saeculi
718 2066 895 2130 docet,
931 2065 1032 2118 sub
1063 2064 1224 2127 lecto,
1259 2064 1312 2116 id
1343 2072 1424 2118 est
1454 2063 1786 2118 obscuritate
1815 2063 1909 2116 de-

303 2156 664 2226 linquentium
697 2170 804 2208 non
836 2162 917 2208 est
962 2153 1342 2208 absconditum
1389 2153 1532 2223 quod
1576 2167 1685 2206 non
1729 2150 1909 2204 mani-

302 2244 553 2310 festetur,
619 2243 829 2298 occulta
887 2242 1009 2314 lege
1064 2242 1402 2307 Judmorum,
1436 2240 1528 2312 qui
1569 2239 1912 2294 manifestata

304 2342 391 2388 est
421 2332 694 2405 gentibus,
726 2331 890 2385 homo
921 2331 1010 2401 qui
1059 2329 1363 2394 seminavit,
1424 2329 1660 2384 ostendit
1715 2329 1909 2382 docto-

210 2419 218 2426 ’
304 2438 448 2486 rem,
511 2421 656 2492 quod
713 2419 1018 2487 seminavit,
1077 2419 1132 2472 id
1191 2427 1273 2473 est
1303 2419 1529 2472 verbum
1560 2418 1821 2486 divinum,
1853 2417 1908 2470 in

301 2519 474 2574 terra,
506 2509 561 2562 in
583 2508 744 2564 corde
767 2507 1061 2573 hominum,
1083 2507 1460 2574 dormientem,
1485 2507 1539 2560 id
1560 2515 1640 2561 est
1661 2505 1910 2561 nescien-

305 2604 440 2663 tem;
465 2614 562 2668 per
581 2605 796 2651 noctem
817 2596 1197 2650 adversitatem
1220 2597 1332 2650 sive
1354 2595 1717 2666 ignorantiam
1733 2602 1910 2649 osten-

305 2687 404 2756 dit,
428 2703 526 2756 per
545 2685 688 2740 diem
710 2701 838 2740 vero
858 2685 1192 2754 prosperitas
1213 2685 1327 2738 sive
1345 2685 1706 2756 ignorantiam
1728 2691 1910 2737 osten-

305 2776 406 2841 dit,
440 2791 539 2844 per
567 2790 810 2844 germen,
871 2773 1343 2844 compunctionem
1395 2773 1596 2837 cordis,
1654 2789 1755 2843 per
1784 2773 1909 2826 her—

309 2864 439 2918 bam
471 2862 632 2917 ﬁdem
663 2879 910 2932 operum,
944 2880 1044 2932 per
1073 2863 1298 2932 spicam,
1334 2861 1721 2932 perfectionem
1778 2877 1910 2931 ope-

311 2952 559 3018 rationis,
591 2951 812 3022 plenum
844 2950 1079 3006 fructum
1109 2952 1161 3004 in
1193 2951 1358 3022 spica,
1394 2951 1627 3005 ostendit
1657 2966 1910 3005 consum-

306 3041 606 3097 mationem
636 3055 878 3110 operum,
911 3056 1012 3110 per
1039 3039 1232 3094 falcem
1263 3039 1575 3110 amputatio,
1627 3038 1910 3109 prsesentis

2011 1872 2178 1926 stolos
2211 1890 2222 1925 :
2255 1870 2429 1925 Voluit
2457 1870 2737 1941 praaterire
2767 1886 2882 1933 eos,
2916 1869 3150 1923 ostendit
3178 1869 3249 1922 ad
3293 1867 3606 1938 probandos

2008 1977 2104 2016 eos
2163 1978 2176 2014 :
2237 1960 2572 2014 Genesareth
2649 1967 2860 2028 portum
2939 1965 3122 2028 aptum
3193 1957 3601 2026 interpretatur,

2009 2049 2140 2104 abiit
2195 2049 2249 2102 in
2303 2056 2482 2118 partes
2537 2048 2661 2118 Tyri
2694 2056 2744 2101 et
2803 2047 3037 2109 Sidonis,
3068 2046 3124 2100 id
3154 2056 3235 2101 est
3266 2045 3336 2100 ad
3385 2052 3600 2117 gentes,

2010 2139 2290 2211 ingressus
2321 2138 2372 2191 in
2405 2138 2585 2202 domo,
2619 2137 2672 2190 id
2704 2125 2787 2190 es't
2816 2136 2870 2190 in
2902 2136 3186 2190 mundum.

2083 2247 2373 2300 Nemi-nem
2403 2246 2580 2300 voluit
2605 2246 2766 2308 scire,
2793 2242 3029 2298 ostendit
3063 2241 3420 2296 humilitatem
3445 2259 3457 2296 :
3480 2242 3601 2296 Non

2010 2335 2182 2405 potuit
2224 2334 2414 2401 latere,
2449 2333 2503 2386 id
2543 2340 2626 2387 est
2657 2332 2780 2404 quia
2813 2347 2979 2402 opera
3023 2333 3138 2400 ejus
3168 2331 3454 2385 manifesta
3483 2337 3609 2385 sunt

2011 2440 2247 2493 semper,
2271 2439 2372 2492 per
2391 2421 2672 2476 mulierem
2701 2421 3020 2492 intelligitur
3039 2420 3318 2491 primitiva
3340 2419 3604 2485 Ecclesia,

2009 2511 2258 2582 procedit
2289 2519 2412 2565 ante
2442 2510 2612 2581 pedes
2640 2511 2790 2574 Jesu,
2824 2509 3071 2579 Apostoli
3101 2516 3225 2562 sunt
3259 2526 3271 2562 :
3307 2507 3424 2562 sine
3454 2507 3608 2576 prius

2013 2609 2256 2654 saturare
2287 2598 2442 2667 ﬁlios,
2475 2599 2529 2652 id
2561 2607 2642 2652 est
2670 2598 2906 2660 Judaeos,
2939 2605 2992 2650 ut
3022 2597 3320 2666 percipiant
3349 2595 3609 2649 mandata

2011 2689 2150 2761 legis
2199 2687 2483 2759 Evangelii
2519 2705 2530 2740 :
2566 2686 2666 2741 etsi
2709 2686 2932 2756 indigne
2974 2684 3338 2754 judicaverint
3379 2699 3612 2755 regnum

2011 2778 2130 2842 Dei,
2152 2785 2280 2832 tunc
2309 2776 2578 2846 accipiant
2609 2784 2800 2847 gentes
2829 2774 2962 2829 illud
2996 2791 3008 2829 :
3042 2774 3246 2829 invenit
3275 2773 3512 2845 puellam
3536 2773 3612 2842 ja-

2011 2875 2222 2922 centem
2279 2881 2443 2936 super
2499 2865 2714 2930 lectum,
2748 2864 2802 2918 id
2847 2871 2929 2918 est
2969 2863 3171 2918 invenit
3226 2878 3348 2918 eam
3407 2863 3463 2916 in
3491 2862 3611 2933 pri-

2013 2956 2178 3010 stino.
2201 2995 2213 3008 .
2237 2996 2248 3008 .
2272 2996 2284 3008 .
2307 2996 2319 3008 .
2343 2995 2355 3008 .
2409 2953 2654 3024 corporis
2697 2939 2786 3006 'sui
2819 2971 2833 3006 ε
2865 2952 3089 3006 surdum
3147 2959 3199 3006 et
3237 2959 3464 3016 mutum,
3511 2967 3609 3007 os-

2013 3043 2182 3099 tendit
2209 3044 2501 3097 humanum
2531 3059 2724 3112 genus,
2759 3042 2957 3096 surdus
2987 3049 3100 3096 erat
3129 3041 3254 3112 quia
3283 3056 3392 3095 non
3423 3039 3610 3095 audie-

301 3132 431 3186 vitae
463 3138 515 3185 et
545 3129 941 3184 consummatio
986 3129 1186 3197 saeculi,
1246 3128 1544 3182 dimittente
1600 3129 1760 3181 turba
1817 3129 1911 3180 Ju-
1940 3135 2101 3203 Chai
2147 3133 2398 3187 mandata
2443 3131 2575 3198 Dei;
2609 3147 2712 3186 nec
2755 3131 2939 3185 dicere
2982 3129 3195 3184 valebat
3239 3137 3436 3196 mutus,
3484 3129 3613 3201 quia

301 3220 545 3274 decorum
575 3218 745 3272 habiit
775 3218 828 3270 in
858 3233 1072 3282 navem,
1107 3218 1161 3271 id
1182 3227 1262 3272 est
1284 3217 1336 3270 in
1363 3217 1663 3272 Ecclesiam
1685 3234 1749 3270 ex
1771 3233 1908 3288 gen-

301 3308 449 3362 tibus
485 3324 497 3361 :
531 3307 666 3362 Alia-2
696 3307 852 3361 navis
882 3314 1035 3361 erant
1066 3322 1186 3361 cum
1218 3306 1330 3371 illo,
1356 3305 1410 3359 id
1438 3313 1519 3359 est
1539 3305 1781 3359 diversas
1815 3307 1914 3360 Ec-

301 3397 505 3454 clesias
525 3396 928 3451 haereticorum:
966 3412 1066 3465 per
1096 3395 1391 3466 procellem
1424 3394 1564 3447 venti
1601 3411 1612 3446 :
1673 3394 1914 3450 ostendit

298 3485 706 3558 persecutiones
764 3493 954 3541 contra
1012 3483 1222 3544 ﬁdeles,
1285 3484 1479 3537 ﬂuctus
1538 3483 1800 3547 mittebat,
1852 3489 1913 3535 ut

300 3575 619 3644 impleretur
646 3573 820 3638 navis,
853 3571 1089 3626 ostendit
1118 3572 1548 3641 persecutionem
1579 3571 1912 3626 antichristi.

303 3679 404 3718 seu
435 3661 814 3727 saevissimam,
849 3669 905 3714 ut
933 3676 1101 3731 prope
1131 3660 1546 3732 abnegationem
1595 3659 1834 3714 veniant.

389 3804 552 3860 Multi
577 3803 780 3858 dilecto
809 3819 844 3856 a
872 3803 1001 3866 Deo,
1033 3808 1384 3872 perseverant
1427 3799 1483 3852 in
1538 3798 1720 3866 ﬁdem,
1772 3799 1907 3854 dor-

305 3892 441 3948 mire
471 3891 742 3946 Christum
772 3891 827 3944 in
856 3906 1054 3960 puppe,
1089 3889 1326 3943 ostendit
1354 3888 1729 3958 probationem
1787 3887 1914 3943 ﬁde-

305 3981 436 4036 lium
467 3981 521 4034 in
551 3979 1005 4050 persecutionem,
1040 3978 1277 4032 excitant
1306 3993 1450 4042 eum,
1472 3977 1526 4031 id
1550 3984 1631 4031 est
1660 3977 1912 4034 invocant

306 4086 431 4125 eum
461 4070 516 4122 in
547 4068 1004 4138 persecutionem,
1039 4066 1093 4120 in
1123 4067 1448 4134 adjutorium
1481 4065 1603 4131 sibi,
1640 4064 1780 4120 facta
1832 4075 1914 4121 est

304 4157 660 4230 tranquillitas
690 4172 910 4228 magna,
944 4155 996 4209 id
1027 4163 1107 4210 est
1138 4155 1273 4226 post}
1301 4155 1739 4225 persecutionem
1767 4154 1911 4208 anti-

301 4246 492 4304 christi
523 4253 577 4300 et
606 4254 728 4316 post
758 4243 1234 4308 resurrectionem,
1268 4244 1430 4298 homo
1487 4244 1696 4298 habens
1753 4242 1913 4314 spiri-

303 4345 420 4391 tum
448 4335 785 4388 immundum
816 4331 1084 4406 signiﬁcat
1112 4333 1405 4386 humanum
1437 4349 1633 4404 genus,
1689 4339 1913 4388 catenas

305 4424 675 4494 disrumpens,
737 4421 973 4478 ostendit
1020 4429 1214 4494 gentes
1261 4421 1685 4491 praevaricantes
1731 4420 1914 4493 legem

2015 3221 2418 3278 confessionem
2448 3221 2620 3275 laudis
2652 3220 2878 3275 reddere
2908 3235 3016 3274 non
3053 3218 3287 3287 valebat,
3322 3226 3374 3273 et
3404 3217 3613 3273 confes-

2015 3311 2224 3366 sionem
2256 3311 2381 3365 ﬁdei
2413 3326 2517 3364 non
2549 3310 2798 3376 habebat,
2837 3308 3049 3364 educite
3080 3324 3202 3362 eum
3225 3315 3375 3362 extra
3398 3307 3610 3361 turbam

2015 3399 2252 3455 ostendit
2282 3406 2544 3453 remotam
2588 3398 2772 3465 vitam,
2819 3397 2946 3468 quia
2978 3397 3031 3450 in
3063 3396 3363 3452 remotione
3393 3412 3612 3467 semper

2014 3488 2296 3558 cognoscit
2323 3488 2486 3541 homo
2516 3486 2812 3541 caecitatem
2841 3495 3187 3555 peccatorum
3227 3500 3467 3540 suorum.
3499 3484 3612 3539 Ali-

2015 3584 2094 3631 ter
2117 3575 2328 3631 educite
2376 3591 2502 3628 eum
2545 3575 2612 3628 de
2651 3574 2808 3627 turba
2854 3582 3200 3643 peccatorum
3229 3574 3298 3628 ad
3327 3573 3611 3644 pristinam

1993 3651 2479 3720 conversationem
2507 3663 2667 3717 bona:
2695 3669 2922 3716 naturae.

2089 3771 2238 3827 Misit
2309 3770 2508 3840 digitos
2537 3771 2598 3824 in
2629 3784 2794 3825 aures
2839 3767 3020 3822 cordis
3063 3767 3181 3836 ejus
3210 3771 3266 3822 et
3294 3769 3520 3839 aperuit
3549 3784 3609 3824 os

2015 3864 2134 3933 ejus
2163 3860 2219 3914 in
2246 3858 2589 3914 confessione
2619 3856 2764 3922 ﬁdei,
2791 3856 3096 3927 suspiciens
3112 3855 3167 3909 in
3186 3855 3346 3922 caalo,
3371 3856 3608 3911 ostendit

2013 3957 2070 4004 ut
2097 3965 2286 4004 omnes
2313 3948 2501 4002 laudes
2531 3948 2646 4002 Deo
2675 3945 2974 4001 referrent:
2998 3945 3281 4018 ingemuit,
3317 3944 3370 3998 id
3401 3953 3483 3999 est
3510 3960 3608 4015 pro

2013 4038 2253 4109 peccatis
2283 4037 2504 4109 generis
2532 4036 2751 4090 humani
2799 4052 2920 4107 quae
2947 4036 3003 4089 in
3033 4034 3237 4089 mundo
3283 4033 3556 4088 eminebat
3591 4051 3604 4088 :

2013 4127 2205 4191 Aliter,
2237 4134 2293 4181 ut
2322 4125 2627 4196 exemplum
2656 4125 2808 4180 daret
2838 4125 2996 4180 nobis
3017 4133 3073 4178 ut
3101 4139 3224 4178 cum
3251 4122 3606 4194 supplicatio-

2013 4216 2174 4271 nibus
2203 4231 2462 4288 rogemus
2489 4216 2662 4270 Deum
2696 4232 2709 4269 :
2742 4229 2841 4285 per
2869 4230 3076 4269 caecum
3105 4229 3281 4286 genus
3313 4213 3609 4266 humanum

2015 4305 2270 4374 ostendit,
2315 4303 2407 4376 qui
2446 4303 2785 4359 adduxerunt
2827 4319 2950 4358 eum
2991 4303 3057 4357 ad
3105 4302 3310 4366 Iesum,
3373 4299 3612 4355 ostendit

2014 4395 2288 4451 doctores.

300 4522 510 4569 natura
540 4529 652 4567 suae
677 4529 690 4565 :
728 4512 840 4566 sive
870 4510 1177 4566 doctrinam
1205 4510 1671 4581 phi1050phoru1n,
1733 4510 1814 4566 sic
1859 4519 1910 4565 et
1931 4499 1984 4560 D
2075 4501 2402 4576 Aprehensa
2429 4517 2628 4565 manu,
2661 4499 2717 4554 id
2747 4507 2829 4555 est
2856 4498 3005 4553 dedit
3034 4495 3438 4568 operationem:
3464 4495 3608 4551 Edu-

301 4602 477 4657 Judaai
503 4602 904 4672 disrumpentes
945 4600 1179 4655 litteram
1209 4599 1346 4672 legis
1378 4599 1492 4654 sive
1523 4599 1862 4670 prophetiam
1891 4617 1904 4654 :

301 4691 544 4748 concidit
573 4690 861 4760 lapidibus,
894 4689 1129 4744 ostendit
1181 4688 1439 4787 populgm
1468 4687 1712 4759 gentium
1768 4687 1907 4743 ado-

301 4787 487 4835 rantes
516 4779 726 4850 lapides
761 4797 773 4833 :
807 4779 971 4834 homo
992 4779 1211 4843 sedens,
1236 4776 1461 4833 vestitus
1478 4777 1546 4832 ad
1571 4776 1734 4832 ﬁdem
1754 4777 1903 4843 Jesu,

300 4868 540 4924 ostendit
570 4867 821 4922 vestitum
850 4865 956 4922 ﬁde
987 4877 1039 4921 et
1068 4867 1306 4933 caritate,
1344 4881 1477 4920 sana
1505 4874 1709 4930 mente,
1744 4866 1796 4919 id
1827 4874 1909 4920 est

293 4972 439 5028 pura
484 4965 645 5027 atque
693 4956 904 5012 sincera
950 4965 1151 5021 mente,
1185 4956 1522 5026 Erogaverat
1554 4954 1905 5008 substantiam

298 5057 461 5096 suam
493 5041 547 5094 in
576 5041 822 5107 medicis,
859 5041 914 5095 id
945 5049 1027 5095 est
1059 5040 1186 5110 quia
1219 5046 1382 5093 totam
1401 5038 1565 5094 ﬁdem
1595 5048 1648 5094 et
1678 5055 1907 5094 conver-

297 5131 569 5185 sationem
601 5139 653 5184 et
684 5145 836 5200 spem
867 5146 1018 5182 suam
1046 5129 1102 5182 in
1132 5127 1470 5199 phiIOSOphis
1503 5136 1780 5198 posuerat.

377 5246 532 5301 Misit
578 5246 733 5300 binos
768 5259 780 5298 :
839 5243 1077 5298 ostendit
1105 5243 1213 5298 duo
1261 5250 1598 5308 testamenta,
1632 5252 1687 5296 ut
1717 5243 1907 5297 eadem

297 5334 502 5406 ubique
532 5333 845 5404 praedicent,
881 5331 1128 5386 similiter
1157 5340 1209 5386 et
1241 5331 1364 5403 quia
1405 5330 1596 5386 caritas
1627 5331 1682 5384 in
1728 5332 1907 5386 minus

297 5424 408 5478 duo
439 5437 548 5476 non
577 5421 821 5476 consistit
854 5437 866 5475 ε
901 5437 1000 5491 per
1030 5420 1259 5493 virgam,
1293 5421 1742 5488 consolationem,
1793 5419 1907 5474 sive

301 5511 668 5582 disciplinam,
703 5509 1009 5566 ostenditur
1051 5517 1107 5564 ut
1137 5509 1336 5564 Paulus
1365 5509 1436 5563 ait
1494 5527 1506 5563 :
1567 5510 1696 5580 quid
1744 5509 1908 5564 vultis

298 5601 460 5673 virga
490 5600 702 5654 veniam
733 5600 802 5654 ad
833 5615 951 5670 vos,
987 5615 1056 5652 an
1086 5598 1140 5652 in
1170 5598 1360 5669 spiritu
1392 5598 1822 5653 mansuetudinis
1853 5607 1906 5653 et

300 5688 699 5746 consolationis
733 5707 746 5743 :
779 5687 989 5746 calciati
1020 5687 1339 5745 sandalibus
1362 5703 1460 5760 pro
1490 5688 1658 5744 tribus
1705 5688 1902 5758 causis,

2007 4593 2083 4646 xit
2113 4608 2237 4647 eum
2268 4599 2420 4646 extra
2439 4589 2636 4656 vicum,
2657 4587 2892 4644 ostendit
2906 4586 3262 4642 remotionem
3279 4585 3614 4657 contempla-

2006 4681 2166 4736 tionis
2209 4680 2332 4736 vitze
2389 4679 2503 4734 sive
2547 4687 2697 4734 extra
2747 4676 3032 4748 pristinam
3090 4677 3605 4732 conversationem:

2007 4787 2248 4841 expuens
2307 4770 2362 4824 in
2427 4767 2634 4834 oculos,
2705 4784 2805 4839 per
2870 4774 3104 4837 sputum,
3172 4765 3607 4821 incarnationem

2007 4859 2204 4914 Christi
2248 4857 2548 4913 ostenditur
2591 4873 2690 4928 per
2735 4871 2899 4928 quam
2943 4855 3292 4909 inluminatus
3323 4861 3406 4909 est
3434 4869 3608 4926 genus

2007 4949 2300 5002 humanum
2338 4965 2350 5000 :
2383 4945 2652 5017 impositis
2701 4945 2974 5012 manibus,
3006 4944 3060 4998 id
3088 4951 3170 4999 est
3218 4942 3367 4998 dedit
3397 4943 3606 5012 adjuto-

2007 5038 2144 5092 rium
2177 5035 2529 5108 Operationis.

2087 5153 2242 5209 Video
2273 5153 2526 5208 homines
2557 5152 2709 5207 velut
2738 5151 2979 5217 arbores,
3016 5149 3104 5206 hic
3133 5149 3369 5206 ostendit
3418 5166 3609 5207 exem-

2005 5241 2152 5312 plum
2197 5241 2507 5295 humilitatis
2551 5248 2608 5294 ut
2650 5240 2829 5295 nullus
2877 5239 3163 5295 extollatur
3201 5240 3270 5295 de
3300 5239 3609 5307 virtutibus,

2007 5330 2105 5384 sed
2149 5329 2415 5385 minorem
2461 5338 2513 5384 et
2554 5328 2865 5384 inferiorem
2910 5345 2970 5384 se
3018 5329 3288 5384 existimet
3336 5329 3606 5384 omnibus.

2008 5421 2206 5474 lterum
2236 5419 2489 5490 imposuit
2519 5435 2712 5474 manus
2745 5435 2909 5490 super
2939 5419 3125 5476 oculos
3145 5438 3159 5474 :
3183 5427 3236 5475 et
3256 5418 3428 5490 aperti
3459 5424 3602 5481 sunt,

2006 5509 2241 5564 ostendit
2285 5509 2410 5579 quia
2454 5508 2663 5588 aperuit
2706 5508 2873 5564 corda
2917 5509 3192 5564 hominum
3246 5515 3301 5561 ut
3357 5505 3605 5560 viderent

2008 5598 2287 5654 scientiam
2317 5597 2417 5653 Dei
2447 5597 2594 5654 clare
2624 5606 2677 5653 et
2707 5597 2823 5654 sine
2867 5598 3033 5654 dubio
3071 5597 3358 5655 crederent
3389 5611 3403 5648 :
3438 5590 3602 5649 resti-
3678 5599 3687 5607 '

2007 5696 2092 5744 tus
2121 5696 2222 5757 est,
2255 5687 2310 5744 id
2340 5695 2423 5743 est
2450 5687 2506 5744 in
2534 5687 2692 5744 bonis
2721 5687 3001 5761 operibus.
