3998 6188
393 292 494 345 8³91

1017 288 1422 346 WALAFRIDI
1450 285 1692 343 STRABI
1722 283 1924 340 FULD.
1957 281 2128 338 MON.
2163 280 2313 338 OPP.
2337 283 2513 341 PARS
2543 285 2585 339 Ι.
2612 315 2681 327 -
2700 285 3172 357 THEOLOGICA.

3588 295 3691 350 892

470 414 653 470 Missit
682 415 855 470 illum
883 414 947 469 in
979 415 1204 470 domum
1234 430 1416 478 suam,
1451 411 1507 466 id
1537 418 1620 465 est
1652 407 1926 464 revocavit
1943 406 2003 461 il-
2014 409 2071 470 A
2101 408 2272 462 Adam
2301 424 2399 479 per
2428 417 2541 464 tres
2570 411 2835 480 peccavit,
2868 412 2923 467 id
2943 422 3027 468 est
3046 415 3355 485 concupivit
3381 417 3705 486 praevarica-

327 547 333 554 .
386 502 498 557 lum
568 503 639 557 ad
712 502 998 573 pristinam
1076 501 1363 556 mundanas
1432 508 1643 554 natura:
1676 514 1689 553 :
1725 496 1998 552 discensio

389 591 586 645 Christi
614 591 683 646 de
712 599 910 657 monte,
947 590 1183 645 ostendit
1230 590 1346 658 ejus
1389 588 1792 644 discensionem
1822 602 1851 640 e
1878 601 1996 640 cre-

388 678 455 733 lis
490 697 503 734 :
539 680 623 735 hic
651 679 919 749 discipuli,
955 679 1206 733 ordinem
1257 686 1441 732 tenent
1490 678 1880 746 Prophetarum
1910 675 1996 729 vel

306 762 312 766 ’
390 768 818 822 Patriarcharum
853 784 866 820 :
904 767 1072 822 turbae
1103 767 1437 838 inquirentes
1469 766 1538 819 ab
1572 765 1671 831 eis,
1702 765 1996 818 adventum

390 856 585 911 Christi
615 856 851 910 ostendit
883 873 896 908 :
934 855 1092 923 Quod
1124 856 1314 919 turbae,
1348 856 1529 927 legem
1565 869 1596 908 a
1628 852 1911 923 Prophetis
1941 860 1996 906 et

387 944 713 998 Patriarchis
755 944 1185 1015 conquirebatur
1218 962 1231 997 :
1264 944 1567 997 salutabant
1608 958 1750 1003 eum,
1786 941 1873 995 hic
1901 957 1992 993 sa-

386 1032 553 1086 lutem
599 1048 696 1102 pro
741 1033 1042 1087 humilitate
1086 1033 1406 1103 intelligitur
1438 1048 1450 1085 :
1485 1031 1577 1103 qui
1606 1030 1797 1084 adtulit
1824 1027 1993 1083 ﬁlium

387 1137 563 1185 suum,
624 1121 875 1175 ordinem
930 1129 1079 1176 tenet
1128 1122 1557 1175 Patriarcharum
1616 1118 1757 1173 ﬁlius
1818 1134 1992 1190 genus

389 1210 680 1263 humanum
722 1210 959 1264 ostendit
994 1229 1006 1264 :
1039 1226 1138 1280 per
1167 1226 1415 1280 spumam
1461 1208 1771 1278 superbiam
1801 1215 1991 1261 osten-

391 1298 500 1351 dit:
535 1315 633 1369 per
664 1299 953 1353 stridorem
986 1298 1243 1363 dentium,
1278 1315 1376 1369 per
1405 1312 1658 1352 arescere
1687 1294 1987 1360 avaritiam,

394 1387 631 1442 ostendit
662 1387 914 1457 discipuli
948 1403 1053 1441 non
1101 1395 1390 1457 potuerunt
1432 1402 1626 1442 curare
1661 1401 1673 1440 :
1706 1385 1794 1439 hic
1825 1384 1991 1438 disci-

384 1475 496 1545 puli
544 1475 775 1548 ﬁguram
804 1484 985 1531 tenent
1019 1476 1473 1541 Patriarcharum,
1510 1474 1638 1546 quia
1666 1489 1842 1544 neque
1863 1474 1992 1526 Pro-

389 1566 568 1635 phetas
599 1581 779 1636 neque
810 1564 1136 1620 Patriarchae
1166 1573 1456 1634 potuerunt
1482 1580 1673 1619 curare
1696 1564 1993 1616 humanum

386 1669 580 1724 genus,
617 1653 720 1707 nisi
750 1654 977 1708 veniens
1020 1653 1268 1707 Christus
1314 1668 1413 1707 suo
1458 1651 1720 1724 sanguine
1765 1649 1991 1704 redemit

386 1740 556 1806 illum,
603 1748 660 1795 ut
704 1742 776 1796 ait
818 1743 1091 1812 Propheta
1146 1741 1310 1797 frater
1359 1758 1467 1797 non
1514 1740 1762 1806 redemit,
1808 1740 1863 1794 id
1911 1746 1991 1793 est
2020 1770 2072 1829 B

386 1831 604 1900 Moyses
632 1847 733 1900 per
762 1832 943 1903 legem
974 1831 1222 1885 redemit.

457 1946 644 2012 Homo,
716 1945 771 1998 id
840 1954 922 1999 est
994 1946 1241 1999 Christus
1285 1964 1296 1999 :
1339 1946 1421 1999 Ab
1487 1943 1724 2011 infantia,
1794 1944 1850 1997 id
1914 1951 1995 1997 est

387 2033 562 2104 prima
618 2041 775 2087 aetate
826 2034 1055 2105 generis
1100 2034 1319 2087 humani
1355 2053 1368 2088 :
1401 2033 1534 2087 dixit
1576 2040 1731 2103 pater
1772 2031 1992 2086 infanti:

384 2122 578 2190 Credo,
610 2122 805 2191 adjuva
836 2123 1211 2177 incredulitate
1244 2140 1383 2185 mea,
1434 2122 1668 2177 ostendit
1698 2121 1918 2185 dixisse,
1951 2121 1998 2174 si

384 2211 538 2265 deest
568 2209 703 2265 ﬁdes
733 2212 965 2281 adauge,
1000 2212 1225 2265 multum
1257 2211 1577 2282 discerpens
1607 2227 1728 2265 eum
1766 2228 1778 2264 :
1813 2220 1995 2264 osten-

385 2299 465 2353 dit
495 2299 620 2370 quia
653 2300 869 2370 quando
897 2300 1030 2355 vidit
1060 2301 1339 2355 diabolum
1372 2316 1653 2355 erasurum
1685 2300 1751 2354 de
1776 2307 1918 2353 terra
1938 2299 1992 2352 in

386 2386 493 2442 ﬁne
527 2387 714 2443 mundi
749 2406 761 2442 :
794 2396 922 2444 tunc
953 2389 1110 2443 datur
1134 2390 1209 2442 illi
1239 2398 1505 2459 potestas,
1539 2397 1594 2443 ut
1626 2388 1785 2443 faciat
1815 2404 1992 2458 quan-

384 2484 495 2530 tum
527 2477 638 2531 vult
680 2484 904 2546 propter
954 2478 1156 2533 electos
1186 2478 1283 2532 Dei
1316 2496 1328 2531 :
1362 2494 1485 2532 cum
1516 2463 1647 2531 vidit
1679 2494 1736 2530 se
1767 2477 1835 2531 de
1865 2492 1993 2530 uno-

379 2581 595 2637 quoque
624 2566 899 2619 hominem
947 2583 1043 2636 per
1091 2566 1505 2623 confessionem
1535 2574 1589 2620 et
1621 2566 1991 2636 paenitentiam

384 2654 601 2724 expelli,
638 2662 766 2710 tunc
794 2664 983 2710 contra
1011 2656 1134 2710 illos
1164 2657 1284 2726 plus
1318 2655 1595 2711 suscitavit
1624 2655 1749 2709 vitia
1780 2662 1831 2709 et
1864 2672 1989 2709 cru-

386 2742 698 2799 delissimas
729 2744 1185 2816 impugnationes,
1222 2744 1394 2800 factuS
1426 2752 1507 2799 est
1538 2744 1682 2799 velut
1700 2751 1986 2807 mortuus;

385 2831 473 2887 hic
521 2833 827 2902 exemplum
874 2835 1109 2888 ostendit
1156 2843 1445 2906 purgatum
1489 2833 1782 2897 hominem,
1822 2832 1879 2886 id
1909 2839 1992 2885 est

388 2920 480 2992 qui
512 2937 611 2991 per
642 2921 1044 2976 confessionem
1073 2930 1125 2977 et
1154 2909 1549 2992 pmnitentiam,
1576 2919 1865 2976 mortiﬁcat
1896 2936 1988 2975 se-

385 3009 678 3080 metipsum
713 3028 725 3064 :
759 3010 847 3064 hic
874 3010 1088 3065 videtur
1130 3011 1237 3065 duo
1281 3011 1538 3064 miracula
1583 3009 1779 3064 fecisse
1807 3009 1984 3074 Jesus,

383 3112 416 3152 a
447 3099 715 3154 daemonio
745 3099 951 3154 curavit
981 3108 1033 3153 et
1063 3098 1215 3168 quasi
1246 3107 1515 3153 mortuum
1552 3097 1828 3152 suscitavit
1861 3114 1872 3151 :
1907 3097 1987 3153 sic

380 3187 661 3242 suscitavit
717 3203 892 3257 genus
952 3188 1246 3239 humanum
1303 3202 1332 3240 a
1388 3194 1559 3241 morte
1613 3194 1978 3257 peccatorum,

2098 496 2190 564 vit,
2243 498 2475 567 superbe
2516 499 2626 569 egit
2659 518 2671 553 :
2703 499 2780 555 ita
2809 509 2862 555 et
2903 501 3150 556 Christus
3198 510 3307 558 tres
3357 504 3476 559 dies
3519 503 3617 559 fuit
3642 504 3696 559 in

2098 588 2394 657 sepulcro:
2428 587 2674 643 similiter
2713 596 2765 643 et
2806 590 3056 660 proinde,
3104 600 3189 646 ter
3231 593 3496 665 mergitur
3537 595 3696 650 h'omo

2097 676 2197 729 sub
2226 677 2371 730 unda
2414 677 2663 746 baptismi
2698 695 2711 731 :
2744 679 2891 733 unde
2937 679 3010 733 ait
3056 681 3350 751 Apostolus
3396 682 3696 752 consepulti

2097 765 2240 818 enim
2272 781 2457 820 sumus
2487 781 2609 820 cum
2642 767 2860 822 Christo
2889 784 2990 838 per
3031 769 3359 839 baptismum
3393 788 3407 824 :
3439 772 3496 824 in
3524 780 3697 826 morte

2095 853 2238 907 enim
2270 854 2438 924 ipsius
2469 855 2720 925 baptizati
2743 872 2948 923 sumus,
2974 859 3064 929 qui
3087 858 3315 914 voluerit
3339 859 3395 913 in
3416 860 3574 914 vobis
3594 859 3701 930 pri-

2094 958 2213 996 mus
2243 959 2365 997 esse
2392 961 2403 996 :
2428 943 2526 998 erit
2556 945 2797 999 omnium
2830 962 3036 1011 servus,
3070 947 3156 1002 hic
3186 948 3423 1003 ostendit
3442 949 3699 1004 doctores

2092 1030 2400 1086 Ecclesiae:
2434 1047 2611 1087 caecus
2670 1040 2815 1087 tenet
2862 1033 3096 1107 ﬁguram
3154 1036 3419 1107 gentium,
3468 1037 3698 1092 sedebat

2087 1119 2241 1188 juxta
2271 1120 2431 1186 viam,
2466 1121 2520 1174 id
2550 1130 2631 1175 est
2655 1122 2809 1190 juxta
2838 1121 3021 1179 ﬁdem.

2166 1262 2454 1319 Clamabat
2485 1264 2557 1318 ad
2583 1266 2794 1330 Iesum,
2833 1267 3099 1322 miserere
3120 1269 3267 1322 mei:
3288 1267 3551 1322 Moralem
3574 1285 3681 1323 seu.

2094 1367 2232 1418 sum,
2265 1368 2388 1406 cum
2418 1352 2797 1409 incumbemus
2827 1354 2881 1408 in
2911 1355 3168 1423 oratione,
3226 1365 3350 1411 tunc
3382 1357 3543 1411 turba
3578 1356 3696 1411 fan-

2094 1447 2284 1508 tasma,
2333 1449 2542 1495 mentes
2591 1441 2833 1497 ﬁdelium
2876 1442 3178 1514 increpant,
3228 1453 3285 1498 ut
3315 1452 3530 1500 taceant
3570 1446 3699 1500 dum

2092 1527 2281 1582 volunt
2326 1544 2425 1583 nos
2474 1530 2765 1585 excludere
2813 1532 2881 1585 ab
2924 1531 3167 1587 oratione
3215 1534 3699 1603 perseverantibus

2092 1616 2249 1670 nobis
2285 1634 2297 1670 :
2332 1625 2459 1673 tunc
2487 1619 2647 1673 Jesus
2680 1627 2829 1673 stans
2873 1636 3031 1675 secus
3062 1637 3163 1675 nos
3198 1639 3211 1674 :
3246 1629 3389 1676 stare
3435 1622 3582 1676 enim
3610 1623 3698 1675 di-

2094 1704 2328 1759 vinitatis
2360 1715 2473 1771 est;
2509 1707 2738 1761 transire
2779 1724 2910 1763 vero
2953 1710 3295 1763 humanitatis
3323 1718 3405 1764 est
3438 1727 3451 1763 :
3483 1727 3697 1781 prime-

2097 1794 2173 1865 pit
2205 1794 2326 1847 illos
2360 1810 2575 1861 vocare,
2609 1796 2664 1850 id
2693 1804 2775 1851 est
2805 1813 2906 1867 per
2948 1798 3386 1868 praedicationem
3416 1799 3702 1869 apostolo-

2096 1899 2217 1936 rum
2248 1900 2260 1935 :
2298 1884 2463 1938 Vocat
2505 1892 2698 1957 gentes
2745 1886 2814 1940 ad
2862 1885 3025 1941 ﬁdem
3058 1904 3071 1940 :
3104 1888 3327 1957 projecit
3375 1889 3699 1943 vestimenta

2098 1987 2215 2037 sua,
2276 1972 2330 2026 id
2379 1980 2459 2027 est
2502 1973 2786 2044 pristinam
2831 1975 3295 2031 conversationem
3343 1993 3494 2030 suam
3530 1994 3544 2029 :
3580 1977 3699 2030 exi-

2097 2061 2253 2123 liens,
2288 2061 2342 2114 id
2372 2062 2537 2117 estde
2560 2063 2957 2134 ignorantiaad
2990 2065 3269 2120 scientiam
3290 2066 3359 2119 de
3381 2064 3699 2121 inﬁdelitate

2097 2150 2166 2203 ad
2197 2148 2359 2204 ﬁdem
2394 2168 2406 2204 :
2439 2151 2724 2206 invenietis
2754 2153 2957 2222 pullum
2989 2154 3266 2224 alligatum
3296 2154 3533 2208 ostendit
3562 2171 3698 2227 gen-

2096 2246 2177 2292 tes
2221 2238 2490 2311 alligatas,
2537 2256 2661 2295 cum
2707 2241 2867 2311 culpa
2912 2250 3252 2311 peccatorum
3288 2260 3299 2296 :
3335 2259 3503 2313 super
3533 2260 3699 2314 quem

2096 2343 2254 2382 nemo
2286 2329 2441 2395 sedit,
2477 2329 2531 2382 id
2562 2337 2643 2383 est
2670 2330 2762 2383 ubi
2793 2330 2972 2385 nullus
3002 2331 3193 2386 doctor
3222 2331 3534 2401 praedicavit
3554 2350 3568 2385 :
3588 2333 3701 2387 sol-

2094 2414 2200 2470 vite
2222 2423 2273 2469 et
2302 2416 2550 2471 adducite
2579 2418 2645 2470 ad
2672 2433 2778 2483 me,
2812 2418 2867 2472 id
2898 2427 2980 2473 est
3010 2435 3111 2489 per
3130 2420 3576 2490 praedicationem
3596 2420 3697 2474 ad-

2094 2504 2270 2559 ducite
2320 2505 2389 2559 ad
2438 2503 2620 2571 ﬁdem,
2671 2506 2803 2560 vidit
2844 2507 3095 2561 arborem
3139 2506 3246 2577 ﬁci,
3294 2509 3529 2564 ostendit
3570 2508 3699 2581 quia

2093 2592 2258 2663 longe
2287 2602 2405 2647 erat
2436 2592 2571 2647 ﬁdes
2600 2595 2912 2650 Judaeorum
2943 2611 2975 2650 a
3005 2596 3240 2651 Christo.

2162 2727 2283 2781 Non
2313 2730 2437 2781 erat
2466 2730 2687 2799 tempus
2716 2726 2972 2795 ﬁcorum,
3004 2727 3059 2781 id
3090 2735 3171 2782 est
3202 2743 3311 2782 non
3340 2734 3452 2782 erat
3474 2735 3693 2798 tempus

2090 2814 2398 2869 Iudaeorum
2429 2822 2488 2869 ut
2516 2815 2821 2880 crederent,
2871 2816 3016 2888 quod
3046 2833 3106 2871 se
3143 2816 3368 2889 indigne
3407 2816 3695 2885 judicare-

2088 2910 2233 2969 runt,
2268 2919 2501 2974 regnum
2531 2919 2639 2959 non
2671 2904 2878 2959 sciebat
2925 2920 3024 2959 vas
3068 2904 3362 2960 transferre
3402 2921 3503 2975 per
3549 2913 3695 2960 tem-

2086 2992 2256 3061 plum,
2291 2991 2383 3062 qui
2423 2992 2587 3048 corda
2632 2990 2871 3046 ﬁdelium
2906 3011 2919 3046 :
2953 2994 3076 3048 Non
3106 2994 3217 3047 vult
3258 2993 3506 3048 Christus
3543 2992 3695 3048 aliud

2091 3078 2209 3134 ﬁeri
2234 3096 2388 3151 opus,
2422 3080 2507 3135 vel
2538 3081 2771 3135 transire
2800 3081 2903 3135 nisi
2929 3081 3076 3152 quod
3117 3089 3360 3138 sanctum
3387 3090 3469 3136 est
3501 3099 3514 3135 :
3548 3081 3699 3139 tradi

2095 3184 2214 3223 eam
2245 3169 2472 3234 colonis,
2509 3169 2562 3223 id
2594 3178 2675 3224 est
2717 3170 2991 3225 custodire
3037 3171 3219 3242 legem
3250 3188 3263 3224 :
3297 3170 3554 3235 torcular,
3586 3171 3697 3226 hoc

385 3282 439 3329 et
469 3274 715 3329 liberavit
745 3290 776 3328 a
807 3274 1077 3329 daemonio
1109 3274 1405 3342 servitutis,
1439 3292 1540 3345 per
1569 3275 1767 3329 molam
1797 3274 1988 3329 circuit

2096 3265 2176 3311 est
2205 3258 2467 3327 templum
2498 3258 2808 3312 Salomonis
2832 3276 2846 3312 :
2869 3259 3040 3313 Aliter
3067 3259 3302 3314 ostendit
3329 3258 3647 3329 martyrium
3677 3277 3693 3313 :

382 3369 467 3415 tus
498 3362 683 3417 saeculi
713 3363 1019 3417 ostenditur
1052 3381 1064 3417 :
1098 3380 1197 3434 per
1226 3364 1436 3418 asinum
1482 3364 1827 3418 immunditia
1857 3379 1989 3434 pec-

388 3458 655 3505 catorum.
1266 3461 1275 3471 ‘

464 3584 707 3656 Mergere
736 3585 799 3640 in
829 3602 1004 3651 mare,
1030 3585 1084 3640 id
1103 3593 1184 3641 est
1206 3585 1486 3641 humiliare
1505 3603 1563 3640 se
1581 3586 1633 3639 in
1656 3585 1873 3640 sacculo
1892 3601 1990 3655 per

389 3672 759 3744 paenitentiam
790 3674 877 3728 vel
905 3674 1087 3744 perire
1117 3675 1173 3727 in
1203 3675 1458 3745 properio
1486 3681 1711 3746 peccato
1733 3691 1743 3728 :
1765 3674 1889 3745 quia
1918 3673 1990 3729 le-

381 3760 501 3815 vius
531 3770 613 3817 est
643 3778 740 3832 pro
790 3778 849 3816 se
881 3763 998 3817 solo
1026 3779 1247 3832 pcenam
1293 3764 1583 3829 sustinere,
1615 3778 1779 3833 quam
1811 3771 1862 3817 et
1894 3761 1987 3816 alii

383 3866 412 3904 a
444 3866 617 3924 regno
662 3851 761 3906 Dei
810 3851 1160 3906 disturbent:
1193 3869 1292 3923 per
1338 3869 1554 3907 vermes
1603 3852 1837 3907 ostendit
1863 3866 1986 3906 sera
2066 3900 2071 3907 .

382 3939 730 4011 poenitentes,
764 3957 980 4011 semper
1007 3942 1242 3997 comedit
1270 3941 1423 3996 illum
1446 3941 1500 3995 in
1523 3956 1686 4012 poena
1708 3939 1834 4011 quia
1854 3940 1983 3994 dum

386 4028 623 4099 spatium
651 4029 835 4082 habuit
864 4046 970 4083 non
1003 4030 1331 4095 emendavit,
1365 4030 1540 4085 omnis
1571 4030 1696 4101 igne
1728 4028 1980 4083 salietur:

384 4132 484 4188 per
510 4116 692 4189 ignem
725 4118 977 4173 accensio
1007 4118 1239 4189 Spiritus
1271 4118 1440 4175 sancti
1483 4117 1816 4188 intelligitur,
1859 4117 1984 4189 quia

377 4204 513 4260 sicut
540 4204 718 4260 omnis
747 4221 874 4261 caro
905 4207 1065 4277 periit
1109 4206 1226 4261 sine
1276 4207 1372 4272 sal,
1408 4206 1481 4260 ita
1515 4215 1566 4261 et
1594 4206 1769 4261 omnis
1818 4207 1981 4262 homo

378 4293 496 4349 sine
523 4294 753 4349 scientia
788 4295 943 4349 verbi
991 4296 1089 4350 Dei
1131 4295 1420 4350 infatuetur
1453 4313 1465 4348 :
1496 4295 1693 4349 habete
1724 4295 1896 4349 salem
1926 4295 1981 4348 in

373 4382 549 4447 vobis,
582 4382 637 4437 id
668 4391 749 4437 est
788 4384 993 4438 habete
1035 4384 1359 4454 sapientiam
1395 4383 1495 4440 Dei
1525 4383 1580 4437 in
1611 4383 1769 4439 vobis
1804 4401 1816 4437 :
1847 4384 1984 4439 Veni

375 4471 431 4525 in
457 4470 656 4526 ﬁnibus
683 4472 853 4539 Judae,
888 4473 1122 4527 ostendit
1169 4473 1226 4527 in
1272 4471 1509 4528 futurum
1537 4488 1786 4528 reversos
1813 4473 1881 4527 ad
1910 4470 1979 4526 ﬁ-
2000 4487 2052 4547 D

367 4560 492 4614 dem
523 4561 720 4616 Christi
751 4561 988 4617 Judaeos.

443 4696 600 4753 Ultra
620 4697 940 4766 Iordanem,
965 4696 1021 4751 id
1046 4700 1144 4752 est
1163 4698 1233 4752 ad
1264 4697 1496 4770 gratiam
1512 4697 1766 4769 baptismi
1787 4716 1800 4751 :
1824 4697 1984 4753 sinite

366 4785 628 4857 parvulos
657 4785 843 4841 venire
872 4785 942 4839 ad
971 4802 1083 4856 me,
1132 4787 1225 4841 hic
1277 4787 1486 4856 parvuli
1526 4795 1710 4842 tenent
1751 4785 1985 4859 ﬁguram

365 4875 611 4948 gentium
661 4893 674 4929 :
723 4873 986 4946 discipuli
1031 4875 1125 4947 qui
1168 4875 1550 4947 prohibebant,
1612 4875 1842 4948 figuram
1901 4883 1984 4931 te-

366 4972 496 5019 nent
550 4964 897 5035 Judaeorum,
962 4964 1203 5019 camelos
1251 4980 1352 5035 per
1407 4962 1655 5020 foramen
1696 4980 1829 5020 acus
1875 4980 1987 5021 non

365 5059 554 5123 posset
582 5052 833 5121 transire,
867 5052 971 5107 nisi
1002 5051 1279 5124 depositis
1309 5053 1588 5119 oneribus,
1623 5053 1701 5109 sic
1732 5061 1785 5108 et
1812 5053 1987 5109 Judaei

365 5139 471 5193 nisi
514 5140 760 5210 deposita
807 5156 976 5197 onera
1025 5150 1412 5213 peccatorum,
1459 5142 1573 5197 sive
1615 5142 1829 5197 divitias
1876 5159 1987 5198 non

360 5235 594 5301 possunt
640 5228 844 5285 intrare
893 5231 947 5285 in
976 5246 1211 5304 regnum
1259 5230 1359 5286 Dei
1392 5249 1404 5285 :
1440 5231 1571 5302 quid
1600 5231 1849 5304 relinquit
1877 5232 1986 5287 Pe-

364 5326 477 5373 trus
507 5315 600 5389 qui
630 5316 767 5371 dixit
794 5335 807 5372 :
845 5334 947 5374 nos
980 5319 1162 5375 omnia
1195 5319 1569 5392 relinquimus,
1604 5320 1842 5376 ostendit
1861 5322 1988 5393 quia

369 5407 599 5461 multum
655 5406 912 5479 relinquit
958 5408 1139 5477 homo,
1172 5410 1263 5481 qui
1296 5409 1648 5481 semetipsum
1688 5410 1983 5481 postponit,

362 5497 638 5567 praecedat
667 5512 782 5562 eos,
818 5496 872 5551 id
903 5505 985 5551 est
1010 5499 1304 5567 praecedat
1336 5515 1468 5555 oves
1500 5515 1626 5554 suas
1672 5500 1937 5570 exemplis
1972 5517 1984 5553 :

363 5599 463 5655 per
508 5586 755 5651 calicem,
819 5585 1055 5641 ostendit
1112 5587 1463 5656 passionem,
1516 5605 1617 5659 per
1660 5589 1988 5659 baptismum

2092 3345 2252 3400 Venit
2270 3346 2336 3399 ad
2364 3362 2734 3419 synagogam;
2759 3363 3042 3420 synagoga
3074 3363 3219 3419 saepe
3248 3347 3500 3402 custodia
3517 3362 3695 3420 ange-

2090 3433 2267 3489 lorum
2302 3452 2316 3488 :
2349 3442 2573 3500 turrem,
2620 3436 2725 3491 hoc
2762 3444 2845 3490 est
2878 3436 2964 3491 lex
2997 3454 3009 3489 :
3044 3437 3321 3506 ejecerunt
3368 3452 3493 3491 eum
3542 3444 3696 3491 extra

2090 3523 2325 3589 vineam,
2360 3523 2415 3577 id
2445 3531 2528 3578 est
2543 3523 2611 3578 de
2631 3523 2832 3579 Iudaeis
2854 3525 2924 3579 ad
2945 3533 3155 3595 gentes.
3188 3525 3362 3580 Aliter
3380 3525 3450 3579 de
3469 3524 3691 3581 civitate

2087 3610 2411 3667 Jerosolima
2441 3612 2497 3666 in
2527 3619 2764 3668 montem
2796 3612 3074 3669 Calvariae.

2166 3727 2336 3783 Vidua
2365 3728 2525 3782 misit
2554 3728 2689 3784 duos
2705 3744 2985 3795 nummos,
3008 3726 3153 3799 quod
3171 3734 3254 3782 est
3275 3720 3570 3798 quadrans,
3591 3742 3695 3798 per

2088 3830 2225 3886 quos
2254 3815 2503 3886 intelligit
2533 3815 2810 3870 hominem
2841 3816 3198 3887 quadrantem
3229 3814 3318 3886 qui
3349 3831 3409 3870 se
3440 3816 3557 3870 Deo
3585 3816 3690 3871 ob-

2086 3903 2204 3957 tulit
2239 3921 2251 3957 :
2286 3918 2647 3975 quaecumque
2691 3903 2973 3975 petieritis,
3022 3904 3306 3960 credentes
3330 3904 3387 3958 in
3418 3904 3686 3974 oratione,

2085 3989 2176 4045 ﬁet
2218 3991 2371 4046 vobis
2406 4009 2418 4044 :
2454 3992 2727 4063 quomodo
2776 3993 2852 4046 sic
2898 4000 3114 4048 sanctus
3162 3992 3357 4046 Paulus
3395 3992 3527 4062 dicit
3560 4009 3575 4046 :
3608 4000 3692 4047 ter

2087 4080 2277 4152 rogavi
2305 4079 2597 4134 Dominum
2627 4096 2724 4151 pro
2756 4080 2974 4136 stimulo
3004 4089 3056 4136 et
3086 4096 3194 4136 non
3236 4080 3465 4136 recessit
3494 4096 3525 4135 a
3553 4096 3642 4136 me
3673 4099 3688 4135 :

2085 4168 2335 4223 diabolus
2378 4168 2533 4239 petiit
2574 4178 2630 4223 ut
2672 4176 2961 4240 temptaret
3003 4169 3126 4235 Job,
3174 4178 3224 4224 et
3266 4169 3517 4240 permisit
3564 4184 3691 4224 eum

2084 4257 2265 4322 Deus;
2293 4257 2488 4311 Paulus
2516 4273 2625 4312 non
2656 4266 2739 4313 est
2768 4257 3070 4325 exauditus,
3090 4266 3148 4312 ut
3162 4274 3260 4328 per
3287 4258 3466 4330 ipsum
3499 4257 3693 4312 stimu-

2082 4344 2194 4399 lum
2252 4354 2651 4401 coronaretur:
2686 4346 2938 4401 diabolus
2994 4346 3275 4402 exauditus
3334 4355 3436 4411 est,
3474 4354 3533 4400 ut
3590 4362 3693 4417 per

2082 4434 2197 4503 ejus
2245 4434 2623 4505 temptationes
2664 4435 2765 4489 Job
2826 4443 3182 4491 coronaretur
3214 4452 3228 4489 :
3260 4434 3495 4506 proinde
3542 4437 3691 4505 Apo-

2083 4522 2253 4577 stolus
2298 4522 2390 4589 ait,
2439 4523 2715 4579 nescimus
2758 4524 2888 4595 quid
2937 4531 3206 4594 petamus,
3263 4522 3370 4577 nisi
3410 4523 3694 4578 Christum

2084 4611 2176 4683 qui
2205 4611 2514 4682 interpellat
2543 4629 2642 4683 pro
2670 4611 2828 4667 nobis
2861 4630 2874 4666 :
2905 4628 3043 4685 gens
3074 4613 3337 4667 adversus
3366 4620 3610 4685 gentem,
3634 4611 3692 4667 id

2084 4707 2167 4754 est
2208 4716 2549 4771 paganorum
2590 4701 2855 4756 adversus
2904 4700 3334 4756 Christianorum
3369 4718 3383 4754 :
3416 4699 3697 4755 Moraliter

2083 4803 2215 4843 caro
2245 4789 2508 4844 adversus
2536 4789 2769 4844 animam
2801 4807 2815 4844 :
2847 4805 3079 4861 regnum
3123 4788 3324 4844 diaboli
3372 4797 3561 4845 contra
3592 4804 3690 4844 re-

2084 4893 2252 4949 gnum
2284 4876 2501 4943 Christi,
2536 4877 2667 4933 vitia
2713 4878 2895 4933 carnis
2937 4878 3200 4934 adversus
3250 4877 3503 4949 spiritum
3533 4877 3694 4933 bona:

2084 4965 2412 5036 operationis
2444 4984 2457 5020 :
2492 4973 2651 5022 terrae
2679 4975 2876 5033 motus,
2910 4965 2967 5021 id
2996 4975 3079 5022 est
3109 4966 3179 5022 de
3198 4964 3515 5021 inﬁdelitate
3534 4965 3608 5021 ad
3625 4964 3692 5020 ﬁ-

2086 5054 2231 5122 dem,
2264 5053 2317 5108 id
2350 5062 2431 5109 est
2460 5070 2660 5126 corpus
2688 5055 2801 5110 sive
2822 5055 2999 5110 anima
3029 5054 3285 5111 audiendi
3304 5056 3533 5111 verbum
3550 5055 3687 5110 Dei:

2087 5141 2355 5197 stantibus
2383 5152 2609 5215 propter
2634 5160 2723 5199 me
2753 5144 2808 5199 in
2837 5144 3202 5199 testimonium
3250 5143 3379 5209 illis,
3426 5143 3485 5199 id
3529 5151 3613 5198 est
3644 5143 3691 5198 si

2085 5232 2411 5287 crediderint
2439 5233 2806 5288 testimonium
2837 5242 3081 5289 vestrum
3106 5251 3120 5287 :
3144 5232 3249 5288 erit
3272 5232 3383 5287 illis
3397 5232 3469 5288 ad
3495 5232 3687 5301 vitam,

2087 5320 2188 5376 etsi
2218 5336 2328 5375 non
2357 5321 2688 5377 crediderint
2717 5322 2822 5376 erit
2848 5320 2958 5376 illis
2986 5322 3057 5377 ad
3082 5336 3320 5392 poenam.

2159 5411 2235 5465 De
2255 5410 2344 5465 die
2373 5414 2430 5465 et
2460 5411 2597 5466 hora
2626 5426 2788 5467 nemo
2818 5413 2927 5467 scit
2944 5410 3097 5467 :Nisi
3124 5419 3298 5481 pater,
3330 5410 3572 5465 ostendit
3589 5425 3692 5481 pro

2088 5506 2237 5569 parte
2285 5500 2553 5569 corporis,
2600 5500 2729 5570 quia
2777 5514 2975 5570 corpus
3020 5499 3219 5554 Christi
3260 5498 3511 5554 Ecclesia
3554 5507 3640 5554 est
3674 5517 3687 5552 :

2089 5587 2234 5659 quod
2266 5588 2394 5644 dicit
2425 5587 2649 5644 nescitis
2677 5595 2909 5659 tempus,
2942 5588 3001 5644 id
3029 5596 3113 5643 est
3132 5587 3337 5643 exitum
3351 5588 3696 5659 uniuscujus-

371 5672 842 5732 mortiﬁcationem
864 5674 979 5733 sive
1013 5675 1483 5732 dormitationem
1513 5677 1778 5733 Ecclesiae
1813 5696 1825 5731 :
1858 5678 2000 5734 sicut
2093 5692 2197 5748 que
2227 5676 2341 5733 sive
2370 5677 2894 5733 consummationem
2923 5676 3128 5733 saaculi.
