3998 6188
309 304 417 357 893

1080 294 1461 354 EXPNSITIO
1491 297 1566 352 [Ν
1594 293 1934 366 QUATUOR
1959 294 2391 352 EVANGELIA.
2423 326 2491 337 —
2523 294 2598 351 IN
2626 294 2881 353 LUCAM.

3526 298 3629 353 894

386 426 559 481 Homo
584 436 818 495 peregre
847 422 1136 494 profectus
1167 424 1272 490 est,
1325 420 1379 474 id
1410 428 1512 489 est,
1562 420 1810 475 Christus
1856 420 1925 475 de
1944 422 2002 482 A
2033 437 2127 475 sus
2153 419 2490 487 cruciﬁxum,
2537 420 2773 477 ostendit
2803 435 2927 476 eum
2968 418 3267 489 judicatum
3313 426 3371 474 ut
3409 420 3630 476 cruciﬁ-

310 514 522 570 mundo
552 527 679 568 cum
708 526 873 566 carne
897 509 969 566 ad
996 510 1196 566 caelum
1220 526 1233 565 :
1261 510 1483 581 reliquit
1498 511 1723 565 domum
1753 525 1930 579 suam,

313 612 373 667 id
400 619 484 666 est
511 607 821 665 Ecclesiam
856 623 869 663 :
903 607 1223 662 doctoribus
1260 606 1688 677 uniuscujusque
1718 606 1924 677 operis,

312 700 372 754 id
399 705 485 754 est
510 696 938 767 uniuscujusque
967 695 1160 768 gratia:
1186 694 1399 751 virtutis
1433 710 1446 749 :
1476 711 1578 766 per
1597 694 1924 766 genitorem,

313 787 647 859 Episcopum
678 784 934 853 ostendit,
967 783 1083 840 sive
1112 783 1415 849 doctorem,
1448 799 1575 839 sero
1605 799 1773 853 super
1822 783 1928 838 So-

314 878 541 933 domam
569 874 703 947 pluit
730 872 874 944 ignis
907 880 960 928 et
989 873 1217 943 sulphor
1244 873 1313 927 de
1342 872 1482 927 ccelo
1514 890 1528 926 :
1562 871 1741 927 media
1767 884 1926 927 nocte

313 979 582 1038 percussa
611 971 692 1018 est
720 963 985 1034 Egyptus
1023 961 1079 1016 in
1122 961 1505 1034 primogenitis
1549 961 1660 1015 suis
1708 978 1721 1015 :
1770 977 1926 1017 mane

316 1055 582 1110 subversa
613 1058 692 1107 est
723 1051 960 1105 Sodoma
989 1058 1044 1106 et
1072 1050 1320 1106 ascendit
1347 1049 1531 1105 favilla
1578 1050 1695 1119 ejus
1749 1066 1925 1120 usque

316 1144 390 1200 ad
409 1142 609 1198 caelum
641 1156 654 1196 :
684 1155 754 1195 ne
773 1139 957 1195 veniat
986 1147 1233 1209 repente,
1258 1138 1499 1194 inveniat
1527 1155 1625 1194 vos
1646 1139 1924 1193 dormien-

312 1241 420 1300 tes,
452 1230 510 1286 id
540 1238 622 1286 est
651 1230 708 1283 in
736 1227 1042 1299 ignorantia
1072 1244 1169 1283 seu
1198 1228 1255 1282 in
1294 1228 1588 1283 securitate
1630 1227 1923 1299 negligen-

313 1322 427 1377 tiae.

386 1411 590 1466 Fretus
616 1407 971 1464 alabastrum
1007 1422 1020 1460 :
1055 1403 1329 1478 signiﬁcat
1356 1420 1557 1475 corpus
1586 1404 1786 1460 Christi
1805 1404 1923 1460 vul-

313 1505 565 1554 neratum
611 1496 669 1550 in
712 1511 895 1562 cruce,
940 1509 1040 1565 per
1087 1501 1424 1564 unguentum
1471 1492 1745 1548 confessio
1793 1492 1923 1551 ﬁdei

314 1585 624 1643 ostenditur
653 1602 668 1639 :
704 1591 862 1655 caput
891 1582 1092 1638 Christi
1121 1583 1271 1637 Deus
1300 1582 1463 1636 Pater
1493 1590 1613 1649 est;
1645 1582 1923 1653 quaerebat

317 1681 622 1746 Opportune
651 1681 711 1727 ut
758 1672 995 1728 traderet
1027 1687 1170 1737 eum,
1193 1669 1427 1725 ostendit
1446 1667 1587 1741 'quia
1615 1678 1921 1741 opportune

2031 527 2257 589 geretur
2288 537 2301 573 :
2334 526 2487 574 sexta
2514 520 2648 574 hora
2674 518 2886 574 levatus
2913 525 2998 573 est
3018 517 3075 571 in
3103 532 3268 572 cruce
3300 534 3314 571 :
3347 516 3418 571 eli
3446 517 3519 572 eli
3545 518 3629 574 le—

2030 608 2426 674 masabactani,
2458 608 2603 679 quod
2632 614 2716 662 est
2742 608 2890 663 Deus
2923 606 3113 673 ;Deus
3130 608 3306 674 meus,
3343 621 3510 677 quare
3541 622 3630 662 me

2030 695 2387 767 dereliquisti,
2419 696 2655 751 ostendit
2685 711 2783 766 pro
2827 701 2980 766 parte
3021 693 3221 760 carnis,
3268 708 3379 749 non
3426 709 3629 748 secun-

2030 786 2162 841 dum
2192 785 2526 841 divinitatem
2556 784 2810 856 reliquid,
2841 784 2971 855 quia
2998 782 3177 837 unitas
3207 789 3291 837 est
3317 782 3625 853 potestatis,

2028 883 2256 956 reliquid
2287 899 2455 939 carne
2481 882 2577 937 ﬁlii
2605 884 2677 938 ad
2709 883 2843 937 hora
2869 881 2925 936 in
2954 880 3229 952 passione,
3262 889 3321 935 ut
3369 896 3469 952 per
3494 897 3627 952 pro-

2024 972 2206 1044 prium
2239 971 2407 1027 ﬁlium
2436 973 2725 1042 adoptatos
2750 970 2892 1025 iilios
2918 970 3147 1025 haberet
3179 987 3193 1024 :
3228 968 3367 1024 sicut
3395 970 3629 1042 spongia

2025 1061 2215 1133 plenas
2245 1076 2507 1116 cavernas
2536 1068 2690 1115 aceto
2719 1058 2795 1114 ita
2844 1066 2896 1114 et
2922 1058 3096 1113 Judaei
3140 1057 3288 1129 pleni
3336 1065 3491 1112 erant
3537 1074 3630 1112 su-

2024 1149 2435 1221 perstitionibus
2461 1157 2514 1204 et
2541 1164 2741 1204 acerva
2783 1147 3030 1203 doctrina
3080 1165 3093 1202 :
3143 1146 3348 1217 Joseph
3395 1144 3626 1219 ﬁguram

2024 1247 2172 1294 tenet
2200 1238 2485 1310 primitivaa
2512 1236 2796 1306 Ecclesiae,
2830 1252 2897 1291 ex
2936 1235 3189 1306 gentibus
3239 1241 3513 1291 mercatus
3544 1241 3629 1289 est

2024 1328 2329 1399 syndonem
2358 1343 2456 1397 per
2484 1326 2734 1397 pretium,
2751 1325 2997 1396 syndone
3026 1323 3259 1379 ostendit
3286 1322 3629 1379 confessione

2025 1414 2152 1471 ﬁdei
2184 1432 2197 1471 :
2230 1431 2329 1487 per
2356 1415 2659 1487 syndonem
2689 1413 2925 1469 ostendit
2944 1411 3415 1468 mortiﬁcationem
3441 1411 3628 1467 Eccle-

2024 1505 2119 1561 siae
2145 1505 2261 1560 sive
2296 1504 2471 1576 gratia
2500 1503 2912 1574 baptizatorum,
2947 1501 3246 1557 involutum
3275 1517 3476 1571 corpus
3496 1500 3628 1555 Jesu

2016 1602 2076 1656 in
2106 1594 2353 1665 syndone
2384 1609 2547 1663 novo,
2578 1593 2635 1647 id
2666 1601 2749 1649 est
2782 1590 3123 1648 circumdato
3152 1589 3353 1645 Christi
3381 1588 3629 1645 Ecclesia

2022 1692 2076 1739 et
2101 1682 2509 1739 revocationem
2560 1681 2997 1753 regenerationis
3029 1697 3043 1735 :
3075 1696 3172 1750 per
3216 1686 3628 1734 monumentum

312 1773 528 1834 tempus
558 1762 853 1818 advenem
891 1759 962 1851 {id
1008 1759 1371 1851 Perdi‘im"?
1417 1759 1749 1851 {ud‘f’omm'
1803 1760 1994 1851 §iVeB
2024 1789 2078 1837 et
2106 1781 2433 1851 syndonem,
2468 1779 2706 1835 ostendit
2729 1778 2900 1834 altare
2934 1778 2988 1832 in
3038 1793 3147 1850 quo
3194 1793 3395 1848 corpus
3442 1774 3626 1830 Christ

313 1853 537 1917 Iudaeae,
552 1858 603 1905 et
621 1849 1002 1921 opportunitas
1018 1848 1406 1918 redemptionis
1426 1848 1692 1903 Ecclesiae
1711 1864 1723 1903 :
1745 1848 1920 1919 primo

313 1941 404 1997 die
434 1940 747 2005 azimorum,
782 1938 836 1992 id
866 1945 949 1993 est
973 1936 1060 1992 die
1085 1936 1229 2006 jovis
1257 1937 1432 1991 azima
1479 1936 1807 1991 sinceritatis
1838 1945 1922 1991 est

314 2029 463 2086 facta
491 2036 575 2084 est
602 2026 872 2093 Ecclesia,
906 2026 1162 2080 transitus
1206 2024 1441 2096 quatuor
1482 2025 1658 2080 modis
1700 2025 1917 2096 dicitur,

314 2119 371 2173 id
400 2126 485 2173 est
513 2117 583 2171 de
608 2116 812 2170 mando
834 2115 905 2170 ad
937 2123 1167 2185 patrem,
1191 2115 1259 2169 de
1298 2113 1499 2169 Iudaeis
1529 2114 1597 2169 ad
1619 2122 1831 2187 gentes,
1867 2124 1922 2170 et

315 2222 418 2262 nos
447 2206 517 2261 de
543 2203 846 2260 inﬁdilitate
875 2204 946 2258 ad
975 2202 1158 2269 ﬁdem,
1189 2202 1259 2258 de
1287 2211 1462 2258 morte
1490 2202 1560 2258 ad
1589 2202 1776 2259 vitam.

388 2315 558 2370 Homo
590 2314 936 2383 languenam
966 2326 1124 2383 aqua:
1163 2310 1442 2379 baiulans,
1494 2308 1731 2381 ﬁgurum
1774 2318 1921 2365 tenet

314 2401 723 2474 Apostolorum,
759 2400 874 2454 sive
904 2413 1285 2454 successorum
1314 2405 1367 2452 et
1396 2397 1793 2469 baptizatorum
1821 2415 1922 2470 per

316 2507 457 2563 quos
486 2489 812 2560 baptismum
843 2485 1092 2551 efﬁcitur,
1125 2487 1396 2558 languena
1436 2486 1767 2557 baptismum
1797 2488 1920 2540 Tri-

314 2578 498 2633 nitatis
528 2575 797 2651 signiﬁcat
830 2594 842 2630 :
872 2576 1084 2631 Pascha
1112 2575 1450 2630 manducare
1480 2591 1606 2630 cum
1636 2574 1921 2646 discipulis

313 2667 463 2733 suis;
498 2665 734 2722 ostendit
763 2681 823 2719 se
861 2680 986 2719 cum
1035 2663 1315 2734 discipulis
1343 2663 1410 2718 ad
1456 2664 1675 2718 Judaeos
1709 2680 1720 2719 :
1755 2664 1923 2720 Aliter

312 2755 608 2811 manducat
636 2755 692 2809 in
721 2754 984 2809 membris
1005 2753 1115 2807 suis
1148 2752 1242 2825 qui
1270 2760 1354 2807 est
1371 2752 1616 2808 Ecclesia
1649 2769 1662 2808 :
1692 2768 1794 2823 per
1812 2769 1923 2809 ca:-

311 2843 568 2900 naculum
598 2842 756 2899 altior
774 2842 882 2897 vita
915 2841 1222 2896 ostenditur
1255 2859 1269 2895 :
1299 2857 1401 2913 per
1421 2848 1646 2896 stratum
1663 2857 1921 2914 magnum

311 2931 700 3004 amplectitudo
729 2929 992 2987 Ecclesia
1019 2929 1253 2985 ostendit
1287 2946 1300 2985 :
1334 2930 1552 3003 Agnum
1585 2930 1921 2985 immolatum

311 3022 369 3077 in
397 3023 679 3095 Egyptum
712 3036 724 3075 :
756 3019 994 3075 ostendit
1040 3019 1372 3073 immolatum
1426 3018 1481 3073 in
1527 3020 1683 3076 Novo
1726 3020 1922 3075 Testa-

309 3119 498 3166 mento
525 3108 844 3180 mysterium
874 3108 1123 3179 corporis
1153 3116 1207 3162 et
1237 3107 1541 3179 sanguinis,
1591 3108 1739 3179 quod
1767 3116 1923 3164 vetus

314 3196 650 3255 sacriﬁcium
678 3198 990 3253 Iudaeorum
1022 3196 1271 3264 recessit,
1302 3195 1360 3251 id
1390 3204 1472 3251 est
1503 3196 1726 3267 sanguis
1751 3197 1925 3253 hirco-

312 3305 435 3343 rum
468 3295 522 3343 et
571 3296 892 3342 taurorum:
925 3301 1053 3340 nam
1107 3292 1356 3340 nostrum
1404 3268 1733 3340 sacriﬁcium
1780 3286 1931 3357 quod

310 3377 500 3434 vinum
529 3376 729 3432 dicitur
760 3374 1163 3431 Melchisedech
1207 3374 1444 3429 oblatum
1494 3381 1578 3429 est
1622 3382 1930 3430 revertente

312 3466 588 3521 Abraham
606 3465 676 3520 de
697 3464 832 3520 cede
866 3481 879 3518 :
911 3478 1010 3535 pro
1036 3462 1166 3534 quid
1186 3461 1462 3535 sigillatim
1485 3461 1922 3534 interrogabant,

311 3555 555 3611 ostendit
581 3561 639 3608 ut
666 3552 846 3607 nullus
876 3550 1116 3608 conﬁdat
1143 3551 1212 3606 de
1243 3551 1575 3607 conscientia
1595 3567 1692 3606 sua
1724 3567 1737 3606 :
1771 3550 1929 3607 relic—

310 3652 367 3700 to
396 3643 646 3715 syndone
673 3640 834 3715 fugiit
862 3641 1041 3697 nudus
1071 3640 1142 3696 ab
1172 3640 1271 3710 eis,
1296 3640 1533 3696 ostendit
1562 3639 1756 3697 relicta
1774 3640 1932 3695 mali.

313 3741 385 3795 tia
412 3740 726 3795 Judazorum
750 3758 764 3806 ;
788 3739 968 3794 nudus
998 3737 1175 3811 fugiit,
1210 3737 1449 3794 ostendit
1477 3739 1627 3810 quod
1673 3741 1930 3810 Apostoli

311 3838 443 3894 nudi
473 3853 507 3893 a
536 3836 1010 3909 superstitionibus
1035 3836 1353 3892 Iudaeorum
1381 3835 1631 3891 abierunt
1660 3836 1732 3891 ad
1778 3851 1923 3908 gen-

311 3936 411 3993 tes,
449 3926 805 3983 calefaciebat
837 3942 897 3980 se
928 3925 1120 3980 Petrus
1149 3926 1218 3980 ad
1246 3925 1452 3998 ignem,
1485 3924 1758 3997 signiﬁcat
1788 3926 1928 3997 tepi-

313 4017 542 4071 ditatem
572 4015 957 4086 Apostolorum
987 4022 1040 4070 et
1069 4028 1227 4069 suam
1262 4003 1611 4086 negationem
1644 4021 1697 4070 et
1728 4012 1928 4070 inﬁde-

315 4103 522 4159 litatem
558 4104 892 4159 Iudaeorum.

392 4210 663 4268 Videbunt
691 4211 883 4281 ﬁlium
910 4209 1155 4266 hominis
1182 4208 1472 4265 sedentem
1501 4227 1536 4265 a
1556 4209 1782 4266 dextris
1813 4211 1930 4267 vir-

314 4302 478 4368 tutis,
513 4300 750 4355 ostendit
777 4298 901 4370 quia
930 4298 1065 4353 vidit
1092 4297 1245 4352 illum
1290 4298 1597 4369 Stephanus
1640 4314 1653 4354 :
1689 4298 1819 4354 vidit
1862 4308 1927 4354 et

314 4388 512 4445 Saulus
542 4388 761 4460 quando
788 4394 1095 4459 prostratus
1143 4385 1240 4442 fuit
1269 4386 1327 4441 in
1371 4386 1457 4442 via
1508 4403 1520 4441 :
1571 4386 1825 4443 viderunt
1870 4394 1926 4443 et

2019 1870 2240 1941 ponitur
2273 1886 2285 1923 :
2325 1869 2499 1923 Aliter
2526 1867 2802 1935 Ecclesia,
2839 1866 2932 1938 qui
2978 1873 3302 1937 receperunt
3351 1864 3629 1920 Christum

2020 1975 2122 2030 per
2151 1957 2317 2012 ﬁdem
2344 1957 2398 2011 in
2427 1957 2686 2012 cordibus
2715 1957 2849 2023 suis,
2884 1955 2999 2010 sive
3029 1953 3469 2009 manducandum
3495 1967 3625 2007 cor-

2020 2064 2122 2119 pus
2175 2046 2321 2101 illius
2381 2054 2435 2101 et
2484 2045 2809 2101 sumendum
2876 2042 3201 2115 sanguinem
3248 2042 3365 2111 ejus
3410 2059 3424 2096 :
3474 2047 3627 2111 petra

2023 2136 2269 2192 Christus
2299 2143 2402 2190 est.
3052 2150 3061 2157 ·

2097 2226 2523 2280 Momunentum
2566 2224 2828 2292 scissum,
2890 2226 3049 2293 petra
3089 2219 3327 2276 ostendit
3375 2216 3626 2273 Ecclesia

2022 2312 2287 2369 mdiﬁcata
2341 2313 2410 2368 de
2448 2313 2619 2367 latere
2667 2311 2861 2367 Christi
2909 2328 2924 2365 :
2975 2309 3228 2365 Advolvit
3274 2307 3508 2379 lapidem
3557 2304 3626 2360 ad

2022 2402 2222 2458 ostium
2248 2401 2583 2456 monumenti
2618 2419 2631 2454 :
2665 2399 2902 2455 ostendit
2921 2399 3249 2454 absconsum
3278 2396 3547 2451 Christum
3569 2394 3624 2449 in

2022 2491 2145 2562 lege
2173 2500 2224 2546 et
2252 2490 2555 2561 prophetia,
2589 2488 2891 2544 revolutum
2920 2487 3157 2559 lapidem
3195 2484 3433 2541 ostendit
3460 2499 3623 2555 aper-

2023 2588 2131 2634 tam
2171 2579 2451 2634 historiam
2480 2579 2638 2650 legis,
2673 2578 2963 2643 Christum,
2993 2576 3048 2631 in
3078 2591 3220 2631 novo
3249 2580 3571 2630 testamento
3607 2591 3621 2628 :

2022 2671 2145 2725 Non
2175 2676 2258 2724 est
2288 2668 2392 2734 hic,
2424 2668 2479 2723 id
2509 2676 2592 2724 est
2620 2683 2729 2723 non
2775 2675 2859 2723 est
2886 2666 3030 2737 apud
3057 2665 3297 2730 Iudaeos,
3328 2662 3385 2718 id
3414 2670 3497 2718 est
3528 2661 3626 2717 sed

2025 2758 2170 2829 apud
2198 2766 2393 2831 gentes
2426 2776 2439 2812 :
2471 2759 2568 2826 Ite,
2603 2757 2766 2812 dicite
2796 2755 3078 2826 discipulis
3107 2763 3161 2810 et
3187 2755 3348 2808 Petro
3382 2769 3395 2806 :
3426 2749 3622 2806 Nomi-

2025 2854 2118 2901 nat
2144 2862 2242 2918 pro
2273 2846 2581 2918 negatione,
2612 2853 2670 2901 ut
2699 2860 2809 2900 non
2839 2845 3141 2916 disperaret
3185 2849 3239 2897 et
3269 2856 3372 2914 pro
3416 2838 3624 2912 princi-

2025 2943 2158 3008 patu
2200 2934 2522 3006 Apostolati.

2096 3042 2289 3108 Maria,
2322 3040 2388 3096 de
2417 3057 2527 3113 qua
2556 3043 2799 3113 ejecerat
2825 3042 3040 3112 septem
3071 3036 3477 3093 dwmonia.Per
3504 3050 3626 3106 sep-

1955 3140 2006 3203 C,
2025 3138 2133 3187 tem
2162 3129 2433 3186 daemonia
2452 3128 2690 3185 ostendit
2717 3137 2883 3184 totam
2906 3127 3015 3184 vita
3039 3126 3240 3181 millius
3269 3124 3623 3197 inquinatam,

2034 3219 2157 3291 quia
2185 3235 2286 3290 per
2313 3225 2525 3290 septem
2550 3217 2671 3272 dies
2714 3216 2949 3273 volvitur
2981 3234 2994 3270 :
3026 3214 3319 3287 prmdicate
3364 3214 3624 3286 Evange-

2029 3307 2160 3362 lium
2190 3307 2336 3362 omni
2365 3314 2628 3362 creaturae
2649 3348 2665 3376 ,
2696 3305 2752 3361 id
2782 3314 2866 3361 est
2892 3305 3040 3361 omni
3074 3302 3281 3358 homini
3308 3301 3436 3374 quia
3462 3302 3626 3357 homo

2030 3402 2241 3467 partem
2271 3395 2434 3451 habet
2461 3410 2585 3451 cum
2614 3393 2721 3448 alia
2745 3401 3008 3459 creatura,
3042 3409 3165 3449 cum
3193 3390 3402 3462 angelis
3430 3388 3625 3444 intelli-

2030 3500 2164 3556 gere
2192 3483 2279 3539 vel
2307 3484 2638 3550 discernere,
2669 3499 2793 3538 cum
2816 3481 3075 3551 jumentis
3105 3481 3292 3536 videre
3320 3487 3375 3535 et
3404 3477 3623 3546 sentire,

2030 3589 2152 3629 cum
2179 3572 2461 3628 arboribus
2489 3571 2674 3627 vivere
2705 3587 2719 3626 :
2750 3570 2961 3642 lignum
2989 3569 3121 3625 vivit
3149 3585 3215 3624 ex
3233 3568 3523 3635 viriditate,
3548 3566 3629 3623 sic

2031 3669 2085 3717 et
2111 3662 2274 3717 homo
2303 3676 2400 3731 per
2422 3650 2781 3729 juventutem,
2821 3675 2944 3714 cum
2989 3656 3263 3728 lapidibus
3307 3671 3451 3723 esse,
3501 3654 3627 3728 quia

2030 3750 2169 3807 sicut
2196 3748 2431 3821 lapides,
2464 3755 2589 3802 sunt
2617 3754 2670 3803 et
2697 3746 2946 3802 homines
2994 3744 3300 3801 credentes.

2100 3856 2390 3912 Daemonia
2437 3854 2668 3924 eiicient
2699 3869 2712 3908 :
2745 3852 2861 3908 sive
2889 3850 3203 3923 spiritaliter
3223 3849 3337 3905 sive
3366 3862 3623 3920 corpora-

2026 3945 2189 4012 liter;
2221 3943 2424 4017 linguis
2452 3942 2609 3998 novis
2634 3942 2937 4014 loquentur,
2971 3940 3085 3996 sive
3114 3938 3344 3996 diversis
3371 3936 3573 4008 linguis
3608 3954 3621 3991 :

2026 4034 2181 4089 Nova
2208 4032 2398 4104 lingua
2423 4030 2737 4104 praedicatio
2766 4028 3052 4102 Evangelii
3080 4036 3180 4093 est,
3215 4034 3495 4099 serpentes
3520 4024 3624 4082 tol-

2027 4121 2160 4192 lent,
2193 4121 2248 4176 id
2277 4129 2360 4177 est
2386 4135 2600 4177 veneno
2629 4119 2941 4192 serpentino
2971 4119 3085 4175 sive
3115 4117 3363 4174 doctrina
3404 4113 3623 4172 haereti-

2028 4226 2237 4276 corum,
2273 4210 2320 4265 si
2348 4208 2682 4265 mortiferum
2711 4208 2947 4264 biberint
2976 4224 3087 4274 non
3115 4224 3211 4265 eos
3238 4206 3472 4272 nocebit,
3520 4219 3623 4260 nec

2029 4300 2275 4356 doctrina
2304 4299 2686 4355 hmreticorum
2719 4315 2731 4354 :
2768 4314 2932 4371 super
2959 4314 3137 4370 aegros
3183 4311 3399 4363 manus,
3443 4294 3498 4349 id
3541 4300 3626 4350 est

2028 4389 2142 4446 sive
2173 4388 2417 4460 corporis
2447 4387 2559 4444 sive
2588 4387 2782 4443 animae
2813 4405 2826 4442 :
2858 4395 2970 4442 tres
2989 4386 3224 4458 legimus
3253 4400 3377 4441 cum
3393 4398 3623 4455 corpore

315 4477 408 4533 alii
435 4476 644 4548 plures.
676 4477 880 4531 Pilatus
908 4476 1297 4547 interpretatur
1324 4490 1388 4531 Os
1435 4474 1748 4531 malcatoris
1782 4493 1795 4531 :
1829 4480 1922 4561 qui
1947 4498 2002 4559 D
2027 4479 2096 4535 de
2124 4478 2327 4534 mundo
2355 4478 2670 4549 adsumptos
2698 4477 2755 4533 in
2783 4464 2923 4533 coelo
2957 4492 2969 4532 :
3001 4475 3265 4532 Dominus
3280 4474 3520 4530 elevatus
3542 4478 3624 4527 est

318 4564 517 4621 format
558 4580 668 4621 non
712 4564 998 4630 formatur,
1050 4564 1125 4619 ita
1170 4571 1220 4620 et
1262 4571 1641 4635 persecutores
1684 4563 1918 4620 formant
2016 4585 2048 4624 a
2078 4583 2174 4623 sua
2200 4567 2421 4635 virtute,
2454 4567 2581 4640 quia
2607 4582 2707 4623 nec
2736 4582 2836 4639 per
2865 4564 3210 4622 concubitum
3239 4562 3477 4637 genitus,
3519 4576 3621 4617 nec

311 4653 523 4708 animas
545 4653 815 4723 justorum
844 4654 914 4708 ad
942 4668 1175 4725 regnum
1199 4652 1500 4722 caelorum;
1534 4652 1637 4724 ipsi
1658 4652 1918 4709 infames
2015 4673 2114 4728 per
2141 4655 2488 4712 concubitum
2516 4671 2812 4728 generans,
2844 4654 2944 4710 sed
2975 4670 3041 4708 ex
3072 4652 3284 4725 virgine
3316 4660 3474 4706 natus
3490 4658 3573 4707 est
3602 4667 3614 4705 :

310 4750 689 4799 remanserunt
717 4758 749 4797 a
777 4741 948 4816 gratia
979 4741 1098 4808 Dei,
1131 4741 1378 4813 spineam
1427 4755 1685 4797 coronam
1730 4742 1916 4798 Domi.

2018 4745 2208 4801 Enoch
2237 4744 2449 4799 ablatus
2476 4753 2577 4813 est,
2612 4744 2739 4815 quia
2767 4759 2868 4815 per
2896 4740 3243 4798 concubitum
3292 4755 3565 4812 generans
3600 4756 3612 4794 :

310 4847 417 4887 nus
444 4831 503 4886 in
541 4847 602 4886 se
658 4831 917 4902 suscepit,
977 4838 1036 4886 ut
1082 4831 1271 4903 spinas
1308 4838 1661 4903 peccatorum
1696 4837 1915 4886 nostro-
2016 4832 2167 4889 Elias
2193 4849 2316 4889 eum
2344 4848 2504 4889 curro
2534 4840 2721 4905 raptus
2750 4839 2850 4900 est,
2886 4831 3012 4904 quia
3040 4846 3140 4902 per
3160 4830 3506 4887 concubitum
3528 4844 3617 4901 ge-

311 4936 432 4975 rum
463 4920 733 4986 ablueret,
769 4921 916 4976 unde
943 4919 1149 4976 dictum
1180 4927 1264 4975 est
1289 4920 1423 4977 Adaa
1456 4938 1470 4976 :
1504 4919 1676 4991 spinae
1718 4927 1772 4974 et
1811 4919 1913 4975 tri-
2014 4921 2157 4976 nitus
2188 4930 2270 4977 est
2300 4937 2410 4977 non
2440 4937 2539 4994 per
2572 4920 2923 4978 concubitum
2969 4934 3242 4992 generans
3288 4918 3412 4992 quia
3459 4916 3617 4991 virgo
3670 4922 3677 4931 ‘

314 5008 430 5063 buli
460 5008 837 5083 germinentur
866 5008 962 5064 tibi
995 5025 1009 5065 :
1042 5009 1111 5065 de
1142 5009 1297 5064 tertia
1324 5009 1460 5065 hora
1487 5009 1635 5080 quod
1665 5007 1795 5065 dicit
1819 5010 1912 5064 Je-
2010 5009 2327 5081 permansit.

1403 5272 1502 5344 IN
1561 5270 2188 5345 EVANGELIUM
2241 5271 2547 5348 LUCE.

380 5547 552 5601 Lucas
579 5545 698 5617 ipse
729 5559 1087 5617 consurgens,
1121 5545 1291 5617 Syrus
1319 5544 1536 5601 natione
1577 5544 1912 5602 Antiochen-
2015 5563 2281 5615 uxorem;
2311 5561 2534 5603 Lxxxm
2563 5562 2830 5604 annorum
2872 5547 3006 5605 obiit
3050 5547 3108 5602 in
3148 5545 3377 5602 Bithinia
3419 5545 3614 5617 plenus

314 5636 409 5701 sis,
430 5643 546 5692 arte
560 5633 1133 5705 medicus,discipulis
1153 5634 1533 5706 Apostolorum
1560 5643 1809 5691 :secutus
1830 5644 1914 5691 est
2013 5636 2217 5708 Spiritu
2287 5644 2496 5704 sancto,
2568 5631 2815 5708 sepultus
2877 5637 2935 5692 in
2990 5632 3474 5705 Constantinopoli.
3553 5635 3613 5689 In

312 5723 539 5780 Paulum
569 5723 816 5779 serviens
844 5723 961 5780 Deo
978 5723 1096 5780 sine
1121 5723 1347 5781 crimine
1371 5740 1384 5778 :
1407 5739 1684 5798 nunquam
1704 5724 1912 5781 habens
2012 5726 2231 5797 Achaia,
2286 5726 2478 5783 Graeca
2519 5726 2704 5799 lingua
2745 5725 3102 5800 Evangelium
3141 5722 3355 5796 scripsit
3410 5741 3423 5777 :
3471 5723 3603 5782 Mat-
