4002 6184
366 283 469 339 895

957 281 1362 338 WALAFRIDI
1390 280 1635 336 STRABI
1664 279 1864 335 FULD.
1897 277 2070 335 MON.
2103 277 2255 335 OPP.
2283 278 2487 337 PARIS
2513 280 2555 335 Ι.
2588 310 2657 322 -
2685 278 3159 338 THEOLOGICA.

3563 288 3673 341 896

366 408 542 463 tbaeus
572 405 787 477 scripsit
812 405 1015 461 Judzais
1060 403 1311 460 ﬁdelibus
1343 421 1355 459 :
1390 405 1597 459 Marcus
1644 404 1960 475 pmnitenti-
1991 405 2191 466 Avoce
2222 419 2445 477 magna.
2481 407 2682 475 Aptum
2716 405 2813 460 fuit
2841 407 2969 478 quia
3015 407 3086 462 de
3111 409 3321 465 Joanne
3351 408 3557 466 dictum
3587 420 3676 466 est

364 496 468 551 bus
506 513 519 550 :
545 497 820 550 Johannes
847 493 1102 565 perfectis
1134 511 1147 547 :
1178 495 1352 549 Lucas
1383 493 1589 549 Grazcis
1617 492 1888 549 ﬁdelibus.

439 585 572 640 Fuit
597 586 660 639 in
690 583 878 639 diebus
908 582 1153 648 Herodis,
1200 590 1255 636 et
1299 582 1529 653 reliqua.
1580 582 1679 637 Hic
1724 582 1966 652 implevit

366 682 636 751 ordinem,
667 680 799 735 dixit
828 696 1016 750 regem
1044 683 1097 734 et
1118 678 1401 751 regionem
1432 679 1485 733 in
1516 695 1621 751 qua
1640 678 1757 743 fuit,
1794 695 1968 735 sacer-

368 771 551 827 dotem
580 778 632 825 et
659 778 876 842 gentem
908 769 1021 837 ejus
1069 776 1121 823 et
1148 783 1370 823 uxorem
1414 768 1583 838 ipsius
1614 768 1813 822 indicat
1849 785 1862 824 :
1896 770 1965 824 de

365 859 485 916 vice
515 858 669 922 Abia,
701 857 757 913 id
786 864 868 912 est
897 857 952 911 in
983 856 1176 911 diebus
1206 856 1459 922 Domini;
1508 857 1798 912 Zacharias
1841 874 1964 913 me-

364 963 485 1002 mor
527 945 743 1001 Domini
801 946 1183 1017 interpretatur
1230 963 1243 998 :
1299 945 1386 1001 cui
1432 945 1682 1015 apparuit
1725 946 1966 1018 Angelus

366 1035 582 1091 Domini
635 1036 705 1090 ad
735 1034 937 1089 dextris
984 1034 1187 1099 altaris,
1246 1034 1481 1089 ostendit
1535 1034 1678 1105 quod
1732 1034 1782 1088 ei
1837 1034 1965 1106 quia

362 1139 574 1180 memor
601 1122 817 1178 Domini
866 1131 948 1178 est
994 1124 1395 1178 demonstratur
1438 1123 1755 1194 mysterium
1796 1122 1895 1178 Dei
1947 1139 1960 1179 :

364 1212 499 1268 Abia
525 1220 683 1283 pater
712 1212 927 1267 Domini
975 1212 1373 1282 interpretatur,
1425 1220 1610 1282 aptum
1658 1211 1757 1266 fuit
1804 1220 1861 1265 ut
1908 1212 1964 1265 in

369 1309 611 1372 tempore
642 1300 823 1356 oﬁicii.
855 1301 1035 1355 Patris
1062 1301 1279 1355 Domini
1324 1309 1513 1371 ceptus
1556 1317 1679 1355 esse
1722 1301 1825 1356 iste
1872 1301 1964 1373 qui

363 1398 572 1462 patrem
602 1390 895 1445 Dominum
924 1390 1275 1460 praedicasset
1305 1409 1323 1445 :
1356 1389 1632 1445 Elizabeth
1665 1408 1677 1444 :
1710 1390 1810 1445 Dei
1857 1390 1963 1445 mei

365 1480 616 1533 saturitas
644 1478 1031 1549 interpretatur
1062 1494 1075 1533 :
1108 1478 1342 1551 ﬁguram
1373 1479 1555 1533 Mariae
1597 1486 1795 1549 portat,
1845 1495 1965 1550 qua:

361 1568 525 1639 plena
553 1568 669 1623 Deo
698 1566 813 1637 fuit,
865 1576 917 1621 et
963 1567 1124 1622 ambo
1167 1568 1297 1635 justi
1343 1584 1529 1623 coram
1577 1567 1807 1621 Domino
1855 1583 1964 1622 non

362 1671 545 1713 coram
577 1656 905 1721 hominibus,
939 1656 1067 1727 quia
1095 1656 1224 1710 olim
1263 1655 1463 1710 sterilis
1510 1656 1565 1709 in
1614 1656 1736 1728 lege
1783 1655 1962 1710 male-

2066 508 2171 548 vox
2202 493 2483 549 clamantis
2510 494 2565 547 in
2591 494 2807 549 deserto
2841 513 2854 548 :
2884 496 3164 551 Iohannes
3193 505 3275 552 est
3294 514 3496 555 nomen
3516 500 3672 569 ejus;

2066 597 2164 636 cur
2191 597 2299 636 non
2330 582 2464 636 dixit
2489 582 2753 637 Johannis
2784 583 2929 637 erit?
2958 585 3083 655 quia
3113 585 3183 639 ab
3213 587 3413 658 angelo
3440 597 3671 643 vocatus

2066 678 2148 724 est
2177 677 2468 741 antequam
2514 671 2914 741 conciperetur,
2968 680 3019 726 et
3078 674 3255 728 mirati
3298 684 3447 741 sunt,
3500 676 3555 730 id
3603 692 3666 732 es

2065 759 2440 813 convenientia
2471 759 2613 813 inter
2655 767 2868 831 patrem
2898 768 2951 815 et
2999 770 3227 818 matrem
3287 782 3301 817 :
3347 764 3674 820 benedictus

2066 846 2332 901 Dominus
2361 856 2546 902 noster
2573 848 2869 903 bonitatem
2897 835 2998 904 Dei
3026 851 3158 905 dum
3207 853 3421 924 rogavit
3465 855 3676 911 Zacha-

2065 935 2177 989 rias
2204 952 2304 1006 pro
2343 935 2660 991 liberatione
2708 937 2904 1008 plebis,
2938 938 3014 993 illi
3055 956 3366 1010 praecursor
3409 942 3676 998 donatum

2065 1032 2147 1078 est
2180 1042 2193 1079 :
2226 1024 2411 1079 Erexit
2438 1041 2605 1080 cornu
2637 1025 2849 1092 salutis,
2879 1027 2933 1081 id
2954 1036 3038 1083 est
3066 1029 3469 1102 Christus,quia
3496 1047 3672 1088 cornu

2064 1128 2167 1168 nec
2194 1129 2324 1168 caro
2355 1123 2437 1168 est
2466 1131 2567 1169 nec
2587 1130 2748 1169 ossus
2782 1133 2795 1170 :
2830 1116 2909 1172 sic
2939 1125 2993 1172 et
3022 1118 3265 1173 Christus
3281 1135 3386 1175 nec
3413 1136 3547 1176 caro
3566 1136 3673 1176 nec

2065 1217 2195 1257 caro
2224 1210 2307 1256 est
2339 1220 2353 1256 :
2388 1211 2592 1257 tantum
2623 1203 2898 1271 divinitas,
2952 1222 3090 1276 puer
3134 1208 3439 1273 crescebat,
3492 1208 3550 1263 id
3590 1216 3672 1264 est

2065 1305 2298 1361 corpore
2332 1308 2345 1345 :
2380 1292 2495 1347 haec
2524 1292 2820 1362 descriptio
2850 1293 3024 1364 prima
3052 1294 3188 1350 facta
3217 1303 3319 1360 est,
3353 1296 3409 1350 id
3445 1305 3531 1351 est
3562 1297 3673 1353 Ro-

2064 1379 2255 1447 manis,
2290 1379 2416 1451 quia
2461 1379 2635 1435 Julius
2677 1381 2885 1452 primus
2932 1384 3182 1455 regnavit
3232 1385 3515 1455 Romanis,
3575 1385 3672 1441 sed

2063 1483 2171 1522 non
2202 1469 2373 1523 tenuit
2402 1470 2716 1524 universum
2744 1471 3003 1525 mundum
3038 1489 3050 1526 :
3084 1480 3138 1527 et
3168 1482 3288 1543 post
3309 1489 3434 1529 eum
3464 1488 3668 1545 regna-

2064 1556 2137 1611 vit
2167 1559 2489 1629 Augustum,
2521 1567 2645 1628 post
2674 1561 2977 1631 Augustum
3007 1561 3277 1625 Tiberius,
3311 1562 3365 1616 in
3415 1570 3666 1633 tempore

2065 1645 2294 1715 Augusti
2326 1654 2379 1700 et
2407 1646 2604 1702 Tiberii
2632 1654 2843 1718 tempus
2864 1649 3059 1703 Christi
3089 1650 3459 1721 completurus
3488 1652 3669 1723 bapti-
3710 1671 3714 1675 ·

310 1796 317 1805 ,
361 1752 539 1809 dictus
568 1752 668 1808 fuit
698 1773 716 1808 :
738 1753 1061 1808 Incedentes
1089 1752 1143 1806 in
1174 1752 1426 1808 omnibus
1457 1752 1742 1819 mandatis,
1795 1751 1849 1806 id
1879 1760 1956 1806 est

2066 1750 2245 1787 smum
2274 1751 2431 1788 suum
2465 1753 2479 1789 :
2513 1736 2640 1807 quia
2660 1736 2849 1808 quinto
2869 1737 3084 1793 decimo
3103 1754 3248 1793 anno
3268 1740 3338 1795 de
3368 1756 3546 1812 regno
3566 1742 3671 1795 Au-

363 1848 530 1898 totam
560 1842 740 1917 legem
771 1842 1079 1897 servabant.

436 1958 556 2015 Non
587 1961 710 2014 erat
748 1958 869 2013 illis
912 1957 1089 2026 ﬁlius,
1141 1957 1264 2027 quia
1309 1956 1595 2011 Elizabeth
1646 1955 1861 2025 sterilis,
1912 1965 1965 2012 ct

360 2045 523 2100 ambo
553 2053 907 2116 perseverant
936 2045 989 2099 in
1010 2045 1203 2100 diebus
1234 2044 1348 2099 suis
1380 2063 1393 2099 :
1430 2046 1557 2099 Ideo
1585 2046 1669 2099 ha:
1698 2045 1820 2101 dua:
1838 2061 1966 2100 cau-

363 2150 459 2201 sae,
509 2142 775 2190 memorat
834 2133 1218 2199 testimonium,
1290 2134 1463 2202 major
1508 2132 1675 2189 fuisse
1724 2133 1899 2189 virtus
1946 2150 1959 2189 :

357 2222 645 2297 ingressus
673 2223 963 2279 Zacharias
994 2222 1048 2278 in
1079 2223 1357 2293 templum,
1390 2222 1446 2277 id
1480 2230 1561 2277 est
1609 2222 1859 2277 Christus
1907 2222 1963 2277 in

359 2310 601 2379 Mariam,
634 2312 867 2382 populus
897 2319 1032 2379 orat,
1067 2312 1212 2367 idem
1259 2311 1495 2382 primum
1543 2319 1705 2382 rogat
1749 2312 1960 2367 Zacha-

358 2398 497 2455 riam
524 2399 777 2471 populus,
794 2399 848 2455 id
879 2408 959 2454 est
989 2399 1301 2455 libertatem
1334 2401 1403 2455 de
1431 2399 1737 2470 captivitate
1789 2417 1801 2452 :
1856 2415 1960 2469 ap-

356 2496 535 2570 paruit
564 2496 614 2553 ei
642 2497 890 2571 angelus,
922 2513 1031 2553 non
1059 2497 1193 2551 dixit
1221 2497 1387 2561 venit,
1421 2497 1542 2569 quia
1572 2496 1647 2551 ibi
1675 2506 1799 2551 ante
1820 2496 1918 2551 fuit
1942 2515 1955 2551 :

358 2586 640 2642 Zacharias
674 2586 920 2641 turbatus
950 2594 1053 2654 est,
1085 2586 1138 2640 id
1170 2594 1253 2641 est
1284 2586 1409 2657 quia
1436 2586 1609 2640 Judaai
1658 2586 1957 2641 turbaban-

354 2683 445 2731 tur
472 2675 794 2731 adveniente
825 2674 1036 2732 Christo
1070 2693 1082 2729 :
1116 2675 1367 2729 exaudita
1396 2682 1478 2729 est
1519 2675 1695 2731 oratio
1745 2683 1854 2741 tua,
1900 2675 1957 2730 id

356 2771 441 2820 est
467 2764 646 2835 magis
676 2780 834 2837 quam
864 2763 1045 2834 petisti
1081 2782 1093 2818 :
1128 2763 1335 2837 rogasti
1363 2778 1462 2835 pro
1489 2762 1808 2819 liberatione
1838 2762 1954 2835 ple-

356 2852 442 2908 bis
473 2860 527 2908 et
554 2853 786 2908 donatus
814 2860 896 2908 est
919 2852 1015 2908 tibi
1044 2868 1355 2923 prazcursor
1383 2859 1436 2907 et
1476 2851 1628 2906 multi
1655 2852 1709 2906 in
1756 2852 1953 2907 nativi-

353 2948 461 2997 tate
489 2943 605 3011 ejus
631 2941 1093 3015 gaudebunt,quia
1109 2949 1231 3012 post
1253 2940 1614 3012 perditionem
1631 2940 1951 3012 gaudebunt

353 3029 410 3085 in
440 3030 602 3086 vitam
631 3038 889 3086 aeternam
923 3047 936 3084 :
970 3030 1094 3103 quia
1124 3029 1241 3099 ipse
1271 3028 1404 3084 dixit
1425 3042 1552 3084 ecce
1581 3044 1756 3099 agnus
1777 3028 1877 3083 Dei
1898 3036 1950 3083 et

356 3118 566 3191 reliqua
600 3136 613 3173 :
647 3118 908 3189 praecedit
938 3117 1229 3181 Christum,
1261 3125 1385 3172 ante
1415 3116 1712 3187 baptizatur
1739 3124 1789 3171 et
1819 3133 1959 3188 praa-
1977 3122 2026 3185 C

355 3207 553 3263 dicavit
598 3215 724 3261 ante
771 3213 1143 3277 conspectum,
1194 3214 1318 3260 ante
1363 3214 1518 3259 natus
1565 3212 1618 3260 et
1662 3213 1904 3261 mortuus
1939 3224 1952 3260 :

356 3312 454 3351 sex
483 3310 700 3363 causas,
731 3295 856 3366 quia
903 3310 998 3349 sex
1046 3310 1266 3349 menses
1310 3293 1453 3349 inter
1480 3309 1574 3349 eos
1621 3302 1773 3349 erant
1804 3312 1817 3349 :
1851 3310 1957 3367 ego

358 3399 477 3438 sum
510 3382 748 3449 Gabriel,
780 3383 836 3437 id
868 3391 952 3437 est
999 3382 1255 3438 fortitudo
1298 3383 1397 3438 Dei
1432 3398 1445 3439 :
1479 3383 1728 3455 concepit
1773 3383 1955 3438 Eliza-

357 3471 507 3541 betb,
530 3487 639 3529 non
659 3471 790 3527 dixit
810 3472 879 3527 de
899 3472 1163 3528 Zacharia
1189 3488 1201 3527 :
1223 3473 1480 3545 cognovit
1519 3488 1746 3527 uxorem
1768 3487 1923 3527 suam
1939 3516 1952 3538 ,

358 3560 482 3635 quia
509 3559 707 3617 defecit
734 3561 803 3617 ab
835 3561 913 3618 eis
943 3562 1193 3618 voluntas
1221 3561 1478 3617 desiderii
1515 3578 1527 3616 :
1564 3570 1616 3616 et
1655 3561 1957 3618 occultabat

353 3666 416 3707 se
445 3658 665 3722 prOpter
693 3649 1006 3722 pudicitiam
1043 3666 1055 3705 :
1088 3658 1146 3705 ut
1174 3651 1427 3722 probaret
1458 3651 1604 3722 quod
1632 3658 1958 3721 conceperat

353 3739 401 3795 si
431 3756 620 3796 verum
650 3738 841 3795 fuisset
874 3758 887 3795 :
921 3739 1200 3795 mensibus
1229 3740 1484 3813 quinque,
1517 3739 1574 3795 id
1617 3748 1699 3795 est
1727 3756 1762 3793 v
1784 3739 1956 3795 millia

354 3829 542 3887 saeculi
572 3829 687 3885 sive
717 3829 955 3903 quinque
981 3829 1105 3885 libri
1156 3830 1348 3902 Moysi.

424 3946 661 4018 Auferte
681 3945 1036 4021 obprobrium
1053 3962 1262 4011 meum,
1287 3945 1343 4001 id
1356 3954 1437 4001 est
1459 3945 1749 4002 sterilitatis
1761 3946 1958 4015 obpro-

354 4035 533 4091 brium
564 4042 615 4089 et
654 4034 1024 4105 conceptionis
1071 4034 1126 4088 in
1173 4043 1450 4091 senectute
1496 4034 1639 4090 inter
1685 4035 1953 4102 homines,

357 4124 485 4197 quia
513 4139 623 4179 non
654 4122 752 4179 fuit
779 4122 1137 4195 obprobrium
1166 4124 1310 4194 apud
1340 4125 1516 4179 Deum
1547 4123 1689 4179 sicut
1717 4124 1771 4177 in
1803 4131 1956 4179 sexto

352 4229 543 4270 mense
573 4212 772 4269 missus
802 4220 884 4267 est
913 4212 1130 4267 Gabriel
1160 4228 1194 4267 a
1238 4212 1471 4268 Domino
1519 4213 1574 4267 in
1621 4212 1837 4268 civitate
1882 4212 1957 4268 ita

351 4303 409 4359 in
440 4310 592 4358 sexto
620 4301 872 4357 milliario
901 4300 1088 4355 mundi
1108 4301 1308 4356 missus
1337 4301 1682 4373 esthhristus
1708 4317 1719 4356 :
1750 4302 1956 4373 Joseph

356 4391 592 4447 salvator
619 4390 1007 4462 interpretatur
1036 4389 1127 4461 qui
1157 4389 1385 4445 salvavit
1422 4391 1717 4463 Egyptum
1762 4390 1832 4445 de
1875 4388 1957 4447 fa-

2066 1822 2214 1894 gusti
2243 1831 2509 1877 venerunt
2539 1824 2596 1878 in
2625 1841 2734 1879 uno
2763 1841 2926 1881 curro
2957 1827 3027 1880 ad
3065 1827 3338 1883 civitatem
3366 1844 3522 1883 suam
3553 1832 3670 1883 Au-

2066 1918 2260 1983 gustus
2291 1919 2343 1966 et
2375 1912 2538 1967 Filius
2567 1913 2684 1981 ejus
2713 1914 2963 1969 Tiberius
2991 1923 3116 1985 post
3164 1932 3325 1987 quam
3372 1917 3669 1971 adsuerunt

2065 2015 2269 2070 agnum
2296 2002 2502 2069 mundi,
2538 2003 2774 2057 ostendit
2803 2003 2948 2074 quod
2977 2003 3033 2057 in
3060 2020 3234 2075 regno
3263 2006 3381 2073 ejus
3408 2020 3658 2061 nascere-

2065 2095 2153 2142 tur
2182 2089 2319 2159 ipse,
2354 2090 2446 2161 qui
2476 2098 2729 2160 regnaret
2758 2092 2813 2144 in
2856 2091 3114 2147 universo
3162 2094 3366 2148 mundo
3410 2101 3464 2148 et
3508 2102 3669 2164 pater

2064 2177 2320 2233 unitatem
2350 2177 2445 2232 ﬁlii
2476 2178 2559 2233 sui
2590 2179 2939 2247 voluntatem,
2970 2180 3090 2251 ipso
3119 2189 3365 2251 tempore
3410 2182 3667 2253 apparuit

2062 2264 2297 2321 circulus
2334 2283 2512 2322 aareus
2557 2283 2687 2341 erga
2734 2268 2928 2339 solem,
2974 2270 3278 2324 ostenditur
3324 2270 3570 2326 nascitur
3614 2270 3670 2326 in

2063 2360 2304 2424 tempore
2332 2356 2468 2425 ejus,
2501 2357 2654 2425 cujus
2696 2364 2935 2427 potestas
2982 2365 3035 2411 et
3080 2358 3428 2428 pulchritudo
3473 2366 3527 2413 et
3575 2358 3667 2414 lux

2062 2449 2113 2495 et
2144 2443 2427 2513 sapientia,
2461 2444 2911 2500 circumdedisset
2939 2461 3156 2501 omnem
3184 2447 3515 2517 potentiam:
3548 2447 3669 2519 pri-

2058 2546 2204 2584 mam
2249 2532 2709 2601 pulchritudinem
2755 2534 2933 2589 lucem
2998 2542 3052 2589 et
3102 2534 3424 2604 sapientiam
3477 2553 3492 2588 :
3543 2536 3667 2606 ipso

2059 2625 2300 2689 tempore
2330 2620 2477 2674 ﬂexit
2524 2619 2645 2676 fons
2692 2622 2871 2677 oleum
2915 2638 2948 2677 a
2992 2622 3339 2678 tabernaculo
3386 2623 3670 2680 meritoria

2057 2715 2168 2762 tota
2198 2708 2304 2776 die,
2337 2726 2509 2780 usque
2526 2710 2596 2765 ad
2613 2727 2903 2781 vesperum
2937 2727 2951 2765 :
2984 2712 3219 2766 ostendit
3239 2712 3389 2783 quod
3410 2712 3664 2768 nascitur

2055 2795 2111 2849 in
2141 2804 2385 2868 tempore
2414 2798 2552 2867 ejus,
2599 2814 2633 2854 a
2679 2815 2785 2870 quo
2832 2798 3077 2855 ﬂuxisset
3122 2798 3245 2855 fons
3295 2800 3424 2866 olei,
3478 2800 3538 2856 id
3581 2809 3666 2857 est

2055 2884 2311 2955 spiritalis
2342 2886 2525 2942 unctio
2554 2903 2653 2958 per
2681 2894 2852 2943 totum
2882 2888 3245 2962 Evangelium
3271 2905 3448 2960 usque
3474 2890 3531 2944 in
3552 2887 3662 2946 ﬁne

2052 2974 2240 3029 mundi
2272 2993 2285 3028 :
2318 2978 2596 3047 Augustus
2625 2984 2838 3047 patrem
2890 2976 3112 3049 ﬁgurat,
3142 2977 3394 3033 Tiberius
3428 2977 3608 3033 ﬁlium
3643 2995 3658 3035 :

2054 3070 2349 3134 propterea
2378 3081 2578 3120 census
2606 3066 2764 3120 datur
2793 3073 2851 3121 ut
2880 3066 3044 3123 sciret
3074 3083 3170 3122 rex
3216 3082 3511 3122 numerum
3557 3068 3665 3123 ho-

2056 3152 2264 3207 minum
2294 3160 2348 3207 et
2376 3154 2813 3225 magnitudinem
2842 3170 2876 3209 a
2914 3155 3136 3211 Perside
3181 3155 3373 3226 Syriae,
3424 3156 3667 3212 ostendit

2054 3240 2236 3297 locum
2265 3232 2334 3298 de
2365 3258 2471 3313 quo
2506 3242 2755 3298 Christus
2784 3243 2901 3313 fuit,
2937 3252 2991 3298 ut
3015 3245 3407 3315 prophetarent
3454 3245 3661 3319 singuli

2055 3329 2111 3384 in
2141 3346 2262 3396 sua,
2297 3330 2571 3387 civitatem
2600 3332 2860 3399 ostendit,
2888 3341 2943 3387 ut
2960 3332 3143 3387 nullus
3162 3340 3314 3389 extra
3334 3332 3665 3401 Ecclesiam,

2053 3443 2277 3484 censum
2307 3429 2423 3484 Deo
2452 3430 2640 3484 reddat
2671 3447 2684 3483 :
2718 3431 2925 3500 positus
2953 3431 3009 3485 in
3030 3429 3320 3501 praesepio,
3340 3430 3395 3486 id
3424 3439 3510 3487 est
3529 3447 3660 3487 cor-

2055 3533 2157 3587 pus
2188 3516 2388 3572 Christi
2416 3534 2584 3589 super
2611 3518 2785 3574 altare
2817 3537 2830 3573 :
2863 3519 2965 3574 bos
2995 3527 3049 3575 et
3075 3519 3260 3575 asinus
3289 3518 3345 3574 in
3386 3520 3662 3590 praesepio

2054 3605 2250 3660 Christi
2279 3606 2516 3662 ostendit
2542 3614 2736 3680 gentes
2766 3616 2818 3662 et
2843 3608 3062 3663 Iudaeos
3101 3608 3517 3664 communicare
3564 3625 3666 3663 su-

2053 3711 2153 3765 per
2179 3695 2349 3749 altare
2383 3713 2396 3750 :
2428 3695 2583 3752 locus
2611 3696 2667 3750 in
2696 3695 3023 3763 diversorio,
3055 3697 3111 3752 id
3151 3705 3234 3753 est
3277 3696 3477 3752 domus
3520 3697 3665 3752 inter

2056 3783 2195 3839 duos
2225 3799 2431 3854 muros,
2466 3785 2604 3839 duas
2627 3784 2824 3855 januas
2852 3785 3015 3842 habet
3047 3803 3061 3840 :
3092 3785 3327 3859 ﬁguram
3370 3785 3662 3853 Ecclesiae,

2054 3871 2197 3928 inter
2223 3873 2543 3944 paradisum
2571 3881 2625 3929 et
2652 3873 2937 3941 mundum,
2987 3875 3256 3930 exercitus
3301 3875 3535 3929 militum
3563 3890 3657 3930 os-

2055 3961 2226 4017 tendit
2253 3962 2449 4017 ducem
2479 3962 2753 4018 Christum
2783 3978 3013 4035 sequere
3048 3979 3060 4018 :
3088 3971 3339 4035 pastores
3360 3963 3668 4035 loqueban-

2056 4057 2160 4119 tur,
2194 4059 2379 4121 aptum
2408 4050 2505 4105 fuit
2535 4060 2592 4105 ut
2622 4060 2868 4123 pastores
2898 4052 3280 4124 loquebantur,
3328 4059 3515 4123 aptum
3563 4051 3665 4106 fuit

2056 4147 2114 4193 ut
2141 4147 2391 4210 pastores
2438 4140 2809 4196 testimonium
2854 4141 3047 4196 darent
3100 4159 3113 4195 :
3163 4141 3233 4196 de
3281 4156 3412 4196 vero
3453 4156 3602 4214 agno
3647 4158 3662 4194 :

2056 4234 2402 4283 transeamus
2432 4228 2489 4283 in
2517 4229 2793 4285 Bethleem
2822 4230 3058 4285 ostendit
3084 4229 3242 4284 nobis
3272 4244 3381 4284 non
3411 4230 3665 4301 aspicere

2056 4324 2227 4383 retro,
2258 4332 2360 4372 nec
2388 4316 2460 4372 ad
2488 4317 2787 4384 dexteram,
2819 4334 2919 4374 nec
2949 4319 3019 4373 ad
3048 4318 3355 4387 levam,nisi
3393 4318 3464 4373 ad
3505 4318 3673 4373 Chri—

2056 4413 2200 4460 stum
2234 4422 2247 4461 :
2279 4406 2601 4461 invenerunt
2629 4407 2876 4476 Mariam,
2926 4408 3129 4478 Joseph
3153 4415 3206 4462 et
3252 4406 3515 4463 infantem
3562 4422 3666 4479 per

353 4498 443 4538 me
473 4497 487 4537 :
520 4481 636 4537 sive
665 4479 864 4546 Maria;
897 4479 1192 4543 benedixit,
1226 4479 1282 4534 id
1312 4487 1395 4534 est
1441 4496 1474 4534 a
1502 4496 1665 4535 carne
1704 4479 1904 4535 Christi
1937 4497 1950 4535 :
1984 4488 2036 4547 D
2060 4496 2162 4550 hos
2190 4501 2300 4549 tres
2330 4503 2549 4549 sanatus
2579 4502 2662 4550 est
2688 4496 2944 4551 mundus.

353 4570 566 4626 turbata
595 4578 776 4626 autem
805 4568 935 4641 quia
963 4568 1261 4634 nesciebat,
1295 4569 1341 4622 si
1371 4568 1644 4640 praeterito
1673 4585 1742 4623 an
1771 4567 1952 4625 futuro

354 4660 501 4732 quod
528 4659 756 4732 angelus
785 4658 920 4714 dixit
970 4675 981 4713 :
1034 4658 1267 4729 Spiritus
1310 4666 1527 4714 sanctus
1573 4658 1720 4713 venit
1768 4658 1823 4712 in
1864 4665 1950 4724 te;

355 4748 591 4822 Spiritus
619 4764 821 4804 nomen
852 4755 952 4812 est,
985 4747 1163 4803 omnis
1193 4747 1386 4818 gratia:
1412 4747 1630 4820 quando
1660 4746 1954 4818 inspiratur

294 4868 303 4881 ·
357 4848 629 4922 quomodo
657 4846 880 4920 agnovit
912 4846 1080 4901 Maria
1110 4845 1254 4918 quod
1283 4844 1415 4900 dixit
1433 4845 1682 4917 angelus,
1716 4845 1801 4900 vel
1823 4844 1953 4903 dum

353 4937 519 5008 plena
546 4945 662 4992 erat
692 4936 880 5007 spiritu
910 4935 1113 4991 sciebat
1156 4934 1301 5006 quod
1345 4934 1571 5006 angelus
1618 4933 1829 4989 locutus
1872 4940 1955 4988 est

358 5024 409 5080 ei
441 5041 455 5079 :
486 5025 673 5081 Virtus
701 5024 953 5080 altissimi
981 5022 1329 5080 obumbravit
1358 5023 1476 5089 tiln,
1509 5023 1575 5079 id
1594 5030 1675 5078 est
1723 5022 1955 5078 abscon-

355 5112 435 5167 dit
463 5119 515 5167 te
544 5113 599 5166 in
620 5114 849 5184 Egypto
873 5113 1131 5187 fugiendo
1162 5131 1176 5167 :
1210 5120 1447 5184 cognata
1464 5119 1554 5166 tua
1584 5112 1707 5168 ideo
1737 5111 1950 5177 dicitur,

288 5272 295 5281 ‘
359 5218 482 5276 quae
508 5200 790 5256 Elizabeth
818 5203 886 5257 de
927 5203 1069 5258 tribu
1115 5202 1245 5259 Levi
1290 5202 1406 5271 fuit,
1458 5201 1513 5257 id
1560 5208 1643 5257 est
1692 5202 1761 5257 de
1809 5200 1954 5255 tribu

288 5309 297 5318 '
356 5290 459 5348 Dei
492 5309 505 5347 :
537 5305 669 5346 ecce
697 5289 894 5344 ancilla
924 5291 1139 5346 Domini
1168 5299 1225 5345 ut
1246 5291 1394 5358 dicit,
1427 5288 1568 5345 ﬁlius
1584 5290 1797 5347 ancillae
1826 5299 1950 5345 tuae.

424 5411 574 5468 Abiit
591 5410 657 5465 in
688 5410 942 5463 montem
969 5423 1100 5463 cum
1114 5408 1482 5479 festinatione
1516 5423 1527 5462 :
1553 5407 1643 5480 qui
1673 5407 1848 5463 omnis
1860 5422 1955 5463 vo-

353 5500 614 5556 luntatem
644 5496 744 5552 Dei
772 5494 1000 5566 implere
1033 5513 1047 5549 :
1082 5494 1341 5551 festinare
1385 5496 1585 5552 debent
1639 5515 1651 5551 :
1702 5495 1957 5552 exultavit

357 5587 535 5643 infans
582 5587 639 5642 in
665 5594 822 5643 utero
849 5583 1037 5640 matris
1068 5583 1206 5653 ejus,
1256 5585 1311 5639 id
1359 5593 1442 5640 est
1482 5586 1769 5641 honoravit
1815 5584 1958 5640 ﬁlius

356 5674 529 5733 ﬁlium
557 5677 695 5734 sicut
745 5674 1029 5735 honoravit
1058 5673 1256 5732 mulier
1273 5673 1577 5731 mulierem.
1622 5674 1959 5733 Exclamavit

2126 4612 2302 4667 Maria
2330 4610 2697 4667 conservabat
2723 4613 2918 4667 omnia
2944 4611 3110 4667 verba
3138 4612 3275 4680 haec,
3308 4610 3366 4665 id
3393 4618 3479 4667 est
3508 4610 3661 4683 quod

2052 4698 2282 4772 angelus
2330 4698 2379 4754 ei
2426 4698 2579 4767 dixit,
2624 4707 2913 4770 postquam
2961 4699 3322 4757 consummati
3370 4706 3496 4755 sunt
3542 4700 3664 4755 dies

2053 4804 2178 4853 octo
2207 4805 2265 4851 ut
2306 4797 2783 4853 circumcideretur
2815 4816 2829 4853 :
2862 4806 2916 4854 et
2959 4798 3015 4852 in
3061 4806 3255 4854 octava
3301 4797 3658 4865 beatitudine,

2054 4895 2290 4952 ostendit
2319 4895 2632 4966 passionem
2675 4896 2876 4951 Christi
2922 4896 3051 4951 dum
3102 4896 3301 4953 dicitur
3333 4913 3346 4952 ε
3379 4896 3523 4952 beati
3567 4896 3662 4968 qui

2053 4983 2489 5054 persecutionem
2533 4985 2809 5056 patiuntur
2860 5003 2874 5040 :
2922 4985 3264 5042 circumcisio
3326 4985 3528 5041 Christi
3574 4985 3665 5042 die

2055 5090 2267 5147 octavo,
2314 5083 2551 5139 ostendit
2612 5083 2933 5155 sanguinem
2997 5092 3316 5156 martyrum,
3379 5100 3557 5156 usque
3603 5083 3661 5139 in

2054 5180 2199 5235 diem
2224 5181 2415 5250 judicii
2447 5198 2460 5236 :
2494 5181 2608 5238 sive
2624 5182 2749 5252 quia
2766 5182 3012 5254 implevit
3039 5182 3216 5256 legem
3242 5190 3297 5238 et
3326 5198 3439 5238 non
3457 5182 3655 5239 solvit:

2054 5287 2344 5351 postquam
2374 5280 2579 5351 impleti
2608 5289 2733 5335 sunt
2762 5280 2882 5337 dies
2909 5281 3252 5355 purgationis
3301 5282 3440 5351 ejus,
3490 5280 3549 5336 id
3578 5289 3663 5337 est

2056 5378 2343 5435 duodecim
2373 5379 2491 5434 dies
2518 5378 2587 5433 de
2615 5395 2808 5451 puero,
2853 5380 2922 5436 de
2948 5380 3130 5452 puella
3177 5380 3402 5452 triginta
3430 5381 3488 5436 in
3534 5381 3661 5454 lege

2056 5477 2151 5535 fuit
2180 5485 2237 5531 ut
2266 5477 2459 5532 mulier
2488 5492 2597 5532 non
2642 5476 2805 5534 intret
2852 5478 2908 5533 in
2951 5478 3255 5535 Ecclesiam
3288 5496 3301 5533 :
3334 5494 3436 5550 per
3482 5485 3662 5534 turtu-

2056 5592 2198 5644 rum,
2229 5583 2319 5630 aut
2350 5574 2488 5630 duos
2515 5574 2692 5645 pullos
2722 5576 3115 5645 columbarum,
3148 5594 3250 5648 per
3279 5576 3491 5633 saevitia
3539 5584 3663 5631 tur-

2056 5674 2192 5730 turis
2219 5672 2458 5730 ostendit
2485 5688 2608 5729 esse
2635 5674 2980 5748 prudentiam
3029 5675 3169 5732 sicut
3212 5683 3519 5750 serpentes,
3568 5690 3665 5747 per
