4002 6184
342 273 450 328 897

1168 269 1550 329 EXPOSITIO
1579 271 1655 327 IN
1689 269 2025 341 QUATUOR
2052 266 2483 325 EVANGELIA.
2515 298 2585 308 —
2614 266 2688 323 IN
2716 261 2971 323 LUCAM.

3537 270 3641 325 898

345 396 662 493 ξδοιυπὼξξη
708 395 983 493 δίἾΨῙίθθδ
1036 412 1159 493 εξδδξδ
1191 412 1204 451 ³
1235 411 1352 466 Par,
1387 396 1643 493 05‘?ndit_
1669 403 1943 493 ,τοίυηᾙδθ
1967 396 2024 458 Α
2045 419 2177 485 filia,
2210 419 2264 474 id
2293 428 2377 475 est
2403 435 2625 493 nagoga
2659 436 2673 473 :
2706 418 2879 485 Giezi,
2913 418 2967 473 id
3000 426 3083 473 est
3112 417 3358 475 Ecclesia
3389 438 3405 475 :
3436 419 3644 475 habens

345 486 515 540 homo
544 484 735 540 offerat
762 486 897 555 Deo,
922 485 1312 540 revelationem
1343 485 1605 557 gentium,
1630 485 1685 539 id
1715 493 1798 539 est
1829 484 1944 557 glo-

346 574 487 629 riam
543 572 670 629 ﬁdei
694 592 708 629 :
732 589 862 630 ecce
913 573 1122 645 positus
1175 573 1232 628 in
1279 574 1505 640 ruinam,
1540 574 1596 628 id
1627 582 1709 628 est
1738 574 1824 627 his
1855 572 1947 644 qui

347 679 464 718 non
495 663 727 718 credunt
755 663 811 716 in
839 663 1295 718 resurrectionem
1321 680 1334 717 :
1357 662 1443 717 his
1490 661 1583 734 qui
1604 662 1833 717 credunt
1888 662 1947 717 in

349 768 480 807 eum
509 760 563 806 et
620 751 857 824 signum,
889 751 945 806 id
973 759 1056 806 est
1084 751 1442 824 Evangelium
1466 768 1479 805 :
1504 750 1642 806 Veni
1688 765 1945 821 separare

349 840 631 896 hominem
662 840 928 895 adversus
982 848 1212 895 matrem
1246 848 1298 894 et
1330 840 1580 910 reliqua:
1604 840 1673 895 Ut
1703 839 1820 909 ipse
1850 838 1943 905 ait,

349 945 476 1001 quae
505 937 589 984 est
618 936 792 983 mater
820 944 942 983 mea
960 928 988 982 ?
1011 929 1200 983 beatus
1232 928 1324 983 ille
1352 935 1544 984 venter
1573 927 1665 1000 qui
1686 936 1738 983 te
1768 935 1948 998 porta-

346 1018 447 1082 bit,
484 1027 537 1072 et
567 1017 800 1090 reliqua,
832 1018 889 1071 id
918 1025 1001 1072 est
1028 1026 1086 1071 ut
1144 1016 1297 1071 multi
1355 1018 1527 1072 bonas
1584 1016 1945 1089 cogitationes

348 1106 596 1179 cogitent
620 1124 634 1161 :
662 1106 794 1160 dum
822 1121 933 1160 non
964 1106 1079 1161 sola
1106 1105 1277 1161 Maria
1305 1112 1476 1160 mater
1504 1104 1705 1159 Christi
1734 1112 1835 1159 est.

423 1223 495 1277 Et
518 1226 677 1277 tuam
688 1222 867 1294 ipsius
878 1221 1136 1277 animam
1145 1224 1510 1293 pertranseat
1523 1220 1765 1292 gladius,
1792 1218 1849 1273 id
1868 1225 1953 1274 est

350 1325 540 1366 sermo
569 1310 691 1377 Dei,
725 1310 838 1365 sive
869 1310 1053 1380 passio
1075 1309 1293 1374 Christi,
1317 1309 1527 1365 vixerat
1547 1324 1673 1365 cum
1702 1309 1820 1364 viro
1851 1323 1952 1364 suo

349 1415 528 1455 annos
560 1407 790 1469 septem,
822 1399 878 1453 id
915 1407 997 1453 est
1029 1413 1318 1471 synagoga
1346 1414 1468 1454 cum
1498 1397 1748 1469 eptatico,
1774 1404 1951 1453 etnon

357 1488 680 1544 discedebat
727 1488 796 1542 de
819 1486 1041 1557 templo,
1065 1486 1120 1540 id
1145 1494 1227 1541 est
1244 1486 1369 1559 quia
1392 1503 1500 1541 non
1521 1486 1683 1541 debet
1706 1485 1954 1542 Ecclesia

356 1576 643 1631 discedere
700 1576 769 1630 de
825 1575 1165 1646 ccelozpuer
1218 1582 1399 1629 autem
1455 1575 1755 1642 crescebat,
1786 1575 1844 1629 id
1874 1581 1956 1629 est

352 1680 589 1736 corpore
621 1672 673 1720 et
703 1663 1203 1731 confortabatur,id
1230 1672 1313 1718 est
1344 1663 1547 1734 Spiritu
1593 1682 1606 1718 :
1655 1679 1778 1720 cum
1808 1671 1955 1720 esset

2045 509 2394 575 daemonium,
2427 507 2483 563 id
2512 516 2595 562 est
2624 507 2786 561 idolis
2828 506 3165 563 credendum
3191 524 3204 561 :
3229 504 3373 575 Quid
3401 507 3560 562 nobis
3590 514 3644 563 et

2045 597 2140 651 tibi
2165 596 2192 650 ?
2213 597 2268 650 id
2299 605 2383 651 est
2410 596 2569 651 nobis
2618 603 2891 651 tormenta
2919 595 3016 650 tibi
3045 595 3274 668 gloriam
3299 613 3312 649 :
3337 610 3499 651 secus
3528 603 3642 650 sta-

2046 701 2234 756 gnum,
2271 684 2323 738 id
2356 691 2439 739 est
2470 699 2630 740 secus
2659 684 2839 757 legem
2869 702 2883 739 :
2917 684 3037 739 dure
3090 700 3278 753 naves,
3309 683 3363 738 id
3395 690 3478 739 est
3506 684 3643 738 duas

2045 772 2325 829 Ecclesias
2359 790 2372 827 :
2406 773 2513 829 duc
2544 773 2599 827 in
2627 773 2814 839 altum,
2846 772 2902 827 id
2931 780 3014 827 est
3043 772 3318 827 Christum
3346 764 3663 829 ascenden-'

2047 868 2158 916 tem
2188 862 2245 916 in
2274 862 2472 917 caelum
2507 879 2521 916 :
2556 869 2666 916 tota
2695 861 2784 917 die
2811 861 3119 917 laborantes
3172 860 3304 915 nihil
3355 860 3641 931 coepimus,

2048 949 2103 1003 id
2135 957 2217 1005 est
2245 966 2344 1021 per
2372 957 2617 1006 veterem
2637 950 2819 1022 legem
2839 949 3048 1003 nullum
3069 949 3322 1003 duximus
3341 949 3409 1003 ad
3437 949 3602 1004 vitam
3626 966 3640 1003 :

2046 1037 2413 1109 impleverunt
2442 1039 2630 1093 ambas
2663 1053 2853 1103 naves,
2874 1037 2933 1092 id
2951 1045 3032 1093 est
3053 1038 3180 1108 quia
3209 1053 3308 1107 per
3336 1037 3643 1092 Eeclesiam

2051 1134 2103 1182 et
2132 1142 2472 1199 synagogam
2530 1126 2794 1183 convertit
2820 1144 2833 1180 :
2858 1125 2929 1180 ita
2958 1134 3014 1181 ut
3042 1133 3443 1197 mergerentur,
3476 1125 3532 1180 id
3561 1134 3646 1181 est

2051 1216 2215 1270 homo
2247 1216 2340 1287 qui
2370 1214 2585 1270 divitias
2611 1233 2623 1269 :
2649 1222 2702 1271 et
2721 1222 3096 1285 paupertatem
3128 1229 3238 1270 non
3265 1213 3496 1269 sustinet
3520 1232 3534 1269 ε
3558 1213 3646 1270 exi

2052 1320 2085 1359 a
2115 1320 2222 1371 me,
2257 1303 2509 1373 Domine,
2543 1303 2667 1375 quia
2696 1311 2951 1373 peccator
2991 1319 3129 1370 sum,
3188 1302 3445 1369 ostendit,
3477 1302 3534 1357 id
3563 1308 3647 1357 est

2051 1408 2161 1448 non
2193 1392 2357 1448 exivit
2385 1391 2669 1459 Dominus,
2703 1391 2828 1464 quia
2856 1408 2964 1447 non
2995 1391 3198 1448 deserit
3228 1407 3409 1447 veram
3436 1390 3649 1447 humili-

2051 1489 2238 1537 tatem.

2124 1597 2250 1653 Noli
2281 1598 2500 1665 timere,
2530 1595 2586 1652 id
2615 1603 2822 1653 estnon
2842 1595 3026 1651 timeat
3054 1604 3310 1667 peccator
3336 1594 3644 1653 medicum:

2054 1684 2368 1741 ambulabat
2405 1685 2585 1759 magis
2638 1690 2820 1741 sermo
2848 1686 2917 1741 de
2947 1686 3059 1751 illo,
3092 1684 3147 1741 id
3178 1694 3261 1741 est
3316 1685 3564 1742 sanitatis
3593 1693 3648 1741 et

353 1754 643 1810 duodecim
668 1769 951 1820 annorum,
974 1752 1029 1807 id
1055 1761 1136 1807 est
1157 1753 1444 1809 duodecim
1466 1753 1640 1807 tribus
1671 1754 1761 1824 qui
1791 1769 1950 1808 vene

2058 1773 2318 1829 doctrinae
2344 1752 2564 1845 quando
2592 1775 2781 1830 orabat
2836 1774 3071 1829 ostendit
3128 1774 3429 1831 theoricam
3457 1773 3644 1843 vitam,

353 1850 481 1898 runt
513 1843 582 1898 ad
612 1843 922 1898 Christum:
950 1849 1074 1913 post
1125 1841 1369 1896 triduum
1427 1841 1751 1897 invenerunt
1777 1858 1899 1895 eum
1933 1859 1947 1896 :

348 1932 532 1998 Pater,
564 1930 621 1986 id
652 1939 736 1986 est
789 1931 1057 1996 Ecclesia,
1109 1939 1163 1985 et
1190 1938 1383 1997 mater,
1418 1930 1471 1984 id
1503 1938 1585 1985 est
1645 1945 1946 2002 synagoga,

355 2020 451 2092 qui
480 2020 797 2093 quaerebant
826 2036 949 2074 eum
978 2035 1078 2090 per
1097 2027 1207 2073 tres
1227 2019 1378 2090 leges
1414 2026 1465 2074 et
1487 2035 1594 2074 non
1626 2019 1951 2074 invenerunt

351 2125 500 2175 eum,
532 2109 638 2163 nisi
666 2123 765 2179 per
818 2107 1195 2180 Evangelium,
1248 2111 1304 2163 et
1335 2112 1459 2163 erat
1493 2108 1610 2163 illis
1670 2107 1945 2174 subditus,

353 2196 594 2252 ostendit
620 2195 761 2252 ﬁlius
789 2196 1026 2251 hominis
1073 2210 1184 2251 non
1215 2196 1361 2253 venit
1389 2195 1682 2250 ministrari
1712 2197 1811 2251 sed
1838 2195 1947 2249 mi-

351 2286 591 2342 nistrare
603 2327 617 2341 .

426 2404 505 2460 Ab
533 2419 685 2460 anno
712 2403 909 2476 quinto
938 2403 1151 2459 decimo
1200 2403 1400 2458 Tiberii
1457 2404 1712 2470 Caesaris,
1742 2402 1951 2473 primus

354 2508 476 2560 rex,
509 2492 715 2563 primus
763 2508 973 2562 praeses
993 2491 1048 2545 in
1094 2490 1372 2546 nativitate
1405 2490 1605 2546 Christi
1635 2506 1950 2546 memoran-

354 2589 462 2650 tur,
495 2579 551 2635 id
581 2588 663 2635 est
689 2581 821 2635 dum
851 2596 962 2635 non
994 2588 1273 2650 cmperant
1330 2580 1529 2636 docere
1554 2598 1566 2633 :
1588 2581 1745 2636 Nunc
1773 2588 1951 2635 autem

355 2687 454 2726 rex
484 2678 709 2741 quartus
737 2670 1031 2725 Tetrarcha
1052 2678 1531 2739 commemoratur,
1556 2670 1685 2723 dum
1706 2670 1776 2724 ad
1803 2684 1952 2739 prae-

355 2759 687 2815 dicationem
716 2766 771 2813 et
800 2759 869 2812 ad
928 2758 1255 2829 baptismum
1303 2759 1448 2815 venit
1482 2777 1495 2813 :
1529 2775 1626 2813 rex
1681 2756 1953 2830 significat

356 2849 650 2914 Christum,
682 2855 735 2903 et
764 2855 997 2919 quatuor
1027 2848 1341 2903 Tetrarchae
1389 2848 1682 2902 ostendunt
1727 2855 1955 2918 quatuor

355 2937 658 3009 Evangelia
692 2954 706 2991 :
737 2937 877 2991 duos
936 2938 1247 2992 sacerdotes
1303 2944 1387 2991 est
1434 2936 1568 2990 duas
1622 2936 1777 3008 leges
1809 2953 1822 2989 :
1853 2951 1955 3006 per

356 3042 553 3082 senum
608 3041 910 3091 numerum,
970 3024 1144 3080 factus
1201 3032 1284 3079 est
1310 3025 1546 3079 mundus
1579 3040 1592 3079 :
1624 3024 1831 3095 primus
1860 3040 1955 3079 rex

2053 1863 2267 1934 quando
2298 1862 2546 1931 sonabat,
2597 1863 2833 1918 ostendit
2886 1863 3153 1919 actualem
3183 1863 3350 1919 vitam
3383 1881 3397 1918 :
3429 1879 3531 1934 per
3559 1871 3645 1919 te-

2051 1951 2229 2023 gulas,
2267 1950 2320 2005 id
2377 1959 2461 2006 est
2514 1967 2615 2021 per
2670 1951 3052 2007 divinitatem:
3087 1968 3250 2024 surge
3307 1959 3361 2007 et
3406 1951 3646 2019 ambula,

2053 2038 2292 2094 ostendit
2350 2039 2808 2097 resurrectionem
2864 2039 3105 2095 omnium
3140 2058 3153 2094 :
3187 2040 3351 2096 exivit
3379 2039 3435 2093 in
3463 2047 3650 2095 monte
3748 2036 3759 2046 ’

2050 2143 2209 2183 orare
2244 2145 2257 2182 :
2292 2135 2345 2183 et
2371 2128 2601 2184 discedit
2631 2128 2701 2183 ad
2731 2129 2939 2196 turbas,
2999 2128 3233 2185 ostendit
3258 2128 3329 2184 de
3358 2127 3653 2185 theoretica

2050 2224 2102 2273 et
2129 2215 2360 2283 actuale,
2392 2216 2449 2270 in
2477 2233 2664 2271 unum.

2122 2329 2370 2400 Quatuor
2400 2328 2766 2392 beatitudines
2803 2331 3079 2404 leguntur,
3113 2329 3238 2403 quia
3268 2338 3505 2403 quatuor
3533 2331 3648 2388 vir-

2050 2426 2193 2474 tutes
2225 2419 2536 2475 cardinales
2566 2419 2909 2476 continentur
2940 2437 2954 2474 :
2979 2420 3202 2487 eaudes,
3234 2419 3423 2475 Latine
3451 2420 3651 2476 dicitur

2050 2507 2281 2563 cordis:
2313 2508 2431 2563 ista
2478 2516 2711 2579 quatuor
2768 2508 2940 2575 lenes,
3002 2509 3364 2564 ostenduntur
3421 2514 3654 2581 quatuor

2049 2604 2234 2668 partes
2288 2596 2475 2651 mundi
2508 2614 2521 2651 :
2554 2598 2689 2651 Item
2726 2604 2850 2653 octo
2879 2596 2951 2652 ad
2975 2604 3098 2652 octo
3152 2596 3362 2652 animas
3417 2596 3654 2668 pertinet

2052 2685 2143 2756 qui
2173 2683 2391 2739 fuerunt
2419 2684 2476 2738 in
2501 2700 2626 2741 arca
2655 2686 2794 2751 Noe,
2826 2699 2927 2755 per
2983 2700 3120 2756 quas
3148 2700 3309 2740 omne
3338 2701 3515 2756 genus
3542 2686 3653 2740 hu-

2052 2790 2290 2841 manum,
2327 2773 2565 2829 ostendit
2601 2773 2800 2829 mercis
2829 2781 3010 2829 vestra
3065 2774 3231 2828 multa
3261 2781 3343 2829 est
3370 2773 3428 2828 in
3454 2774 3647 2847 gloria,

2051 2862 2107 2917 id
2129 2871 2211 2917 est
2237 2878 2340 2933 pro
2372 2863 2776 2933 praedicatione,
2837 2862 3217 2932 persecutione
3274 2871 3327 2918 et
3346 2862 3647 2933 patientia:

2054 2952 2354 3007 secundum
2383 2953 2500 3007 haec
2526 2951 2790 3006 faciebant
2819 2959 3002 3022 patres
3022 2967 3211 3007 eorum
3240 2952 3561 3025 Pr0phetas,
3593 2950 3651 3006 id

2060 3048 2143 3095 est
2196 3040 2472 3106 odiebant,
2533 3040 2934 3110 exprobrabant
2989 3047 3042 3095 et
3088 3040 3377 3110 ejiciebant
3430 3055 3651 3096 nomina

355 3115 428 3170 de
460 3115 738 3181 Romanis,
772 3113 1011 3169 οεῖθηάίι
1033 3114 1289 3168 “nitatem
1312 3113 1468 3186 regni
1487 3114 1877 3178 Romanorum,
1902 3119 1957 3167 ει
1983 3117 2033 3180 C
2054 3145 2267 3195 eorum,
2299 3128 2352 3183 id
2385 3136 2466 3183 est
2488 3129 2579 3200 qui
2610 3128 2822 3183 habetis
2852 3128 3283 3184 consolationem
3304 3136 3564 3199 vestram,
3596 3135 3652 3184 et

358 3211 585 3276 quartus
611 3202 911 3258 Tetrarcha
940 3218 1105 3273 super
1158 3202 1402 3268 Judmos,
1461 3202 1694 3257 ostendit
1723 3200 1951 3256 divisio-

356 3309 485 3347 nem
518 3292 673 3363 regni
719 3292 1027 3346 Judaaorum
1063 3309 1075 3344 :
1111 3290 1311 3345 factum
1338 3299 1423 3345 est
1449 3290 1680 3345 verbum
1735 3288 1954 3345 Domini

253 3417 257 3420 -
359 3397 528 3451 super
545 3381 869 3449 Iohannem,
900 3380 1039 3435 vade
1060 3387 1113 3434 et
1135 3380 1370 3450 praedica
1400 3378 1748 3449 baptismum.
1785 3378 1955 3433 Vallis

357 3469 695 3540 implebitur,
728 3469 783 3523 id
815 3476 897 3524 est
925 3469 1098 3523 Judaei
1123 3476 1176 3523 et
1206 3476 1399 3541 gentes
1423 3486 1435 3521 :
1461 3469 1670 3523 Montes
1700 3475 1755 3522 et
1783 3466 1953 3523 colles

358 3558 809 3628 humiliabuntur,
868 3557 924 3611 id
953 3565 1035 3611 est
1092 3556 1182 3628 qui
1238 3574 1297 3611 se
1323 3557 1570 3612 humiliat
1627 3556 1825 3611 exaltat
1855 3573 1868 3609 :
1903 3563 1955 3610 et

360 3654 524 3702 erunt
550 3662 717 3717 prava
748 3646 1032 3711 indirecta,
1064 3646 1118 3699 id
1148 3654 1228 3701 est
1255 3646 1347 3717 qui
1372 3646 1469 3700 fuit
1526 3645 1856 3711 luxuriosus,
1886 3644 1956 3698 sit

359 3745 547 3792 castus
581 3743 665 3790 :et
693 3750 884 3805 aspera
916 3735 971 3788 in
1003 3734 1120 3789 vias
1147 3734 1354 3805 planas,
1378 3734 1433 3789 id
1456 3742 1537 3789 est
1565 3734 1655 3805 qui
1687 3733 1954 3804 superbus

360 3825 430 3879 sit
460 3824 698 3879 humilis.
734 3824 950 3879 Videbit
978 3823 1156 3878 omnis
1184 3839 1314 3878 caro
1371 3823 1607 3879 salutare
1638 3822 1757 3890 Dei,
1788 3822 1844 3876 id
1872 3829 1955 3876 est

358 3913 535 3969 Judaei
565 3921 616 3968 et
645 3920 856 3985 gentes,
891 3912 995 3968 viri
1025 3920 1077 3968 et
1105 3912 1386 3973 mulieres.

446 4030 605 4086 Venit
634 4045 669 4084 a
702 4028 983 4084 Nazareth
1012 4048 1031 4084 :
1063 4027 1118 4081 in
1149 4044 1253 4100 qua
1278 4028 1512 4083 nutritus
1566 4035 1667 4093 est,
1719 4026 1955 4082 ostendit

362 4117 614 4174 Ecclesia
643 4118 698 4172 in
731 4133 837 4189 qua
865 4117 1092 4171 nutritus
1124 4117 1208 4182 sit,
1243 4118 1407 4172 homo
1436 4133 1543 4172 non
1566 4115 1950 4182 obliviscatur;

366 4215 422 4263 et
452 4206 688 4262 surrexit
718 4206 924 4278 legere,
951 4205 1039 4261 hic
1066 4205 1300 4260 ostendit
1330 4205 1375 4260 si
1403 4206 1459 4259 in
1480 4205 1683 4274 juniori
1739 4204 1955 4260 revela-

363 4304 480 4350 tum
507 4294 688 4363 fuerit,
725 4301 908 4351 senior
950 4301 1138 4363 taceat,
1172 4294 1226 4348 id
1257 4302 1338 4349 est
1375 4294 1724 4367 Evangelista
1752 4302 1804 4348 et
1831 4309 1958 4363 pen-

363 4392 634 4440 tateucum
666 4403 685 4439 :
716 4383 891 4456 surgit
917 4391 969 4437 et
1002 4384 1191 4437 Petrus
1221 4382 1275 4436 in
1331 4383 1510 4438 medio
1568 4382 1955 4453 discipulorum

365 4472 532 4540 stetit,
564 4472 800 4528 ostendit
828 4471 976 4544 quod
1019 4487 1127 4527 non
1158 4471 1496 4527 reddendum
1550 4471 1955 4542 praedicandum
1983 4474 2038 4534 D

364 4569 468 4630 est,
501 4570 721 4633 propter
736 4561 897 4616 'unxit
925 4577 1034 4627 me,
1066 4560 1120 4614 id
1151 4569 1232 4615 est
1262 4576 1369 4616 non
1412 4561 1589 4615 oleum
1645 4576 1952 4627 commune,

364 4650 465 4706 sed
522 4650 765 4722 spiritale
799 4668 812 4704 :
847 4648 1221 4722 evangelizare
1278 4649 1627 4719 pauberibus,
1687 4648 1743 4703 id
1772 4656 1854 4703 est
1899 4655 1958 4703 ut

364 4740 511 4795 beati
540 4755 807 4811 pauperes
838 4739 1046 4809 spiritu,
1081 4747 1133 4793 et
1164 4738 1392 4809 captivis
1420 4737 1867 4809 redemptionem,
1902 4736 1958 4791 id

365 4836 452 4885 est
478 4828 683 4883 Judazis
712 4828 781 4883 de
810 4828 1069 4893 Faraone,
1103 4835 1156 4882 et
1189 4835 1383 4900 gentes
1412 4827 1479 4881 de
1506 4826 1724 4881 diabolo
1759 4843 1770 4881 :
1796 4826 1958 4882 caecis

363 4917 565 4984 visum,
590 4918 643 4972 id
666 4925 749 4972 est
772 4916 964 4984 Judaei,
998 4924 1050 4971 et
1078 4917 1332 4987 gentibus
1356 4934 1368 4969 :
1388 4915 1593 4971 dimitte
1626 4915 1953 4980 confractos,

362 5006 422 5061 id
453 5013 537 5061 est
561 5007 780 5061 Judieos
805 5024 818 5060 :
842 5007 1035 5060 Lutum
1090 5004 1464 5060 fabricandum
1496 5014 1548 5059 et
1574 5012 1767 5077 gentes
1798 5004 1958 5059 idolis

364 5095 692 5166 suplicando
727 5113 740 5149 :
771 5111 913 5151 anno
968 5094 1205 5160 Domini,
1237 5094 1293 5149 id
1323 5102 1406 5149 est
1434 5093 1563 5165 quia
1593 5110 1765 5148 annos
1827 5110 1958 5165 qua-

363 5191 492 5239 tuor
523 5192 768 5256 tempora
797 5184 979 5252 habet,
1013 5183 1249 5238 ostendit
1281 5192 1511 5254 quatuor
1532 5182 1915 5255 Evangelistas
1942 5199 1955 5235 :

365 5281 421 5328 et
447 5273 737 5330 duodecim
766 5288 1007 5341 menses,
1039 5272 1327 5327 duodecim
1354 5272 1643 5343 Apostolos
1672 5271 1909 5327 ostendit
1941 5286 1954 5326 :

363 5369 421 5418 et
475 5362 623 5417 diem
678 5361 1074 5427 retributionis,
1110 5360 1165 5415 id
1195 5369 1278 5416 est
1303 5361 1421 5416 dies
1445 5360 1635 5430 judicii
1668 5378 1681 5414 :
1713 5360 1781 5414 ad
1808 5360 1959 5414 litte-

320 5510 328 5517 ,
363 5467 506 5518 ram,
539 5451 702 5507 hodie
730 5451 953 5522 impleta
976 5458 1058 5506 est
1089 5450 1354 5521 scriptura
1382 5451 1439 5504 in
1467 5450 1684 5504 auribus
1739 5449 1956 5505 vestris.

438 5568 629 5624 Multa
645 5566 831 5622 viduae
847 5567 1090 5622 erantin
1110 5567 1304 5634 Israel,
1331 5566 1387 5622 id
1408 5575 1491 5622 est
1509 5565 1758 5623 Ecclesia
1782 5566 1961 5622 :Elias

367 5655 647 5732 signiﬁcat
663 5655 939 5713 Christum
959 5673 974 5711 :
991 5656 1236 5715 Naéman
1247 5658 1436 5727 Syrus,
1453 5654 1721 5729 significat
1732 5663 1957 5727 gentes:

2053 3234 2164 3273 non
2194 3220 2310 3272 Deo
2342 3216 2551 3288 gratias
2581 3217 2764 3290 agitis.
2786 3218 2911 3273 Non
2931 3218 3048 3273 Deo
3068 3218 3168 3285 sed
3183 3218 3383 3274 divitiis
3412 3217 3610 3273 vestris
3634 3236 3649 3273 :

2056 3308 2150 3362 Vae
2179 3305 2335 3361 vobis
2364 3323 2491 3361 eum
2523 3306 2896 3361 benedixerint
2923 3306 3194 3374 homines,
3221 3307 3276 3362 id
3305 3314 3388 3362 est
3414 3303 3650 3362 inimicis

2055 3395 2253 3451 vestris
2287 3412 2300 3448 :
2334 3394 2480 3449 Nihil
2509 3394 2856 3465 disperantes
2885 3395 3032 3465 quod
3057 3411 3157 3451 vos
3178 3395 3389 3451 habetis
3416 3396 3563 3464 date,
3594 3401 3655 3450 ut

2052 3483 2109 3538 in
2136 3483 2312 3556 gloria
2341 3482 2618 3554 recipiatis
2644 3484 2963 3539 mercedem
2992 3499 3026 3538 a
3055 3485 3309 3541 Domino.

2125 3616 2391 3688 Nunquid
2407 3618 2595 3688 potest
2614 3632 2794 3672 cceeus
2815 3633 3025 3672 meum
3045 3617 3265 3684 ducere,
3282 3617 3338 3673 id
3354 3627 3437 3674 est
3457 3619 3653 3675 stultus

2056 3704 2279 3759 stultum
2333 3704 2570 3760 docere:
2597 3705 2760 3759 ambo
2788 3705 2845 3758 in
2888 3704 3099 3760 foveam
3156 3706 3369 3773 cadent,
3398 3707 3454 3761 id
3484 3716 3567 3762 est
3595 3708 3653 3762 in

2053 3793 2415 3865 perditionem
2443 3811 2455 3846 :
2490 3793 2608 3847 Ibat
2638 3792 2692 3846 in
2723 3793 2996 3849 civitatem
3054 3794 3201 3865 quod
3231 3794 3426 3851 dicitur
3450 3797 3651 3864 Naum,

2055 3881 2293 3939 ostendit
2347 3889 2472 3953 post
2513 3889 2762 3937 sanatum
2818 3880 3113 3950 inﬁrmum,
3173 3883 3449 3939 suscitavit
3500 3900 3654 3940 mor-

2052 3970 2359 4043 tuum,quia
2385 3968 2673 4026 infirmitas
2701 3972 2961 4042 praecedit
2991 3979 3220 4028 mortem
3245 3988 3257 4028 :
3283 3971 3428 4028 filius
3455 3972 3650 4030 unicus

2054 4060 2261 4126 matris,
2321 4059 2487 4115 id-est
2539 4060 2714 4114 Adam
2758 4060 2828 4115 de
2855 4067 3003 4116 terra
3055 4068 3300 4131 portatur
3330 4077 3363 4117 a
3390 4070 3646 4134 quatuor,

2055 4149 2109 4204 id
2139 4157 2221 4204 est
2251 4163 2284 4203 a
2313 4157 2540 4220 quatuor
2568 4149 2872 4216 elementis,
2901 4150 3046 4205 unde
3076 4151 3242 4207 homo
3274 4158 3388 4206 est:
3413 4151 3653 4224 tangitur

2055 4236 2209 4294 locus
2237 4253 2269 4292 a
2300 4238 2435 4303 Deo,
2468 4238 2522 4292 id
2551 4246 2634 4293 est
2661 4238 2871 4311 lignum
2901 4239 3102 4309 crucis,
3138 4239 3265 4311 quia
3294 4240 3452 4311 periit
3479 4240 3653 4295 Adam

2055 4341 2157 4396 per
2184 4326 2395 4398 lignum
2428 4343 2441 4381 :
2474 4327 2648 4382 Homo
2678 4343 2710 4381 a
2737 4335 2885 4383 terra
2941 4336 3208 4399 portatur,
3270 4328 3489 4400 quando
3536 4329 3655 4385 sola

2055 4422 2276 4470 terrena
2305 4415 2530 4486 cogitat,
2581 4416 2695 4470 sive
2754 4416 2971 4487 quando
3000 4432 3149 4489 aeger
3175 4424 3258 4471 est
3289 4425 3342 4471 et
3371 4417 3653 4473 ambulare

2054 4519 2165 4559 non
2192 4511 2372 4574 potest
2404 4522 2417 4570 ;
2442 4504 2512 4558 ab
2543 4518 2686 4575 aqua
2714 4512 2975 4574 portatur,
3009 4505 3226 4576 quando
3254 4504 3531 4561 luxuriare
3565 4520 3656 4562 co-

2055 4593 2207 4664 gitat,
2240 4592 2355 4647 sive
2412 4592 2630 4662 quando
2660 4609 2762 4663 pro
2792 4592 3192 4666 nimio-frigore
3245 4610 3448 4665 corpus
3500 4594 3654 4668 tangi

2055 4697 2165 4736 non
2194 4688 2371 4751 potest
2404 4698 2418 4735 :
2450 4682 2518 4734 ab
2547 4696 2672 4736 aere
2702 4688 2970 4752 portatur,
3034 4683 3254 4754 quando
3310 4683 3493 4739 omnia
3547 4699 3652 4755 pro

2055 4770 2220 4825 laude
2279 4770 2513 4825 humana
2571 4769 2705 4843 agit,
2766 4770 2881 4825 sive
2908 4771 3128 4841 quando
3155 4787 3254 4842 pro
3312 4772 3649 4845 aegritudine

2056 4859 2187 4914 tlare
2217 4874 2325 4914 non
2353 4866 2567 4929 potest:
2592 4859 2661 4913 ab
2690 4858 2818 4931 igne
2847 4867 3097 4929 portatur
3123 4860 3338 4930 quando
3366 4860 3653 4918 avaritiam

2056 4948 2275 5019 cogitat,
2308 4947 2423 5003 sive
2453 4948 2674 5019 quando
2702 4964 2804 5018 pro
2833 4948 3001 5003 nimia
3029 4947 3203 5018 febre,
3239 4949 3392 5023 tangi
3423 4965 3534 5006 non
3561 4965 3655 5021 po-
3749 4970 3757 4989 ε

2055 5043 2160 5091 test
2193 5054 2206 5090 :
2239 5043 2352 5090 tres
2382 5044 2626 5092 mortuos
2657 5036 2936 5092 suscitavit
2966 5037 3249 5105 Dominus,
3285 5037 3338 5093 id
3369 5046 3454 5095 est
3478 5037 3655 5095 ﬁlium

2054 5124 2217 5179 unius
2272 5125 2479 5194 matris,
2541 5132 2595 5180 et
2620 5123 2784 5179 ﬁliam
2825 5124 3088 5197 principis
3112 5134 3165 5182 et
3194 5128 3474 5196 Lazarum,
3534 5129 3655 5201 pri-

2056 5229 2207 5267 mum
2263 5212 2317 5267 in
2370 5214 2553 5280 domo,
2611 5212 2665 5267 id
2721 5222 2804 5268 est
2859 5214 3189 5287 cogitatione
3236 5233 3251 5271 :
3303 5218 3544 5275 secundo
3596 5218 3656 5273 in

2056 5309 2234 5372 porta,
2267 5301 2321 5357 id
2352 5311 2435 5358 est
2463 5302 2517 5356 in
2571 5303 2743 5359 verbo
2776 5320 2790 5357 :
2823 5290 3039 5359 tértium
3070 5302 3140 5360 de
3192 5315 3563 5376 monumento,
3595 5305 3652 5360 id

2057 5398 2141 5446 est
2168 5390 2224 5445 in
2252 5406 2436 5461 opere,
2469 5391 2561 5463 qui
2591 5391 2767 5447 minor
2794 5399 2878 5447 est
2906 5392 2962 5448 in
3009 5409 3184 5467 regno
3214 5395 3334 5462 Dei,
3368 5395 3540 5463 major
3568 5400 3654 5448 est

2055 5478 2170 5547 illo,
2204 5478 2260 5533 id
2291 5486 2372 5534 est
2401 5480 2668 5550 Christus,
2716 5480 2844 5551 quia
2899 5482 3080 5555 angeli
3104 5482 3219 5538 nati
3250 5498 3358 5538 non
3387 5489 3510 5537 sunt
3542 5498 3556 5535 :
3587 5488 3647 5537 ut

2059 5568 2204 5623 dicat
2228 5567 2469 5643 minuisti
2501 5585 2625 5625 eum
2652 5570 2817 5641 paulo
2869 5570 3050 5626 minus
3080 5571 3149 5626 ab
3177 5570 3388 5642 angelis
3423 5587 3436 5624 :
3467 5577 3651 5627 tamen

2058 5656 2300 5715 Christus
2327 5657 2505 5728 major
2534 5666 2619 5716 est
2635 5660 2843 5717 Joanne
2870 5666 3138 5732 regnante
3165 5674 3292 5717 cum
3319 5664 3478 5730 patre
3498 5658 3655 5729 justi-
