4002 6184
379 257 481 311 899

981 251 1387 310 WALAFRIDI
1425 252 1669 310 STRABI
1712 252 1910 309 FULD.
1945 250 2117 309 MON.
2156 251 2311 309 OPP.
2346 251 2520 309 PARS
2550 253 2593 307 Ι.
2624 281 2695 293 -
2722 248 3201 307 THEOLOGICA.

3572 251 3685 304 900

380 378 539 434 ﬁcata
565 384 651 433 est
678 376 943 449 sapientia
972 392 1005 432 a
1034 376 1159 432 ﬁliis
1207 376 1339 444 suis,
1373 376 1428 432 id
1459 384 1542 433 est
1570 376 1758 449 p0pu1i
1786 384 1838 433 et
1865 393 1973 448 pu-
2007 376 2059 439 A
2074 376 2219 446 jecta
2249 384 2375 431 sunt
2402 375 2578 445 vobis,
2610 375 2666 431 id
2686 382 2768 431 est
2789 374 2938 447 quod
2967 373 3023 428 in
3042 373 3168 447 lege
3198 387 3311 429 non
3333 371 3433 427 fuit
3460 371 3520 426 in
3548 387 3646 427 ore
3673 388 3689 426 :

380 466 601 533 blicani,
627 464 1061 536 justiﬁcaverunt
1091 467 1287 521 Deum.

451 556 812 611 Alabastrum
866 556 1163 626 unguenti,
1201 554 1257 609 id
1282 562 1365 610 est
1412 569 1608 624 corpus
1664 568 1787 609 cum
1816 551 1924 609 ﬁde
1960 570 1973 607 :

381 650 529 698 stans
558 651 725 713 retro,
754 643 809 698 id
841 650 923 697 est
954 650 1077 713 post
1106 642 1487 699 ascensionem
1516 642 1733 697 Domini
1766 660 1780 696 :
1814 658 1976 698 secus

378 732 567 802 pedes,
600 731 652 787 id
686 739 768 786 est
787 730 1173 802 Apostolorum
1208 749 1222 787 :
1250 732 1522 803 lacrymas
1554 731 1788 804 rigabat,
1810 730 1865 785 id
1893 740 1977 787 est

381 821 618 877 charitas
647 820 857 876 interna
886 820 941 874 in
961 821 1078 875 Deo
1103 838 1117 875 :
1141 820 1346 891 capilli,
1372 821 1427 875 id
1448 827 1531 875 est
1556 819 1817 891 superﬂui
1845 818 1973 886 cibi,

381 916 433 964 et
477 908 854 964 vestimentum
911 909 1039 964 dare
1074 927 1088 963 :
1122 910 1331 965 osculat
1386 910 1559 980 pedes
1613 909 1752 977 ejus,
1805 908 1865 963 id
1892 915 1977 963 est

379 1013 503 1054 cum
531 997 782 1052 omnibus
796 1013 991 1068 pacem
1015 998 1215 1054 habere
1242 1016 1254 1052 :
1280 999 1429 1054 Unus
1448 996 1684 1053 debebat
1719 996 1976 1052 denarios

378 1086 727 1159 quingentos,
762 1086 817 1140 id
848 1093 931 1141 est
960 1094 1187 1157 peccata
1244 1086 1486 1160 gentium
1544 1084 1836 1142 commissa
1875 1101 1977 1157 per

376 1173 615 1246 quinque
644 1191 839 1230 sensus
873 1192 886 1229 :
919 1175 1071 1230 Alius
1102 1174 1512 1248 quinquaginta,
1546 1174 1602 1229 id
1631 1182 1713 1228 est
1742 1181 1975 1245 peccata

376 1261 690 1318 Iudaeorum
724 1279 736 1318 :
772 1264 879 1317 Ista
937 1262 1133 1319 mulier
1192 1263 1358 1319 Maria
1416 1262 1736 1335 Magdalena
1782 1261 1879 1317 fuit
1907 1261 1976 1316 de

379 1366 489 1422 qua
517 1351 692 1419 ejecta
721 1360 846 1405 sunt
877 1359 1085 1422 septem
1116 1351 1387 1408 daemonia
1421 1369 1435 1404 :
1469 1351 1591 1422 quis
1623 1359 1705 1406 est
1734 1350 1826 1422 qui
1853 1366 1977 1421 pec-

378 1446 501 1495 cata
530 1440 793 1494 dimittit?
818 1439 875 1494 id
905 1448 987 1495 est
1034 1440 1271 1511 potentia
1332 1440 1513 1495 divina
1542 1448 1594 1495 et
1623 1439 1791 1495 virtus
1823 1456 1837 1493 :
1871 1439 1977 1493 ista

376 1528 545 1582 Maria
575 1527 772 1601 ﬁgurat
829 1528 1136 1585 Ecclesium
1163 1529 1231 1584 de
1263 1545 1367 1600 qua
1396 1527 1555 1597 ejecit
1583 1536 1792 1599 septem
1821 1526 1971 1597 vitia,

378 1616 523 1688 quod
551 1616 607 1671 in
637 1625 847 1687 septem
876 1617 994 1672 dies
1024 1616 1269 1689 peccavit
1299 1617 1482 1672 homo.

447 1733 546 1787 Vir
571 1731 811 1803 quidam,
844 1733 899 1787 id
929 1740 1011 1788 est
1043 1732 1276 1804 populus
1315 1732 1560 1805 gentium
1596 1749 1609 1786 :
1642 1730 1979 1802 temporibus

376 1820 589 1885 multis,
626 1820 681 1875 id
708 1829 791 1876 est
819 1837 851 1875 a
871 1820 1141 1892 principio
1183 1821 1371 1875 mundi
1404 1838 1417 1875 :
1452 1820 1847 1877 Vestimentum
1877 1834 1986 1874 non

380 1908 727 1975 induebatur,
761 1909 814 1963 id
838 1916 922 1964 est
942 1908 1069 1964 ﬁde.
1091 1910 1207 1964 Nec
1227 1908 1481 1963 manebat
1528 1924 1582 1962 in
1602 1908 1784 1973 domo,
1818 1907 1874 1962 id
1904 1914 1987 1962 est

391 1995 447 2049 in
477 1996 725 2051 Ecclesia
761 2015 774 2051 :
809 1998 906 2051 sed
935 1996 992 2051 in
1019 1997 1405 2063 monumentis,
1438 1996 1494 2051 id
1525 2004 1606 2052 est
1652 1996 1985 2052 consuetudo

384 2084 649 2154 peccandi
684 2103 697 2139 :
732 2085 937 2140 catenis
993 2086 1243 2155 pedibus,
1305 2085 1361 2141 id
1418 2092 1501 2140 est
1555 2084 1642 2140 lex
1697 2093 1901 2139 natura:
1930 2092 1984 2140 et

394 2171 598 2227 litteras
635 2190 648 2226 :
683 2174 927 2242 sedente,
962 2173 1015 2227 id
1047 2181 1129 2228 est
1159 2174 1212 2227 in
1244 2172 1352 2228 ﬁde
1384 2192 1398 2239 ;
1430 2181 1553 2244 post
1606 2172 1936 2244 baptismum
1966 2191 1980 2228 :

386 2261 660 2329 vestitum,
697 2260 751 2315 id
784 2270 866 2315 est
896 2261 951 2315 in
982 2261 1439 2316 immortalitatem
1471 2279 1484 2315 :
1517 2261 1585 2316 ad
1615 2262 1787 2332 pedes
1840 2262 1977 2332 ejus,

377 2347 433 2402 id
467 2356 551 2403 est
580 2350 649 2403 ad
692 2350 985 2419 Apostolos
1019 2366 1031 2405 :
1067 2349 1270 2404 dimisit
1328 2350 1479 2405 illum
1511 2357 1563 2404 et
1592 2349 1725 2404 dixit
1777 2350 1895 2404 redi
1924 2350 1981 2404 in

380 2436 600 2491 domum
632 2445 801 2506 tuam,
862 2438 1101 2494 ostendit
1130 2439 1198 2494 de
1226 2421 1491 2509 theorica,
1551 2454 1662 2494 non
1690 2438 1879 2494 venire
1908 2439 1979 2494 ad

374 2525 605 2581 actuale.

445 2642 663 2712 Mulier,
696 2641 752 2696 id
783 2648 866 2696 est
896 2641 1143 2697 Ecclesia
1174 2660 1187 2696 :
1216 2642 1419 2697 ﬂuxum
1470 2640 1774 2713 sanguinis,
1806 2639 1865 2695 id
1895 2648 1979 2696 est

370 2729 460 2785 lex
488 2738 695 2786 naturre
728 2748 741 2783 :
773 2731 844 2785 ab
871 2731 1028 2784 annis
1058 2730 1369 2801 duodecim,
1402 2730 1457 2785 id
1488 2738 1571 2785 est
1609 2730 1729 2784 duae
1759 2738 1971 2785 aetates.

451 2846 648 2916 Tangit
664 2845 945 2913 ﬁmbriam
962 2847 1289 2901 vestimenti
1317 2848 1459 2917 ejus,
1485 2844 1541 2899 id
1560 2853 1644 2899 est
1667 2844 1903 2899 credidit
1919 2844 1976 2897 in

375 2933 657 2989 minimum
687 2934 1006 2988 mandatum
1036 2934 1233 2989 Christi
1266 2952 1278 2988 :
1314 2934 1435 3005 quis
1459 2941 1541 2989 est
1597 2933 1689 3004 qui
1718 2949 1806 2987 me
1839 2932 1969 2987 teti-

373 3022 473 3095 git,
506 3023 560 3077 id
592 3029 677 3077 est
704 3022 794 3094 qui
826 3038 913 3077 me
957 3024 1186 3078 credidit
1218 3040 1231 3076 :
1264 3023 1522 3078 virtutem
1551 3022 1621 3077 de
1648 3038 1736 3076 me
1766 3022 1963 3089 exisse,

2079 481 2247 536 super
2273 472 2579 537 serpentes,
2610 464 2667 520 id
2695 471 2780 520 est
2808 480 2972 536 super
3024 462 3255 527 etnicos,
3289 460 3421 533 quia
3452 476 3692 531 serpens

2077 569 2186 609 non
2217 553 2436 619 occidit,
2467 553 2566 609 sed
2593 569 2865 609 venenum
2922 550 3184 607 doctrina:
3213 548 3443 606 eﬂ‘undit
3478 567 3494 603 :
3530 564 3682 606 scor-

2076 641 2269 713 piones
2323 658 2450 698 cum
2505 641 2682 697 cauda
2711 648 2765 697 et
2789 648 2953 711 caput
3002 639 3198 713 equale
3256 638 3454 694 occidit
3488 656 3503 692 :
3536 639 3689 694 idem

2076 730 2349 797 diabolus,
2382 730 2475 803 qui
2505 729 2658 785 initio
2688 736 2741 785 et
2768 728 2875 784 ﬁne
2906 729 3166 800 decipere
3195 727 3310 784 vult
3341 745 3354 781 :
3382 729 3553 783 homo
3582 727 3691 782 dis-

2079 819 2367 885 cendehat,
2401 819 2455 874 id
2485 827 2569 874 est
2595 817 2831 874 mundus
2853 817 2946 889 qui
2993 817 3288 873 anathema
3342 816 3546 873 dicitur
3582 834 3596 869 ε
3630 816 3690 870 in

2076 906 2336 977 latrones,
2358 907 2414 961 id
2435 915 2515 962 est
2536 908 2844 963 daemones:
2864 905 3298 978 dispoliaverunt
3319 906 3495 975 illum,
3519 904 3578 959 id
3599 912 3687 959 est

2076 996 2146 1051 de
2177 996 2321 1052 bona
2357 994 2467 1050 ﬁde
2495 1013 2508 1049 :
2543 995 2958 1067 ﬂagellaverunt
3016 993 3190 1065 illum,
3221 994 3277 1049 id
3307 1003 3391 1050 est
3445 1008 3688 1065 peccare

2076 1082 2325 1142 fecerunt
2355 1100 2483 1140 eum
2508 1102 2521 1138 :
2547 1084 2870 1141 semivivum
2900 1083 3261 1155 reliquerunt,
3293 1083 3350 1139 id
3381 1090 3467 1139 est
3498 1082 3693 1139 vivum

2076 1188 2298 1245 corpus,
2320 1173 2708 1230 conscientiam
2730 1181 2784 1229 et
2804 1173 3045 1229 animam
3070 1179 3343 1229 mortuam
3362 1190 3376 1225 :
3395 1171 3688 1237 sacerdos,

2076 1262 2133 1316 id
2161 1270 2244 1318 est
2274 1265 2457 1317 Aaron
2489 1280 2503 1316 :
2537 1261 2743 1330 Levita,
2778 1262 2834 1317 id
2866 1270 2949 1317 est
2980 1263 3153 1318 tribus
3212 1260 3342 1316 Levi
3371 1276 3501 1318 cum
3561 1259 3690 1334 lege

2076 1365 2178 1406 sua
2210 1368 2223 1405 :
2262 1351 2656 1417 Samaritanus,
2687 1350 2744 1406 id
2775 1358 2859 1406 est
2890 1351 3138 1407 Christus
3172 1369 3186 1405 :
3219 1349 3311 1422 qui
3340 1358 3425 1405 est
3480 1349 3551 1404 de
3585 1366 3686 1403 su-

2076 1439 2338 1495 burbanis
2399 1438 2658 1516 Samarize
2691 1458 2706 1505 ;
2739 1438 2857 1510 ipse
2884 1432 3278 1511 interpretatur
3304 1447 3513 1505 custos,
3550 1436 3691 1508 quia

2075 1527 2145 1583 de
2177 1527 2394 1583 Christo
2422 1528 2539 1582 Deo
2564 1546 2578 1582 :
2610 1527 2925 1583 custodiens
2952 1528 3210 1599 parvulos
3238 1526 3507 1581 Dominus
3531 1543 3545 1580 :
3574 1524 3693 1580 alli-

2074 1615 2221 1688 gavit
2277 1615 2507 1671 vulnera
2538 1615 2675 1685 ejus,
2709 1616 2763 1670 id
2792 1623 2876 1671 est
2905 1632 3001 1688 per
3027 1615 3406 1687 paenitentiam
3468 1613 3691 1669 strinxit

2007 1733 2061 1792 B
2077 1712 2303 1774 peccata
2324 1724 2343 1759 :
2366 1704 2600 1759 infundit
2638 1703 2759 1759 oleo
2782 1712 2835 1759 et
2855 1705 3001 1772 vino,
3026 1704 3321 1761 severitate
3344 1712 3397 1759 et
3417 1702 3691 1758 suavitate

2087 1792 2372 1863 scripturae
2426 1792 2650 1863 praemio
2678 1800 2731 1847 et
2759 1809 2921 1864 poena
2952 1810 2965 1847 :
2999 1793 3054 1847 in
3077 1794 3385 1862 jumentum
3415 1807 3597 1855 suum,
3630 1790 3688 1845 id

2086 1889 2166 1935 est
2194 1880 2249 1934 in
2279 1896 2481 1951 corpus
2512 1897 2703 1947 suum;
2730 1881 2853 1953 quia
2883 1898 2981 1952 per
3006 1881 3323 1953 passionem
3378 1881 3684 1936 humanum

2084 1986 2261 2042 genus
2292 1968 2541 2040 perduxit
2570 1970 2639 2024 ad
2667 1969 2959 2037 stabulum,
2992 1969 3047 2024 id
3076 1979 3158 2025 est
3188 1970 3257 2024 ad
3286 1969 3634 2025 Eccclesiam
3667 1987 3683 2022 :

2083 2058 2222 2113 duos
2248 2058 2521 2126 denarios,
2558 2058 2614 2112 id
2634 2066 2716 2113 est
2736 2057 2874 2113 duas
2895 2059 3047 2131 leges
3072 2075 3085 2114 :
3108 2058 3257 2114 dedit
3278 2058 3607 2124 stabulario,
3630 2057 3689 2112 id

2082 2154 2166 2201 est
2195 2145 2331 2202 ordo
2361 2146 2648 2203 doctorum
2683 2164 2696 2201 :
2730 2148 3108 2219 quodcumque
3139 2164 3307 2218 super
3335 2145 3679 2219 erogaveris,

2084 2236 2137 2291 td
2166 2244 2249 2289 est
2278 2236 2658 2307 quodcumque
2687 2234 2886 2291 feceris
2915 2252 3013 2307 per
3038 2235 3379 2309 diligentiam
3409 2244 3582 2299 tuam,
3615 2234 3687 2290 de

2080 2323 2328 2379 doctrina
2356 2324 2636 2380 hominum
2666 2342 2679 2389 ;
2712 2340 2817 2396 ego
2837 2324 3199 2395 revertens,id
3219 2332 3304 2380 est
3322 2323 3395 2379 ad
3412 2324 3684 2394 judicium

2079 2412 2303 2486 reddam
2336 2412 2432 2467 tibi
2465 2429 2477 2467 :
2510 2414 2700 2480 Marta,
2732 2412 2789 2468 id
2819 2420 2902 2469 est
2930 2413 3175 2469 Ecclesia
3205 2412 3459 2469 actualis.

2148 2556 2345 2621 Maria,
2376 2554 2433 2610 id
2463 2563 2546 2610 est
2573 2555 2826 2613 Ecclesia
2852 2555 3098 2612 theorica
3127 2572 3251 2627 qua;
3278 2554 3451 2611 verba
3481 2554 3683 2610 Christi

2078 2658 2294 2713 semper
2347 2644 2497 2699 audit
2534 2662 2548 2699 :
2581 2646 2750 2699 Marta
2806 2644 2939 2699 dixit
2968 2662 2982 2699 :
3017 2653 3075 2699 ut
3101 2660 3262 2700 soror
3291 2661 3392 2699 sua
3422 2660 3486 2699 se
3518 2644 3682 2713 adju-

2076 2748 2233 2788 vasse
2264 2732 2392 2803 quia
2423 2748 2560 2803 Opus
2589 2741 2691 2799 est,
2753 2733 2944 2789 activa:
3001 2734 3126 2789 vitae
3156 2741 3213 2789 ut
3242 2749 3306 2789 ea
3335 2733 3682 2803 contempla-

2075 2820 2182 2874 tiva
2212 2822 2408 2876 debeat
2439 2822 2702 2890 adjuvare
2736 2840 2749 2876 :
2783 2822 2993 2888 Amice,
3029 2822 3085 2877 id
3114 2830 3198 2877 est
3226 2823 3441 2878 doctor.
3503 2822 3679 2877 Media

2075 2916 2253 2974 nocte,
2287 2909 2341 2963 id
2372 2917 2453 2963 est
2482 2909 2537 2963 in
2565 2910 2969 2981 Opportunitate
3004 2928 3017 2965 :
3051 2918 3165 2965 tres
3190 2926 3380 2980 panes,
3437 2909 3680 2965 ostendit

2074 2995 2237 3052 ﬁdem
2285 2997 2591 3053 Trinitatis:
2623 2999 2847 3053 Amicus
2893 3015 3069 3064 meus,
3116 2999 3172 3053 id
3219 3008 3302 3054 est
3340 2998 3484 3052 alius
3510 2997 3685 3069 pceni-

371 3086 428 3166 id
458 3086 542 3166 est
596 3112 665 3165 ad
719 3086 1011 3180 probatum
1066 3112 1158 3182 qui
1208 3110 1371 3166 ﬁdem
1426 3111 1616 3165 habuit
1650 3128 1663 3164 :
1697 3112 1888 3165 Petrus
1911 3086 1965 3165 et
1997 3089 2046 3151 (ἶ
2069 3086 2289 3182 ῖθηίίξλω
2316 3102 2489 3157 agens
2517 3087 2586 3142 de
2644 3088 2752 3153 νίθν
2784 3088 2952 3182 ίξίξῖδί
2972 3087 3041 3143 de
3064 3088 3310 3182 mnf“);
3334 3088 3461 3142 Non
3491 3087 3671 3141 habeo

370 3200 645 3253 Iohannes
661 3206 713 3253 et
726 3200 981 3264 Jacobus,
1010 3200 1064 3253 id
1085 3208 1168 3254 est
1186 3198 1341 3268 ﬁdes,
1369 3216 1514 3270 spes,
1539 3199 1767 3255 caritas:
1786 3207 1960 3270 pater,

368 3286 426 3340 id
457 3295 539 3341 est
566 3287 857 3358 episcopus
889 3306 907 3342 :
934 3295 1129 3355 mater,
1156 3288 1437 3344 Ecclesia:
1470 3288 1695 3343 castella
1708 3295 1759 3343 et
1772 3288 1964 3343 civita-

371 3381 474 3442 tes,
508 3375 565 3429 id
620 3383 704 3429 est
734 3375 875 3430 servi
903 3384 956 3431 et
983 3377 1198 3432 Domini
1230 3395 1245 3443 ;
1276 3386 1631 3433 narraverunt
1663 3378 1714 3432 ei
1744 3393 1865 3448 quae
1894 3376 1968 3433 fe-

371 3471 560 3518 cerant
593 3481 607 3518 :
637 3464 757 3519 dies
806 3466 971 3535 coepit
1024 3466 1316 3535 declinare,
1350 3466 1407 3521 id
1435 3474 1518 3522 est
1546 3465 1662 3522 ﬁeri
1689 3482 1797 3521 nox
1827 3483 1843 3533 ;
1875 3466 1965 3521 di-

366 3552 545 3619 mittit,
580 3554 788 3608 turbam
819 3554 1058 3610 Judzeos.

446 3669 541 3724 Vo:
570 3669 700 3725 date
726 3670 846 3725 illis
875 3670 1242 3739 manducare,
1274 3670 1331 3725 id
1357 3678 1439 3726 est
1469 3650 1759 3742 praedicate
1790 3670 1968 3743 genti-

366 3756 488 3825 bus,
522 3758 816 3829 benedixit,
849 3760 904 3813 id
934 3766 1016 3814 est
1044 3759 1405 3832 Evangelium
1438 3777 1451 3813 :
1482 3758 1666 3832 fregit,
1699 3759 1754 3813 id
1786 3767 1869 3814 est
1897 3759 1966 3813 ad

364 3844 602 3902 litteram
636 3863 648 3903 :
681 3856 895 3920 oportet
950 3847 1124 3903 ﬁlium
1151 3849 1386 3903 hominis
1440 3848 1610 3904 multa
1637 3848 1770 3920 pati,
1801 3848 1855 3901 id
1884 3855 1967 3903 est

364 3936 508 3992 mori
541 3955 555 3991 :
585 3937 906 4009 navigantes
944 3953 1011 3992 ex
1064 3937 1255 4008 politia
1306 3937 1552 4008 periculo
1613 3936 1836 4010 navigii,
1874 3936 1966 4009 qui

365 4025 808 4096 tranquillitatem
862 4034 989 4095 post
1015 4026 1151 4081 vidit
1177 4026 1499 4097 periculum,
1558 4042 1820 4082 excessus
1849 4025 1966 4094 ejus

363 4113 538 4168 multa
564 4114 676 4184 pati
706 4114 954 4184 sequenti
984 4114 1091 4181 die,
1126 4115 1183 4170 id
1210 4123 1293 4170 est
1319 4115 1377 4169 in
1408 4116 1651 4171 secunda
1680 4115 1805 4185 lege
1841 4132 1853 4167 :
1886 4112 1970 4168 vir

363 4202 434 4257 de
464 4202 620 4257 turba
650 4202 991 4269 exclamavit,
1026 4204 1081 4259 id
1111 4211 1194 4258 est
1221 4205 1499 4259 Abraham
1533 4222 1546 4257 :
1580 4203 1721 4258 ﬁlius
1750 4202 1962 4268 unicus,

362 4289 421 4345 id
450 4299 533 4346 est
560 4306 721 4346 omne
753 4307 929 4364 genus
963 4309 977 4345 :
1010 4291 1188 4347 subito
1227 4292 1470 4347 clamans
1499 4292 1555 4346 id
1585 4300 1668 4347 est
1697 4292 1963 4361 irascens,

365 4387 420 4434 et
448 4379 602 4435 elidit
642 4380 698 4435 in
742 4380 1051 4435 adulatione
1077 4380 1313 4451 proximi
1340 4398 1353 4435 :
1378 4380 1603 4452 dissipat
1632 4396 1777 4447 eum,
1809 4380 1864 4435 id
1884 4383 1969 4435 est

2071 3176 2217 3246 quod
2246 3191 2447 3245 ponam
2476 3183 2601 3232 ante
2631 3192 2777 3241 eum,
2809 3176 2867 3231 id
2896 3184 2979 3231 est
2999 3192 3108 3231 non
3138 3176 3251 3231 scio
3279 3176 3485 3231 docere
3516 3192 3678 3231 eum:

2071 3262 2269 3319 ostium
2299 3264 2565 3330 clausum,
2600 3263 2653 3319 id
2685 3273 2767 3321 est
2788 3264 2986 3320 ostium
3010 3264 3135 3321 coeli
3164 3265 3309 3336 quod
3339 3281 3450 3320 non
3480 3264 3675 3335 aperit,

2070 3351 2176 3407 nisi
2205 3352 2404 3408 caritas
2453 3354 2609 3423 pueri
2663 3354 2772 3409 mei
2799 3370 3013 3409 mecum
3046 3361 3189 3421 sunt,
3225 3354 3279 3407 id
3312 3361 3395 3408 est
3455 3353 3680 3408 virtutes

2069 3440 2323 3496 caelestes
2355 3459 2368 3495 :
2403 3442 2550 3513 quod
2606 3442 2812 3498 deforis
2842 3451 2926 3498 est
2955 3450 3005 3498 et
3033 3443 3197 3511 intus,
3229 3441 3283 3496 id
3315 3450 3398 3497 est
3426 3441 3522 3513 qui
3550 3440 3683 3497 fecit

2069 3544 2269 3600 corpus
2297 3530 2415 3601 ipse
2446 3530 2574 3586 fecit
2604 3531 2877 3586 animam:
2908 3531 3036 3586 date
3059 3531 3468 3602 eleemosynam
3489 3537 3545 3585 et
3563 3546 3682 3584 om-

2068 3618 2156 3672 nia
2186 3619 2390 3674 munda
2422 3627 2546 3674 sunt
2576 3638 2589 3674 :
2624 3628 2678 3674 et
2708 3619 2752 3674 si
2784 3636 2892 3675 non
2940 3620 3204 3676 dederitis
3234 3620 3514 3675 immunda
3549 3626 3675 3674 sunt

2068 3707 2247 3762 omnia
2278 3724 2401 3778 quae
2452 3708 2684 3763 habetis.
2746 3708 2873 3763 Noli
2899 3708 3089 3764 timere
3144 3708 3373 3780 pusillus
3401 3724 3537 3781 grex
3572 3726 3588 3762 :
3618 3707 3676 3762 id

2069 3803 2194 3850 sunt
2220 3796 2394 3853 Judaei
2445 3797 2697 3852 dixerunt
2723 3798 2847 3869 quia
2876 3798 3228 3854 crediderunt
3259 3816 3272 3851 :
3307 3797 3455 3869 quod
3484 3797 3664 3853 male-

2068 3884 2243 3940 dictus
2272 3884 2372 3940 fuit
2400 3885 2457 3940 in
2484 3885 2607 3958 lege
2636 3886 2731 3958 qui
2754 3902 2965 3959 pauper
2995 3886 3179 3942 ﬁebat.

2138 4028 2333 4083 Lumbi
2362 4029 2535 4083 vestri
2578 4029 2917 4100 praecincti:
2937 4027 3173 4084 ostendit
3201 4026 3512 4083 castitatem
3536 4045 3551 4081 :
3574 4028 3681 4082 Lu-

2066 4130 2248 4171 cerna:
2276 4115 2551 4186 ardentes,
2570 4116 2626 4170 id
2647 4124 2730 4171 est
2748 4133 2911 4189 opera
2932 4117 3092 4173 bona.
3120 4118 3186 4172 Ut
3210 4133 3335 4173 cum
3365 4116 3599 4183 venerit,
3620 4116 3678 4171 id

2066 4212 2149 4259 est
2164 4206 2218 4258 in
2239 4204 2428 4259 dolore
2452 4222 2465 4258 :
2489 4213 2543 4260 et
2560 4205 2873 4276 pulsaverit,
2901 4206 2957 4261 id
2973 4214 3059 4261 est
3076 4206 3259 4261 anima
3276 4221 3379 4276 per
3394 4214 3635 4261 mortem
3658 4222 3672 4259 :

2064 4301 2118 4348 et
2148 4291 2432 4349 confestim
2460 4295 2729 4365 aperiant,
2759 4296 2817 4349 id
2844 4303 2927 4350 est
2957 4311 3175 4366 semper
3209 4302 3461 4366 paratum
3496 4309 3624 4349 esse
3656 4311 3672 4348 :

2064 4382 2275 4437 transiit
2302 4392 2357 4437 et
2385 4384 2717 4438 ministrabit
2773 4384 2900 4452 illis,
2934 4383 2987 4439 id
3019 4392 3100 4439 est
3126 4392 3251 4455 post
3285 4383 3556 4453 judicium
3585 4384 3676 4438 vi-

360 4466 415 4522 in
444 4468 846 4539 desperatione,
905 4485 1029 4524 cum
1077 4446 1300 4540 spuma,
1329 4469 1385 4524 id
1410 4478 1493 4525 est
1513 4446 1649 4525 .cum
1677 4469 1902 4525 stultitia
1933 4487 1947 4524 :
1976 4446 2030 4508 D
2058 4480 2167 4527 tam
2194 4479 2449 4527 aeternam
2473 4487 2487 4527 :
2510 4472 2693 4544 ignem
2724 4474 2852 4529 veni
2888 4446 3145 4528 mittere.
3161 4472 3213 4528 in
3245 4446 3473 4539 terram,
3508 4471 3564 4527 id
3595 4479 3681 4527 est

360 4573 580 4612 manum
611 4575 779 4630 super
834 4566 1101 4629 aratrum,
1134 4558 1191 4613 id
1221 4566 1303 4614 est
1332 4575 1472 4630 opus
1499 4575 1666 4630 super
1692 4561 1952 4631 Evange-

360 4645 538 4701 lium:
573 4655 736 4717 retro,
791 4647 848 4702 id
902 4656 985 4703 est
1039 4648 1096 4702 in
1134 4649 1339 4704 mundo
1374 4666 1388 4702 :
1420 4649 1702 4713 Vomeres,
1759 4647 1815 4703 id
1871 4656 1954 4704 est

358 4735 602 4792 caritas:
636 4744 869 4807 quatuor
925 4737 1112 4805 boves,
1174 4737 1230 4792 id
1268 4746 1352 4793 est
1408 4746 1640 4809 quatuor
1694 4739 1952 4811 Evange-

356 4822 495 4880 listas
529 4842 543 4879 :
574 4824 879 4898 designavit
907 4825 1170 4882 Dominus
1223 4825 1357 4882 alios
1415 4826 1752 4898 septuaginta
1781 4826 1953 4883 disci-

358 4912 536 4982 pulos,
570 4914 707 4970 sicut
732 4916 949 4986 Moyses
979 4914 1144 4985 elegit
1202 4916 1551 4988 septuaginta
1602 4917 1953 4987 presbyteros

360 5000 429 5055 de
458 5001 749 5059 duodecim
803 5004 999 5075 tribus,
1031 5003 1086 5060 id
1133 5011 1217 5059 est
1247 5012 1305 5059 ut
1336 5004 1679 5078 septuaginta
1734 5005 1953 5077 linguas

360 5088 453 5158 qui
482 5088 684 5144 divisas
713 5100 871 5146 erant
898 5109 999 5164 per
1029 5093 1342 5163 superbiam
1369 5093 1427 5149 in
1456 5110 1623 5149 unam
1676 5094 1944 5167 linguam,

358 5191 460 5247 per
514 5177 865 5235 humilitatem
919 5181 1155 5237 adunare
1188 5200 1202 5237 :
1236 5182 1394 5238 binos
1450 5182 1709 5239 animales
1738 5183 1795 5237 in
1822 5198 1954 5240 arca

361 5272 416 5321 et
469 5264 579 5320 duo
632 5264 883 5337 discipuli
937 5270 1010 5325 ad
1075 5271 1538 5341 praedicationem,
1598 5272 1878 5328 caritatem
1935 5288 1950 5329 :

359 5354 599 5413 ostendit
657 5369 859 5411 novum
888 5364 943 5412 et
969 5366 1124 5413 vetus
1179 5360 1586 5416 Testamentum
1619 5379 1633 5417 :
1667 5378 1872 5434 corpus
1903 5368 1955 5417 et

359 5444 559 5511 anima,
593 5443 678 5500 vir
708 5450 761 5500 et
787 5445 1000 5513 mulier,
1034 5454 1086 5501 et
1116 5447 1224 5505 duo
1250 5449 1522 5521 discipuli.

430 5535 589 5591 Mitto
608 5550 702 5591 vos
724 5535 877 5592 sicut
894 5551 1066 5608 agno:
1085 5536 1240 5593 inter
1264 5540 1421 5610 lupo:
1441 5559 1461 5596 :
1485 5541 1604 5611 Ego
1623 5547 1830 5611 pastor,
1855 5554 1954 5596 vos

361 5636 528 5693 oves;
550 5622 687 5697 lupi,
728 5623 786 5681 id
805 5632 891 5681 est
940 5623 1148 5683 Scribis
1165 5633 1221 5682 et
1239 5626 1497 5683 Pharisaei
1524 5628 1805 5686 Daemonia
1831 5628 1955 5685 sub-

2051 4560 2333 4617 caritatem
2363 4579 2377 4615 :
2412 4568 2465 4616 et
2497 4560 2577 4616 illi
2607 4560 2709 4616 Gal
2720 4561 2755 4616 il
2766 4562 2835 4617 rei
2894 4561 3073 4618 decim
3104 4569 3158 4616 et
3181 4569 3305 4617 octo
3336 4559 3673 4634 signiﬁcant,

2052 4666 2219 4721 super
2246 4666 2381 4721 quos
2415 4650 2679 4706 ceciderit
2730 4650 2919 4718 turris,
2951 4650 3006 4705 id
3036 4658 3119 4706 est
3150 4650 3369 4721 spiritus
3427 4657 3674 4716 sanctus,

2051 4739 2177 4810 quia
2208 4739 2362 4810 sylva
2389 4738 2592 4794 missus
2623 4739 2829 4795 dicitur
2857 4760 2875 4796 :
2904 4739 3113 4795 dimitte
3141 4755 3266 4794 eam
3295 4746 3349 4795 et
3375 4739 3483 4795 hoc
3503 4754 3671 4805 anno,

2050 4826 2107 4882 id
2137 4837 2218 4882 est
2253 4828 2615 4901 Evangelium
2648 4846 2661 4882 :
2697 4828 2901 4884 fodiem
2947 4828 3096 4884 circa
3125 4828 3295 4898 illam,
3328 4827 3385 4882 id
3413 4836 3498 4882 est
3524 4844 3674 4898 prm-

2052 4915 2249 4983 dicem,
2276 4915 2501 4973 cofﬁnus
2530 4917 2806 4988 stercoris,
2831 4925 3057 4989 peccata
3075 4916 3355 4984 conﬁteri,
3384 4916 3442 4970 in
3462 4915 3670 4982 futuro,

2052 5004 2110 5060 id
2139 5013 2221 5061 est
2251 5006 2308 5059 in
2336 5005 2480 5062 diem
2525 5006 2711 5075 iudicii
2746 5023 2759 5060 :
2794 5006 3009 5073 mulier,
3044 5006 3099 5061 id
3125 5013 3209 5062 est
3238 5006 3540 5060 humanum
3571 5020 3671 5075 ge-

2052 5110 2154 5149 nus
2188 5112 2201 5149 :
2234 5094 2425 5165 spiritu
2455 5094 2800 5162 inﬁrmitatis,
2831 5095 2889 5150 id
2917 5102 3001 5151 est
3029 5094 3137 5150 ﬁde
3162 5102 3214 5150 et
3243 5108 3419 5165 opera
3449 5111 3464 5147 :
3494 5107 3672 5149 annos

2052 5182 2232 5239 decim
2262 5191 2315 5239 et
2342 5192 2486 5251 octo,
2519 5184 2573 5239 id
2596 5192 2680 5240 est
2707 5183 2831 5239 dua:
2861 5183 3036 5256 leges,
3068 5184 3182 5239 sive
3219 5181 3315 5255 qui
3344 5196 3455 5238 non
3482 5181 3673 5253 imple-

2055 5279 2250 5329 verunt
2277 5273 2471 5328 decem
2502 5273 2677 5329 verba
2702 5272 2845 5345 legis
2870 5281 2924 5328 et
2952 5287 3064 5328 non
3107 5271 3466 5328 crediderunt
3490 5270 3548 5325 in
3575 5285 3670 5325 ne-

2053 5362 2453 5418 surrectionem
2509 5362 2636 5434 quia
2689 5369 2885 5419 octavo
2940 5362 3029 5417 die
3092 5360 3171 5427 ﬁt,
3202 5376 3304 5431 per
3330 5368 3449 5415 tres
3475 5374 3665 5429 senos,

2053 5451 2288 5507 ostendit
2317 5450 2536 5506 inﬁrma
2566 5450 2663 5505 fuit
2694 5458 2818 5506 ante
2848 5450 3032 5523 legem
3065 5468 3079 5504 :
3112 5450 3213 5504 sub
3243 5449 3387 5521 lege,
3416 5448 3521 5503 sub
3542 5463 3668 5521 gra-

2053 5542 2127 5596 tia
2160 5558 2173 5596 :
2207 5540 2457 5598 inclinata
2488 5542 2556 5597 ad
2586 5549 2812 5611 terram,
2870 5540 2927 5595 id
2954 5548 3036 5596 est
3065 5548 3282 5596 terrena
3340 5536 3618 5594 desideria
3649 5554 3664 5590 ε

2054 5646 2275 5687 sursum
2301 5630 2601 5703 respicere,
2633 5630 2692 5688 id
2723 5637 2808 5688 est
2837 5628 2969 5702 quia
2995 5628 3241 5687 coelestia
3266 5643 3368 5701 per
3392 5627 3668 5701 pmniten-
