4002 6184
331 233 434 287 901

1097 231 1474 290 EXPOSITIO
1504 234 1577 290 IN
1606 232 1941 303 QUATUOR
1967 231 2375 293 EVANGELIA
2413 267 2482 277 —
2511 237 2585 291 IN
2615 236 2869 293 LUCAM.

3524 240 3629 295 902
3662 236 3671 239 ”

328 354 461 410 tiam
486 370 598 411 non
626 354 940 427 requirebat
974 372 988 409 :
1021 356 1237 413 vocavit
1264 357 1333 412 ad
1361 373 1439 424 se,
1474 358 1530 413 id
1559 366 1641 414 est
1666 374 1768 429 per
1787 374 1925 415 con-
1945 356 2001 417 A
2028 374 2139 415 non
2170 377 2185 415 :
2214 360 2530 417 vulneribus
2556 360 2769 432 plenus,
2792 360 2850 416 id
2866 367 2948 416 est
2962 360 3204 432 peccatis
3228 359 3384 417 dives
3404 360 3626 418 Iudaeos

330 443 650 512 fessionem,
682 451 737 499 et
763 443 1023 514 imposuit
1041 444 1118 499 illi
1134 460 1375 511 manum,
1400 446 1455 500 id
1476 454 1559 501 est
1578 446 1722 502 bona
1743 463 1934 503 exem-

325 531 418 603 pla
453 548 468 587 :
502 539 695 588 curata
726 541 827 599 est,
859 549 988 604 spes
1036 533 1285 589 sanitatis
1320 550 1333 588 :
1385 534 1559 604 prima
1600 535 1833 601 sabbati,
1878 535 1935 589 id

326 628 415 676 est
442 620 499 674 in
526 618 767 676 futuram
798 620 1051 692 requiem
1085 638 1098 678 :
1132 622 1296 678 dicite
1338 622 1487 693 vulpi
1506 622 1603 689 illi,
1633 623 1690 678 id
1719 631 1802 678 est
1821 624 1934 679 He-

329 709 517 775 rodes,
551 709 676 782 quia
706 709 953 765 diabolus
982 709 1179 764 animal
1209 718 1311 778 est,
1350 710 1565 766 interne
1589 710 1813 776 habitat,
1848 712 1936 767 vi-

321 813 431 853 nea
458 798 805 865 exterminat,
840 799 915 853 ita
941 799 1190 856 Herodes
1219 799 1467 855 diabolus
1495 799 1821 855 exterminat
1851 800 1930 856 vi-

331 902 442 943 nea
471 895 530 942 ut
552 886 748 943 dicitur
774 887 936 943 vinea
963 888 1031 943 de
1057 889 1294 961 Egypto
1323 888 1667 943 transtulisti.

404 1005 575 1060 Homo
606 1002 958 1075 hydropicus,
991 1002 1047 1056 id
1077 1010 1161 1057 est
1189 1004 1483 1058 humanum
1515 1019 1690 1076 genus
1725 1017 1737 1057 :
1772 999 1939 1056 forni-

327 1100 501 1161 cator,
535 1091 912 1163 adprehensus
945 1092 1173 1161 sanavit,
1222 1093 1460 1147 ostendit
1480 1092 1626 1164 quod
1669 1099 1783 1145 tum
1828 1089 1930 1143 im-

326 1189 492 1253 petus
521 1179 890 1236 fornicationis
920 1188 1141 1235 sanatur
1173 1196 1185 1235 :
1218 1181 1401 1243 homo,
1435 1180 1490 1235 id
1518 1187 1602 1236 est
1648 1181 1797 1235 Deus
1833 1180 1936 1233 Pa-

329 1278 418 1326 ter
449 1287 464 1325 :
493 1284 652 1325 caena
678 1284 901 1342 magna,
936 1269 992 1324 id
1023 1277 1104 1325 est
1149 1270 1527 1342 Evangelium,
1559 1268 1771 1325 vocavit
1800 1267 1938 1321 mul-

330 1367 439 1425 tos,
471 1358 529 1413 id
556 1366 640 1414 est
666 1359 885 1413 Judzeos
910 1375 923 1411 :
956 1357 1104 1412 misit
1134 1374 1357 1414 servum
1377 1374 1556 1425 suum,
1580 1357 1635 1411 id
1656 1365 1740 1412 est
1761 1355 1940 1411 Chris-

326 1456 447 1503 tum
474 1447 532 1503 in
561 1462 780 1503 carnem
814 1454 1041 1516 :parata
1068 1454 1189 1501 sunt
1218 1447 1422 1511 omnia,
1454 1446 1510 1501 id
1541 1453 1625 1501 est
1673 1445 1819 1516 quod
1870 1444 1938 1500 de

329 1535 551 1592 Christo
579 1535 900 1606 prophetata
929 1543 1052 1589 sunt
1084 1551 1098 1588 :
1128 1535 1313 1590 villam
1342 1534 1467 1600 emi,
1499 1535 1552 1589 id
1583 1541 1668 1589 est
1687 1549 1785 1605 pro
1808 1549 1942 1589 ava-a

329 1624 459 1679 ritia
485 1623 556 1678 ad
585 1623 859 1679 Christum
889 1639 997 1679 non
1027 1622 1153 1678 veni
1183 1641 1198 1678 :
1226 1624 1361 1695 juga
1389 1623 1576 1687 boum,
1610 1622 1665 1677 id
1713 1630 1796 1677 est
1851 1638 1941 1677 su-

2037 449 2304 522 signiﬁcat
2337 466 2584 522 :pauper
2611 458 2808 522 gentes
2837 470 2851 515 ;
2885 466 3050 507 canes
3080 449 3336 506 doctores
3382 449 3477 521 qui
3530 466 3631 522 per

2035 537 2275 611 linguam
2295 538 2525 595 vulnera
2554 546 2746 594 sanant
2776 539 2830 593 in
2861 538 2982 593 sinu
3028 539 3285 605 Abrahae,
3331 537 3386 592 id
3438 544 3522 592 est
3576 537 3632 592 in

2035 627 2222 699 requie
2256 628 2539 699 :sepultus
2568 627 2805 698 inferno,
2838 627 2893 681 id
2923 635 3007 682 est
3031 627 3089 681 in
3126 626 3304 682 littera
3338 644 3352 680 :
3406 626 3632 681 elevans

2035 716 2225 771 oculos
2256 732 2405 783 suos,
2440 716 2565 789 quia
2592 716 2763 772 Judaei
2794 715 2938 771 oculi
2988 714 3225 781 fuerunt,
3272 714 3329 769 id
3374 721 3456 770 est
3502 713 3632 769 boni

2036 804 2270 861 vivendo
2299 821 2472 878 usque
2501 804 2570 859 ad
2600 804 2877 860 Christum
2905 820 2918 859 :
2943 803 3095 872 vidit,
3126 803 3404 858 Abraham
3429 802 3509 858 sic
3529 801 3635 857 erit

2035 901 2157 964 post
2181 893 2448 962 judicium
2492 893 2560 949 de
2600 891 2835 959 inferno,
2890 892 3077 947 vident
3123 908 3352 963 regnum
3407 890 3541 946 Dei:
3575 898 3633 944 ut

2036 982 2305 1051 majorem
2331 998 2549 1053 poenam
2578 982 2830 1045 habeant,
2865 989 2918 1036 et
2944 980 3151 1049 majore
3182 979 3449 1053 gaudium
3486 995 3499 1033 :
3532 994 3631 1034 ex-

2038 1078 2273 1126 tremum
2302 1070 2458 1143 digiti
2489 1070 2572 1125 sui
2599 1071 2655 1124 in
2684 1085 2847 1142 aqua,
2874 1066 2931 1124 id
2960 1077 3043 1123 est
3086 1068 3179 1139 qui
3206 1068 3451 1123 modicas
3480 1066 3632 1122 elee-

2036 1174 2295 1231 mosynas
2326 1159 2455 1214 dant
2488 1177 2503 1214 :
2537 1159 2752 1214 crucior
2781 1158 2837 1213 in
2864 1158 2968 1213 hac
2986 1156 3224 1227 ﬂamma,
3243 1156 3299 1210 id
3314 1164 3395 1211 est
3421 1155 3476 1209 in
3504 1169 3632 1225 pro-

2037 1248 2154 1319 pria
2184 1263 2349 1319 poena
2380 1264 2393 1303 :
2428 1263 2556 1303 caus
2585 1264 2862 1318 magnum,
2897 1246 2951 1301 id
2979 1254 3062 1301 est
3104 1243 3349 1301 confusio
3391 1243 3634 1299 omnium

2038 1352 2243 1402 rerum,
2277 1336 2393 1392 sive
2420 1343 2578 1391 vetus
2607 1336 2732 1391 lex:
2766 1335 3020 1407 recepisti
3057 1335 3201 1389 bona
3228 1333 3284 1387 in
3313 1333 3418 1388 vita
3438 1340 3546 1399 tua,
3577 1331 3634 1386 id

2037 1433 2122 1480 est
2152 1426 2353 1480 bonum
2383 1423 2579 1489 fecisti,
2611 1424 2862 1495 recepisti
2896 1441 2910 1477 :
2962 1425 3199 1479 Lazarus
3243 1422 3403 1487 mala,
3442 1421 3496 1476 id
3551 1427 3634 1475 est

2037 1514 2165 1586 quia
2192 1514 2396 1570 indicta
2424 1513 2493 1568 de
2522 1513 2685 1568 malis
2716 1513 2830 1568 suis
2859 1513 2916 1567 in
2943 1513 3055 1567 vita
3085 1526 3188 1566 sua
3212 1510 3451 1581 recepit:
3485 1508 3636 1581 quin-

2039 1619 2143 1674 que
2173 1603 2391 1669 fratres,
2423 1602 2480 1657 id
2510 1610 2593 1657 est
2621 1602 2860 1675 quinque
2892 1601 3016 1656 libri
3043 1599 3220 1671 Moysi
3238 1598 3630 1655 observabant:

328 1712 523 1784 perbia
554 1729 569 1767 :
601 1712 761 1767 aliter
783 1712 921 1786 juga
948 1713 1113 1767 boum
1140 1684 1379 1783 quinque
1414 1684 1629 1781 sensus,
1663 1711 1750 1767 vel
1781 1710 1933 1782 quin-

2039 1691 2258 1765 signum
2288 1707 2355 1748 ex
2390 1690 2620 1747 mortuis
2666 1689 3043 1757 resurrexerit,
3093 1689 3151 1744 id
3193 1688 3397 1744 factum
3441 1694 3523 1741 est
3576 1684 3633 1740 in

332 1818 440 1874 que
469 1801 592 1856 libri
621 1800 795 1872 Moysi
826 1818 840 1855 :
873 1801 1159 1856 mulierem
1199 1800 1347 1868 duxi,
1381 1800 1436 1855 id
1480 1808 1561 1854 est
1613 1800 1884 1854 luxuriam
1915 1817 1928 1853 :

329 1905 601 1961 pauperes
630 1896 685 1944 et
715 1889 945 1955 debiles,
980 1889 1035 1943 id
1067 1896 1192 1943 sunt
1223 1888 1315 1960 qui
1340 1896 1676 1962 cognoscunt
1704 1894 1931 1959 peccata

333 1995 437 2034 sua
469 1995 481 2033 :
516 1978 592 2033 ite
622 1978 679 2032 in
695 1977 828 2044 vias,
858 1977 915 2032 id
940 1986 1023 2032 est
1039 1978 1105 2032 ad
1122 1985 1316 2048 gentes
1340 1994 1353 2031 :
1375 1976 1683 2046 compellite
1704 1976 1928 2042 intrare,

330 2067 388 2122 id
416 2074 501 2122 est
527 2081 630 2137 per
671 2065 1074 2122 confessionem
1108 2084 1121 2120 :
1166 2074 1370 2121 turrem
1409 2064 1702 2130 aedificare,
1756 2064 1812 2118 id
1851 2071 1937 2119 est

331 2155 605 2210 Christum
634 2154 809 2225 sequi,
827 2162 1098 2224 sumptus,
1119 2154 1175 2209 id
1196 2162 1279 2209 est
1294 2154 1677 2208 abrenuntiare
1692 2152 1929 2207 mundo:

332 2243 458 2315 quis
487 2258 604 2310 rex,
637 2242 693 2297 id
736 2249 818 2298 est
863 2242 1172 2313 Apostolos,
1217 2241 1557 2297 committere
1604 2240 1828 2306 bellum,
1878 2240 1934 2295 id

330 2338 416 2386 est
444 2330 944 2401 compensationem
972 2346 1199 2401 operum
1223 2330 1703 2386 :adversusalium
1723 2344 1932 2401 regem,

328 2418 386 2475 id
418 2427 503 2475 est
529 2419 789 2475 adversus
819 2418 1091 2475 Christum
1114 2434 1241 2474 cum
1278 2419 1470 2475 decem
1517 2418 1706 2485 millia,
1754 2417 1808 2471 id
1854 2425 1938 2473 est

329 2523 458 2564 cum
486 2507 747 2582 operibus
774 2523 896 2579 quae
924 2508 1089 2563 sentit
1120 2509 1284 2563 homo
1317 2525 1330 2561 :
1366 2523 1492 2563 cum
1517 2506 1710 2579 viginti
1743 2505 1929 2571 millia,

330 2596 389 2652 id
415 2604 501 2652 est
526 2612 653 2653 cum
682 2611 869 2667 opera,
903 2612 1025 2667 quae
1055 2604 1181 2652 sunt
1210 2596 1265 2650 in
1301 2596 1532 2660 occulto,
1586 2603 1640 2650 et
1684 2595 1740 2649 in
1789 2594 1931 2665 pala,

330 2684 664 2758 legationem
693 2685 870 2750 mittit,
919 2685 973 2739 id
1017 2693 1099 2740 est
1143 2685 1476 2751 miserendo,
1528 2684 1937 2754 eleemosynam

331 2774 536 2840 dando,
559 2781 722 2847 rogat
752 2790 874 2845 qum
902 2774 973 2830 ad
999 2790 1192 2845 pacem
1221 2782 1364 2839 sunt,
1396 2781 1455 2828 ut
1482 2781 1582 2841 est,
1618 2789 1728 2828 non
1768 2772 1936 2826 intres

333 2861 392 2916 in
416 2861 623 2931 judicio
653 2877 779 2919 cum
804 2877 966 2917 servo
999 2871 1105 2928 tuo,
1144 2862 1375 2917 Domine
1406 2880 1419 2916 :
1452 2862 1509 2916 in
1539 2870 1701 2929 terra,
1752 2860 1809 2914 id
1855 2867 1938 2915 est

328 2950 386 3005 in
416 2950 633 3005 divitias
665 2968 679 3004 :
712 2950 768 3004 in
794 2951 1216 3021 sterquilinium,
1254 2950 1309 3004 id
1339 2957 1421 3006 est
1453 2951 1508 3005 in
1535 2958 1933 3020 paupertatem,

333 3039 536 3094 mulier
565 3039 836 3110 quaedam,
868 3038 923 3092 id
954 3048 1034 3093 est
1064 3039 1295 3108 divitias,
1329 3040 1549 3096 lucerna
1578 3055 1832 3108 accensa,
1881 3037 1938 3093 id

330 3136 416 3184 est
442 3128 802 3201 Evangelium
836 3145 849 3182 :
884 3128 1113 3199 dragma
1158 3127 1379 3183 inventa
1426 3128 1482 3182 in
1528 3128 1710 3195 domo,
1750 3128 1805 3182 id
1853 3135 1935 3182 est

328 3224 586 3289 peccator
616 3218 672 3271 in
718 3216 972 3273 Ecclesia
1005 3232 1341 3274 conversus:
1387 3217 1551 3272 homo
1594 3217 1834 3288 quidam,
1881 3216 1937 3271 id

329 3314 418 3362 est
444 3308 591 3361 Deus
618 3306 796 3362 Pater.

402 3450 557 3505 Duos
574 3448 741 3517 ﬁlios,
770 3447 986 3503 Iudaeos
1016 3454 1069 3503 et
1100 3453 1313 3518 gentes,
1362 3446 1487 3519 quia
1533 3446 1737 3503 Judaeis
1782 3447 1935 3519 prius

329 3537 456 3592 data
487 3544 571 3592 est
598 3537 684 3592 lex
718 3537 825 3592 :da
853 3536 985 3590 mihi
1015 3536 1341 3607 portionem,
1374 3535 1431 3590 id
1468 3543 1551 3590 est
1593 3535 1759 3591 vitam
1804 3552 1936 3605 prae-

332 3634 549 3680 sentem
577 3624 758 3680 divisit
788 3624 1106 3689 substantia,
1140 3625 1195 3678 id
1226 3632 1309 3678 est
1338 3623 1487 3678 dedit
1510 3624 1813 3678 libertatem
1844 3640 1933 3678 ar-

331 3712 500 3777 bitrii,
532 3721 761 3784 utroque
791 3713 991 3783 populo
1025 3730 1038 3766 :
1070 3729 1307 3785 peregre
1334 3710 1611 3782 profectus
1629 3719 1734 3780 est,
1765 3712 1821 3767 id
1853 3720 1935 3767 est

331 3816 367 3856 a
406 3802 523 3857 Deo
552 3820 566 3855 :
598 3801 831 3856 vivendo
860 3800 1153 3867 luxuriose,
1185 3800 1239 3855 id
1281 3809 1363 3855 est
1391 3800 1551 3855 idolis
1598 3801 1883 3856 adorando
1918 3819 1931 3856 :

331 3889 480 3945 fame
508 3889 703 3959 valida,
735 3889 790 3943 id
822 3898 903 3944 est
933 3888 1203 3945 deverbo
1224 3889 1323 3944 Dei
1359 3907 1372 3943 :
1406 3890 1499 3943 uni
1518 3888 1739 3957 civium,
1774 3890 1829 3943 id
1851 3898 1935 3945 est

332 3978 666 4048 Philosopho
700 3995 714 4032 :
749 3977 805 4032 in
843 3977 969 4032 villa
999 3994 1120 4045 sua,
1151 3977 1208 4032 id
1230 3985 1311 4033 est
1342 3978 1399 4032 in
1421 3979 1626 4033 mundo
1663 3997 1675 4032 :
1702 3993 1932 4049 pascere

331 4081 556 4139 porcos,
580 4066 636 4120 id
666 4073 748 4121 est
767 4074 825 4121 ut
848 4082 1003 4122 more
1021 4082 1316 4137 porcorum
1344 4066 1475 4122 vixit
1510 4083 1521 4121 :
1574 4074 1626 4121 et
1672 4067 1741 4121 de
1799 4066 1932 4122 seli-

332 4155 478 4228 quis,
511 4155 569 4209 id
598 4162 680 4210 est
720 4154 945 4226 implere
992 4162 1258 4221 ventrem,
1285 4163 1334 4210 et
1354 4171 1462 4210 non
1493 4155 1930 4227 impinguescere

331 4243 508 4315 porci,
543 4243 599 4298 id
628 4252 711 4299 est
738 4242 903 4298 stulti.
936 4243 1260 4299 Mercenarii
1290 4243 1465 4313 patris
1496 4244 1622 4310 mei,
1659 4244 1713 4297 id
1742 4245 1934 4315 estqui

331 4332 556 4388 viliores
587 4340 711 4387 sunt
740 4331 887 4387 servi
915 4332 1015 4387 Dei
1048 4348 1061 4386 :
1095 4331 1327 4403 panibus
1345 4332 1751 4399 saturabuntur,
1772 4332 1827 4386 id
1850 4340 1933 4387 est

2037 1780 2253 1835 Christo
2283 1788 2606 1852 resurgente
2639 1778 2767 1835 :alii
2798 1795 2864 1834 ex
2905 1777 3109 1834 Judmis
3157 1776 3504 1832 crediderunt
3536 1789 3550 1829 :
3586 1773 3633 1828 si

2035 1869 2172 1940 lapis
2200 1868 2446 1935 molaris,
2480 1868 2535 1923 id
2563 1876 2643 1923 est
2675 1867 2721 1921 si
2751 1866 3052 1940 gentiles...
3087 1873 3146 1920 ut
3193 1881 3369 1936 equus
3416 1862 3631 1918 molens

2035 1973 2146 2013 non
2166 1958 2299 2013 vidit
2328 1957 2416 2013 cui
2444 1957 2627 2023 servit,
2661 1955 2777 2011 sive
2806 1954 3162 2024 Philosophos
3193 1953 3357 2008 docet
3382 1951 3633 2006 Philoso-

2035 2047 2221 2117 phiam
2256 2064 2269 2100 :
2304 2061 2427 2118 quae
2457 2045 2534 2100 illi
2564 2061 2673 2100 non
2706 2044 2950 2114 prodest,
2985 2042 3083 2097 sed
3101 2049 3304 2097 sanctae
3322 2038 3586 2095 Ecclesia:
3618 2055 3632 2092 :

2036 2150 2178 2208 auge
2206 2134 2367 2191 nobis
2396 2133 2580 2199 ﬁdem,
2611 2133 2668 2188 id
2697 2139 2779 2187 est
2804 2132 2935 2187 dum
2963 2146 3135 2203 auges
3155 2129 3487 2184 mandatum.

2108 2261 2248 2316 Huic
2273 2261 2461 2315 arbori
2475 2274 2650 2326 moro,
2684 2257 2739 2311 id
2769 2265 2853 2311 est
2879 2254 3203 2327 Evangelia,
3238 2252 3332 2324 qui
3377 2251 3634 2307 rubicun-

2037 2348 2162 2403 dam
2183 2347 2384 2403 Christi
2412 2362 2631 2403 crucem
2662 2345 2868 2400 nuntiat
2900 2362 2914 2399 :
2947 2344 3087 2399 sicut
3111 2357 3268 2397 moro
3298 2340 3633 2396 rubicundus

2037 2445 2120 2494 est
2152 2455 2166 2492 :
2200 2435 2503 2502 eradicare,
2533 2435 2590 2490 id
2619 2442 2702 2489 est
2746 2433 2949 2504 populo
2976 2431 3204 2487 Judaico
3236 2438 3291 2485 et
3317 2428 3632 2500 transplan-

2037 2534 2155 2581 tare
2185 2525 2238 2579 in
2270 2524 2473 2595 populo
2512 2522 2723 2597 gentili,
2769 2521 2824 2576 id
2860 2528 2942 2576 est
2990 2520 3159 2575 arbor
3194 2534 3365 2587 moro,
3427 2517 3632 2573 fructus

2037 2616 2153 2685 ejus
2174 2614 2382 2684 primus
2412 2612 2587 2679 albus,
2622 2618 2808 2682 postea
2838 2609 3190 2671 rubicundus,
3216 2607 3413 2663 deinde
3435 2606 3626 2677 niger:

2036 2703 2112 2758 ita
2141 2703 2412 2770 diabolus,
2446 2701 2576 2755 dum
2605 2698 2837 2771 angelus
2872 2698 3029 2752 albus
3058 2697 3175 2761 fuit,
3207 2696 3367 2769 niger
3390 2695 3447 2749 in
3476 2694 3629 2750 occi—

2039 2793 2192 2848 sione
2222 2792 2371 2857 Adae,
2398 2792 2600 2846 rubeus
2628 2788 2683 2843 in
2714 2787 3007 2843 homicidio
3050 2786 3182 2840 Cain
3210 2792 3263 2839 et
3291 2783 3428 2838 Abel
3458 2800 3472 2837 :
3522 2783 3631 2838 duo

2037 2881 2325 2950 molentes,
2359 2879 2594 2935 ostendit
2624 2878 2760 2932 duas
2800 2874 3076 2932 Ecclesias
3110 2892 3122 2927 :
3170 2872 3259 2929 vel
3308 2872 3418 2927 duo
3456 2879 3631 2926 testa-

2037 2979 2219 3027 menta
2245 2971 2412 3040 judex
2445 2978 2498 3024 et
2525 2968 2686 3023 vidua
2713 2966 2781 3021 de
2825 2962 3159 3034 semiplenis,
3206 2968 3260 3016 et
3315 2960 3633 3032 patientiam

1969 3069 2017 3132 C
2038 3060 2261 3115 habebit
2292 3060 2344 3113 in
2375 3057 2482 3112 illis
2513 3057 2611 3111 sed
2642 3071 2750 3110 non
2783 3069 3001 3123 semper
3052 3051 3303 3106 tacebunt
3328 3067 3341 3103 :
3388 3050 3497 3104 duo
3539 3064 3631 3103 as-

2037 3150 2334 3206 cenderunt
2363 3162 2503 3202 unus
2550 3142 2937 3215 magnificabat
2985 3140 3326 3195 sanctitatem
3371 3152 3524 3192 suam
3583 3143 3637 3192 et

2034 3238 2346 3310 perdiderat
2373 3252 2533 3302 eam;
2567 3235 2704 3289 alter
2732 3229 3116 3304 magnificabat
3159 3235 3384 3298 peccata
3437 3241 3537 3280 sua
3583 3233 3636 3281 et

2034 3327 2315 3399 perierunt
2348 3344 2362 3380 :
2390 3325 2574 3395 jejuno
2590 3323 2674 3378 bis
2695 3322 2751 3376 in
2773 3320 3057 3385 sabbatho,
3083 3317 3136 3371 id
3168 3324 3250 3372 est
3277 3316 3482 3387 absque
3512 3313 3634 3369 cibo

2035 3425 2090 3471 et
2115 3415 2344 3471 muliere
2377 3433 2390 3469 :
2425 3413 2555 3485 quid
2586 3411 2781 3467 faciam
2810 3416 2869 3463 ut
2898 3408 3065 3463 vitam
3093 3414 3357 3461 aeternam
3380 3404 3609 3458 habeam
3627 3444 3642 3467 ,

2034 3505 2091 3559 id
2122 3513 2206 3560 est
2234 3512 2293 3559 ut
2318 3519 2482 3574 supra
2520 3501 2749 3569 dictum,
2800 3498 2987 3554 talium
3019 3503 3103 3551 est
3134 3511 3368 3568 regnum
3400 3493 3499 3549 Dei
3534 3510 3547 3546 :
3581 3499 3634 3547 et

2034 3593 2110 3648 ita
2140 3593 2492 3648 Nichodimus
2513 3589 2765 3645 similiter
2780 3586 3056 3659 cOgitabat
3089 3602 3102 3637 :
3133 3582 3411 3653 quomodo
3457 3588 3635 3652 potest

2032 3683 2197 3738 homo
2225 3681 2424 3737 iterum
2452 3678 2667 3735 renasci
2698 3696 2711 3731 :
2744 3693 2855 3732 non
2875 3674 3093 3730 occides
3115 3680 3168 3726 et
3188 3672 3401 3741 reliqua
3423 3687 3437 3723 :
3459 3684 3632 3740 quare

2024 3773 2144 3828 haec
2173 3770 2327 3839 dixit,
2362 3770 2490 3842 quia
2516 3769 2572 3823 in
2602 3769 2722 3838 ipso
2768 3763 2973 3821 corruit
3002 3781 3014 3817 :
3055 3777 3180 3818 cum
3212 3758 3629 3830 adpropinqua-

2025 3868 2107 3917 ret
2144 3858 2407 3925 hiericho,
2436 3858 2492 3912 id
2514 3865 2596 3911 est
2627 3871 2749 3912 cum
2781 3854 2928 3911 venit
2958 3852 3029 3907 ad
3055 3849 3507 3906 incarnationem.

2112 3978 2200 4033 Vir
2220 3976 2449 4032 nomine
2471 3975 2757 4040 Zachwus,
2777 3971 2833 4026 id
2862 3977 2945 4025 est
2971 3967 3191 4023 Iudaeus
3210 3964 3307 4019 fuit
3334 3970 3387 4018 et
3412 3961 3631 4018 Iudaeos

2026 4064 2319 4139 significat,
2354 4064 2745 4133 interpretatur
2770 4059 3114 4130 justiﬁcatus,
3170 4055 3311 4110 sicut
3351 4052 3525 4107 Judaei
3575 4067 3635 4106 se

2016 4154 2314 4223 justificant
2346 4171 2359 4207 :
2390 4160 2615 4224 prOpter
2645 4150 2879 4218 turbam,
2910 4148 2966 4203 id
3003 4154 3086 4203 est
3115 4145 3424 4200 divitiarum
3472 4148 3525 4197 et
3552 4140 3639 4197 vi-

2025 4244 2226 4299 tiorum
2258 4258 2270 4298 :
2308 4242 2362 4296 in
2396 4240 2593 4296 arbore
2624 4238 2679 4294 id
2710 4247 2793 4295 est
2821 4237 3042 4294 crucis:
3081 4235 3307 4290 dimidio
3339 4234 3628 4296 bonorum,

2030 4332 2085 4387 id
2113 4340 2195 4388 est
2226 4330 2545 4387 substantia:
2575 4346 2729 4397 meae,
2764 4328 2835 4382 do
2865 4326 3220 4397 pauperibus,
3243 4323 3301 4378 id
3322 4331 3404 4377 est
3434 4320 3630 4393 frange

331 4420 587 4477 doctrina
620 4439 633 4475 :
665 4420 891 4492 peccavi
920 4421 975 4475 in
1003 4420 1161 4490 cmlo,
1193 4420 1299 4491 ipsi
1326 4420 1512 4476 dicunt
1540 4422 1663 4485 hoc,
1691 4420 1784 4491 qui
1804 4421 1931 4475 dia-
1956 4428 2009 4487 D
2042 4421 2298 4477 esurienti
2328 4436 2529 4491 panem
2554 4426 2707 4474 tuum
2741 4435 2753 4471 :
2788 4425 2841 4472 et
2871 4417 2918 4471 si
2949 4414 3078 4487 quid
3100 4411 3349 4469 fraudavi
3406 4410 3635 4466 reddam

331 4507 524 4565 bolum
550 4517 763 4581 patrem
793 4509 1013 4576 habent,
1049 4509 1139 4581 qui
1185 4510 1430 4580 peccavit
1458 4509 1512 4563 in
1542 4509 1684 4565 coelo
1718 4526 1732 4562 :
1765 4509 1936 4564 mise-

330 4597 576 4654 ricordia
603 4606 801 4666 motus,
836 4598 892 4652 id
913 4605 994 4653 est
1022 4598 1170 4653 vcnit
1186 4597 1240 4651 in
1264 4613 1430 4653 carne
1463 4615 1475 4651 :
1502 4598 1571 4652 ad
1594 4613 1783 4652 servos
1808 4613 1936 4652 suos

331 4686 392 4742 id
422 4695 506 4742 est
532 4687 602 4741 ad
630 4685 907 4757 apostolos
940 4704 952 4740 :
986 4686 1123 4741 stola
1144 4686 1385 4757 Aprima,
1411 4685 1547 4741 fides
1566 4702 1731 4757 quam
1761 4686 1938 4741 Adam

331 4774 570 4847 perdidit
601 4792 614 4831 :
647 4776 924 4842 annulum,
954 4775 1012 4831 id
1043 4783 1283 4832 esterux
1313 4775 1368 4829 in
1406 4775 1639 4831 frontem
1673 4793 1686 4829 :
1733 4774 1935 4832 calcia-

332 4872 538 4931 menta,
569 4864 625 4919 id
653 4872 733 4920 est
780 4864 1137 4936 Evangelium
1171 4883 1184 4919 :
1229 4864 1456 4919 vitulum
1495 4865 1832 4937 saginatum,
1881 4863 1937 4919 id

334 4960 423 5008 est
454 4952 698 5008 Christus
728 4968 795 5009 ex
823 4952 1018 5008 diobus
1047 4952 1262 5026 legibus
1290 4960 1538 5008 mortuus
1568 4960 1686 5008 erat
1722 4971 1735 5007 :
1770 4953 1825 5008 id
1855 4960 1938 5008 est

333 5040 551 5096 Adam:
584 5040 795 5109 revixit,
829 5040 886 5097 id
916 5049 999 5097 est
1015 5058 1112 5113 per
1139 5042 1468 5113 baptismum
1496 5043 1752 5114 perierat,
1781 5042 1835 5096 id
1857 5049 1940 5097 est

332 5128 391 5184 in
423 5129 787 5202 disperatione
823 5148 836 5186 :
869 5130 1123 5187 inventus
1171 5139 1273 5199 est,
1319 5131 1377 5186 id
1419 5138 1502 5186 est
1536 5130 1593 5186 in
1623 5147 1720 5202 spe
1752 5149 1766 5185 :
1798 5130 1938 5185 ﬁlius

333 5218 537 5285 senior,
571 5219 628 5275 id
648 5227 734 5276 est
757 5220 929 5276 Judaei
962 5238 976 5275 :
1008 5220 1064 5276 in
1094 5236 1247 5294 agro,
1298 5220 1355 5275 id
1383 5228 1466 5276 est
1513 5220 1793 5276 immundo
1842 5219 1941 5275 de-

336 5307 539 5364 siderio
571 5327 588 5371 :
618 5308 957 5380 simphonias
984 5317 1039 5365 et
1069 5311 1284 5377 choros,
1320 5309 1377 5363 id
1424 5316 1509 5365 est
1554 5309 1839 5382 prophetia
1886 5316 1940 5363 et

337 5396 641 5470 Evangelia
674 5414 688 5452 :
721 5397 829 5453 duo
859 5397 1023 5464 servi,
1054 5397 1112 5453 id
1140 5406 1222 5453 est
1248 5398 1440 5454 Isaias.

407 5529 660 5586 Lazarus
678 5529 974 5586 mendicus
1005 5547 1019 5583 :
1050 5530 1264 5586 Nomen
1307 5529 1565 5602 pauperis
1593 5529 1740 5595 dicit,
1774 5535 1828 5584 et
1856 5528 1939 5584 di-

334 5615 463 5675 vitis
511 5632 623 5674 non
654 5636 670 5687 ;
700 5617 951 5675 homines
982 5617 1156 5676 bonos
1187 5619 1424 5691 scriptos
1450 5618 1509 5675 in
1537 5617 1677 5676 coelo
1694 5624 1748 5674 et
1766 5617 1939 5674 malos

2040 4510 2422 4583 quadruplum,
2454 4510 2560 4564 hoc
2592 4508 2649 4562 in
2676 4507 2799 4578 lege
2829 4506 2898 4560 de
2928 4503 3215 4559 animabus
3243 4501 3446 4557 dictum
3479 4507 3533 4555 et
3578 4499 3634 4553 in

2036 4598 2341 4672 Evangelio
2370 4598 2439 4653 de
2469 4597 2618 4652 omni
2647 4603 2901 4651 creatura
2938 4593 3140 4648 dicitur
3173 4608 3187 4644 :
3220 4592 3385 4646 homo
3415 4588 3630 4654 nobilis,

2037 4689 2091 4743 id
2123 4696 2206 4744 est
2235 4686 2477 4743 Christus
2507 4686 2636 4740 abiit
2666 4685 2721 4738 in
2738 4683 3021 4756 regionem
3042 4680 3418 4753 longinquam,
3441 4677 3499 4733 id
3528 4684 3632 4744 est,

2037 4776 2095 4833 in
2119 4777 2315 4833 coelum
2352 4794 2365 4830 :
2389 4775 2641 4846 accipere
2661 4788 2893 4846 regnum
2922 4770 3044 4837 sibi,
3074 4770 3131 4825 id
3150 4778 3232 4825 est
3260 4783 3492 4840 regnum
3521 4782 3634 4822 caa-

2038 4866 2175 4923 leste
2205 4875 2258 4923 et
2314 4864 2517 4921 reverti
2571 4863 2642 4918 ad
2674 4861 2940 4931 judicium
2975 4877 2987 4916 :
3021 4860 3210 4915 decem
3242 4856 3408 4923 servi,
3454 4856 3511 4911 id
3556 4861 3639 4912 est

2038 4971 2199 5012 omne
2229 4971 2403 5029 genus
2429 4954 2726 5009 humanum
2759 4968 2773 5006 :
2807 4951 3001 5006 decem
3038 4963 3185 5016 mna,
3238 4947 3432 5003 decem
3465 4943 3639 5002 verba

2039 5045 2179 5119 legis
2212 5062 2224 5098 :
2259 5044 2405 5101 cives
2435 5044 2570 5112 ejus,
2603 5042 2657 5096 id
2692 5048 2773 5096 est
2801 5038 2994 5095 Judaei.

2111 5172 2383 5227 Miserum
2413 5169 2776 5241 legationem,
2810 5165 2866 5220 id
2897 5172 2980 5220 est
3000 5161 3334 5219 occisionem
3347 5158 3636 5231 Apostolo-

2039 5275 2158 5314 rum
2192 5275 2206 5315 :
2238 5258 2445 5330 primus
2476 5272 2670 5313 servus
2696 5263 2749 5311 et
2764 5254 3038 5311 secundus
3058 5251 3195 5308 ordo
3214 5250 3633 5323 Apostolorum:

2037 5350 2165 5404 Mna
2193 5347 2621 5418 uniuscujusque
2651 5344 2816 5410 servi,
2849 5344 2906 5398 id
2936 5350 3018 5399 est
3061 5342 3334 5413 scriptura
3365 5358 3378 5394 :
3426 5335 3637 5394 similes

2041 5437 2144 5504 sui,
2166 5446 2451 5507 utrumque
2464 5434 2669 5490 invenit
2694 5452 2707 5488 :
2734 5432 2895 5504 Lapis
2914 5431 3207 5497 clamabat,
3225 5430 3282 5484 id
3301 5434 3426 5483 sunt
3445 5430 3637 5495 gentes

2039 5526 2212 5583 Judaei
2232 5532 2518 5582 tacuerunt
2550 5542 2563 5579 :
2597 5523 2746 5580 ﬂevit
2768 5539 2935 5595 super
2951 5537 3092 5589 eam,
3118 5518 3354 5575 ostendit
3374 5532 3475 5572 nos
3496 5518 3634 5572 ﬂere

2039 5622 2268 5688 peccata
2295 5622 2486 5670 nostra
2516 5630 2531 5669 :
2564 5612 2977 5671 circumdabunt
2996 5618 3068 5677 te,
3100 5609 3153 5664 id
3171 5613 3255 5663 est
3278 5606 3508 5662 Romani
3537 5606 3637 5663 cir-
