3998 6188
338 191 346 198 ’
391 223 494 280 903

901 219 1306 278 WALAFRIDI
1344 221 1587 278 STRABI
1624 217 1822 277 FULD.
1863 219 2037 275 MON.
2078 217 2230 276 OPP.
2273 219 2447 276 PARS
2485 219 2526 275 Ι.
2567 251 2637 261 -
2674 219 3145 276 THEOLOGICA.

3583 223 3682 276 904

393 345 789 404 cumdederunt
817 361 937 401 eam
966 346 1224 417 undique,
1257 347 1311 400 id
1341 354 1422 400 est
1448 344 1590 399 intus
1621 353 1674 400 et
1688 345 1838 400 foras
1862 362 1874 398 :
1895 345 1980 398 al-
2011 344 2066 405 A
2094 345 2238 399 misit
2271 361 2395 400 eum
2425 345 2493 400 ad
2524 345 2770 411 Pilatum,
2804 345 2860 399 id
2890 352 2973 401 est
3001 345 3054 398 in
3083 343 3189 400 ﬁde
3218 344 3496 399 Trinitatis
3527 362 3541 398 :
3592 361 3690 399 ve-

396 446 592 503 teram,
624 435 680 490 id
701 442 783 491 est
814 436 868 489 in
896 435 1162 490 infernum
1196 453 1209 488 :
1243 433 1402 502 ﬁlios,
1427 435 1481 488 id
1499 443 1580 488 est
1601 435 1828 489 virtutes
1849 434 1992 505 quod

395 525 629 582 faciebat
657 526 714 578 in
741 525 827 579 die
861 541 874 578 :
907 525 962 577 in
992 533 1149 579 nocte
1181 524 1390 579 ruebat.
1425 524 1709 594 Ingressus
1738 523 1793 577 in
1850 531 1992 578 tem-

394 614 561 685 plum,
593 614 648 668 id
680 621 761 668 est
793 612 921 684 quia
950 613 1038 667 die
1068 611 1342 667 dominico
1373 612 1594 666 intravit
1615 612 1671 666 in
1691 611 1988 683 templum:

402 702 721 774 quaerebant
747 717 871 756 eum
899 701 1168 771 perdere;
1205 701 1441 755 ostendit
1471 716 1667 755 novem
1699 701 1874 755 servis
1905 699 1996 770 qui

396 806 504 846 non
533 789 716 861 negati
777 796 900 843 sunt
928 789 984 843 in
1014 788 1328 843 ministeriis
1361 789 1473 842 suis
1507 807 1518 841 :
1553 790 1716 843 homo
1773 788 1994 858 quidam

395 879 451 934 id
481 886 562 933 est
589 879 736 932 Deus
768 877 925 931 Pater
960 895 972 932 :
1006 877 1266 948 plantavit
1283 877 1520 944 vineam,
1544 877 1598 930 id
1621 885 1703 932 est
1730 877 1992 932 Judoaos:

394 967 614 1022 colones
642 965 697 1019 id
728 974 850 1019 sunt
879 965 1225 1036 legislatores
1259 983 1271 1018 :
1323 965 1442 1036 ipse
1490 982 1724 1038 peregre
1765 965 1881 1029 fuit,
1941 964 1997 1019 id

393 1062 475 1109 est
502 1070 693 1109 omnes
722 1054 927 1108 dimisit
954 1055 1011 1108 in
1059 1054 1309 1109 libertate
1355 1055 1564 1108 arbitrii
1600 1054 1681 1108 sui
1716 1072 1729 1108 :
1761 1053 1996 1123 primum

392 1159 631 1210 servum,
665 1141 722 1197 id
751 1151 834 1198 est
867 1143 1095 1197 Isaiam:
1122 1143 1440 1209 secundum,
1472 1143 1528 1197 id
1557 1150 1640 1198 est
1679 1142 1994 1197 Jeremiam:

391 1233 611 1288 tertium
638 1232 695 1286 id
723 1239 804 1287 est
850 1233 1069 1286 Dahel:
1119 1240 1274 1287 extra
1321 1232 1555 1298 vineam,
1606 1231 1663 1285 id
1715 1239 1798 1286 est
1843 1239 1998 1286 extra

394 1321 699 1376 Jerusalem
733 1339 745 1374 :
779 1319 910 1392 quid
956 1320 1118 1375 faciet
1159 1320 1423 1374 Dominus
1470 1321 1688 1375 vinea:
1740 1320 1889 1376 venit
1947 1327 1998 1374 et

399 1410 654 1482 perdidit,
687 1409 743 1464 id
775 1417 856 1463 est
884 1408 1061 1463 malus
1105 1409 1250 1463 mala
1298 1409 1772 1480 conquassabitur,
1833 1409 1888 1462 id
1916 1415 1998 1461 est

399 1514 564 1554 cruce
601 1505 843 1552 conteret
874 1498 1178 1552 voluntates
1206 1498 1322 1566 ejus
1356 1515 1368 1551 :
1401 1497 1719 1552 comminuit
1749 1496 1918 1564 illum,
1943 1496 1999 1550 id

399 1595 482 1643 est
509 1587 563 1641 in
596 1587 835 1641 vindicta
865 1587 1044 1642 crucis
1079 1604 1092 1639 :
1125 1587 1274 1641 Gens
1307 1586 1362 1639 in
1391 1595 1632 1658 gentem,
1664 1585 1720 1639 id
1749 1593 1831 1640 est
1851 1583 1999 1656 genti

2092 434 2168 488 nit
2198 435 2265 488 ad
2297 442 2489 506 gentes
2520 434 2589 488 ad
2619 434 2834 504 plebem
2867 433 3036 488 Israel
3069 433 3229 489 :facti
3267 442 3390 488 sunt
3420 433 3602 497 amici,
3636 433 3689 488 id

2093 531 2172 577 est
2202 531 2432 594 uterque
2461 521 2696 594 populus
2725 521 2795 577 ad
2827 520 2991 577 ﬁdem
3007 521 3226 577 Christi.
3249 521 3497 577 Herodes
3519 521 3692 592 signi-

2093 609 2219 666 ﬁcat
2246 612 2506 682 populum
2535 611 2781 682 gentium
2815 629 2826 664 :
2862 611 3066 665 Pilatus
3103 611 3340 666 Judaaos.
3388 611 3685 666 Leviathan

2093 699 2249 754 densi
2278 700 2484 754 seduna
2504 701 2799 754 Barrabam
2827 698 2968 754 filius
3015 699 3217 754 diaboli
3274 700 3516 755 dicitur:
3562 699 3684 754 ﬂete

2095 803 2261 858 super
2290 804 2407 858 vos,
2440 789 2495 842 id
2523 796 2604 842 est
2631 805 2796 858 super
2825 796 3046 861 gentem
3072 797 3312 843 vestram
3347 806 3362 841 :
3397 795 3526 842 tunc
3559 787 3692 842 inci-

2094 877 2244 948 pient
2275 876 2474 942 dicere,
2508 876 2562 930 id
2580 884 2664 931 est
2697 877 2872 946 plebis
2905 877 3074 932 Israel
3108 894 3121 930 :
3167 876 3335 932 dicite
3391 876 3690 941 montibus,

2093 965 2149 1020 id
2171 973 2252 1020 est
2282 964 2613 1020 Patriarchis
2643 965 2892 1029 collibus,
2940 965 2994 1018 id
3023 972 3106 1018 est
3133 965 3410 1036 prophetis
3441 983 3454 1018 :
3486 965 3696 1019 dimitte

2095 1053 2222 1118 illis,
2256 1053 2310 1106 id
2331 1061 2413 1107 est
2441 1053 2629 1107 bibant
2661 1053 2980 1124 sanguinem
3030 1069 3190 1124 quem
3249 1051 3604 1116 eﬁ'underint,
3638 1061 3694 1107 ut

2096 1141 2229 1196 ﬁant
2255 1158 2386 1196 vasa
2415 1142 2806 1196 misericordia:
2823 1158 2943 1213 qua;
2970 1150 3096 1196 sunt
3117 1157 3246 1196 vasa
3275 1142 3370 1196 irae
3394 1159 3407 1195 :
3443 1143 3693 1196 nesciunt

2097 1230 2226 1302 quid
2255 1229 2458 1285 faciunt
2481 1239 2532 1284 et
2579 1230 2625 1284 si
2656 1230 2854 1285 scirent
2897 1230 3188 1285 Dominum
3237 1230 3542 1298 majestatis
3558 1246 3695 1284 nun-

2096 1334 2260 1390 quam
2289 1318 2685 1374 cruciﬁxissent
2718 1337 2731 1372 :
2764 1319 2889 1390 quia
2904 1335 3001 1389 per
3020 1319 3385 1392 ignorantiam
3405 1317 3691 1373 fecerunt:

2096 1408 2258 1462 hodie
2290 1423 2504 1463 mecum
2533 1407 2644 1462 eris
2671 1408 2725 1460 in
2755 1409 3032 1477 paradiso,
3065 1407 3122 1462 id
3168 1415 3251 1462 est
3295 1408 3388 1479 qui
3447 1408 3694 1479 sequitur

2061 1495 2314 1550 .Christo
2337 1496 2591 1551 tenebras
2623 1512 2732 1550 non
2763 1496 2922 1550 habet
2953 1496 3050 1550 sed
3078 1496 3260 1550 lumen
3290 1496 3436 1551 vitae.

2167 1586 2386 1656 Ioseph,
2419 1584 2473 1638 id
2505 1592 2583 1639 est
2600 1584 2831 1655 populus
2850 1585 3038 1650 Israel,
3063 1593 3304 1639 aromata
3319 1593 3371 1639 et
3392 1592 3690 1656 unguenta,

393 1674 452 1729 in
481 1676 757 1731 Romanos
792 1693 804 1728 :
841 1692 1073 1748 regnum
1103 1676 1158 1729 in
1187 1691 1384 1746 regno,
1418 1675 1474 1729 id
1507 1683 1589 1729 est
1619 1674 1706 1728 alii
1726 1675 1992 1728 adversus
2021 1705 2073 1764 B
2096 1673 2151 1728 id
2183 1682 2265 1728 est
2297 1671 2451 1738 fides,
2473 1689 2618 1744 spes,
2645 1674 2840 1728 caritas
2872 1691 2884 1727 :
2918 1690 3022 1728 una
3050 1673 3283 1740 sabbati,
3309 1674 3362 1727 id
3392 1683 3472 1728 est
3500 1674 3691 1728 Evan-

393 1764 670 1819 Romanos
702 1783 714 1818 :
747 1771 1009 1830 terrores,
1042 1763 1096 1817 id
1127 1772 1208 1818 est
1229 1763 1512 1835 quadrigae
1534 1763 1589 1816 in
1630 1779 1757 1818 aere
1811 1763 1996 1817 audie-

393 1852 591 1906 bantur
621 1871 634 1906 :
667 1852 827 1922 signa
857 1860 1014 1906 erunt
1051 1860 1144 1906 :ut
1172 1851 1268 1905 fuit
1290 1868 1457 1922 supra
1472 1851 1776 1906 Jerusalem
1799 1869 1812 1905 :
1839 1851 1994 1906 stella

393 1955 517 1996 cum
534 1940 717 2011 gladio
749 1940 931 2010 igneo,
962 1940 1281 2011 contingunt
1309 1942 1364 1993 in
1384 1940 1712 2006 testimonio,
1741 1939 1798 1994 id
1826 1941 1992 1995 estde

389 2028 592 2084 Iudaeis
624 2029 694 2082 ad
723 2035 916 2100 gentes
950 2045 962 2081 :
997 2044 1132 2100 ergo
1159 2028 1228 2082 de
1263 2028 1413 2082 vobis
1462 2044 1557 2083 eos
1585 2036 1637 2083 et
1668 2028 1991 2098 sapientiam

391 2117 448 2171 in
477 2117 653 2188 Moysi
680 2116 881 2172 dicitur
908 2116 1144 2171 ostendit
1180 2117 1276 2171 tibi
1309 2119 1456 2171 Deus
1487 2117 1826 2187 sapientiam.

466 2205 718 2277 Capillus
740 2204 806 2260 de
827 2205 1012 2278 capite
1032 2222 1147 2260 non
1179 2206 1406 2277 peribit,
1438 2205 1491 2258 id
1522 2214 1603 2258 est
1619 2205 1947 2260 mortalitate
1974 2222 1988 2259 :

389 2293 691 2348 Jerusalem
720 2293 1034 2359 calcabitur,
1067 2293 1123 2348 id
1152 2301 1236 2348 est
1277 2293 1424 2347 idola
1453 2293 1777 2348 adorabitur
1807 2293 1862 2348 in
1900 2309 1984 2359 ea,

389 2381 566 2438 donec
607 2382 899 2453 impleatur
934 2389 1184 2452 tempora
1231 2381 1491 2454 gentium,
1540 2381 1597 2436 id
1641 2389 1724 2436 est
1772 2382 1989 2437 Iudaeos

391 2486 692 2526 conversos
723 2470 779 2524 in
809 2469 971 2526 tinem
1010 2470 1200 2524 mundi
1233 2489 1247 2537 ;
1280 2470 1438 2541 signa
1467 2471 1521 2524 in
1554 2471 1688 2537 sole,
1722 2470 1778 2525 id
1805 2479 1890 2525 est
1919 2470 1990 2526 ad

388 2558 623 2614 litteram
654 2575 666 2614 :
701 2575 867 2614 sonus
888 2559 1072 2627 maris,
1107 2559 1161 2613 id
1192 2566 1274 2613 est
1304 2558 1507 2614 factum
1536 2567 1617 2613 est
1644 2575 1795 2615 mare
1826 2559 1990 2630 sodo-

389 2647 630 2703 miticum
665 2665 678 2701 :
710 2647 890 2718 pisces
917 2663 1046 2702 suos
1075 2647 1131 2700 in
1162 2654 1310 2702 terra
1352 2648 1532 2716 jacet:
1582 2648 1891 2703 venientem
1932 2647 1989 2700 in

391 2737 628 2791 nubibus
658 2736 799 2804 caeli,
836 2736 892 2789 id
923 2743 1002 2790 est
1033 2736 1087 2789 in
1116 2735 1394 2807 prepbetis
1424 2736 1754 2806 etapostolis
1787 2754 1799 2790 :
1833 2736 1988 2791 ﬁcul-

391 2841 496 2880 nea
529 2833 582 2880 et
610 2815 858 2891 arbae,id
888 2832 971 2878 est
1000 2840 1281 2896 synagoga
1299 2833 1351 2879 et
1376 2825 1646 2880 homines.
1682 2827 1739 2878 In
1771 2825 1859 2880 die
1889 2826 1989 2879 do-

389 2930 520 2969 cens
563 2913 620 2968 in
647 2913 928 2984 templum,
964 2913 1018 2966 id
1067 2921 1151 2967 est
1185 2913 1449 2968 laboravit
1479 2930 1602 2968 cum
1649 2913 1850 2968 Judazis
1885 2932 1897 2966 :
1931 2913 1986 2968 in

387 3010 548 3058 nocte
593 3002 650 3056 in
696 3010 880 3057 monte
928 3001 1146 3068 Oliveti,
1192 3001 1247 3055 id
1294 3009 1378 3056 est
1425 3001 1808 3072 requiescebat
1863 3018 1985 3057 cum

390 3092 670 3164 gentibus.

460 3183 630 3236 Homo
669 3181 874 3249 anfora
898 3196 1056 3251 aqua:
1081 3182 1337 3250 portans,
1358 3179 1412 3233 id
1431 3187 1512 3234 est
1530 3179 1703 3251 Moysi
1722 3187 1774 3234 et
1793 3181 1987 3235 Johan-

390 3284 489 3324 nes
517 3267 758 3338 Baptista
791 3285 804 3320 :
838 3267 1033 3321 domus
1063 3268 1346 3332 cmnaculi,
1381 3268 1436 3322 id
1465 3278 1549 3323 est
1569 3269 1985 3335 Ecclesia,stra-

389 3365 524 3421 tum,
557 3356 613 3410 id
643 3363 725 3410 est
745 3355 906 3410 fidem
927 3355 1225 3424 Trinitatis,
1252 3357 1425 3412 donec
1442 3357 1731 3428 impleatur
1754 3375 1985 3429 regnum

390 3445 512 3510 Dei,
541 3445 596 3498 id
617 3452 699 3499 est
724 3444 1082 3499 ministerium
1099 3461 1359 3516 magnum
1391 3464 1404 3500 :
1438 3447 1545 3501 duo
1566 3448 1783 3514 calices,
1817 3463 1984 3501 unum

389 3549 512 3590 cum
541 3550 698 3605 aqua,
734 3533 966 3588 alterum
1014 3551 1136 3590 cum
1180 3534 1325 3603 vino,
1375 3535 1429 3589 id
1478 3545 1559 3590 est
1603 3553 1726 3592 cum
1764 3535 1983 3592 mixtico

388 3638 546 3694 aqua!
567 3631 621 3678 et
649 3622 756 3678 vini
785 3623 840 3676 in
875 3623 1066 3688 calice,
1100 3623 1286 3679 vinum
1303 3641 1466 3678 unum
1485 3641 1607 3680 cum
1629 3640 1774 3696 aqua
1794 3633 1983 3680 osten-

391 3712 467 3766 dit
490 3712 799 3783 passionem
817 3729 916 3782 per
937 3713 1283 3783 baptismum.
1303 3713 1561 3784 Nunquid
1573 3714 1775 3785 aliquid
1788 3713 1986 3769 defecit

393 3801 570 3866 vobis,
603 3801 818 3872 quando
836 3800 1002 3855 ﬁebat
1031 3817 1155 3856 cum
1188 3801 1292 3856 illis
1322 3801 1377 3855 in
1406 3802 1719 3868 carnem,id
1749 3810 1830 3856 est
1849 3818 1985 3873 pra:-

388 3889 622 3960 cipiebat
651 3889 756 3944 illis
784 3905 892 3944 non
917 3890 1123 3944 habere
1153 3906 1342 3945 curam
1393 3890 1600 3960 saeculi,
1627 3891 1755 3945 dum
1801 3900 1983 3946 autem

386 3978 457 4032 ab
487 3977 592 4032 illis
623 3995 681 4033 se
712 3986 926 4049 separat
955 3979 1160 4034 habere
1200 3978 1411 4034 unicam
1444 3979 1605 4034 ﬁdem
1641 3987 1820 4035 :emat
1868 3981 1984 4051 gla-

389 4065 558 4132 dium,
592 4066 646 4120 id
675 4073 756 4122 est
785 4065 963 4139 legem
999 4084 1012 4121 :
1045 4067 1153 4122 duo
1185 4066 1374 4139 gladii,
1407 4067 1461 4122 id
1491 4076 1612 4122 sunt
1642 4068 1776 4122 duas
1806 4068 1978 4139 leges.

460 4155 639 4210 Filius
663 4154 906 4210 hominis
927 4155 1124 4210 sedens
1144 4155 1216 4210 ad
1237 4156 1460 4211 dextris
1483 4158 1715 4212 virtutis
1744 4174 1756 4210 :
1778 4164 1834 4210 ut
1850 4156 1983 4210 dixit

387 4242 653 4300 Dominus
681 4243 913 4298 Domino
933 4226 1065 4298 'meo
1096 4252 1147 4299 et
1178 4242 1388 4315 reliqua
1421 4262 1433 4297 :
1469 4244 1530 4298 In
1561 4252 1716 4301 vesta
1744 4245 1868 4299 alba
1901 4261 1984 4300 re-

2095 1762 2298 1833 gelium
2316 1763 2461 1833 quod
2491 1762 2718 1818 lucescit
2745 1779 2846 1832 per
2871 1771 3084 1818 noctem
3098 1763 3297 1818 veteris
3316 1763 3650 1817 Testamenti
3673 1781 3686 1816 :

2093 1851 2350 1906 mulieres
2379 1851 2571 1921 primis
2602 1851 3055 1907 resurrectionem
3073 1851 3342 1906 viderunt.
3375 1853 3577 1921 Aptum
3595 1850 3696 1904 fuit

2093 1948 2150 1994 ut
2178 1956 2278 2010 per
2309 1939 2457 2010 ipsas
2487 1939 2636 2010 prius
2668 1940 2815 1994 salus
2853 1939 3179 1995 cucurrisset
3222 1956 3320 2009 per
3362 1955 3498 2009 quas
3542 1939 3693 2009 prius

2094 2028 2424 2084 aucurrebat
2452 2044 2598 2083 mors
2634 2047 2646 2082 :
2683 2036 2735 2083 et
2765 2044 2894 2084 ecce
2923 2029 3030 2083 duo
3061 2029 3164 2082 viri
3197 2035 3463 2083 steterunt
3484 2027 3542 2080 in
3571 2028 3692 2080 Ma-

2092 2118 2233 2172 tbaao
2248 2117 2426 2187 primo
2447 2116 2692 2189 angelus,
2726 2117 2780 2170 in
2811 2118 2995 2172 Marco
3024 2117 3363 2182 adolescens,
3397 2116 3453 2170 in
3483 2116 3690 2169 Joanne

2091 2206 2198 2260 duo
2227 2205 2492 2278 angeli,in
2523 2206 2666 2260 Luca
2695 2205 2805 2260 duo
2861 2206 2960 2259 viri
2993 2205 3262 2271 dicuntur,
3296 2213 3377 2259 est
3407 2204 3577 2258 multa
3605 2204 3697 2257 iti-

2090 2309 2224 2348 nera
2251 2293 2540 2349 mulierum
2574 2301 2627 2348 et
2657 2293 2870 2350 diversa
2893 2302 3018 2348 sunt
3038 2293 3276 2349 visiones
3295 2293 3381 2348 vel
3403 2293 3458 2346 in
3481 2309 3650 2347 unum
3675 2310 3690 2346 :

2091 2382 2287 2438 iterum
2318 2390 2371 2437 et
2408 2398 2518 2437 una
2564 2382 2701 2438 visio
2750 2391 2803 2438 et
2846 2382 3140 2438 dissimiles
3186 2390 3310 2436 sunt
3353 2382 3694 2436 narrationes

2090 2471 2592 2544 Evangelistarum.

2161 2561 2525 2616 Linteamina
2555 2561 2675 2616 sola
2700 2561 2904 2632 posita,
2938 2559 3231 2616 ostendunt
3261 2559 3407 2631 quod
3455 2575 3564 2614 non
3613 2557 3694 2613 in-

2089 2647 2277 2718 digent
2304 2664 2531 2718 corpora
2560 2649 2883 2703 vestimenta
2911 2656 3036 2719 post
3067 2648 3526 2704 resurrectionem
3549 2647 3692 2702 sicut

2089 2737 2316 2802 mirans,
2343 2737 2395 2790 id
2427 2745 2510 2791 est
2542 2738 2689 2808 quod
2717 2737 3114 2809 derelinquitur
3157 2737 3479 2792 vestimenta
3511 2753 3524 2788 :
3577 2736 3690 2790 duo

2089 2841 2156 2879 ex
2188 2825 2294 2879 illis
2321 2825 2492 2891 ibant,
2526 2826 2763 2881 ostendit
2793 2834 2985 2895 gentes
3021 2825 3145 2896 quia
3175 2825 3252 2880 sic
3293 2834 3550 2880 ostensus
3603 2833 3692 2878 est

2086 2912 2194 2968 illis
2221 2914 2312 2985 qui
2337 2913 2467 2968 foris
2499 2923 2656 2968 erant
2686 2933 2699 2981 ;
2733 2913 2871 2969 sicut
2901 2914 2986 2967 his
3029 2915 3123 2985 qui
3151 2915 3294 2968 intus
3328 2923 3488 2968 erant
3519 2931 3532 2967 :
3565 2928 3688 2968 cas-

2089 3003 2294 3070 tellum,
2333 3003 2387 3057 id
2409 3011 2491 3057 est
2521 3004 2801 3057 mundum.

2005 3062 2054 3124 C
2158 3062 2490 3156 Jerusalem,
2526 3091 2581 3145 id
2610 3100 2692 3146 est
2721 3091 2960 3146 caelestis
2982 3090 3235 3156 stadium,
3264 3091 3319 3145 id
3349 3099 3435 3145 est
3491 3099 3686 3146 octava

2086 3196 2209 3250 pars
2240 3180 2308 3234 de
2337 3180 2589 3234 milliario
2624 3198 2636 3233 :
2671 3180 2840 3234 stadia
2870 3195 2942 3234 Lx
2971 3179 3210 3234 ostendit
3239 3195 3530 3233 numerum
3559 3178 3685 3233 die-

2086 3285 2204 3322 rum
2233 3269 2288 3322 in
2329 3268 2525 3340 quibus
2573 3267 2747 3323 factus
2781 3277 2864 3323 est
2902 3269 3156 3322 mundus.
3205 3269 3420 3323 Nomen
3480 3265 3687 3323 castelli

2086 3357 2309 3425 Emaus,
2341 3365 2394 3411 et
2412 3356 2530 3426 ipse
2561 3357 2714 3410 finxit
2735 3374 2792 3411 se
2823 3357 3038 3428 longius
3071 3357 3184 3410 ire:
3218 3356 3274 3410 id
3303 3365 3407 3421 est,
3441 3357 3512 3410 ad
3542 3371 3686 3428 gen-

2086 3453 2168 3500 tes
2199 3454 2251 3500 et
2279 3453 2658 3517 cognoverunt
2687 3446 2740 3499 in
2768 3445 3030 3501 fractione
3064 3445 3241 3516 panis,
3294 3453 3347 3499 et
3389 3461 3498 3499 non
3547 3460 3680 3516 cog-

2085 3541 2350 3590 noverunt
2381 3551 2504 3588 eum
2532 3534 2586 3588 in
2617 3535 3059 3605 praedicationem
3088 3534 3296 3588 audire.
3329 3534 3565 3589 Evanuit
3611 3533 3683 3587 ab

2085 3623 2254 3678 oculis
2285 3639 2472 3678 eorum
2505 3641 2518 3676 :
2553 3623 2784 3678 ostendit
2815 3624 2958 3694 quod
2984 3639 3093 3678 non
3121 3639 3412 3693 possumus
3464 3621 3682 3676 tardare

2085 3712 2140 3766 in
2170 3711 2431 3778 theorica,
2463 3720 2515 3766 et
2544 3711 2762 3784 longius
2791 3711 2891 3765 fuit
2920 3711 2988 3766 ab
3020 3713 3122 3780 eis,
3146 3711 3371 3783 quando
3403 3727 3515 3766 non
3541 3727 3680 3783 cog-

2031 3795 2035 3800 ’
2084 3808 2369 3868 noverunt,
2406 3801 2459 3855 id
2481 3809 2564 3856 est
2593 3801 2718 3872 quia
2746 3800 2962 3871 longius
3005 3816 3294 3871 possumus
3339 3816 3566 3854 manere
3623 3799 3681 3853 in

2083 3889 2279 3946 actuali
2309 3889 2415 3945 vita
2448 3907 2459 3944 :
2494 3905 2618 3944 cum
2647 3889 2878 3959 aperiret
2895 3888 3051 3943 nobis
3083 3889 3379 3959 scripturas
3417 3907 3429 3942 :
3464 3905 3566 3958 pax
3584 3903 3682 3942 vo-

2085 3978 2168 4032 bis
2202 3993 2215 4033 :
2249 3994 2391 4032 nunc
2424 3993 2518 4032 eos
2566 3986 2867 4050 congregat
2913 3977 2968 4031 in
3014 3993 3176 4032 unam
3216 3993 3404 4048 pacem
3435 3977 3465 4030 ?
3510 3991 3681 4047 quare

2083 4083 2193 4121 non
2223 4083 2331 4121 uno
2360 4066 2479 4122 loco
2513 4067 2748 4122 surrexit
2790 4075 2842 4121 et
2872 4067 3115 4122 ascendit
3147 4067 3174 4121 ?
3204 4067 3325 4137 quia
3356 4066 3532 4120 honor
3563 4065 3659 4119 des
3671 4095 3682 4125 ,~

2083 4155 2264 4211 cendit
2291 4155 2595 4210 Jerusalem
2626 4156 2696 4209 ad
2724 4163 2935 4228 gentes.
2983 4155 3245 4210 Dominus
3295 4154 3382 4209 hic
3438 4153 3682 4224 implevit

2085 4244 2230 4315 quod
2243 4245 2360 4314 ipse
2380 4243 2515 4298 dixit
2543 4253 2692 4299 orate
2720 4259 2821 4314 pro
2850 4242 3301 4315 persequentibus
3332 4243 3557 4296 dimisit.

1394 4513 1491 4584 IN
1542 4510 2169 4586 EVANGELIUM
2221 4511 2653 4584 JOANNIS.

461 4763 525 4824 In
543 4760 822 4841 principio
842 4771 966 4823 erat
995 4767 1243 4837 Verbum,
1263 4765 1318 4823 id
1340 4776 1421 4823 est
1439 4766 1566 4840 quia
1585 4767 1766 4824 omnia
1786 4767 1841 4822 in
1860 4768 1980 4839 ipso
2008 4779 2060 4839 1)
2084 4775 2198 4822 erat
2227 4765 2318 4822 lux
2348 4779 2475 4822 vera
2509 4783 2630 4838 quae
2650 4765 2932 4820 inluminat
2961 4780 3175 4822 omnem
3204 4767 3480 4823 hominem
3513 4775 3565 4823 et
3598 4773 3684 4823 re—

392 4850 717 4912 inchoantur
747 4864 799 4910 et
831 4855 1104 4912 liniuntur.
1136 4857 1374 4912 Verbum
1407 4857 1574 4911 Patris
1619 4857 1784 4911 Filius
1843 4857 1986 4927 apud

390 4945 608 5001 Deum:
661 4945 787 5017 quia
835 4943 979 4999 ﬁlius
1020 4946 1160 5016 apud
1217 4947 1428 5000 Patrem
1480 4963 1696 5016 semper
1713 4953 1812 5011 est,
1839 4947 1986 5001 Deus

394 5041 513 5088 erat
541 5034 802 5100 Verbum,
835 5033 888 5087 id
921 5041 1002 5088 est
1031 5034 1178 5089 Deus
1209 5042 1324 5089 erat
1361 5035 1526 5089 Filius
1560 5053 1572 5088 :
1607 5036 1712 5090 hoc
1769 5043 1883 5089 erat
1929 5034 1986 5088 in

388 5120 661 5191 principio
689 5122 833 5192 apud
863 5123 1039 5177 Deum
1073 5141 1086 5176 :
1129 5123 1312 5178 omnia
1341 5139 1440 5194 per
1468 5123 1646 5194 ipsum
1677 5122 1816 5178 facta
1837 5131 1980 5190 sunt,

391 5217 444 5264 et
473 5208 592 5262 sine
621 5208 740 5278 ipso
771 5208 972 5265 factum
1002 5220 1085 5266 est
1113 5213 1245 5266 nihil
1279 5231 1292 5266 :
1322 5213 1439 5267 haec
1461 5212 1604 5267 idola
1638 5230 1650 5264 :
1677 5213 1821 5283 quod
1879 5219 1980 5278 est,

390 5296 448 5351 in
469 5312 536 5352 eo
565 5295 676 5351 vita
707 5304 844 5366 erat,
866 5298 971 5354 hoc
1001 5307 1083 5353 est
1103 5299 1226 5371 quia
1251 5300 1326 5354 illi
1347 5300 1529 5356 omnia
1549 5289 1839 5372 antequam
1857 5299 1989 5355 fiant

391 5385 577 5442 vivant
609 5403 622 5439 :
657 5385 767 5440 vita
798 5393 913 5440 erat
941 5385 1031 5441 lux
1061 5388 1360 5454 hominum,
1401 5388 1491 5443 lux
1522 5397 1574 5444 et
1603 5389 1710 5444 vita
1743 5389 1988 5444 Christus

393 5482 474 5530 est
507 5492 520 5529 :
555 5474 610 5529 in
639 5473 878 5530 tenebris
907 5473 1068 5541 lucet,
1117 5475 1173 5532 id
1219 5485 1300 5533 est
1337 5477 1393 5530 in
1435 5477 1637 5549 populo
1679 5479 1988 5533 Judaeorum

390 5576 492 5631 per
507 5559 692 5633 legem
711 5567 766 5616 et
778 5560 1081 5631 Prophetas
1099 5578 1113 5615 :
1128 5561 1299 5617 Judaei
1310 5578 1436 5618 eum
1450 5578 1560 5618 non
1575 5570 1950 5634 cognoverunt
1972 5579 1986 5617 :

2085 4855 2232 4927 liqua
2265 4856 2390 4910 :lux
2420 4872 2551 4911 vera
2582 4856 2864 4909 inluminat
2893 4857 3186 4918 nascendo,
3220 4857 3544 4926 nutriendo,
3594 4857 3682 4911 vi—

2083 4945 2281 5014 vendo,
2315 4954 2367 4999 et
2394 4961 2493 5015 per
2519 4944 2754 5017 gratiam
2785 4944 3036 5015 baptismi
3065 4944 3266 5014 Spiritu
3300 4947 3495 5010 sancti,
3546 4945 3682 5000 inlu-

2084 5034 2249 5086 minat
2292 5033 2570 5088 scientiam
2617 5033 2670 5087 in
2735 5034 2996 5088 mundum
3044 5033 3210 5098 venit,
3254 5034 3518 5088 mundum
3571 5051 3684 5088 non

2085 5121 2359 5194 COgnovit,
2407 5121 2459 5175 id
2505 5129 2586 5176 est
2631 5122 2864 5193 populus
2906 5121 3261 5176 Judaeorum:
3304 5138 3433 5192 pars
3480 5122 3679 5190 aliena,

2085 5225 2220 5280 pars
2248 5209 2427 5282 aliqua
2453 5210 2708 5281 cognovit
2759 5227 2930 5266 eum:
2983 5210 3040 5264 in
3088 5226 3188 5264 sua
3234 5210 3428 5266 venit:
3479 5211 3534 5264 in
3580 5225 3686 5265 sua

2088 5307 2250 5371 gente
2281 5299 2581 5354 secundum
2608 5315 2829 5354 carnem
2863 5317 2875 5353 :
2901 5299 2982 5353 sui
3031 5315 3153 5353 eum
3183 5315 3290 5354 non
3321 5307 3684 5370 receperunt:

2089 5388 2289 5459 quique
2323 5404 2447 5442 eum
2474 5395 2815 5461 receperunt,
2851 5388 2996 5443 dedit
3027 5394 3350 5458 potestatem
3396 5387 3540 5443 ﬁlios
3583 5388 3688 5444 Dei

2089 5475 2204 5529 fieri
2237 5493 2373 5547 :per
2402 5474 2566 5532 fidem
2614 5493 2677 5531 ex
2725 5491 2791 5530 eo
2819 5476 2927 5530 nati
2969 5484 3090 5530 sunt
3124 5493 3224 5546 per
3270 5477 3689 5532 renovationem

2090 5564 2346 5635 baptismi
2379 5583 2393 5620 :
2427 5573 2480 5621 et
2511 5565 2739 5638 gratiam
2772 5565 3004 5636 Spiritus
3037 5565 3231 5621 sancti.
