3998 6188
303 263 412 315 905

1142 260 1521 318 EXPOSITIO
1551 261 1623 316 IN
1651 259 1987 330 QUA'I’UOR
2017 259 2443 316 EVANGELIA.
2476 291 2544 300 —
2573 261 2646 315 IN
2682 259 2881 316 JOAN.

3509 267 3610 319 906

395 385 625 442 Verbum
653 400 784 440 caro
818 387 1039 456 factum
1070 389 1172 450 est,
1205 389 1261 441 et
1293 386 1564 442 habitavit
1587 388 1647 442 in
1669 387 1842 477 nobis,
1867 385 1920 440 id
1950 387 2153 474 Aquid
2206 403 2458 474 loquatur
2487 403 2542 456 in
2584 419 2672 456 me
2707 403 2971 458 Dominus
3000 404 3148 458 Deus
3182 422 3194 458 ε
3229 405 3373 477 quod
3419 406 3620 463 scimus

317 482 402 531 est
431 489 528 545 per
554 473 992 544 adsumptionem
1028 473 1208 528 carnis
1251 474 1485 529 vidimus
1531 475 1761 544 gloriam
1784 475 1920 544 ejus,

319 562 376 617 id
434 570 553 629 est,
612 577 712 634 per
766 561 1299 635 transﬁgurationem
1349 571 1401 617 et
1460 563 1926 619 resurrectionem

315 651 464 706 illius
495 669 510 705 :
541 658 666 722 post
693 667 781 706 me
837 651 1004 718 venit,
1069 651 1322 721 ostendit,
1376 651 1674 707 secundum
1705 667 1926 708 carnem

321 739 657 796 nativitatem
702 758 714 792 :
749 747 879 795 ante
902 755 990 796 me
1052 739 1224 796 factus
1268 749 1348 795 est
1383 757 1394 795 :
1430 741 1482 794 id
1515 749 1596 796 est
1625 757 1727 812 per
1749 741 1926 812 ipsum

315 828 458 884 facta
489 835 614 882 sunt
641 828 818 884 omnia
854 845 868 882 :
905 836 958 885 et
989 829 1115 901 quia
1142 829 1293 900 prior
1337 846 1427 884 me
1459 838 1597 896 erat,
1632 837 1684 885 et
1711 829 1779 885 de
1811 830 1928 900 ple-

317 917 565 972 nitudine
596 917 715 986 ejus
742 931 852 972 non
879 932 1070 974 omnes
1092 917 1404 988 accepimus
1445 937 1458 972 :
1493 918 1806 984 Nascendo,
1836 933 1930 972 nu-

322 1005 555 1073 triendo,
587 1006 841 1074 vivendo,
891 1007 1122 1077 gratiam
1148 1023 1249 1077 pro
1280 1006 1476 1078 gratia.
1527 1006 1706 1063 Veteri
1736 1007 1928 1062 Testa-

317 1095 489 1150 menti
537 1094 713 1166 gratia
759 1095 885 1150 novi
939 1095 1269 1150 Testamenti
1304 1114 1316 1150 :
1353 1097 1485 1152 Item
1533 1111 1636 1167 per
1681 1093 1846 1151 ﬁdem
1878 1103 1930 1152 et

318 1184 641 1239 caritatem:
676 1199 774 1254 per
812 1183 1046 1238 litteram
1073 1184 1215 1255 legis
1261 1185 1347 1240 vel
1394 1184 1738 1256 prOphetiam
1773 1203 1786 1238 :
1819 1193 1931 1240 tres

322 1273 476 1328 modi
507 1289 606 1344 per
633 1272 865 1344 gratiam
913 1273 1165 1344 baptismi
1213 1275 1447 1346 gratiam
1479 1283 1756 1340 aeternam,
1789 1273 1932 1328 ﬁlius

319 1362 414 1434 qui
445 1369 527 1417 est
553 1363 608 1416 in
639 1361 759 1417 sinu
789 1362 981 1433 patris,
1006 1362 1062 1417 id
1093 1370 1174 1417 est
1202 1363 1257 1416 in
1287 1363 1456 1419 corde
1484 1363 1570 1419 vel
1601 1363 1652 1417 in
1678 1371 1892 1420 secreto
1919 1362 1932 1400 ³

321 1457 613 1514 confessus
643 1467 745 1530 est,
776 1459 1036 1513 Johannis
1067 1474 1175 1514 non
1204 1476 1326 1515 esse
1357 1461 1646 1515 Christum.

396 1593 517 1649 Non
565 1595 808 1664 negavit,
850 1609 910 1648 se
935 1608 1339 1663 praecursorem
1368 1609 1493 1650 esse
1524 1593 1744 1661 Christi,
1779 1593 1937 1650 aliter

322 1681 563 1736 ostendit
592 1682 805 1738 Novum
834 1682 1241 1737 Testamentum
1259 1690 1310 1737 et
1331 1698 1436 1755 ego
1455 1683 1772 1739 nesciebam
1787 1699 1932 1744 eum,

321 1770 560 1824 ostendit
588 1771 864 1826 Johannes
902 1787 1011 1826 non
1047 1771 1188 1827 scire
1217 1789 1317 1843 per
1366 1772 1698 1842 baptismum
1729 1773 1930 1829 Christi

323 1859 671 1929 redemptum
692 1875 814 1916 esse
841 1860 1123 1930 mundum,
1172 1877 1301 1916 nam
1349 1861 1576 1932 sciebat,
1612 1878 1735 1916 eum
1758 1860 1930 1916 ﬁlium

323 1947 426 2002 Dei
457 1963 579 2003 esse
606 1956 659 2004 et
687 1957 869 2004 natum
897 1949 952 2003 in
997 1965 1180 2006 carne.

396 2081 534 2135 Rabi
560 2079 657 2135 ubi
694 2080 952 2137 habitas?
982 2081 1037 2135 id
1059 2089 1142 2136 est
1163 2081 1218 2135 in
1247 2098 1348 2154 qua
1365 2081 1612 2138 doctrina
1630 2082 1657 2135 ‘2
1687 2098 1930 2140 commo-

323 2168 471 2224 veris
504 2187 518 2222 :
553 2168 666 2224 sive
696 2169 894 2224 docere
923 2189 934 2223 :
968 2171 1167 2239 venite,
1202 2169 1394 2227 discite
1420 2171 1722 2227 doctrinam
1746 2187 1928 2227 meam

327 2256 421 2327 qui
455 2257 602 2311 omni
649 2257 763 2312 vult
812 2258 995 2313 venire
1028 2258 1097 2312 ad
1129 2275 1206 2327 se,
1259 2259 1403 2330 apud
1442 2277 1565 2314 eum
1611 2267 1928 2315 manserunt

326 2345 416 2399 die
448 2345 561 2410 illo,
590 2347 884 2402 ostendunt
924 2363 1123 2402 novum
1179 2348 1587 2404 Testamentum
1619 2349 1732 2404 sive
1764 2350 1928 2405 vitam

323 2442 652 2505 praesentem
685 2454 698 2488 :
732 2437 866 2491 hora
898 2436 1112 2492 decima
1131 2436 1402 2507 signiﬁcat
1431 2454 1659 2510 vespere
1687 2439 1875 2492 mundi
1909 2457 1923 2493 :

324 2523 382 2576 in
413 2524 707 2578 crastinum
754 2524 922 2580 voluit
979 2526 1128 2582 exire
1148 2527 1203 2580 in
1236 2526 1513 2582 Galilazam
1534 2569 1547 2595 ,
1605 2527 1662 2583 id
1692 2535 1774 2584 est
1802 2535 1927 2598 post

325 2613 785 2668 resurrectionem
834 2629 988 2669 suam
1019 2615 1088 2669 ad
1135 2623 1326 2686 gentes
1353 2616 1452 2670 sub
1482 2615 1603 2682 fico,
1626 2616 1682 2670 id
1711 2624 1793 2671 est
1823 2617 1925 2672 sub

325 2701 469 2774 legis
498 2701 678 2757 littera
707 2703 792 2758 vel
823 2719 1103 2776 synagoga
1127 2721 1140 2758 :
1164 2704 1332 2760 coelos
1362 2712 1599 2775 apertos,
1632 2705 1688 2759 id
1718 2713 1800 2760 est
1827 2721 1925 2778 ge-

325 2790 447 2846 neri
467 2791 724 2857 humano,
777 2792 1004 2863 angelos
1035 2794 1393 2848 ascendentes
1423 2800 1478 2848 et
1503 2794 1920 2861 descendentes,

325 2879 384 2934 id
405 2887 488 2934 est
515 2880 571 2934 in
601 2881 962 2936 ministerium
990 2881 1185 2936 Christi
1210 2899 1224 2936 :
1247 2882 1334 2938 die
1365 2883 1521 2938 tertio
1551 2883 1750 2954 nuptiae
1767 2883 1923 2939 facta:

323 2971 472 3028 sunt,
519 2965 575 3018 id
615 2973 698 3020 est
727 2967 878 3020 tertia
909 2966 1015 3034 lex,
1067 2967 1283 3038 nuptias
1334 2967 1605 3038 copulatio
1658 2968 1922 3024 Ecclesiae

327 3068 455 3108 cum
500 3054 716 3109 Christo
761 3055 1081 3128 intelligitur
1127 3074 1139 3110 :
1189 3056 1357 3111 Maria
1396 3059 1527 3112 Jesu
1577 3057 1631 3110 in
1679 3057 1916 3128 nuptias,

329 3143 568 3197 ostendit
613 3158 954 3216 synagogam
988 3162 1002 3199 :
1031 3146 1190 3199 Jesus
1218 3153 1272 3200 et
1298 3145 1549 3217 discipuli
1579 3146 1714 3216 ejus,
1746 3147 1925 3217 ﬁgura

326 3230 613 3299 Ecclesiae,
653 3231 937 3288 deﬁciente
981 3233 1130 3301 vino,
1165 3234 1219 3290 id
1249 3242 1332 3290 est
1359 3234 1590 3290 defectio
1619 3235 1812 3292 litterae
1840 3235 1925 3291 1e-

325 3319 434 3391 gis.

400 3426 662 3483 Nondum
688 3430 844 3484 venit
865 3429 1000 3485 hora
1021 3443 1166 3494 mea,
1195 3428 1250 3484 id
1267 3437 1346 3484 est
1363 3429 1605 3485 nondum
1628 3429 1774 3487 venit
1791 3437 1926 3484 tem-

324 3530 428 3586 pus
449 3514 721 3586 passionis
741 3516 936 3571 Christi
959 3534 1055 3573 sex
1074 3518 1282 3589 hidriae,
1315 3535 1411 3574 sex
1440 3526 1630 3574 aetates
1656 3519 1712 3573 in
1741 3518 1927 3573 vinum

323 3604 593 3659 Christus.
616 3605 1030 3662 Architriclinus
1048 3607 1328 3662 Johannes
1359 3608 1616 3676 ostendit,
1639 3608 1783 3679 quod
1804 3615 1926 3662 ante

322 3692 747 3749 bibitJohannes
764 3694 1077 3766 passionem
1091 3711 1255 3768 quam
1273 3696 1518 3752 Christus
1543 3715 1556 3751 :
1576 3712 1717 3768 aqua
1739 3696 1925 3751 vinum

322 3780 545 3851 factum,
573 3783 808 3838 ostendit
824 3784 1162 3840 renationem
1183 3794 1236 3840 et
1255 3794 1412 3840 vetus
1434 3786 1846 3841 Testamentum
1870 3786 1929 3840 in

324 3886 548 3925 novum.
568 3871 738 3926 Aliter
755 3887 851 3942 per
871 3888 1064 3945 aquam
1085 3873 1416 3944 baptismum
1434 3875 1697 3930 Johannis
1715 3891 1811 3945 per
1841 3874 1926 3929 vi-

327 3975 455 4012 num
473 3959 656 4029 passio
673 3960 892 4030 Christi,
917 3961 1048 4016 item
1071 3978 1171 4032 per
1191 3963 1378 4018 vinum
1401 3964 1625 4036 sanguis
1643 3963 1838 4019 Christi
1869 3971 1928 4018 ut

321 4048 440 4118 ipse
461 4049 551 4117 ait,
575 4050 801 4122 sanguis
837 4050 954 4118 ejus
991 4067 1154 4106 verus
1179 4060 1338 4122 potus
1370 4061 1471 4118 est,
1513 4054 1717 4108 bonum
1740 4053 1926 4108 vinum

325 4152 566 4202 servare,
590 4138 826 4192 ostendit
855 4139 1210 4209 mysterium:
1235 4141 1492 4211 mysteria
1509 4143 1711 4197 veteris
1731 4143 1926 4196 Testa-

327 4226 493 4280 menti
510 4243 605 4296 per
622 4227 793 4282 boves
815 4229 1112 4284 vendentes
1135 4228 1388 4285 doctores
1402 4231 1658 4296 ostendit,
1677 4231 1767 4303 qui
1781 4231 1927 4285 dona

327 4330 479 4369 sacra
498 4316 756 4384 vendunt,
781 4331 881 4386 per
897 4332 1027 4371 oves
1050 4318 1300 4373 homines
1321 4319 1640 4389 simpliciter
1664 4319 1922 4387 ostendit,

328 4402 607 4476 ﬂagellum
637 4404 706 4460 de
735 4404 1026 4472 resticulis,
1059 4407 1114 4462 id
1136 4414 1219 4461 est
1246 4408 1480 4463 vindicta
1499 4425 1597 4479 pro
1617 4409 1779 4464 variis
1800 4423 1927 4480 pec-

2024 486 2336 558 loquimur,
2382 487 2528 558 quod
2593 487 2826 542 vidimus
2875 495 3170 554 testamur,
3205 489 3350 560 quod
3393 489 3624 547 dicimus

2027 575 2262 631 ostendit
2298 591 2399 646 per
2458 575 2652 631 modos
2700 575 2986 632 locutionis
3028 575 3146 633 sive
3191 577 3324 632 Tota
3366 578 3621 648 Trinitas,

2029 664 2115 720 vel
2147 663 2393 719 Christus
2440 680 2562 720 cum
2612 665 2872 736 apostolis
2902 674 2955 722 et
2982 665 3262 738 prophetis
3296 683 3308 722 :
3341 675 3624 736 testamur,

2028 751 2083 806 id
2114 760 2197 807 est
2245 752 2617 808 testimonium
2664 753 2856 808 damus
2889 771 2902 808 :
2937 754 3366 810 testimoniorum
3412 765 3630 812 nostro-

2029 857 2150 895 rum
2191 856 2302 896 non
2344 841 2588 913 accipitis
2611 885 2625 908 ,
2657 840 2713 896 id
2763 851 2845 898 est
2888 843 3332 914 praedicationem
3388 852 3629 901 nostram

2029 946 2140 985 non
2198 930 2467 986 creditis:
2503 931 2754 986 Christus
2807 930 2875 988 de
2923 932 3063 988 coelo
3115 932 3398 989 descendit
3453 934 3624 990 adsu-

2029 1019 2228 1076 mendo
2257 1035 2493 1075 carnem.

2103 1122 2272 1177 Nemo
2313 1122 2572 1178 ascendit
2597 1122 2669 1178 ad
2717 1123 2938 1188 cretum,
2973 1121 3076 1176 nisi
3109 1122 3354 1178 Christus
3383 1139 3506 1180 cum
3536 1141 3633 1182 ar-

2037 1208 2166 1264 bore
2197 1209 2252 1264 id
2281 1218 2362 1264 est
2391 1209 2642 1265 Ecclesia
2675 1228 2688 1264 :
2720 1211 2860 1266 sicut
2906 1211 3170 1266 exaltatus
3201 1228 3427 1286 serpens
3456 1213 3512 1269 in
3541 1215 3638 1271 de-

2036 1305 2183 1352 serto
2215 1315 2230 1353 :
2264 1306 2316 1352 et
2370 1299 2620 1354 Christus
2663 1299 2931 1354 exaltatus
2977 1308 3062 1355 est
3093 1300 3149 1354 in
3193 1300 3372 1358 libano
3403 1304 3583 1360 crucis
3620 1323 3634 1360 :

2037 1385 2176 1442 sicut
2203 1386 2282 1440 illi
2307 1388 2554 1458 percussi
2581 1403 2614 1442 a
2662 1388 3007 1460 serpentibus
3039 1405 3051 1444 :
3086 1389 3157 1444 ita
3185 1405 3286 1460 per
3313 1390 3490 1446 visum
3512 1409 3636 1448 ser-

2041 1475 2220 1544 pentis
2251 1476 2382 1532 aerei
2413 1475 2791 1532 liberabuntur
2825 1495 2838 1531 :
2870 1477 2946 1532 ita
2993 1485 3046 1533 et
3092 1478 3256 1534 homo
3285 1495 3578 1550 percussus
3609 1499 3640 1538 a

2038 1563 2256 1620 diabolo
2306 1565 2397 1636 qui
2442 1566 2620 1621 credit
2673 1566 2985 1637 passionem
3029 1567 3232 1622 Christi
3259 1568 3582 1625 liberabitur
3617 1590 3631 1627 :

2041 1652 2199 1707 Venit
2218 1653 2276 1707 in
2323 1661 2523 1709 terram
2549 1655 2816 1724 Judmam,
2849 1655 2905 1709 in
2947 1663 3149 1710 terram
3187 1657 3546 1714 confessionis
3575 1659 3633 1715 in

1959 1749 2011 1808 Β
2039 1741 2218 1811 Enon,
2248 1741 2304 1798 id
2335 1751 2417 1798 est
2464 1759 2666 1798 nomen
2694 1743 2801 1800 loci
2848 1743 2937 1798 ubi
2967 1744 3380 1800 immolaverunt
3409 1746 3547 1804 ﬁlios
3578 1754 3632 1804 et

2029 1828 2164 1886 ﬁlias
2195 1847 2324 1886 suas
2355 1832 2658 1899 daemoniis,
2691 1832 2834 1887 unde
2866 1834 3073 1903 accepit
3103 1849 3302 1889 nomen
3333 1837 3625 1908 gehenna:

2023 1919 2177 1986 juxta
2203 1919 2371 1974 Salim
2411 1937 2532 1991 quae
2561 1921 2947 1991 interpretatur
2984 1921 3137 1993 pacis
3184 1939 3347 1995 quam
3395 1940 3631 1980 vocave-

2029 2016 2154 2061 runt
2183 2007 2341 2062 iebus
2371 2008 2516 2063 unde
2565 2017 2896 2080 acceperunt
2943 2025 3141 2064 nomen
3187 2011 3446 2078 Jebusei;
3493 2027 3632 2068 non-

2028 2095 2156 2150 dum
2189 2096 2333 2151 enim
2382 2105 2497 2152 erat
2543 2097 2783 2153 Joannes
2829 2098 2885 2152 in
2931 2113 3169 2168 carcere,
3217 2101 3454 2155 ostendit
3502 2100 3631 2172 quia

2027 2186 2271 2241 nondum
2303 2193 2416 2240 erat
2433 2187 2831 2242 consummatio
2851 2187 2992 2260 legis
3023 2187 3216 2242 litterae
3250 2205 3263 2242 :
3295 2188 3448 2243 illum
3470 2204 3628 2261 opor-

2027 2281 2100 2328 tet
2129 2289 2402 2342 crescere,
2437 2292 2525 2330 me
2557 2285 2737 2330 autem
2765 2275 2936 2330 minui
2970 2292 2982 2330 :
3019 2277 3110 2349 qui
3159 2277 3452 2347 putabatur
3500 2294 3624 2334 esse

2025 2363 2326 2432 prOpheta,
2373 2363 2626 2418 inventus
2675 2371 2757 2418 est
2806 2363 3052 2418 Christus
3111 2371 3164 2418 et
3211 2365 3303 2436 qui
3333 2365 3624 2436 putabatur

2027 2465 2149 2504 esse
2179 2450 2426 2504 Christus
2455 2451 2707 2506 inventus
2742 2459 2824 2506 est
2870 2452 3138 2522 Propheta
3173 2469 3185 2505 :
3221 2453 3367 2522 quod
3416 2453 3526 2509 vidi
3571 2463 3625 2510 et

2024 2537 2207 2592 audivi
2235 2539 2533 2594 secundum
2555 2539 2892 2596 divinitatem
2930 2541 3033 2595 hoc
3071 2539 3392 2596 testificatur
3422 2557 3623 2598 secun-

2024 2626 2152 2680 dum
2181 2626 2515 2683 divinitatem
2545 2628 2910 2683 testimonium
2934 2629 3051 2697 ejus
3089 2644 3249 2684 nemo
3272 2631 3514 2702 accepit:
3538 2631 3627 2687 hic

2040 2722 2211 2770 totum
2230 2731 2332 2786 pro
2351 2724 2505 2788 parte
2549 2717 2771 2787 ponitur
2829 2736 2844 2785 ;
2893 2718 3022 2773 item
3072 2717 3278 2774 credite
3322 2719 3450 2791 quia
3477 2719 3625 2776 Deus

2024 2819 2186 2858 verax
2233 2812 2333 2859 εει.

2097 2887 2388 2964 Oportebat
2421 2910 2550 2951 eum
2591 2897 2838 2950 transire
2880 2911 2984 2968 per
3010 2895 3351 2967 Samariam,
3385 2897 3624 2953 ostendit

2021 2980 2160 3036 sicut
2206 2983 2526 3052 praedicavit
2570 2983 2772 3038 Judaais
2802 3026 2814 3049 ,
2864 2983 3191 3054 praedicaret
3218 2992 3273 3039 et
3317 2985 3620 3056 gentibus:

2020 3069 2285 3140 praedium
2316 3070 2370 3125 id
2402 3079 2484 3126 est
2514 3087 2724 3144 agrum,
2758 3071 2879 3127 fons
2925 3073 2993 3126 ad
3022 3072 3298 3128 fluendum
3326 3083 3519 3145 puteus
3547 3076 3620 3131 ad

2026 3160 2324 3229 potandum
2341 3159 2601 3232 fatigatus
2616 3162 2642 3214 J
2649 3176 2774 3214 esus
2795 3176 2862 3214 ex
2881 3160 3074 3216 itinere
3099 3178 3112 3214 :
3136 3161 3373 3216 ostendit
3390 3162 3620 3218 venien-

2026 3247 2155 3301 dum
2171 3265 2271 3319 per
2289 3248 2717 3304 incarnationem
2738 3264 2902 3318 super
2936 3248 3220 3304 historiam
3249 3249 3388 3323 legis
3409 3249 3622 3324 litterae,

2025 3351 2127 3406 per
2163 3337 2357 3391 horam
2401 3345 2607 3392 sextam
2630 3336 2792 3391 ﬁdem
2810 3337 3277 3394 Samaritanorum
3305 3339 3620 3413 intelligitur

2029 3428 2119 3500 qui
2151 3434 2300 3481 erant
2321 3425 2595 3481 ferventes
2621 3444 2633 3479 :
2658 3425 2856 3481 mulier
2875 3425 2931 3480 id
2965 3433 3048 3481 est
3063 3443 3344 3500 synagoga
3369 3446 3382 3482 :
3404 3427 3626 3484 haurire

2026 3532 2224 3588 aquam
2271 3514 2481 3570 discere
2530 3514 2810 3570 historiam
2855 3513 2996 3584 legis
3029 3515 3220 3570 litterae
3251 3531 3266 3572 :
3295 3517 3430 3587 petit
3464 3519 3628 3572 Jesus

1992 3604 2196 3680 Ilibere
2247 3603 2301 3658 id
2345 3611 2430 3658 est
2469 3610 2651 3672 petere
2681 3601 2845 3658 ﬁdem
2874 3602 3137 3669 mulieris,
3172 3610 3368 3674 puteus
3403 3605 3543 3660 altus
3572 3605 3628 3661 id

2027 3701 2110 3748 est
2151 3691 2375 3748 altitudo
2420 3690 2666 3762 mysterii
2714 3690 2855 3761 legis
2887 3707 2901 3745 :
2933 3689 3054 3745 fons
3094 3706 3251 3762 aquae
3283 3692 3524 3748 salientis
3555 3695 3628 3749 ad

2025 3783 2192 3837 vitam
2211 3789 2490 3846 aeternam,
2522 3780 2575 3834 id
2605 3787 2687 3835 est
2715 3778 3030 3850 praedicatio
3058 3779 3344 3852 Evangelii
3375 3781 3632 3837 ebullien-

2026 3879 2078 3926 te
2097 3886 2164 3925 ex
2185 3887 2282 3924 ore
2292 3869 2662 3941 apostolorum
2675 3868 2790 3924 sive
2803 3867 3144 3923 credentium
3163 3885 3177 3922 :
3202 3868 3440 3940 quinque
3457 3869 3624 3938 viros,

2028 3959 2263 4015 ostendit
2299 3957 2539 4030 quinque
2577 3957 2750 4012 libros
2772 3956 2966 4027 Moysi,
2988 3964 3040 4011 et
3057 3956 3202 4012 hunc
3217 3956 3436 4028 quidem
3458 3959 3630 4013 habes

2028 4056 2133 4114 est,
2178 4056 2301 4101 tuus
2341 4045 2578 4102 ostendit
2616 4045 2815 4100 librum
2845 4047 3012 4100 Josue
3052 4063 3065 4100 :
3103 4045 3337 4117 reliquid
3377 4045 3632 4119 hydriam

2028 4151 2202 4202 suam,
2224 4135 2279 4190 id
2300 4144 2381 4190 est
2399 4135 2685 4206 pristinam
2697 4134 3171 4190 conversationem
3195 4152 3208 4189 :
3230 4134 3360 4190 abiit
3370 4135 3426 4190 in
3445 4135 3636 4192 civita-

2027 4233 2138 4281 tem
2173 4243 2187 4278 :
2221 4241 2284 4280 os
2305 4224 2477 4279 tendit
2496 4223 2826 4295 primitivam
2846 4223 3155 4280 Ecclesiam
3177 4224 3332 4295 quasi
3347 4224 3418 4279 ad
3439 4232 3632 4297 gentes

2029 4313 2142 4367 sive
2160 4313 2228 4368 ad
2251 4313 2512 4384 populum
2533 4331 2545 4366 :
2567 4314 2742 4368 levate
2759 4312 2946 4368 oculos
2965 4311 3244 4368 vestrosid
3266 4321 3348 4367 est
3364 4312 3554 4367 oculos
3571 4312 3635 4368 ﬁ-

2030 4403 2119 4457 dei
2134 4402 2290 4456 albas
2311 4418 2524 4458 messes
2545 4403 2599 4456 id
2612 4410 2697 4456 est
2724 4401 2890 4457 corda
2909 4400 3147 4456 ﬁdelium
3175 4419 3187 4455 :
3210 4401 3301 4472 qui
3323 4402 3634 4458 seminave-

327 4473 465 4548 catis
494 4492 640 4547 unde
689 4492 992 4562 ejiciuntur,
1035 4494 1102 4550 de
1133 4495 1378 4552 Ecclesia
1409 4516 1422 4551 :
1455 4473 1614 4552 Jesus
1660 4514 1770 4552 non
1801 4473 1924 4553 cre-
1954 4473 2006 4532 D
2029 4499 2175 4562 runt,
2198 4492 2254 4546 id
2271 4500 2353 4547 est
2363 4492 2680 4562 prophetas;
2701 4491 2792 4562 qui
2809 4498 3152 4545 metuntsunt
3171 4489 3635 4560 apostoli.Mansit

327 4579 490 4635 debat
511 4597 571 4635 se
602 4582 780 4652 ipsum
809 4582 937 4648 illis,
962 4583 1015 4636 id
1047 4591 1126 4638 est
1156 4601 1257 4655 pro
1290 4595 1447 4656 parte
1470 4587 1652 4642 carnis
1674 4585 1936 4640 Nichodi-

326 4686 448 4723 mus
479 4678 638 4725 nocte
661 4671 807 4726 venit
836 4672 907 4725 ad
937 4671 1109 4739 illum,
1141 4690 1242 4743 per
1272 4683 1485 4730 noctem
1529 4676 1767 4730 ostendit
1795 4675 1937 4730 litte-

326 4773 440 4812 ram
469 4757 611 4830 legis
643 4777 658 4812 :
692 4759 807 4815 sive
835 4759 1202 4830 ignorantiam
1248 4764 1433 4819 cordis
1462 4772 1522 4818 ut
1549 4764 1937 4818 inlustraretur

327 4863 356 4900 a
387 4847 611 4914 lumine,
648 4847 889 4904 scientia
915 4849 1014 4905 Dei
1043 4868 1056 4904 :
1089 4850 1290 4906 scimus
1335 4853 1479 4924 quod
1509 4869 1538 4906 a
1571 4854 1686 4908 Deo
1719 4852 1912 4908 venisti
1921 4904 1934 4932 ,

327 4935 566 4990 ostendit
633 4951 728 4991 eos
770 4937 861 5008 qui
910 4947 1238 5010 receperunt
1295 4941 1566 4996 Christum
1606 4958 1706 5013 per
1749 4940 1934 5023 ﬁdem,

327 5041 451 5080 caro
473 5024 714 5081 nascitur
743 5042 808 5081 ex
841 5042 1002 5082 carne
1034 5035 1089 5083 et
1120 5029 1401 5102 sanguine,
1437 5039 1493 5085 ut
1514 5031 1660 5086 vivat
1681 5045 1937 5101 corpora-

325 5113 450 5169 liter
478 5115 536 5168 in
564 5115 787 5180 mundo,
814 5115 1006 5170 iterum
1037 5118 1341 5174 renascitur
1386 5120 1565 5175 anima
1594 5119 1939 5176 ineﬁ'abiliter

326 5218 392 5257 ex
423 5203 623 5273 Spiritu
648 5211 836 5260 sancto
879 5212 938 5258 ut
966 5203 1107 5260 vivat
1136 5206 1189 5260 in
1221 5215 1504 5263 aeternam.

403 5293 653 5364 Spiritus
682 5293 778 5348 ubi
809 5293 931 5348 vult
962 5296 1164 5366 spirat,
1199 5295 1255 5350 id
1286 5305 1367 5351 est
1390 5314 1556 5369 quem
1583 5297 1695 5353 vult
1722 5297 1937 5352 inlumi-

325 5388 440 5446 nat,
462 5381 603 5436 sicut
645 5380 774 5437 dicit
804 5382 1120 5453 Apostolus,
1158 5385 1250 5457 qui
1283 5387 1429 5440 enim
1456 5387 1698 5441 adhaeret
1722 5386 1936 5441 Christo

325 5485 467 5523 unus
486 5469 710 5540 spiritus
728 5478 811 5524 est
825 5511 837 5524 .
883 5471 1087 5526 Vocem
1098 5489 1278 5528 meam
1292 5475 1465 5545 audis,
1491 5473 1936 5532 ostenduntinlu-

324 5557 679 5613 minationem
710 5559 859 5613 auris
888 5559 1071 5614 cordis
1115 5563 1259 5619 unde
1290 5565 1559 5635 Propheta
1589 5565 1682 5631 ait,
1716 5564 1936 5620 audiam

466 5647 710 5702 PATROL.
754 5647 942 5703 CXIV.

2039 4590 2183 4661 apud
2201 4606 2295 4644 eos
2318 4589 2454 4644 duos
2467 4588 2604 4656 dies,
2630 4587 2684 4641 id
2702 4595 2784 4642 est
2804 4594 2928 4657 post
2949 4587 3056 4641 duo
3099 4593 3419 4641 testamenta
3439 4588 3634 4643 tradita

2037 4679 2269 4733 Judzais:
2293 4678 2421 4732 abiit
2441 4678 2494 4730 in
2514 4676 2810 4740 Galilmam,
2836 4675 2889 4729 id
2907 4681 2992 4729 est
3021 4678 3088 4729 ad
3112 4682 3306 4747 gentes
3327 4693 3340 4730 :
3364 4675 3454 4731 hic
3475 4676 3634 4732 aliter

2038 4769 2128 4840 qui
2158 4767 2353 4822 mortui
2374 4774 2497 4820 sunt
2527 4764 2902 4835 corporaliter,
2926 4763 2981 4817 in
3001 4763 3180 4818 futuro
3199 4762 3421 4818 audiunt
3441 4781 3635 4820 vocem

2039 4854 2156 4921 ejus
2197 4861 2250 4907 et
2292 4851 2677 4906 resuscitantur
2707 4867 2720 4903 ε
2755 4849 2891 4903 sicut
2933 4848 3097 4903 habet
3139 4848 3194 4902 in
3243 4864 3332 4920 se,
3347 4849 3514 4904 vitam
3562 4849 3635 4906 ita

2038 4950 2092 4996 et
2120 4940 2262 4994 ﬁlius
2297 4959 2310 4994 :
2343 4940 2488 5012 quod
2518 4939 2714 4995 dicitur
2759 4937 2910 4993 dedit
2945 4936 3071 5005 ﬁlio,
3118 4938 3220 4992 hoc
3249 4944 3332 4992 est
3358 4954 3460 5009 pro
3480 4947 3634 5010 parte

2037 5030 2221 5086 carnis
2256 5047 2268 5083 :
2302 5029 2394 5100 qui
2422 5029 2565 5082 bona
2584 5027 2833 5082 fecerunt
2860 5027 2916 5080 in
2933 5026 3332 5081 resurrectione
3360 5027 3503 5095 vitae,
3528 5026 3634 5086 hoc

2037 5129 2118 5175 est
2148 5119 2240 5190 qui
2280 5117 2519 5188 seipsum
2560 5115 2765 5185 judicat
2807 5115 3046 5187 resurgit
3089 5123 3142 5169 et
3171 5115 3328 5171 aliter
3358 5117 3449 5189 qui
3476 5133 3630 5174 mor-

2035 5208 2111 5262 tui
2169 5216 2294 5262 sunt
2348 5207 2404 5260 in
2434 5205 2675 5276 peccatis
2701 5247 2714 5272 ,
2747 5219 2844 5274 per
2896 5204 3312 5260 conversionem
3366 5204 3492 5262 ﬁdei
3541 5205 3627 5262 vi-

2035 5304 2167 5352 vunt
2195 5296 2262 5350 ad
2307 5296 2473 5351 vitam
2497 5337 2510 5365 ,
2544 5294 2648 5366 ipsi
2677 5300 2967 5365 resurgunt
2993 5293 3062 5348 ad
3081 5293 3347 5362 judicium
3370 5339 3383 5361 ,
3419 5294 3510 5365 qui
3541 5293 3631 5350 hic

2033 5385 2173 5439 male
2203 5391 2433 5456 egerunt
2465 5401 2478 5437 :
2511 5383 2657 5455 quod
2687 5382 2816 5438 dicit
2842 5398 2952 5437 non
2981 5380 3118 5438 facio
3148 5399 3180 5438 a
3209 5400 3297 5439 me
3314 5383 3622 5455 quicquam,

2033 5473 2268 5529 ostendit
2294 5489 2395 5544 pro
2424 5480 2578 5544 parte
2629 5471 2872 5542 corporis
2907 5489 2920 5525 :
2954 5471 3094 5526 sicut
3122 5470 3282 5526 audio
3313 5480 3365 5526 et
3387 5470 3574 5540 judico
3609 5486 3622 5526 :

2026 5563 2290 5630 judicium
2320 5579 2499 5618 meum
2539 5561 2745 5631 justum
2788 5567 2890 5628 est,
2923 5573 3034 5615 non
3077 5573 3264 5630 quaero
3292 5559 3622 5613 voluntatem

3029 5659 3098 5712 29
