4002 6184
333 212 438 266 907

893 207 1298 264 WALAFRIDI
1339 205 1582 262 STRABI
1621 205 1819 261 FULD.
1861 203 2033 261 MON.
2076 204 2228 262 OPP.
2271 209 2446 265 PARS
2484 210 2526 264 Ι.
2560 240 2630 250 -
2659 210 3133 268 THEOLOGICA.

3539 217 3648 270 908

336 349 533 399 meam,
567 333 664 388 sed
695 331 784 404 qui
814 331 960 386 misit
982 347 1069 386 me
1100 331 1294 397 Patris,
1329 331 1416 386 hic
1432 329 1764 386 voluntatem
1783 314 1949 384 δυωιῖ
1973 329 2251 390 Ationum
2328 342 2672 405 paternarum
2706 353 2720 388 :
2755 335 2869 391 sive
2926 336 3233 394 Ecclesiam
3281 353 3346 392 ex
3394 337 3658 409 gentibus

335 423 533 494 posuit,
566 438 668 493 pro
696 421 975 476 membris.

408 513 469 567 Si
530 512 921 566 testimoni-um
975 508 1234 581 prohibeo
1279 507 1345 563 de
1393 524 1501 573 me,
1555 508 1947 564 testimonium

339 617 531 656 meum
568 617 686 656 non
739 603 823 654 est
870 612 1100 666 verum;
1134 597 1273 652 sicut
1296 595 1370 652 ait
1405 595 1680 661 Salomon,
1733 596 1948 651 laudate

342 689 553 744 alienus
581 704 691 743 non
719 703 780 742 os
811 695 958 740 tuum
993 704 1006 739 :
1041 701 1216 756 neque
1247 701 1438 740 vocem
1457 686 1573 754 ejus
1589 685 1814 739 audiunt
1843 701 1948 740 un-

343 794 526 850 quam,
559 776 791 831 ostendit
817 773 1068 829 infideles
1099 773 1192 845 qui
1220 773 1664 844 praedicationem
1696 774 1811 842 ejus
1840 789 1952 828 non

344 873 694 938 receperunt,
719 864 961 920 ascendit
1000 863 1052 917 in
1083 873 1324 918 montem
1354 879 1478 919 cum
1510 863 1792 933 discipulis
1815 863 1947 927 suis,

349 956 405 1010 id
435 963 516 1009 est
549 954 618 1008 ad
647 953 897 1008 altiorem
930 952 1095 1007 vitam
1125 952 1423 1008 ascendere
1453 959 1727 1022 temptans
1757 951 1955 1022 Philip-

347 1059 496 1115 pum,
522 1043 577 1097 id
599 1050 680 1097 est
709 1041 778 1096 ad
808 1041 1153 1112 probandum
1171 1057 1278 1096 non
1297 1041 1365 1095 ad
1386 1041 1722 1111 perdendum
1756 1057 1769 1093 :
1804 1038 1953 1111 quin-

339 1148 444 1204 que
471 1146 662 1202 panes,
715 1129 953 1201 quinque
982 1130 1106 1183 libri
1137 1129 1308 1200 Moysi
1340 1147 1352 1183 :
1384 1145 1483 1200 per
1519 1129 1830 1195 ordiatium,
1863 1128 1951 1181 in-

341 1220 606 1292 telligitur
653 1218 922 1289 asperitas
963 1217 1104 1289 legis
1150 1217 1341 1272 littera:
1376 1235 1388 1272 :
1422 1217 1627 1272 fmnum
1686 1216 1949 1282 multum,

343 1308 608 1380 perfectio
653 1307 838 1378 populi
889 1307 1169 1361 ostendit:
1203 1307 1447 1377 nunquid
1491 1314 1683 1378 pereat
1726 1306 1794 1360 de
1822 1305 1952 1359 reli—

348 1398 471 1470 quis
503 1398 558 1451 id
589 1406 670 1453 est
691 1397 854 1451 nolite
876 1395 1091 1450 mittere
1112 1395 1418 1451 doctrinam
1441 1395 1532 1450 ubi
1552 1411 1662 1450 non
1681 1392 1911 1449 aedificat
1937 1411 1950 1448 :

347 1486 592 1543 ascendit
623 1486 770 1541 solus
800 1485 855 1539 in
899 1493 1159 1550 montem,
1192 1485 1247 1538 id
1276 1491 1359 1539 est
1377 1492 1610 1555 patrem,
1644 1482 1953 1538 descende-

344 1584 472 1632 runt
500 1574 748 1645 discipuli
779 1573 849 1629 ad
877 1589 1046 1642 mare,
1081 1574 1186 1628 hoc
1231 1580 1313 1628 est
1339 1572 1406 1627 ad
1424 1580 1617 1644 gentes
1649 1588 1662 1628 :
1693 1571 1956 1626 ascende-

2048 438 2169 492 quaa
2197 421 2510 494 relinquens
2531 425 2704 478 Deum
2732 422 2998 480 fornicata
3020 433 3102 481 est
3123 441 3245 481 cum
3268 425 3612 482 daemonibus
3638 444 3654 480 :

2047 510 2176 582 quia
2205 511 2481 567 adducunt
2524 527 2644 567 eam
2688 513 2742 567 in
2779 513 2980 583 medio,
3014 513 3251 572 ostendit
3274 515 3494 570 Iudaeos
3525 515 3657 586 quia

2048 606 2392 656 accusatores
2426 608 2550 655 sunt
2596 600 2858 657 Ecclesia
2887 601 3088 658 Christi
3125 620 3139 656 :
3171 604 3388 673 Moyses
3416 603 3658 658 menda-

2049 688 2124 743 vit
2153 687 2396 760 lapidare
2429 695 2483 742 tu
2509 688 2640 760 quid
2667 687 2805 744 dicis
2825 690 2853 744 ?
2883 699 3210 762 temptantes
3241 707 3365 746 eum
3394 707 3496 763 pro
3518 691 3659 746 dua-

2050 776 2152 831 bus
2180 776 2383 847 causis,
2417 777 2464 832 si
2513 777 2740 833 dixisset
2788 777 3037 850 lapidare
3093 779 3361 835 dixissent
3415 778 3491 834 illi
3539 796 3656 835 non

2049 865 2178 922 facit
2207 864 2298 922 ille
2327 864 2473 938 quod
2494 865 2655 922 docet
2682 865 2959 922 remittitte
2995 868 3062 922 ad
3081 884 3202 934 nos,
3228 868 3274 922 si
3295 867 3525 924 dixisset
3541 883 3659 924 non

2049 952 2281 1026 lapidari
2308 953 2574 1009 dixissent
2620 955 2986 1011 contradictor
3032 956 3172 1028 legis
3212 965 3295 1012 est
3326 975 3341 1011 :
3371 959 3534 1012 Jesus
3563 957 3657 1012 in-

2051 1043 2260 1099 clinans
2299 1059 2359 1098 se
2406 1041 2685 1109 deorsum,
2720 1043 2776 1099 id
2805 1052 2888 1100 est
2917 1045 2988 1101 de
3037 1044 3258 1101 sedibus
3305 1046 3552 1116 paternis
3598 1045 3659 1100 in

2051 1132 2315 1187 mundum
2353 1131 2424 1187 ad
2478 1131 2797 1188 redimenda
2850 1141 3074 1204 peccata
3125 1134 3345 1207 generis
3393 1134 3654 1200 humani,

2052 1220 2222 1293 digito
2266 1220 2536 1278 scribebat
2563 1221 2617 1275 in
2654 1228 2802 1276 terra
2843 1239 2856 1276 :
2889 1222 3123 1277 ostendit
3185 1232 3406 1293 peccata
3462 1239 3658 1278 eorum

2053 1309 2226 1365 erexit
2256 1316 2309 1365 te
2341 1325 2401 1365 se
2422 1318 2475 1364 ut
2507 1309 2748 1382 erigeret
2776 1325 2871 1366 eos
2903 1310 2993 1382 qui
3023 1310 3348 1367 incedebant
3376 1311 3432 1365 in
3456 1327 3658 1382 pecca-

2053 1397 2121 1453 tis
2145 1416 2158 1452 :
2179 1398 2376 1453 iterum
2423 1396 2692 1454 inclinans
2725 1415 2805 1466 se,
2839 1399 3109 1454 scribebat
3135 1399 3191 1454 in
3230 1408 3396 1464 terra,
3420 1401 3662 1455 ostendit

2053 1487 2286 1542 remissa
2315 1492 2539 1558 peccata
2565 1485 2810 1542 mulieris
2845 1505 2858 1541 :
2891 1487 3154 1543 remansit
3184 1488 3334 1543 solus
3352 1489 3513 1544 Jesus
3534 1505 3662 1543 cum

2053 1573 2284 1630 muliere
2323 1575 2379 1629 in
2425 1575 2610 1644 domo,
2653 1575 2710 1631 id
2739 1583 2821 1631 est
2842 1591 2968 1632 cum
3003 1576 3256 1632 Ecclesia
3297 1576 3355 1631 in
3401 1577 3605 1632 mundo
3642 1595 3658 1631 :

344 1673 471 1721 runt
501 1665 554 1719 in
609 1679 822 1730 navem,
859 1662 912 1716 id
946 1670 1027 1717 est
1073 1661 1128 1715 in
1161 1661 1464 1718 Ecclesium
1502 1660 1743 1750 tenebrae
1797 1659 1954 1715 factm
1982 1691 2035 1750 B
2060 1665 2150 1736 qui
2184 1664 2431 1737 sequitur
2457 1680 2547 1719 me
2592 1679 2704 1720 non
2771 1664 3015 1720 ambulat
3041 1665 3097 1720 in
3125 1665 3388 1732 tenebris,
3423 1665 3664 1721 ostendit

349 1761 493 1823 sunt,
527 1753 582 1807 id
619 1761 700 1807 est
730 1759 1144 1822 vesperascente
1175 1750 1378 1804 mundo
1409 1757 1496 1804 aut
1528 1749 1787 1820 impetum
1816 1764 1950 1820 per-

350 1841 648 1898 secutionis
678 1848 800 1912 post
830 1839 1206 1895 ascensionem
1237 1838 1434 1894 Christi
1469 1855 1482 1893 :
1515 1838 1864 1910 remigantes,
1896 1836 1952 1890 id

347 1939 430 1986 est
461 1929 840 2002 confugientes
863 1928 930 1982 ad
964 1928 1255 1983 Christum.

423 2049 614 2105 Jesum
643 2044 1030 2100 ambulantem
1073 2059 1241 2116 super
1266 2058 1447 2106 mare,
1479 2041 1533 2095 id
1557 2048 1638 2096 est
1655 2040 1953 2097 calcantem

352 2136 478 2193 vitia
497 2134 685 2190 mundi
719 2149 731 2188 :
767 2132 953 2188 turbas
999 2132 1360 2187 ascendentes
1387 2130 1452 2204 in
1483 2146 1678 2186 navem
1709 2145 1956 2200 quaeren-

343 2233 429 2282 tes
472 2227 679 2293 Jesum,
713 2221 950 2277 ostendit
1003 2228 1061 2274 ut
1112 2236 1303 2275 omnes
1366 2235 1489 2275 cum
1520 2218 1743 2289 proprio
1772 2217 1957 2272 labore

350 2313 632 2386 requirunt
691 2311 963 2366 Christum
998 2325 1010 2364 :
1043 2325 1205 2363 manu
1231 2307 1428 2362 dicitur
1476 2307 1620 2378 apud
1669 2305 1954 2370 Hebraeos,

339 2402 485 2458 unde
543 2398 752 2470 accepit
810 2411 1010 2452 nomen
1039 2411 1237 2450 manna
1269 2394 1414 2465 apud
1459 2394 1705 2459 Latinos,
1744 2393 1847 2448 hoc
1876 2399 1960 2446 est

351 2490 506 2562 panis
541 2489 698 2544 vivus
751 2486 867 2542 sive
895 2501 1115 2556 corpus
1141 2483 1337 2539 Christi
1367 2480 1812 2553 transﬁguratum
1840 2496 1966 2552 my—

342 2579 532 2648 sterio,
581 2577 754 2632 tribus
794 2573 974 2630 modis
995 2573 1284 2628 suscitatur
1327 2572 1506 2638 homo,
1548 2571 1603 2624 id
1635 2579 1717 2624 est
1746 2569 1814 2624 de
1842 2567 1963 2623 infi-

347 2667 570 2725 delitate
611 2666 683 2722 ad
729 2662 893 2719 ﬁdem
920 2706 932 2729 ,
967 2664 1037 2718 de
1085 2670 1308 2733 peccato
1360 2661 1428 2714 ad
1472 2658 1874 2731 paenitentiam,
1907 2656 1962 2710 in

339 2757 640 2813 novissimo
685 2754 773 2808 die
814 2751 1188 2822 corporaliter,
1216 2750 1271 2803 in
1305 2748 1769 2804 resurrectionem
1803 2764 1815 2800 :
1859 2761 1963 2816 ego

336 2847 464 2903 vivo
495 2851 722 2917 propter
744 2851 977 2913 patrem,
1004 2840 1300 2895 ostendunt
1346 2837 1650 2892 secundum
1690 2835 1963 2889 divitatem

346 2931 741 3005 scenophegia,
794 2931 850 2984 id
884 2937 967 2985 est
1001 2929 1144 2983 fictio
1176 2927 1660 2983 tabernaculorum
1693 2941 1704 2979 :
1741 2940 1838 2978 vos
1870 2939 1963 2978 as—

339 3022 572 3080 cenditis
630 3021 699 3076 ad
749 3020 894 3076 diem
943 3018 1164 3086 festum,
1199 3031 1304 3087 ego
1357 3030 1456 3069 nos
1504 3012 1743 3068 ascendo
1783 3029 1795 3065 :
1850 3012 1960 3067 Vos

346 3111 544 3184 quibus
575 3109 836 3164 mundum
879 3105 1185 3160 delectatur
1215 3119 1319 3176 ego
1347 3119 1458 3156 non
1488 3101 1797 3168 ascendam,
1833 3099 1956 3171 quia

347 3217 458 3258 non
486 3215 609 3254 sum
640 3197 708 3251 de
735 3195 960 3260 mundo,
997 3193 1084 3247 die
1121 3191 1258 3246 festo
1302 3190 1595 3245 mediante.

420 3313 691 3372 Ascendit
722 3313 885 3367 Jesus
914 3309 1337 3378 Jorosolymam,
1368 3304 1600 3359 maxime
1635 3303 1956 3360 incendente

345 3406 462 3461 zelo
510 3403 821 3457 Judmorum
857 3417 869 3452 :
902 3413 1026 3452 mea
1073 3396 1322 3451 doctrina
1350 3411 1460 3449 non
1492 3403 1572 3448 est
1629 3410 1772 3459 mea,
1824 3401 1878 3448 et
1907 3392 1952 3447 si

348 3510 473 3549 mea
502 3491 776 3564 quomodo
806 3505 914 3544 non
943 3486 1106 3541 mea?
1158 3502 1278 3540 mea
1311 3493 1393 3540 est
1424 3501 1546 3555 quae
1592 3501 1658 3538 ex
1699 3499 1795 3538 ore
1830 3497 1953 3537 meo

349 3583 428 3639 eis
457 3581 705 3654 procedit
738 3597 750 3633 :
790 3594 897 3633 non
927 3585 1008 3631 est
1040 3592 1161 3630 mea
1191 3575 1318 3646 quia
1358 3589 1478 3645 qum
1511 3572 1580 3627 ad
1624 3581 1834 3643 patrem
1863 3586 1954 3626 au-

342 3673 453 3728 divi
504 3674 664 3727 :haec
710 3670 903 3740 loquor
946 3665 1123 3732 vobis,
1171 3664 1325 3718 aliter
1371 3663 1672 3719 secundum
1731 3675 1953 3716 carnem

341 3788 466 3827 mea
509 3778 610 3840 est,
661 3768 757 3823 sed
809 3766 1108 3822 secundum
1155 3761 1490 3817 divinitatem
1537 3776 1646 3814 non
1697 3765 1778 3813 est
1830 3771 1954 3810 mea

343 3876 510 3916 unum
542 3875 678 3929 opus
711 3857 813 3912 feci
845 3863 898 3910 et
926 3869 1118 3909 omnes
1149 3849 1424 3905 miramini
1476 3856 1644 3903 totum
1679 3845 1953 3901 hominem

346 3965 538 4005 sanum
560 3947 662 4002 feci
685 3947 740 3999 in
772 3944 1055 4006 sabbatho,
1103 3941 1208 3995 hoc
1233 3947 1315 3993 est
1345 3946 1511 3993 totum
1543 3952 1718 4007 genus
1759 3936 1953 3988 huma-

347 4054 498 4103 num,
523 4037 576 4090 in
607 4050 750 4089 novo
771 4034 1121 4088 Testamento
1148 4047 1161 4082 :
1193 4027 1360 4082 nolite
1385 4026 1632 4095 judicare
1654 4023 1954 4078 secundum

350 4125 566 4189 faciem,
621 4124 676 4178 id
707 4129 790 4178 est
819 4135 1107 4191 personam
1159 4115 1394 4171 hominis
1439 4114 1606 4168 nolite
1653 4112 1954 4182 accipere:

349 4212 570 4273 nescitis
603 4213 748 4268 unde
777 4211 898 4278 sim,
927 4209 981 4262 id
1018 4214 1101 4262 est
1127 4205 1428 4261 secundum
1459 4216 1699 4258 carnem.

345 4328 348 4330 ’
422 4332 616 4389 Adhuc
657 4327 941 4386 modicum
987 4324 1268 4379 vobiscum
1313 4337 1458 4384 sum,
1505 4315 1739 4372 ostendit
1777 4328 1952 4386 usque

2053 1769 2161 1810 non
2198 1761 2409 1808 tantum
2455 1769 2685 1826 gressus
2716 1754 2920 1824 pedum
2968 1753 3066 1809 sed
3130 1752 3385 1810 affectum
3424 1754 3609 1809 cordis
3645 1771 3661 1807 :

2051 1858 2161 1899 non
2190 1841 2247 1896 in
2277 1842 2532 1911 tenebris,
2571 1841 2627 1897 id
2659 1849 2744 1896 est
2762 1841 3103 1915 ignorantiae,
3141 1858 3319 1914 neque
3340 1843 3395 1896 in
3416 1843 3664 1898 tenebris

2051 1939 2400 2002 peccatorum
2436 1947 2448 1986 :
2482 1931 2581 1986 sed
2624 1931 2850 1986 habebit
2885 1931 3071 1987 lumen
3099 1931 3244 1997 vitae,
3275 1929 3334 1986 id
3363 1940 3449 1986 est
3476 1931 3664 1986 lumen

2054 2020 2296 2076 scientia:
2325 2027 2378 2075 et
2410 2019 2596 2075 lumen
2623 2028 2951 2091 perpetuum
2997 2019 3167 2074 multa
3196 2019 3372 2075 habeo
3403 2019 3474 2074 de
3504 2019 3665 2075 vobis

2054 2108 2206 2182 loqui
2237 2116 2290 2164 et
2324 2108 2592 2178 judicare,
2628 2108 2864 2164 ostendit
2893 2107 3016 2180 quia
3049 2108 3093 2162 si
3123 2107 3464 2163 credideritis
3493 2108 3665 2162 multa

2055 2213 2155 2253 vos
2206 2197 2417 2254 docebo
2451 2215 2464 2252 :
2495 2204 2547 2252 et
2593 2196 2639 2252 si
2671 2212 2782 2252 non
2830 2195 3184 2264 credideritis,
3218 2196 3389 2251 multa
3408 2195 3563 2268 loqui
3591 2196 3660 2249 ad

2057 2286 2461 2343 excusationem
2508 2293 2768 2342 vestram.

2131 2421 2232 2476 Ille
2261 2420 2328 2476 ab
2361 2419 2530 2476 initio
2587 2419 2872 2476 homicida
2921 2421 3048 2475 erat
3078 2438 3096 2475 :
3126 2417 3252 2490 quia
3301 2417 3666 2490 semetipsum

2059 2508 2328 2565 interfecit
2381 2507 2749 2578 superbiendo
2801 2525 2816 2562 :
2866 2507 3021 2562 aliter
3077 2507 3312 2578 primum
3381 2507 3664 2562 hominem

2062 2613 2226 2672 quem
2254 2598 2402 2653 Deus
2429 2596 2792 2652 immortalem
2813 2595 3054 2652 condidit
3073 2603 3125 2650 et
3146 2595 3325 2667 ipsum
3354 2595 3483 2652 fecit
3510 2612 3668 2652 mor-

2062 2686 2247 2752 talem,
2280 2693 2333 2741 et
2379 2701 2480 2757 per
2522 2685 2639 2754 ejus
2680 2684 3091 2758 suggestionem
3121 2685 3336 2740 occisus
3366 2692 3451 2740 est
3476 2685 3616 2740 Abel
3649 2703 3664 2738 :

2065 2775 2186 2846 quis
2207 2791 2272 2830 ex
2297 2776 2411 2829 Deo
2429 2781 2512 2829 est
2541 2774 2710 2830 verba
2726 2773 2826 2830 Dei
2849 2774 3016 2841 audit,
3041 2773 3096 2831 id
3126 2782 3208 2832 est
3227 2773 3322 2846 qui
3336 2772 3594 2845 intelligit
3611 2780 3668 2828 et

2063 2863 2222 2918 facit:
2249 2863 2603 2919 Samaritanis
2626 2879 2687 2918 es
2723 2871 2780 2917 et
2811 2862 3136 2918 daemonium
3170 2863 3359 2932 habes,
3397 2862 3486 2917 hic
3513 2861 3664 2933 quod

2063 2967 2174 3007 non
2195 2952 2295 3008 fuit
2314 2968 2416 3008 nec
2433 2952 2637 3008 habere
2666 2960 2719 3007 et
2749 2952 2895 3023 quod
2929 2957 3044 3006 erat
3085 2952 3313 3007 tacendo
3345 2951 3619 3006 consentit
3643 2965 3658 3004 :

1983 3051 2031 3114 Ο
2064 3057 2168 3114 ego
2190 3041 2420 3114 gloriam
2440 3057 2616 3097 meam
2634 3057 2743 3096 non
2764 3055 2963 3113 quaero,
3007 3048 3089 3096 est
3111 3040 3202 3110 qui
3223 3039 3416 3112 quaerit
3445 3038 3666 3106 etjudi-

2054 3138 2139 3188 cet
2163 3147 2176 3186 :
2202 3132 2348 3187 Deus
2371 3132 2529 3185 Pater
2560 3149 2574 3196 ;
2600 3145 2709 3186 non
2726 3145 2912 3202 quaero
2933 3129 3071 3184 sicut
3088 3128 3438 3184 simulatores
3458 3127 3668 3182 faciunt

2054 3227 2108 3275 et
2135 3219 2330 3288 injuste
2353 3219 2595 3288 judicant
2627 3235 2639 3274 :
2674 3218 2950 3274 Abraham
2977 3224 3132 3289 pater
3159 3225 3342 3272 vester
3371 3215 3667 3271 exsultavit

2052 3316 2110 3362 ut
2138 3307 2347 3364 videret
2391 3308 2538 3363 diem
2575 3323 2757 3362 meum
2788 3324 2802 3360 :
2834 3306 2967 3362 vidit
2999 3313 3050 3360 et
3088 3305 3337 3378 gravisus
3367 3313 3471 3370 est,
3506 3305 3562 3358 id
3582 3312 3668 3360 est

2055 3396 2190 3452 vidit
2221 3395 2388 3451 fidem
2436 3397 2492 3450 in
2523 3395 2716 3468 spiritu
2750 3403 2802 3450 ct
2850 3394 2985 3450 vidit
3013 3393 3165 3450 illum
3195 3394 3247 3448 in
3289 3407 3530 3465 persona
3561 3409 3667 3446 an-

2056 3484 2313 3559 gelorum
2352 3503 2366 3540 :
2409 3493 2525 3540 tres
2548 3484 2701 3554 vidit,
2735 3484 2892 3556 quasi
2938 3499 3103 3538 unum
3135 3482 3389 3538 salutavit
3418 3482 3512 3536 ubi
3532 3481 3668 3535 dixit

2055 3573 2305 3629 divertite
2333 3573 2538 3629 domini
2569 3572 2678 3629 mei
2706 3573 2777 3628 ad
2799 3573 3022 3628 domum
3043 3573 3189 3627 servi
3209 3571 3379 3627 vestri
3414 3571 3463 3625 si
3483 3570 3669 3626 inveni

2054 3662 2287 3734 gratiam
2327 3662 2382 3717 in
2415 3661 2587 3718 oculis
2627 3661 2735 3716 tuis
2771 3677 2783 3716 :
2824 3676 3004 3725 amen,
3041 3676 3200 3716 amen
3229 3660 3354 3715 dico
3392 3658 3552 3715 vobis
3581 3665 3668 3712 est

2054 3766 2217 3807 amen
2281 3751 2588 3825 geminatus
2642 3749 2976 3818 intellectus,
3025 3766 3156 3805 vere
3213 3749 3330 3805 sive
3378 3746 3659 3803 fideliter:

2054 3841 2382 3896 adnuntians
2434 3841 2648 3896 Novum
2681 3846 2735 3893 et
2780 3838 2945 3894 Vetus
2995 3839 3400 3893 Testamentum
3466 3853 3482 3892 :
3538 3843 3667 3891 ante

2058 3931 2326 3984 Abraham
2359 3945 2462 4001 ego
2494 3945 2614 3983 sum
2639 3945 2651 3981 :
2673 3928 2742 3983 de
2779 3927 3061 3984 divinitate
3083 3927 3236 3983 locus
3253 3934 3335 3983 est
3368 3944 3384 3980 :
3424 3925 3668 3980 tulerunt

2058 4017 2277 4089 lapides
2309 4026 2366 4072 ut
2386 4017 2631 4086 jacerent
2651 4016 2707 4072 in
2737 4032 2881 4086 eum,
2915 4015 2970 4070 id
3013 4023 3096 4070 est
3125 4013 3342 4086 lapidea
3362 4013 3532 4069 corda
3562 4013 3666 4068 ha-

2055 4107 2246 4163 bentes
2279 4123 2292 4160 :
2327 4105 2616 4162 abscondit
2657 4106 2817 4160 Jesus
2837 4148 2849 4169 ,
2883 4104 3119 4160 ostendit
3165 4119 3226 4159 se
3274 4103 3607 4159 absconsum
3634 4116 3668 4156 ι

2054 4194 2308 4251 cordibus
2339 4209 2525 4250 eorum
2549 4209 2629 4260 se,
2662 4193 2825 4249 exivit
2853 4193 2924 4249 de
2943 4192 3163 4264 templo,
3189 4191 3245 4248 id
3272 4191 3441 4249 estde
3463 4191 3668 4262 populo

2053 4285 2366 4340 Judaeorum
2393 4285 2554 4338 Jesus
2581 4283 2795 4339 transiit
2822 4297 2923 4356 per
2958 4281 3201 4338 medium
3249 4296 3458 4347 eorum,
3496 4281 3554 4335 id
3586 4287 3670 4335 est

352 4423 409 4478 in
437 4420 750 4493 passionem
785 4434 798 4470 :
835 4413 1091 4486 quaeretis
1121 4426 1210 4465 me
1237 4417 1290 4464 et
1316 4424 1425 4463 non
1454 4404 1762 4470 invenietis,
1794 4403 1847 4457 id
1870 4409 1952 4456 est
1979 4409 2031 4469 D
2055 4373 2189 4429 abut
2206 4372 2277 4430 ad
2307 4381 2522 4446 gemes°

353 4491 704 4583 corporaliter
733 4514 786 4561 et
816 4503 906 4559 ubi
938 4516 1041 4573 ego
1075 4516 1195 4554 sum
1215 4513 1314 4554 vos
1342 4513 1449 4552 non
1480 4495 1708 4567 potestis
1738 4491 1947 4560 venire,

360 4601 416 4656 id
447 4579 529 4656 est
569 4614 667 4670 per
709 4591 1143 4650 incredulitatem
1175 4587 1279 4642 nisi
1309 4602 1411 4657 per
1457 4583 1620 4638 fidem
1655 4599 1666 4638 :
1697 4582 1751 4636 in
1781 4579 1960 4636 novis-

357 4692 496 4748 simo
524 4695 704 4743 autem
735 4684 821 4738 die
854 4679 1181 4744 festivitatis,
1215 4677 1269 4731 id
1300 4684 1382 4731 est
1412 4681 1634 4745 peracta
1669 4671 1956 4726 festivitate

355 4780 670 4835 Iudaeorum
704 4793 716 4828 :
753 4771 845 4845 qui
891 4769 1000 4824 sitit
1030 4767 1211 4822 veniat
1249 4774 1302 4821 et
1332 4764 1499 4828 bibat,
1530 4761 1585 4816 id
1615 4768 1696 4815 est
1728 4759 1820 4829 qui
1848 4757 1957 4812 sitit

358 4869 586 4924 verbum
614 4864 721 4920 Dei
749 4860 928 4917 veniat
959 4866 1012 4913 et
1061 4856 1211 4910 bibat
1257 4853 1552 4909 doctrinam
1599 4845 1887 4917 Evangelii
1942 4862 1955 4899 :

362 4957 584 5011 flumina
612 4955 679 5009 de
708 4958 919 5011 ventre,
955 4948 1011 5001 id
1041 4954 1122 5000 est
1166 4943 1416 4999 doctrina
1444 4941 1512 4996 de
1544 4939 1707 4995 corde
1741 4954 1755 4991 :
1791 4935 1959 4989 ﬂuent

364 5061 516 5115 aqua:
570 5043 744 5110 vivae,
810 5039 867 5093 id
928 5043 1010 5091 est
1077 5031 1391 5106 praedicatio
1458 5026 1783 5100 Evangelii,
1837 5039 1958 5095 quae

364 5133 531 5188 donat
566 5136 884 5200 perpetuam
926 5125 1136 5179 vitam:
1169 5121 1294 5193 quia
1353 5120 1510 5174 Jesus
1557 5115 1801 5171 nondum
1841 5119 1960 5168 erat

359 5216 773 5282 honorificatus,
816 5213 1050 5268 ostendit
1080 5208 1575 5266 honoriﬁcationem
1604 5201 1876 5277 passionis
1907 5208 1961 5258 et

362 5303 782 5368 resurrectionis
826 5318 838 5356 :
871 5300 1076 5356 reversi
1117 5307 1240 5354 sunt
1264 5296 1638 5368 unusquisque
1655 5293 1711 5348 in
1740 5292 1961 5348 domum

361 5415 518 5459 suam
538 5396 592 5452 id
623 5401 704 5450 est
731 5391 787 5446 in
814 5389 1070 5444 malitiam
1107 5403 1282 5443 suam.

435 5535 636 5594 Mulier
663 5531 727 5585 in
753 5523 1032 5583 adulterio
1063 5521 1429 5593 deprehensa,
1465 5515 1702 5573 ostendit
1719 5527 1963 5586 synago-

366 5641 492 5700 gam
519 5638 641 5698 quae
686 5611 1007 5678 adulteravit
1049 5609 1231 5682 legem
1269 5606 1445 5679 Moysi
1471 5613 1658 5663 secuta
1685 5610 1768 5661 est
1796 5600 1966 5659 tradi-

2134 4517 2282 4573 Vidit
2315 4516 2601 4573 hominem
2649 4530 2861 4571 ccecum
2893 4529 2927 4568 a
2974 4513 3280 4569 nativitate
3314 4529 3326 4567 :
3362 4526 3542 4569 caecus
3577 4513 3674 4568 hu-

2055 4631 2274 4670 manum
2294 4629 2468 4686 genus
2487 4611 2823 4686 significatur
2850 4627 2864 4665 :
2898 4612 3081 4684 Neque
3105 4610 3192 4664 hic
3211 4609 3472 4683 peccavit
3489 4625 3671 4682 neque

2053 4729 2234 4787 paren
2243 4716 2323 4769 te:
2356 4711 2497 4784 ejus,
2521 4718 2578 4765 ut
2607 4709 2885 4783 intelligas
2900 4708 3006 4764 hoc
3023 4707 3166 4780 quod
3191 4706 3323 4761 dixit
3340 4722 3521 4777 neque
3536 4721 3670 4777 pec-

2058 4811 2202 4867 cavit
2233 4828 2248 4865 :
2279 4809 2452 4866 Adam
2498 4808 2707 4881 primus
2758 4815 2972 4864 creatus
2999 4805 3068 4862 ad
3118 4804 3414 4863 videndum
3462 4803 3670 4859 malum

2058 4908 2274 4965 clausos
2303 4905 2492 4962 habuit
2521 4904 2731 4976 oculos,
2764 4918 2890 4962 cum
2915 4912 3300 4976 transgressus
3321 4901 3420 4956 fuit
3447 4901 3674 4957 manda-

2057 5015 2171 5062 tum
2202 5006 2301 5062 Dei
2334 5022 2350 5062 :
2379 5012 2596 5076 apertos
2627 5003 2814 5060 oculos
2862 5001 3034 5059 tenuit
3062 5000 3132 5056 ad
3156 5000 3362 5056 malum
3395 5007 3449 5055 et
3477 4997 3674 5056 clausit

2058 5106 2128 5162 ad
2172 5103 2422 5162 bonum?
2452 5102 2582 5174 quid
2621 5101 2787 5176 igitur
2828 5108 3085 5172 parentes
3111 5097 3217 5154 nisi
3245 5115 3419 5172 genus
3469 5098 3670 5154 huma-

2059 5219 2211 5274 num,
2245 5211 2298 5258 et
2325 5199 2672 5273 instigatores
2712 5198 2969 5255 vitiorum
3012 5204 3106 5254 aut
3133 5195 3252 5268 ipsa
3297 5195 3429 5251 vitia
3459 5193 3671 5269 signiﬁ-

2060 5309 2249 5359 cantur
2266 5301 2294 5355 7
2317 5315 2406 5356 me
2435 5306 2653 5371 oportet
2681 5297 2916 5370 operari,
2947 5295 3002 5352 id
3034 5302 3116 5352 est
3135 5293 3435 5377 praedicare
3460 5293 3671 5349 :donec

2063 5398 2180 5455 dies
2209 5406 2312 5466 est,
2352 5397 2406 5453 id
2453 5404 2536 5454 est
2582 5396 2712 5452 dum
2742 5412 2862 5451 sum
2891 5393 2947 5449 in
2975 5393 3176 5448 mundo
3211 5408 3224 5446 :
3257 5391 3408 5447 venit
3439 5405 3570 5455 nox,
3613 5387 3667 5444 id

2062 5507 2146 5554 est
2172 5495 2478 5571 persecutio
2507 5493 2882 5568 apostolorum
2911 5493 3027 5549 sive
3055 5490 3366 5564 persecutio
3397 5488 3675 5546 Antichri-

2064 5596 2133 5654 sti
2189 5612 2299 5654 nox
2355 5595 2572 5668 quando
2628 5609 2790 5651 nemo
2841 5599 3021 5666 potest
3076 5589 3313 5663 Operari,
3340 5587 3398 5644 id
3437 5596 3522 5645 est
3548 5593 3676 5661 post
