4002 6184
361 190 470 242 909

1222 190 1601 249 EXPOSITIO
1648 194 1720 248 IN
1749 192 2083 263 QUATUOR
2112 197 2544 260 EVANGELIA.
2591 237 2660 246 —
2707 208 2781 263 IN
2807 207 3013 266 JOAN.

3551 226 3656 279 910

361 311 797 403 uniuscujusque
828 313 1029 369 exitum
1054 332 1067 369 :
1101 316 1316 387 exspuit
1361 316 1418 371 in
1448 326 1666 385 terram,
1698 318 1755 373 id
1785 326 1868 374 est
1904 319 1961 373 in
1981 320 2037 380 A
2070 322 2251 378 vivent
2282 342 2296 379 :
2330 328 2531 383 mansit
2558 329 2632 383 ibi
2655 331 2792 387 duos
2812 333 2950 403 dies,
2969 333 3024 389 id
3042 344 3123 390 est
3144 338 3282 394 duos
3313 348 3654 403 testamenta.

364 387 748 456 carnaﬂonem
778 401 996 457 Christi.

436 517 644 572 Lutum
663 517 822 587 fecit,
848 517 1041 573 linivit
1058 519 1245 576 oculos
1262 535 1412 576 meos
1431 539 1449 576 :
1462 520 1698 575 ostendit
1715 520 1854 577 sicut
1865 520 1971 591 pri-

361 620 515 658 mum
546 603 825 660 hominem
854 605 924 661 de
953 607 1085 663 limo
1114 615 1277 663 terrae
1313 609 1564 663 formavit
1595 609 1667 663 ita
1696 626 1795 680 per
1821 626 1971 664 eum-

365 691 494 748 dem
531 709 710 765 genus
737 693 834 749 luti
864 695 1177 752 reformavit
1223 714 1400 770 genus
1432 698 1731 753 humanum
1763 716 1777 753 :
1825 698 1972 754 Vade

362 790 417 837 et
445 780 568 836 lava
588 782 659 838 ad
680 784 949 839 natatoria
991 784 1159 854 Siloe,
1192 786 1576 842 demonstrans
1601 786 1933 858 baptismum
1957 804 1970 841 :

362 886 467 942 per
483 878 740 942 parentes
766 871 1088 945 intelligitur
1103 874 1348 929 diabolus
1378 891 1476 931 seu
1506 876 1672 930 vitia:
1702 875 1795 948 qui
1832 875 1977 930 dixe-

364 967 495 1014 runt
522 968 736 1016 aetatem
783 960 948 1016 habet
990 962 1109 1032 ipse
1150 979 1248 1033 pro
1279 980 1339 1019 se
1373 963 1762 1036 loquaturzqui
1804 964 1977 1020 noluit

364 1047 645 1104 hominem
672 1047 919 1105 conﬁteri
973 1050 1243 1105 Christum
1275 1069 1289 1106 :
1322 1052 1468 1109 hunc
1514 1053 1789 1109 nescimus
1832 1053 1976 1110 unde

368 1136 476 1192 sit:
522 1137 758 1193 ostendit
807 1138 933 1209 quia
967 1138 1284 1194 nesciebant
1322 1142 1439 1211 ejus
1485 1141 1870 1198 divinitatem:
1921 1142 1976 1196 in

352 1224 567 1294 judicio
594 1241 700 1297 ego
734 1226 875 1292 veni,
908 1226 964 1282 in
994 1228 1138 1284 hunc
1176 1228 1457 1295 mundum,
1491 1230 1722 1285 ostendit
1752 1230 1845 1302 qui
1873 1246 1975 1286 au-

368 1313 449 1368 dit
478 1313 727 1381 verbum,
761 1323 814 1370 et
844 1316 1045 1387 recepit
1066 1316 1329 1386 judicium
1376 1318 1584 1388 accepit
1612 1318 1680 1373 ad
1718 1319 1977 1374 condem-

364 1402 678 1473 pnandum:
703 1412 761 1458 ut
788 1404 881 1476 qui
905 1420 1013 1459 non
1031 1405 1214 1460 vident
1233 1405 1466 1467 videant.
1488 1407 1725 1461 ostendit
1746 1416 1974 1479 gentes:

368 1507 495 1561 qua
511 1490 694 1563 legem
710 1508 821 1547 non
838 1501 1165 1564 acceperunt
1198 1512 1212 1549 :
1247 1502 1299 1549 et
1330 1494 1421 1566 qui
1450 1494 1631 1550 videm
1663 1496 1793 1551 caeci
1825 1494 1974 1566 ﬁant,

365 1579 425 1634 id
457 1587 541 1635 est
570 1580 788 1636 Iudaeos
819 1580 911 1652 qui
927 1582 1180 1637 videbant
1199 1599 1300 1653 per
1320 1582 1501 1655 legem
1521 1584 1651 1640 caici
1678 1582 1800 1639 facti
1830 1592 1973 1653 sunt,

364 1667 498 1740 quia
528 1684 637 1723 non
668 1669 1017 1725 crediderunt
1048 1670 1111 1724 in
1142 1670 1433 1726 Christum.

450 1784 559 1853 Qui
578 1802 694 1842 non
724 1786 954 1841 intrant
986 1803 1090 1859 per
1112 1789 1395 1859 januam:
1416 1787 1652 1843 ostendit
1687 1788 1977 1860 episcopos

367 1875 464 1948 qui
495 1890 596 1946 per
625 1873 854 1945 praemia
874 1874 1075 1928 intrant
1103 1890 1213 1930 non
1242 1892 1341 1946 per
1368 1877 1704 1933 vocationem
1734 1877 1833 1933 Dei
1862 1878 1979 1934 sive

366 1963 575 2036 populi,
599 1970 842 2034 pastores
868 1971 993 2017 sunt
1013 1963 1216 2028 ovium,
1246 1965 1338 2036 qui
1366 1981 1468 2036 pro
1492 1965 1646 2022 lucro
1671 1966 1979 2022 animarum

367 2068 483 2108 non
498 2068 596 2123 pro
613 2051 908 2107 ambitione
924 2051 1108 2107 saeculi
1130 2062 1253 2108 sunt
1273 2071 1286 2107 :
1310 2053 1434 2109 huic
1455 2054 1707 2109 ostiarius
1744 2054 1942 2126 apertit
1962 2071 1974 2112 :

364 2141 578 2213 primus
632 2140 889 2196 ostiarius
935 2141 1176 2196 Joannes
1223 2159 1528 2212 praecursor
1573 2143 1792 2210 Christi,
1839 2144 1981 2199 Scri-

367 2238 546 2302 pturaa
576 2228 853 2300 Scriptura
882 2230 1063 2286 divina
1094 2231 1266 2286 vocati
1294 2231 1571 2301 nominati,
1611 2232 1667 2286 id
1698 2240 1781 2287 est
1830 2234 1980 2288 novit

367 2318 635 2375 Dominus
663 2318 756 2390 qui
786 2326 911 2372 sunt
940 2318 1054 2387 ejus
1104 2336 1118 2373 :
1159 2320 1412 2390 producit
1440 2320 1560 2375 illas
1591 2320 1646 2374 in
1676 2320 1977 2377 doctrinam

370 2407 491 2462 sive
520 2407 578 2461 in
616 2422 872 2482 regnum,
920 2414 1046 2462 ante
1077 2406 1199 2462 illos
1245 2408 1409 2476 vadit,
1442 2408 1498 2462 id
1543 2417 1626 2464 est
1670 2410 1979 2480 exemplum

376 2495 527 2568 quod
555 2495 737 2551 docuit
764 2494 918 2566 prius
940 2494 1064 2551 fecit
1096 2513 1109 2549 :
1144 2496 1403 2566 prmcedit
1432 2496 1554 2551 illos
1581 2496 1639 2551 in
1668 2513 1844 2571 regna
1874 2513 1980 2554 cm-

379 2583 579 2650 lorum,
642 2583 758 2640 sive
818 2592 872 2639 et
934 2599 1126 2639 omnes
1175 2584 1427 2641 doctores
1476 2585 1608 2641 boni
1668 2586 1982 2657 prmeedunt

376 2672 666 2744 exemplis.

453 2790 646 2845 Vocem
684 2804 870 2844 meam
908 2787 1173 2854 audiunt,
1209 2788 1262 2842 id
1302 2795 1383 2844 est
1410 2788 1976 2845 doctrinamzalienus

373 2884 694 2948 sequuntur,
717 2876 771 2930 id
804 2884 886 2931 est
914 2875 1071 2946 ﬁdes,
1096 2876 1343 2931 doctrina
1361 2877 1744 2934 haereticorum
1779 2886 1975 2950 :quot-

373 2972 505 3037 quot
536 2971 802 3020 venerunt
834 2963 978 3019 fures
1007 2963 1222 3019 fuerunt
1252 2973 1304 3020 et
1332 2965 1592 3037 latrones,
1623 2966 1678 3021 id
1700 2974 1782 3021 est
1804 2983 1973 3037 pseu-

2069 411 2271 467 Eamus
2300 415 2495 471 iterum
2515 416 2569 471 in
2584 418 2845 489 Iudaeam,
2870 438 3143 480 reversam
3171 424 3331 483 fidem
3361 429 3416 484 in
3444 433 3661 493 Iudaeos

2068 515 2167 570 per
2181 500 2356 557 Eliam
2378 513 2430 560 et
2450 505 2642 563 Enoch
2669 507 2725 562 in
2760 508 2923 566 ﬁnem
2951 514 3139 568 mundi
3159 532 3172 569 :
3192 516 3483 576 duodecim
3509 523 3660 581 horas

2070 596 2193 643 sunt
2219 589 2346 661 diei,
2388 592 2507 648 dies
2538 594 2785 652 Christus
2815 606 2896 652 est
2923 616 2935 654 :
2958 601 3247 660 duodecim
3268 606 3415 662 hora:
3445 609 3659 667 duode-

2071 675 2215 731 cium
2245 681 2475 749 apostoli
2496 701 2510 750 ;
2546 684 2591 737 si
2612 685 2733 756 quis
2750 686 3111 745 ambulaverit
3126 691 3182 746 in
3203 693 3291 749 die
3310 711 3420 751 non
3441 696 3667 754 offendit

2071 763 2127 818 in
2152 765 2261 833 die,
2292 768 2347 822 id
2363 776 2446 824 est
2464 771 2519 825 in
2536 772 2786 829 doctrina
2815 775 3013 833 Christi
3034 786 3126 834 aut
3156 784 3526 853 apostolorum
3556 803 3667 844 non

2072 853 2368 948 oﬂ'enditin
2396 869 2624 930 peccato
2656 863 2785 934 quia
2812 864 2992 922 lucem
3014 869 3172 939 hujus
3200 874 3389 930 mundi
3410 875 3576 948 videt,
3610 876 3667 934 id

2075 951 2156 998 est
2184 945 2455 1002 Christum
2483 965 2584 1019 per
2603 951 2885 1009 scientiam
2915 955 3081 1012 videt.

2148 1033 2206 1090 Si
2225 1035 2347 1105 quis
2367 1037 2740 1096 ambulaverit
2758 1042 2820 1097 in
2838 1048 3001 1100 nocte
3034 1046 3270 1118 oﬂ‘endit
3286 1068 3305 1106 :
3322 1066 3423 1122 per
3455 1060 3671 1110 noctem

2075 1119 2396 1195 intelligitur
2411 1126 2649 1183 tenebrae
2669 1139 3039 1202 peccatorum,
3075 1136 3188 1193 sive
3213 1119 3524 1211 ignorantia
3544 1158 3674 1199 cor-

2075 1209 2205 1265 dis':
2237 1227 2345 1266 non
2379 1222 2494 1269 erat
2510 1215 2604 1281 ibi,
2637 1218 2890 1290 ostendit,
2924 1209 3272 1292 prmsentiam
3311 1229 3490 1285 carnis
3530 1231 3676 1288 scie-

2077 1298 2165 1353 bat
2191 1309 2468 1357 mortuum
2499 1320 2640 1371 esse,
2674 1306 2729 1361 id
2761 1317 2843 1363 est
2883 1311 3006 1383 quia
3054 1314 3237 1370 omnia
3268 1317 3418 1373 novit
3450 1336 3463 1375 :
3507 1337 3675 1376 unum

2075 1386 2131 1480 in
2160 1388 2325 1480 domo
2352 1392 2824 1467 archisynagogae,
2848 1398 2957 1455 duo
2978 1399 3145 1457 ﬁlium
3169 1403 3347 1463 vidum
3375 1406 3433 1462 in
3462 1417 3677 1480 portam

2076 1476 2309 1571 civitatis
2339 1481 2560 1536 tertium
2589 1482 2855 1540 Lazarum
2884 1488 2952 1544 de
2981 1501 3352 1563 monumento,
3397 1476 3675 1571 in_domo,

2075 1564 2132 1620 id
2163 1575 2244 1621 est
2273 1568 2330 1623 in
2359 1570 2526 1626 corde
2559 1588 2573 1626 :
2605 1571 2662 1626 in
2690 1582 2867 1644 porta,
2900 1575 2956 1632 id
3005 1588 3087 1634 est
3128 1581 3184 1636 in
3223 1598 3354 1651 ore;
3384 1584 3439 1640 in
3478 1564 3679 1643 monti-'-

2001 1674 2053 1733 B
2076 1663 2279 1723 mento,
2310 1657 2365 1711 id
2395 1666 2478 1713 est
2523 1659 2579 1714 in
2607 1675 2794 1733 Opere,
2829 1680 2930 1735 per
2945 1668 3163 1725 easdem
3192 1671 3425 1729 moritur
3448 1674 3612 1731 homo
3628 1686 3683 1738 et

2078 1760 2179 1814 per
2194 1745 2415 1801 easdem
2437 1749 2869 1809 resuscitabttur.

2150 1860 2370 1916 Martha
2393 1866 2457 1917 ut
2473 1864 2693 1921 audivit
2708 1868 2840 1939 quia
2870 1871 3001 1926 Iesu
3031 1874 3188 1930 venit
3206 1875 3445 1934 obviavit
3462 1879 3514 1935 ei
3534 1898 3553 1935 :
3582 1880 3681 1937 Hic

2079 1948 2289 2004 Martha
2339 1948 2610 2022 signiﬁcat
2653 1954 2956 2012 Ecclesiam
3013 1977 3135 2033 quae
3179 1962 3420 2022 obviavit
3467 1966 3683 2025 Christo

2078 2053 2180 2107 per
2209 2036 2371 2093 ﬁdem
2406 2054 2418 2094 :
2444 2040 2616 2097 Maria
2645 2042 2794 2098 domi
2826 2046 3072 2115 sedebat,
3115 2052 3583 2124 contemplationis
3607 2054 3684 2112 vi-

2079 2133 2193 2180 tam
2240 2127 2497 2199 ostendit,
2546 2130 2638 2200 qui
2687 2133 2857 2188 credit
2904 2134 2961 2189 in
3010 2153 3098 2193 me
3143 2146 3198 2195 et
3233 2150 3479 2198 mortuus
3520 2142 3685 2201 fuerit

2080 2221 2211 2279 vivit
2268 2223 2382 2281 sive
2430 2228 2801 2298 corporaliter,
2855 2231 2969 2289 sive
3028 2233 3085 2290 in
3128 2239 3369 2308 peccatis
3410 2257 3513 2312 per
3556 2258 3683 2313 poe-

2079 2310 2357 2368 nitentiam
2391 2332 2404 2369 :
2433 2316 2610 2371 omnis
2641 2318 2735 2390 qui
2778 2320 2907 2375 vivit
2941 2330 2995 2378 et
3036 2325 3209 2381 credit
3237 2325 3294 2382 in
3335 2310 3428 2384 me
3458 2310 3577 2401 qui—
3591 2330 3684 2388 hic

2077 2399 2135 2454 in
2164 2401 2322 2457 bonis
2353 2404 2612 2475 operibus
2642 2406 2774 2463 vivit
2802 2407 2859 2464 in
2889 2410 3123 2482 Christo,
3155 2430 3266 2470 non
3312 2399 3580 2476 morietur
3625 2418 3683 2475 in

2078 2496 2345 2545 aeternum

2148 2588 2514 2660 Lacrymatus
2543 2595 2631 2647 est
2659 2593 2818 2650 Iesus
2852 2613 2871 2650 :
2901 2596 3137 2652 ostendit
3167 2598 3307 2656 sicut
3336 2618 3500 2658 verus
3529 2604 3678 2662 Deus

2079 2683 2132 2731 et
2161 2692 2325 2731 verus
2354 2677 2519 2734 homo
2549 2681 2857 2752 exemplum
2906 2687 3303 2757 compassionis
3345 2698 3446 2763 est,
3492 2691 3677 2767 ligatis

2077 2764 2332 2820 manibus
2369 2767 2651 2838 et’pedes,
2702 2770 2938 2827 ostendit
2987 2773 3219 2831 vinculis
3261 2764 3611 2850 peccatorum
3662 2800 3676 2839 :

2076 2850 2247 2909 facies
2278 2855 2500 2912 sudario
2529 2857 2745 2929 ligatus,
2779 2860 2834 2915 id
2880 2869 2963 2916 est
3005 2863 3254 2921 velamen
3297 2884 3463 2940 super
3505 2872 3675 2930 corda

2075 2942 2390 2999 Iudaeorum
2424 2962 2437 2999 :
2472 2946 2664 3002 solvite
2685 2948 2855 3016 illum,
2889 2949 2944 3005 id
2974 2959 3057 3007 est
3073 2970 3174 3024 per
3225 2956 3672 3026 praedicationem

372 3028 732 3125 doprOphetae
750 3052 841 3124 qui
864 3052 1078 3108 fuerunt
1096 3053 1145 3107 ei
1167 3061 1324 3109 erunt
1346 3028 1591 3124 tempore
1625 3028 1939 3110 Antichristi
1958 3074 1973 3123 ;
2008 3029 2058 3092 C
2076 3028 2202 3125 δᾷθί
2216 3032 2431 3125 χλαίίθθξ
2446 3043 2651 3105 (ἰαθηίο
2668 3037 2877 3106 majora
2899 3039 3058 3113 signa
3073 3042 3349 3113 Videbunt,
3383 3053 3533 3104 tanto
3548 3064 3674 3105 ma-

369 3159 471 3214 per
516 3158 604 3197 me
653 3142 698 3196 si
742 3141 862 3213 quis
906 3141 1188 3197 intraverit
1232 3142 1526 3197 salvabitur
1570 3144 1721 3199 :hoc
1762 3152 1845 3199 est
1888 3144 1979 3216 qui

370 3246 476 3304 per
522 3231 825 3286 doctrinam
875 3230 1074 3285 Christi
1128 3230 1419 3285 salvabitur
1451 3248 1464 3285 :
1498 3231 1836 3304 ingrediatur
1878 3249 1981 3303 per

372 3319 753 3391 paenitentiam
784 3319 838 3373 in
867 3319 1193 3389 Ecclesiam,
1227 3328 1281 3375 et
1324 3320 1677 3392 egredientur
1715 3322 1783 3376 de
1831 3338 1978 3392 prae-

375 3408 517 3464 senti
548 3408 751 3464 saeculo
767 3408 834 3462 ad
860 3424 1093 3481 regnum
1114 3408 1213 3463 Dei
1240 3426 1253 3463 :
1283 3408 1459 3478 aliter,
1485 3409 1751 3482 egredere
1792 3418 1980 3465 contra

372 3496 661 3553 haereticos
693 3497 1119 3570 expugnandum
1144 3515 1157 3551 :
1184 3497 1270 3551 fur
1288 3514 1398 3553 non
1426 3497 1573 3553 venit
1604 3498 1707 3551 nisi
1737 3507 1795 3552 ut
1835 3498 1981 3555 occi-

373 3586 466 3642 det
498 3593 551 3641 et
582 3586 794 3656 perdet,
830 3585 918 3640 isti
945 3595 1067 3640 sunt
1097 3586 1319 3641 ordines
1370 3586 1719 3642 sacerdotum
1750 3587 1840 3659 qui
1879 3604 1979 3658 pro

375 3666 556 3739 gratia
584 3664 726 3735 turpi
775 3665 913 3720 lucri
944 3682 1053 3720 non
1083 3680 1182 3736 pro
1226 3665 1381 3721 lucro
1428 3666 1736 3721 animarum
1786 3667 1980 3740 ingre-

373 3749 616 3815 diuntur,
656 3763 760 3820 ego
792 3748 917 3803 veni
966 3756 1022 3802 ut
1051 3749 1219 3803 vitam
1259 3749 1523 3814 habeatis,
1566 3748 1619 3802 id
1653 3756 1735 3803 est
1779 3749 1980 3804 doctri-

370 3854 500 3893 nam
542 3852 743 3902 meam,
778 3844 830 3891 et
878 3837 1245 3891 abundantius
1294 3837 1554 3905 habeatis,
1590 3837 1645 3892 id
1688 3846 1771 3893 est
1809 3838 1978 3893 vitam

372 3930 674 3979 aeternam:
708 3921 1079 3976 mercenarius
1112 3929 1190 3975 est
1222 3921 1312 3993 qui
1338 3937 1440 3992 pro
1471 3922 1624 3977 lucro
1645 3930 1866 3977 terreno
1887 3923 1979 3978 do-

375 4018 461 4068 cet
496 4029 511 4065 :
546 4010 683 4065 vidit
712 4010 900 4081 lupum
932 4010 1087 4082 fugit,
1120 4009 1175 4063 id
1212 4018 1294 4064 est
1308 4010 1589 4065 diabolum
1632 4010 1718 4067 vel
1761 4011 1981 4067 hereti-

373 4115 501 4156 cum
548 4117 562 4153 :
610 4099 743 4154 alias
773 4114 904 4154 oves
936 4099 1113 4153 habeo
1159 4115 1281 4170 quae
1311 4114 1420 4153 non
1453 4108 1577 4154 sunt
1607 4116 1671 4155 ex
1698 4101 1803 4156 hoc
1853 4100 1982 4155 ovili

374 4196 569 4261 gentes
598 4187 856 4253 ostendit,
890 4187 959 4241 sit
988 4203 1127 4241 unus
1149 4203 1283 4257 grex
1315 4194 1368 4242 et
1396 4204 1536 4242 unus
1556 4196 1766 4259 pastor,
1797 4188 1855 4243 id
1897 4196 1982 4245 est

372 4277 624 4335 Ecclesia
652 4285 707 4332 et
747 4277 996 4332 Christus
1031 4295 1044 4330 :
1076 4276 1166 4333 hic
1208 4275 1346 4347 lapis
1391 4276 1673 4350 angularia
1716 4276 1980 4333 interme-

374 4367 528 4422 dium
555 4365 820 4437 parietem
848 4365 938 4437 qui
968 4364 1023 4419 ﬁt
1052 4372 1284 4436 utraque
1312 4381 1501 4420 unum.

438 4505 783 4561 Potestatcm
796 4501 963 4558 habeo
973 4502 1223 4574 ponendi
1235 4503 1491 4557 animam
1502 4517 1688 4558 meam
1699 4505 1756 4557 et
1771 4503 1982 4558 iterum

372 4592 639 4649 sumendi
672 4608 796 4648 eam
818 4611 836 4646 :
869 4589 1100 4645 ostendit
1138 4606 1237 4661 pro
1267 4599 1416 4662 parte
1432 4590 1626 4658 carnis,
1652 4598 1803 4661 pater
1836 4590 1983 4663 quod

375 4681 527 4738 dedit
564 4679 695 4736 mihi
742 4680 1003 4748 majorem
1044 4679 1315 4747 omnibus,
1361 4678 1593 4734 ostendit
1638 4679 1849 4735 Christo
1896 4678 1983 4735 vel

371 4769 573 4842 Spiritu
592 4769 692 4825 Dei
717 4769 977 4838 majorem
1007 4784 1129 4823 esse
1169 4767 1419 4823 omnibus
1450 4768 1704 4839 operibus
1736 4767 1918 4824 saeculi
1964 4784 1977 4824 :

375 4874 484 4931 ego
512 4857 622 4913 dixi
655 4857 729 4913 dii
760 4858 890 4912 estis
921 4856 1091 4911 tribus
1121 4857 1297 4911 modis
1327 4855 1537 4923 dicitur,
1588 4857 1642 4910 id
1675 4864 1757 4911 est
1786 4873 1981 4912 essen-

373 4947 589 5013 tialiter,
624 4946 717 5019 qui
741 4962 956 5016 semper
985 4953 1085 5011 est,
1120 4945 1173 5000 id
1218 4952 1300 5000 est
1341 4947 1485 5000 Deus
1520 4962 1532 5001 :
1566 4946 1978 5016 nuncupativus,

375 5036 454 5092 dii
482 5035 612 5091 estis
648 5053 662 5089 :
694 5033 828 5090 false
858 5034 991 5089 deos
1030 5033 1225 5089 dicitur
1251 5033 1529 5089 daemones
1562 5034 1677 5089 sive
1706 5034 1871 5090 idola.

446 5124 599 5180 Abiit
628 5127 787 5180 trans
822 5123 1141 5190 Iordanem,
1179 5122 1235 5176 id
1252 5130 1333 5178 est
1354 5123 1422 5176 ad
1438 5131 1652 5194 gentes,
1686 5123 1777 5177 ubi
1808 5125 1981 5179 Joan-

372 5229 477 5270 nes
488 5213 722 5285 primum
739 5211 1018 5283 baptizans
1035 5211 1235 5265 mansit
1250 5211 1343 5277 ibi,
1389 5212 1626 5266 ostendit
1642 5213 1945 5268 Ecclesiam
1964 5229 1978 5266 :

376 5299 608 5354 Lazarus
652 5294 844 5368 figurat
885 5296 1100 5351 Iudaeos
1131 5295 1254 5367 quia
1292 5295 1466 5351 Judaei
1512 5294 1706 5349 inﬁrmi
1754 5305 1906 5351 erant
1950 5311 1985 5352 a

377 5387 487 5443 fide
529 5385 769 5442 Christi:
807 5386 1004 5438 Martha
1059 5392 1113 5439 et
1160 5383 1317 5439 Maria
1374 5384 1674 5439 doctrinam
1721 5385 1983 5440 bonorum

372 5465 685 5525 Judzeorum
698 5469 935 5524 ostendit
964 5486 978 5523 :
1010 5469 1127 5524 haec
1154 5466 1434 5522 inﬁrmitas
1465 5483 1574 5522 non
1605 5475 1687 5522 est
1721 5468 1791 5523 ad
1830 5484 1982 5524 mor-

377 5575 511 5635 tem,
558 5566 794 5623 ostendit
835 5566 962 5639 quia
991 5565 1084 5638 qui
1113 5564 1310 5622 mortui
1352 5572 1476 5621 sunt
1516 5564 1829 5622 hominibus
1867 5568 1984 5623 Deo

2078 3120 2165 3190 gis
2196 3121 2615 3178 obcaecabantur
2648 3142 2661 3179 :
2696 3125 2933 3182 tulerunt
2950 3128 3131 3186 locum
3149 3139 3201 3187 et
3217 3141 3457 3206 gentem,
3491 3136 3675 3194 locum

2079 3208 2497 3282 Jerosolymam,
2545 3213 2828 3283 possident
2857 3217 3089 3273 Romani
3128 3228 3181 3275 et
3224 3230 3416 3294 gentes
3433 3242 3554 3296 quae
3583 3225 3672 3282 di-

2081 3298 2258 3367 spersi
2288 3307 2411 3354 sunt
2431 3317 2531 3371 per
2562 3302 2836 3373 regiones,
2857 3306 3115 3379 princeps
3133 3324 3326 3366 causas
3347 3312 3497 3380 dixit,
3518 3330 3676 3386 expe-

2080 3384 2157 3439 dit
2185 3403 2353 3441 unum
2374 3388 2647 3444 hominem
2665 3392 2806 3447 mori
2827 3410 2989 3465 quam
3019 3403 3129 3451 tota
3150 3414 3287 3471 gens
3314 3410 3525 3472 pereat,
3549 3384 3676 3476 quia

2079 3473 2441 3530 ministerium
2471 3478 2569 3533 Dei
2599 3478 2836 3535 habebat
2874 3499 2990 3553 prae
3027 3486 3279 3543 manibus
3318 3496 3369 3546 et
3413 3473 3676 3562 Spiritum

2081 3562 2181 3617 Dei
2210 3564 2314 3619 hoc
2344 3564 2557 3620 locutus
2592 3574 2693 3634 est,
2727 3576 2783 3623 ut
2829 3570 2993 3626 Filius
3036 3574 3136 3629 Dei
3180 3576 3273 3647 qui
3315 3578 3476 3634 divisi
3518 3589 3676 3637 erant

2081 3660 2447 3725 congregaret
2462 3654 2517 3707 in
2549 3671 2717 3709 unum
2736 3655 2793 3710 in
2822 3664 2935 3714 toto
2976 3662 3178 3719 mundo
3211 3681 3225 3718 :
3258 3665 3472 3723 Martha
3508 3669 3669 3724 mini-
3734 3654 3741 3665 ’

2081 3740 2306 3809 strabat,
2340 3743 2575 3798 ostendit
2594 3744 2825 3800 activam
2852 3747 3035 3805 vitam.

2150 3866 2399 3922 Lazarus
2428 3867 2782 3926 discumbens
2813 3889 2945 3928 cum
2974 3875 3125 3945 Iesu,
3173 3876 3444 3951 signiﬁcat
3484 3881 3668 3939 Eccle»

2082 3953 2253 4011 siam:
2285 3956 2447 4011 Maria
2489 3958 2701 4029 accepit
2744 3959 2943 4016 libram
2987 3966 3271 4037 unguenti,
3320 3968 3392 4023 ita
3435 3978 3489 4025 et
3533 3978 3679 4028 totus

2080 4044 2313 4098 mundus
2356 4045 2503 4116 quod
2543 4045 2863 4120 intelligitur
2905 4052 3074 4108 corda
3118 4052 3361 4112 ﬁdelium
3394 4075 3407 4113 :
3438 4076 3539 4130 per
3573 4078 3679 4117 un-

2082 4139 2345 4204 guentum
2374 4133 2601 4190 odorem
2632 4136 3012 4207 confessionis,
3062 4143 3232 4201 Maria
3273 4145 3577 4204 Ecclesiam
3606 4151 3680 4205 si-

2082 4218 2318 4293 gniﬁcat,
2350 4223 2501 4277 unxit
2530 4225 2700 4295 pedes
2732 4228 2884 4297 Jesu,
2931 4228 2986 4283 id
3021 4237 3105 4285 est
3145 4249 3242 4303 per
3279 4235 3681 4295 confessionem

2082 4310 2412 4379 pcnnitentiae
2442 4332 2460 4368 :
2491 4312 2687 4369 domus
2732 4316 2934 4388 repleta
2974 4325 3057 4373 est
3099 4335 3166 4375 ex
3210 4322 3376 4379 odore
3419 4327 3684 4398 unguenti

2000 4388 2055 4449 D
2084 4397 2160 4453 ita
2190 4406 2242 4453 et
2267 4406 2413 4455 totus
2444 4402 2678 4457 mundus
2707 4405 2947 4476 repletus
2993 4415 3075 4463 est
3104 4408 3172 4464 de
3202 4412 3461 4481 passione
3496 4388 3559 4470 at
3589 4432 3681 4472 re-

2083 4488 2425 4544 surrectione
2455 4489 2672 4545 Christi.

2158 4592 2221 4648 Ut
2249 4590 2466 4646 audivit
2497 4594 2659 4649 turba
2675 4594 2819 4667 quod
2850 4596 3009 4652 Iesus
3042 4600 3308 4669 venisset,
3333 4612 3679 4678 acceperunt

2081 4696 2269 4737 ramos
2297 4680 2642 4753 palmarum,
2680 4683 2896 4740 obviam
2938 4686 3071 4743 Iesu
3100 4690 3391 4748 exierunt.
3429 4692 3681 4754 Ostendit

2083 4768 2210 4839 quia
2237 4776 2349 4824 tres
2396 4770 2692 4826 secundum
2722 4772 3015 4830 adventum
3066 4786 3189 4848 post
3223 4785 3683 4844 resurrectionem

2082 4857 2366 4929 rapiuntur
2394 4857 2449 4912 in
2492 4875 2623 4913 aera
2663 4876 2787 4916 cum
2816 4862 3050 4920 Domino
3082 4865 3285 4924 invenit
3315 4870 3548 4942 asinum,
3583 4892 3686 4947 per

2082 4944 2297 4999 asinum
2345 4945 2607 5017 populum
2650 4948 2935 5018 gentilium
2980 4954 3216 5009 ostendit
3260 4974 3274 5011 :
3321 4958 3461 5014 sedit
3519 4944 3683 5035 super

2083 5049 2226 5099 eum,
2259 5033 2315 5088 id
2345 5042 2425 5089 est
2454 5052 2555 5106 per
2570 5035 2971 5095 confessionem
2992 5039 3128 5097 ﬁdes
3162 5061 3174 5097 :
3206 5045 3319 5101 noli
3349 5047 3538 5107 timere
3553 5033 3682 5123 per-

2083 5121 2343 5177 ditionem
2371 5132 2534 5190 tuam,
2568 5125 2695 5197 quia
2722 5126 3006 5184 Salavator
3035 5138 3160 5186 tuus
3202 5135 3348 5191 venit
3392 5137 3502 5194 filia
3548 5121 3680 5199 Sion

2083 5211 2319 5267 ostendit
2353 5214 2802 5286 congregantium
2826 5214 3066 5274 fidelium
3097 5236 3164 5276 ex
3191 5222 3392 5282 Iudaeis
3419 5235 3472 5283 et
3501 5231 3685 5300 genti-

2084 5300 2186 5355 bus
2215 5320 2234 5357 :
2268 5308 2412 5356 totus
2439 5302 2676 5357 mundus
2697 5312 2821 5374 post
2852 5323 2977 5362 eum
3007 5309 3159 5378 abiit,
3194 5312 3322 5385 quia
3342 5332 3439 5386 per
3466 5318 3679 5387 passio-

2082 5404 2207 5444 nem
2237 5398 2290 5445 et
2320 5392 2779 5448 resurrectionem
2809 5412 2963 5450 suam
2980 5405 3148 5453 totum
3175 5404 3436 5457 mundum
3468 5404 3535 5459 de
3556 5421 3677 5475 pec-

2084 5485 2207 5534 cato
2238 5478 2483 5547 redemit,
2514 5488 2566 5535 et
2606 5490 2823 5538 secutus
2868 5493 2950 5540 est
2997 5503 3122 5543 eum
3154 5508 3174 5545 :
3214 5500 3563 5546 accesserunt
3606 5494 3677 5549 ad

2084 5566 2391 5639 Philippum
2419 5576 2473 5624 et
2504 5570 2773 5641 rogabant
2801 5580 2858 5629 ut
2899 5574 3148 5633 viderent
3189 5577 3395 5645 Iesum,
3444 5580 3683 5637 ostendit
