3998 6188
323 249 421 303 911

845 244 1250 302 WALAFRIDI
1288 243 1531 301 STRABI
1568 242 1768 299 FULD.
1807 239 1980 298 MON.
2023 240 2178 298 OPP.
2217 242 2395 301 PARS
2432 244 2475 300 Ι.
2516 275 2586 286 -
2620 242 3093 302 THEOLOGICA.

3517 250 3625 305 912

333 379 526 443 gentes
555 386 652 442 per
681 369 1123 440 pradicationem
1154 369 1521 440 apostolorum
1553 384 1841 424 conversas
1863 368 1931 423 ad
1957 367 2014 427 A
2034 378 2369 440 praeceptum
2397 386 2599 426 novum
2630 370 2700 426 do
2729 372 2885 427 vobis
2914 379 2974 425 ut
3002 380 3056 426 et
3076 371 3313 443 diligatis
3350 372 3586 429 invicem
3612 392 3627 428 :

330 460 493 516 fidem
529 478 541 514 :
571 475 795 531 granum
825 459 988 513 tritici
1006 457 1231 530 ﬁguram
1263 457 1462 513 Christi
1492 465 1656 524 tenet,
1698 458 1744 512 si
1785 473 1932 513 mor-

329 556 478 603 tuum
526 547 686 603 fuerit
723 548 893 601 multa
922 563 1099 621 grana
1128 545 1303 602 adfert
1343 564 1356 600 :
1404 546 1484 603 sic
1525 554 1579 603 et
1611 546 1927 602 Christus...

330 636 708 708 multiplicavit
750 635 1047 691 Ecclesiam
1077 651 1251 691 suam.

406 752 731 821 Clariﬁcabo
780 755 838 806 et
880 752 1092 805 iterum
1120 749 1458 819 clariﬁcabo,
1491 748 1547 803 id
1586 755 1668 805 est
1695 747 1931 805 clarifica

325 841 477 896 illum
506 840 560 895 in
590 839 983 895 resurrectione
1032 838 1236 909 Lazari,
1270 837 1467 894 iterum
1512 837 1745 893 clariﬁca
1782 838 1930 893 illum

328 929 385 984 in
415 946 510 984 sua
540 928 927 984 resurrectione
961 945 974 982 :
1007 928 1264 998 princeps
1293 927 1479 982 mundi
1500 927 1722 982 mittitur
1752 926 1928 982 foras-

327 1018 483 1074 idest
511 1017 726 1073 diabolo
765 1017 937 1086 ejecto
968 1017 1036 1071 de
1064 1024 1329 1088 potestate
1355 1016 1540 1071 mundi
1580 1032 1680 1087 per
1719 1015 1925 1087 passio,

325 1122 450 1163 nem
478 1106 691 1163 crucis:
733 1106 1043 1161 ambulante
1077 1106 1205 1160 dum
1243 1106 1422 1161 lucem
1478 1106 1711 1172 habetis,
1753 1105 1809 1159 id
1846 1112 1929 1159 est

324 1195 454 1251 dum
485 1195 759 1250 Christum
806 1195 1162 1266 corporaliter
1200 1202 1254 1264 et
1292 1194 1607 1265 spiritaliter
1645 1194 1929 1250 vobiscum

319 1285 535 1339 habetis
569 1301 583 1338 :
616 1300 687 1339 ne
722 1283 960 1339 tenebrae
985 1299 1084 1339 vos
1116 1283 1603 1353 comprehendant,
1632 1282 1689 1337 id
1736 1291 1818 1338 est
1842 1290 1927 1338 te-

323 1373 520 1428 nebras
576 1372 895 1446 ignorantiae
943 1380 996 1427 et
1041 1372 1454 1444 persecutiones
1508 1379 1861 1442 peccatorum
1911 1389 1925 1425 :

323 1461 614 1518 abscondit
638 1462 705 1515 ab
736 1461 835 1527 eis,
860 1460 933 1531 {id
973 1468 1056 1515 est
1096 1460 1443 1531 corporaliter
1486 1460 1602 1515 sive
1631 1458 1926 1531 spirituali-

336 1556 435 1615 ter,
468 1549 719 1615 Domine,
753 1548 874 1620 quis
903 1548 1131 1604 credidit
1167 1548 1369 1603 auditui
1402 1555 1589 1604 nostro
1616 1549 1645 1603 'P
1672 1548 1791 1620 quis
1824 1563 1928 1618 pro

323 1638 543 1693 raritate
559 1637 778 1710 ponitur
798 1637 912 1693 sive
931 1654 1029 1710 pro
1051 1636 1361 1693 difﬁcultate
1381 1636 1594 1692 auditus
1624 1635 1761 1691 ﬁdes
1795 1644 1878 1691 est
1909 1654 1925 1704 ;

2030 457 2085 512 in
2115 466 2299 514 vetere
2326 459 2525 535 dicitur
2549 459 2746 531 diliges
2775 450 3010 516 amicum
3039 468 3092 515 et
3123 460 3249 516 odio
3270 461 3498 517 habebis
3518 462 3630 516 ini-

2028 547 2251 614 micum,
2287 548 2549 604 Dominus
2569 548 2700 604 dicit
2721 548 2932 621 diligite
2953 549 3201 605 inimicos
3246 557 3462 605 vestros
3486 566 3499 605 :
3521 551 3632 607 hoc

2030 644 2111 692 est
2131 647 2465 709 praeceptum
2485 654 2706 704 novum,
2729 654 2840 694 non
2861 639 3221 694 conturbetur
3239 654 3338 695 cor
3359 647 3626 705 vestrum,

2028 726 2117 782 hic
2144 727 2409 798 praedicat
2438 727 2715 799 Apostolis
2746 727 2814 783 de
2863 728 3116 800 passione
3148 743 3265 795 sua,
3316 727 3522 784 credite
3567 729 3629 783 in

2026 816 2205 871 Deum
2261 825 2311 871 et
2340 817 2397 871 in
2435 833 2523 873 me
2554 816 2762 873 credite
2785 817 2912 888 quia
2930 817 3098 871 Filius
3128 818 3231 872 Dei
3259 834 3399 872 sum.

2105 906 2321 961 Credite
2352 907 2416 962 in
2469 907 2630 962 domo
2657 908 2847 979 patris
2892 908 3024 972 mei,
3076 905 3132 960 id
3175 914 3259 961 est
3286 907 3342 960 in
3380 905 3634 962 Ecclesia

2028 995 2341 1050 mansiones
2395 995 2578 1051 multa:
2618 1003 2761 1062 sunt,
2806 995 2860 1049 id
2907 1003 2991 1051 est
3024 994 3164 1051 sicut
3186 995 3242 1049 in
3270 1011 3378 1051 uno
3410 996 3633 1051 homine

2029 1099 2222 1138 sensus
2287 1083 2496 1139 divisus
2564 1102 2577 1138 :
2630 1092 2714 1139 est
2778 1083 2854 1139 ita
2916 1084 2972 1139 in
3049 1084 3301 1141 Ecclesia
3360 1102 3484 1157 qua
3546 1092 3633 1140 est

2028 1188 2229 1244 corpus
2279 1172 2481 1228 Christi
2534 1173 2728 1247 gratiae
2773 1173 2958 1229 multae
3003 1182 3128 1228 sunt
3168 1191 3181 1227 :
3234 1174 3376 1229 vado
3424 1189 3629 1245 parare

2027 1261 2184 1318 vobis
2213 1260 2319 1328 loc,
2352 1262 2407 1316 id
2436 1270 2520 1317 est
2547 1263 2751 1333 parabo
2797 1262 2955 1317 vobis
2981 1263 3167 1329 vitam,
3212 1263 3352 1318 sicut
3390 1264 3631 1334 Aposto-

2028 1349 2110 1405 lus
2139 1351 2463 1407 advocatum
2510 1352 2780 1407 habemus
2828 1351 2973 1422 apud
3022 1352 3257 1417 Patrem,
3313 1351 3407 1423 qui
3453 1352 3630 1407 inter-

2026 1439 2170 1510 pelat
2216 1455 2318 1510 pro
2364 1440 2524 1495 nobis
2572 1458 2586 1494 :
2646 1456 2753 1514 ego
2798 1457 2918 1496 sum
2966 1440 3055 1496 via
3100 1449 3153 1495 et
3182 1440 3381 1496 veritas
3410 1448 3465 1495 et
3498 1440 3627 1510 vita,

2026 1527 2135 1582 vita
2163 1528 2281 1583 sine
2301 1544 2491 1584 errore
2522 1529 2772 1584 Christus
2815 1537 2915 1599 est,
2967 1529 3166 1586 veritas
3211 1529 3329 1585 sine
3372 1528 3628 1597 falsitate,

2025 1616 2115 1672 via
2146 1616 2263 1672 sine
2293 1627 2468 1673 morte
2497 1617 2616 1690 ipse
2646 1626 2749 1674 est.

323 1743 484 1799 quam
512 1706 613 1798 per
662 1727 918 1798 Spiritum
932 1706 1195 1783 sanctum
1224 1726 1528 1781 audivimus
1580 1744 1593 1781 :
1643 1725 1927 1781 brachium
1956 1727 2010 1788 B
2102 1706 2307 1763 AmOdo
2345 1710 2526 1764 ποδίίε
2545 1725 2693 1799 fam
2743 1711 2799 1763 εί
2835 1707 3056 1799 ηἱάίειὶε
3085 1723 3235 1775 eum,
3259 1706 3313 1762 id
3353 1716 3435 1762 θεῖ
3468 1723 3631 1799 qua}?

326 1816 546 1872 Domini
576 1816 741 1870 Filius
769 1816 868 1871 Dei
897 1824 998 1885 est,
1031 1816 1122 1887 qui
1152 1815 1446 1871 revelatum
1479 1823 1581 1882 est,
1623 1814 1678 1869 id
1708 1822 1791 1869 est
1831 1814 1934 1869 ali-

332 1920 438 1976 qua
468 1904 642 1960 credit
668 1904 723 1958 in
749 1919 838 1958 me
863 1920 971 1959 non
993 1905 1169 1959 solum
1200 1904 1497 1959 secundum
1525 1903 1932 1970 humanitatem,

335 1993 434 2049 sed
464 1993 767 2049 secundum
795 1992 1152 2059 divinitatem,
1196 1992 1352 2047 aliter
1392 2007 1499 2048 non
1531 1992 1709 2047 solum
1735 1992 1793 2046 in
1825 2009 1932 2059 me,

338 2082 436 2138 sed
466 2081 592 2137 etin
631 2083 785 2136 Patre
815 2081 938 2153 quia
980 2097 1105 2152 ego.
1128 2080 1182 2135 in
1214 2083 1370 2136 Patre
1419 2090 1471 2137 et
1518 2082 1678 2136 Pater
1705 2081 1760 2135 in
1798 2097 1885 2137 me
1919 2098 1933 2135 :

339 2170 432 2243 qui
463 2170 612 2227 videt
640 2186 727 2225 me
756 2170 902 2226 videt
923 2169 1015 2241 qui
1044 2186 1133 2225 me
1157 2170 1306 2225 misit
1337 2189 1351 2239 ;
1383 2186 1447 2226 ac
1477 2171 1524 2225 si
1557 2177 1743 2242 aperte
1770 2169 1939 2225 dixis-

256 2274 271 2285 ”
335 2267 440 2327 set,
474 2260 564 2332 qui
593 2259 726 2315 vidit
750 2275 838 2315 me
868 2275 1057 2314 verum
1088 2259 1367 2315 hominem
1398 2275 1520 2315 esse
1559 2267 1613 2313 et
1642 2258 1813 2315 credit
1848 2276 1937 2315 me

342 2365 534 2406 verum
555 2350 729 2405 Deum
758 2365 901 2416 esse,
937 2347 1085 2405 videt
1114 2357 1167 2405 et
1197 2349 1411 2404 Patrem
1449 2348 1749 2405 secundum
1792 2348 1934 2404 divi-

343 2437 587 2494 nitatem.

414 2555 537 2612 Non
564 2554 720 2610 venit
740 2553 1089 2625 utjudicem,
1104 2554 1199 2609 sed
1218 2557 1285 2609 ut
1301 2553 1608 2622 salvi/icem
1625 2552 1934 2609 mundum:

334 2642 581 2700 ostendit
639 2642 784 2714 quod
831 2659 930 2714 per
976 2640 1296 2698 eﬂ'usionem
1342 2641 1622 2714 sanguinis
1668 2642 1939 2697 redimere

345 2732 607 2787 mundum
641 2750 655 2785 :
694 2731 857 2786 dilexi
884 2747 980 2787 vos
1013 2731 1135 2803 quia
1162 2747 1313 2787 eram
1350 2730 1404 2785 in
1459 2731 1720 2785 mundum
1764 2746 1939 2802 usque

330 2820 393 2876 in
427 2819 591 2876 finem
621 2820 806 2877 dilexit
842 2838 856 2875 :
890 2820 1196 2892 exemplum
1231 2820 1380 2875 dedit
1417 2828 1474 2875 ut
1517 2836 1707 2876 omnes
1750 2820 1805 2874 in
1838 2820 1941 2875 Dei

338 2910 570 2966 veritate
614 2917 973 2981 permaneant
1016 2926 1188 2981 usque
1230 2907 1287 2962 in
1318 2907 1482 2964 ﬁnem
1530 2927 1542 2962 :
1590 2925 1745 2965 coma
1801 2907 1942 2963 facta

334 2998 573 3054 ostendit
592 2998 903 3069 passionem
930 2997 1128 3052 Christi
1168 2998 1307 3053 sicut
1347 3004 1470 3067 post
1504 3012 1717 3052 ccenam
1763 3012 1933 3067 pran-

334 3087 482 3142 dium
512 3102 620 3141 non
649 3085 727 3155 ﬁt,
783 3086 863 3142 sic
907 3085 1155 3141 Christus
1196 3093 1482 3157 postquam
1521 3085 1691 3140 semel
1736 3101 1932 3155 passus
1966 3087 2015 3150 C

340 3183 426 3232 est
472 3191 583 3231 non
626 3174 863 3229 ostendit
894 3190 953 3229 se
1005 3173 1201 3228 iterum
1237 3190 1528 3244 passurum
1577 3191 1590 3228 :
1642 3189 1874 3244 surgens
1907 3189 1941 3228 a

340 3279 517 3333 coena,
569 3262 803 3318 ostendit
839 3261 1152 3333 passionem
1202 3270 1445 3317 nostram
1489 3262 1941 3319 resurrectionem

340 3351 455 3407 sive
506 3349 887 3406 ascensionem
923 3368 937 3404 :
984 3351 1131 3422 ponit
1178 3351 1502 3406 vestimenta
1540 3367 1670 3418 sua,
1704 3351 1941 3407 ostendit

344 3440 472 3511 quia
498 3438 820 3511 deponenda
863 3446 1014 3495 erant
1044 3438 1369 3497 vestimenta
1416 3440 1532 3509 ejus
1581 3441 1652 3496 ad
1699 3456 1937 3497 crucem.

752 3652 1004 3709 INCIPIT
1041 3652 1244 3709 CAPIT
1245 3652 1524 3710 ULATIO.

413 3832 708 3905 Accipiens
727 3831 969 3887 linteum
1003 3833 1059 3886 et
1091 3828 1405 3903 praecinxit
1443 3844 1501 3884 se
1538 3829 1733 3896 linteo,
1770 3827 1827 3883 id
1858 3835 1944 3883 est

339 3919 684 3978 mortificatio
715 3919 886 3991 ipsius
920 3936 933 3973 :
967 3917 1129 3973 mittit
1157 3933 1359 3988 aquam
1375 3916 1429 3970 in
1452 3915 1673 3987 pelvim,
1706 3915 1944 3973 ostendit

339 4011 575 4083 gratiam
604 4008 891 4080 baptismi:
916 4007 1082 4078 coapit
1109 4006 1293 4061 lavare
1340 4005 1510 4077 pedes
1548 4004 1943 4076 discipulorum

341 4114 561 4155 suorum
592 4106 643 4153 et
671 4106 957 4169 extergere
989 4096 1176 4162 linteo,
1227 4111 1327 4165 per
1374 4093 1701 4149 lavationem
1740 4094 1943 4164 pedum

342 4188 675 4259 baptismum
696 4185 1063 4257 apostolorum
1091 4182 1430 4254 intelligitur,
1464 4198 1563 4253 per
1584 4182 1942 4238 extersionem

341 4277 451 4333 mei
498 4275 734 4332 ostendit
789 4290 890 4346 per
945 4272 1257 4344 passionem
1324 4271 1522 4326 Christi
1579 4270 1945 4328 extersionem

340 4374 731 4438 peccatorum:
767 4380 876 4418 non
908 4362 1118 4417 lavabis
1161 4361 1333 4432 pedes
1381 4358 1513 4414 mihi
1560 4358 1617 4413 in
1661 4368 1940 4427 aeternum,

2036 1804 2411 1869 cognoverunt
2439 1796 2613 1852 oculis
2652 1797 2917 1867 corporis,
2951 1804 3004 1853 et
3040 1805 3415 1870 cognoverunt
3462 1796 3636 1852 oculis

2036 1884 2239 1954 cordis,
2292 1887 2593 1942 secundum
2679 1886 3017 1942 divinitatem
3078 1902 3178 1957 per
3204 1885 3642 1941 inlustrationem

2038 1973 2271 2044 Spiritus
2292 1975 2465 2030 sancti
2497 1995 2516 2031 :
2544 1975 2758 2045 majora
2785 1976 2984 2030 horum
3013 1974 3159 2042 facit,
3213 1975 3341 2046 quia
3386 1975 3633 2030 Christus

2035 2078 2133 2134 per
2160 2061 2430 2119 fimbriam
2461 2064 2742 2120 mulierem
2781 2064 2996 2120 sanavit
3020 2082 3035 2119 :
3059 2064 3307 2136 Apostoli
3349 2079 3488 2121 vero
3532 2079 3634 2136 per

2035 2152 2290 2208 umbram
2320 2151 2566 2209 inﬁrmos
2594 2153 2883 2210 curabunt.

2560 2333 2820 2405 Explicit
2871 2332 3086 2391 Passio.

2054 2456 2055 2459 Ἰ
2108 2490 2320 2563 Rogabo
2338 2493 2571 2547 Patrem
2604 2507 2735 2548 eum
2772 2496 2830 2548 et
2861 2493 3043 2548 alium
3086 2492 3443 2548 Paraclitum
3482 2490 3637 2547 dabit

1992 2639 1997 2643 ,
2036 2579 2186 2636 vobis
2219 2600 2237 2635 :
2284 2595 2385 2650 per
2414 2579 2499 2634 bis
2542 2579 2803 2651 Spiritum
2845 2588 3126 2651 acceptum
3174 2579 3394 2635 dilectio
3437 2580 3538 2635 Dei
3585 2587 3638 2634 et

2037 2667 2272 2739 proximi
2299 2668 2620 2742 intelligitur
2651 2687 2665 2723 :
2699 2669 2951 2740 spiritum
2982 2669 3225 2724 veritatis
3267 2684 3434 2741 quem
3471 2684 3634 2723 mun-

2038 2756 2140 2812 dus
2168 2757 2418 2829 accipere
2447 2773 2559 2813 non
2599 2765 2796 2829 potest,
2847 2757 2903 2813 id
2943 2766 3044 2825 est,
3094 2758 3187 2830 qui
3215 2757 3481 2812 mundum
3510 2757 3634 2812 dili-

2039 2845 2118 2919 git
2144 2862 2255 2902 non
2284 2845 2481 2918 accipit
2510 2846 2683 2917 illum,
2718 2863 2827 2903 non
2856 2847 3158 2919 relinquam
3187 2862 3287 2902 vos
3316 2845 3633 2911 orfanos,id

2040 2944 2123 2991 est
2164 2950 2277 2991 non
2320 2936 2628 3007 relinquam
2674 2952 2772 2992 vos
2821 2937 3124 2993 secundum
3161 2935 3499 2992 divinitatem
3531 2954 3546 2990 :
3583 2935 3637 2989 in

2044 3024 2137 3078 illa
2166 3024 2255 3080 die
2286 3024 2649 3098 cognoscetis,
2692 3024 2748 3080 id
2776 3034 2861 3080 est
2888 3024 2944 3080 in
2974 3023 3175 3091 futuro,
3201 3024 3316 3079 sive
3353 3024 3413 3079 in
3448 3040 3635 3080 resur-

2038 3113 2279 3170 rectione
2310 3113 2530 3169 Christi.
2563 3115 2685 3187 Ego
2715 3114 2773 3168 in
2800 3115 2978 3179 Patre,
3010 3113 3066 3169 id
3095 3122 3178 3169 est
3207 3114 3512 3169 secundum
3548 3113 3636 3168 di-

2039 3203 2334 3271 vinitatem,
2366 3219 2465 3259 vos
2495 3203 2552 3257 in
2605 3219 2713 3271 me,
2763 3203 2890 3275 quia
2936 3204 3177 3258 membra
3204 3218 3331 3258 mea
3370 3202 3505 3258 estis
3538 3221 3551 3257 :
3584 3211 3637 3258 et

2039 3308 2145 3366 ego
2171 3292 2228 3346 in
2250 3291 2427 3360 vobis,
2459 3292 2515 3347 id
2543 3300 2644 3359 est,
2675 3292 2732 3347 in
2761 3291 3052 3349 dilectione
3073 3292 3256 3348 cordis
3271 3292 3440 3348 vestri
3476 3309 3491 3346 :
3525 3307 3640 3346 ma-

2038 3380 2304 3436 nifestabo
2335 3380 2386 3436 ei
2432 3381 2722 3453 meipsum,
2771 3381 2826 3435 id
2875 3388 2976 3447 est,
3028 3381 3314 3437 credentes
3342 3380 3402 3435 in
3437 3380 3640 3436 divini-

2038 3478 2222 3537 tatem,
2267 3469 2612 3526 mansionem
2661 3470 2807 3541 apud
2856 3485 2981 3525 eum
3029 3469 3295 3526 faciemus
3339 3469 3482 3526 sicut
3526 3469 3644 3541 ipse

2040 3559 2133 3626 ait,
2167 3558 2257 3613 ubi
2285 3559 2395 3614 duo
2424 3558 2513 3615 vel
2562 3565 2673 3615 tres
2720 3558 3042 3632 congregati
3083 3557 3280 3614 fuerint
3326 3558 3384 3613 in
3420 3559 3641 3615 nomine

2037 3663 2183 3714 meo,
2217 3647 2311 3702 ubi
2340 3664 2462 3702 sum
2492 3656 2545 3703 et
2576 3663 2682 3722 ego
2711 3655 2765 3703 et
2812 3647 3024 3719 reliqua
3057 3664 3069 3703 :
3115 3663 3310 3718 pacem
3342 3663 3525 3703 meam
3571 3648 3641 3703 do

2038 3736 2217 3802 vobis,
2251 3736 2308 3792 id
2338 3745 2441 3806 est,
2476 3736 2616 3793 sicut
2647 3752 2754 3810 ego
2778 3736 3049 3808 patienter
3096 3735 3298 3793 suffero
3343 3737 3550 3803 omnia,
3593 3744 3646 3792 et

2038 3842 2139 3883 vos
2167 3825 2485 3897 patientiam
2512 3826 2725 3882 habetis
2759 3843 2773 3880 :
2808 3841 3005 3897 pacem
3046 3842 3228 3882 meam
3254 3825 3512 3898 relinquo
3538 3842 3641 3882 vo-

2039 3915 2144 3983 bis,
2178 3915 2235 3970 id
2265 3924 2368 3983 est,
2406 3915 2545 3972 sicut
2571 3931 2677 3986 ego
2702 3930 2902 3987 passus
2931 3931 3071 3982 sum,
3131 3914 3208 3971 ita
3237 3922 3289 3971 et
3327 3930 3428 3971 vos
3464 3914 3640 3987 patie-

2040 4004 2174 4059 mini
2206 4022 2219 4059 :
2250 4020 2363 4061 non
2383 4004 2522 4060 sicut
2548 4003 2815 4059 mundum
2843 4003 2936 4059 dat
2964 4018 3156 4075 pacem
3200 4020 3307 4077 ego
3349 4004 3424 4059 do
3461 4003 3636 4071 vobis,

2041 4093 2278 4148 mundus
2307 4093 2669 4164 interruptam
2694 4108 2890 4164 pacem
2920 4093 3032 4163 dat,
3057 4095 3205 4148 Deus
3219 4100 3483 4149 mternam
3513 4092 3639 4147 dat:

2041 4180 2190 4239 venit
2217 4180 2476 4253 princeps
2504 4181 2694 4237 mundi
2720 4182 2790 4237 ad
2818 4198 2924 4249 me,
2960 4190 3014 4237 et
3042 4181 3176 4237 nihil
3202 4181 3258 4236 in
3279 4197 3367 4237 me
3410 4181 3637 4248 invenit,

2041 4270 2098 4325 id
2127 4277 2227 4340 est,
2262 4270 2514 4326 diabolus
2542 4270 2689 4326 venit
2716 4271 2786 4325 ad
2815 4286 3057 4337 crucem,
3087 4278 3140 4326 et
3167 4270 3223 4325 in
3253 4270 3491 4327 Domino
3533 4285 3644 4326 non

2040 4359 2246 4416 invenit
2274 4367 2581 4431 peccatum,
2614 4359 2863 4432 quaesivit
2883 4375 3084 4431 capere
3104 4368 3295 4431 captus
3324 4367 3410 4415 est
3429 4360 3503 4415 ab
3542 4375 3643 4415 eo:

336 4470 540 4526 pavore
569 4452 884 4525 perterritus
911 4450 1128 4506 dicebat
1158 4450 1261 4505 hoc
1287 4465 1299 4504 :
1322 4448 1368 4503 si
1385 4464 1493 4504 non
1516 4448 1701 4505 lavero
1732 4458 1804 4517 te,
1832 4466 1941 4506 non
1967 4449 2021 4509 D
2044 4448 2183 4505 sicut
2210 4449 2472 4521 praecepit
2502 4448 2635 4503 mihi
2664 4457 2820 4519 pater
2851 4448 2929 4504 sic
2948 4448 3110 4515 facio,
3135 4448 3284 4503 misit
3312 4448 3470 4503 illum
3490 4455 3645 4520 pater

336 4543 565 4598 habebis
604 4549 816 4613 partem
832 4555 1067 4605 mecum,
1092 4538 1328 4594 ostendit
1354 4537 1448 4609 qui
1471 4554 1579 4593 non
1611 4546 1693 4593 est
1723 4538 1940 4595 lavatus

336 4648 435 4705 per
461 4631 791 4703 baptismum
823 4638 874 4685 et
902 4645 1000 4701 per
1031 4626 1436 4685 confessionem
1465 4626 1798 4697 paenitentia:
1832 4643 1940 4683 non

332 4719 553 4776 habebit
582 4727 794 4791 partem
823 4717 969 4789 apud
992 4715 1287 4772 Dominum
1323 4733 1336 4769 :
1368 4715 1575 4786 recepit
1618 4715 1942 4770 vestimenta

334 4824 450 4877 sua,
484 4809 682 4865 iterum
713 4806 1015 4864 ostenditur
1045 4806 1192 4877 quod
1227 4811 1531 4860 revertetur
1553 4803 1624 4859 ad
1643 4804 1861 4859 Judaeos
1884 4804 1940 4859 in

332 4895 499 4954 finem
528 4896 717 4953 mundi
750 4912 763 4952 :
798 4912 908 4951 non
939 4902 1021 4967 est
1052 4909 1213 4950 servo
1244 4893 1415 4962 major
1442 4891 1666 4947 domino
1696 4907 1795 4947 suo
1842 4908 1942 4948 ne-

331 5003 437 5058 que
468 4987 760 5057 Apostolus
778 5001 843 5041 eo
867 4984 1042 5054 major
1073 4983 1166 5055 qui
1193 4982 1339 5036 misit
1366 4981 1540 5048 illum,
1574 4980 1628 5035 id
1649 4988 1732 5036 est
1763 4980 1811 5035 si
1832 4996 1939 5054 ego

323 5073 503 5144 patior
532 5082 583 5129 et
604 5089 702 5129 vos
732 5073 1000 5145 patimini.
1025 5072 1198 5128 Aliter
1217 5072 1263 5126 si
1282 5086 1386 5144 ego
1402 5087 1490 5125 me
1512 5070 1741 5125 humilio
1762 5086 1939 5142 usque

322 5161 393 5216 ad
423 5162 654 5232 vestigia
683 5169 885 5229 vestra,
918 5162 988 5215 ita
1019 5168 1072 5216 et
1103 5176 1201 5216 vos
1233 5159 1513 5214 humiliate
1545 5173 1645 5215 vos
1678 5158 1937 5214 omnibus

320 5249 524 5306 lavabit
550 5257 741 5305 contra
766 5266 854 5305 me
882 5248 1217 5319 calcaneum,
1258 5248 1314 5303 id
1351 5255 1432 5304 est
1474 5247 1794 5304 calcaneum
1837 5264 1937 5302 ex-

319 5347 497 5397 trema
526 5355 657 5411 pars
683 5338 915 5394 membri
946 5346 1063 5393 est.

388 5458 460 5514 Et
473 5474 579 5531 per
598 5456 875 5514 bucellam
904 5455 1165 5511 introivit
1192 5455 1255 5510 in
1286 5470 1416 5510 eum
1445 5453 1710 5518 Satanas,
1738 5450 1794 5507 id
1827 5458 1931 5536 est,

318 5544 459 5603 sicut
487 5545 780 5619 Apostolus
816 5543 908 5611 ait,
937 5542 1029 5614 qui
1066 5541 1291 5614 indigne
1342 5541 1540 5613 accipit
1577 5556 1777 5613 corpus
1817 5538 1935 5594 Do-

324 5634 461 5693 mini
494 5642 549 5697 et
574 5632 900 5710 sanguinem
916 5630 1314 5705 ejusjudicium
1338 5630 1630 5689 manducet
1661 5636 1715 5690 et
1743 5627 1882 5685 bibit
1910 5630 1925 5668 ε

2043 4547 2102 4593 ut
2131 4537 2455 4612 sanguinem
2484 4554 2638 4592 suum
2669 4536 2919 4593 funderet
2939 4553 3038 4608 pro
3066 4553 3272 4611 genere
3300 4538 3566 4607 humano,
3589 4544 3644 4592 et

2042 4626 2117 4682 ita
2148 4627 2275 4684 fecit
2307 4645 2320 4682 :
2354 4643 2460 4701 ego
2492 4644 2610 4682 sum
2635 4626 2760 4683 vitis
2789 4641 2925 4683 vera
2952 4627 3099 4682 unde
3145 4627 3347 4698 perluit
3394 4626 3643 4698 sanguis,

2042 4724 2094 4771 et
2122 4732 2262 4789 aqua
2292 4737 2311 4773 :
2342 4724 2394 4772 et
2422 4725 2579 4788 pater
2606 4732 2762 4772 meus
2793 4716 3039 4789 agricola
3068 4724 3169 4783 est,
3202 4716 3258 4771 id
3314 4724 3417 4784 est,
3469 4715 3648 4772 cultor

2040 4806 2304 4862 Ecclesiaa
2337 4825 2355 4862 :
2384 4822 2483 4862 vos
2510 4805 2782 4877 palmites,
2804 4805 2861 4860 id
2890 4813 2992 4874 est,
3026 4804 3261 4877 apostoli
3289 4805 3408 4861 sive
3452 4804 3645 4860 ﬁdeles

2038 4895 2302 4952 Eeclesias
2332 4914 2350 4950 :
2381 4894 2518 4951 sicut
2575 4894 2784 4965 palmes
2831 4910 2943 4950 non
2990 4901 3172 4966 potest
3212 4910 3247 4949 a
3294 4907 3355 4949 se
3399 4893 3640 4950 fructum

2038 4984 2180 5040 ferre
2210 4983 2315 5039 nisi
2343 4983 2607 5039 manserit
2634 4981 2688 5037 in
2718 4983 2844 5051 vite,
2880 4983 2961 5040 sic
3006 4991 3060 5038 et
3100 4982 3479 5055 unusquisque
3530 4998 3639 5038 non

2038 5072 2145 5129 fert
2172 5072 2407 5129 fructum
2428 5071 2540 5127 nisi
2568 5071 2828 5126 manserit
2856 5071 2911 5126 in
2944 5070 3183 5127 Christo.

2098 5164 2163 5217 In
2185 5163 2285 5219 hoc
2306 5162 2657 5231 ctariﬁcatus
2678 5164 2763 5216 est
2782 5162 2954 5217 Pater
2973 5165 3227 5230 τηετις,υέ
3251 5163 3509 5232 [metum
3528 5164 3646 5235 pri—

2037 5268 2197 5306 mum
2224 5253 2513 5323 offeratis,
2547 5249 2602 5304 id
2630 5257 2714 5304 est
2744 5249 2882 5305 sicut
2926 5249 3392 5321 praedicationem,
3441 5266 3550 5323 ego
3592 5258 3645 5306 et

2037 5339 2349 5412 passionem
2379 5337 2723 5408 fructiﬁcavi,
2756 5338 2830 5393 ita
2859 5345 2915 5394 et
2948 5354 3047 5395 vos
3074 5338 3237 5395 facite
3270 5357 3283 5393 :
3317 5338 3460 5395 sicut
3499 5339 3641 5394 dile—

2037 5430 2113 5485 xit
2141 5446 2229 5485 me
2257 5436 2431 5501 pater,
2464 5436 2518 5483 et
2546 5443 2651 5500 ego
2690 5427 2855 5483 dilexi
2897 5443 3014 5494 vos,
3063 5427 3120 5483 id
3163 5436 3264 5495 est,
3312 5428 3452 5483 sicut
3499 5429 3644 5483 misit

2036 5535 2126 5574 me
2152 5527 2308 5591 pater
2332 5514 2635 5590 praedicare
2667 5524 2720 5572 et
2749 5515 2881 5589 pati,
2912 5525 2966 5572 et
3005 5532 3111 5590 ego
3154 5516 3309 5572 mitto
3346 5532 3448 5573 vos
3482 5535 3497 5572 :
3530 5532 3644 5573 ma-

2032 5612 2211 5686 jorem
2258 5606 2545 5666 caritatem
2590 5621 2752 5664 nemo
2799 5605 2962 5663 habet
3009 5613 3063 5662 et
3104 5605 3367 5678 reliqua:
3423 5605 3645 5687 dilectio
