3998 6188
333 324 437 378 913

1204 319 1584 378 EXPOSITIO
1615 321 1688 376 IN
1718 318 2054 390 QUATUOR
2083 320 2513 376 EVANGELIA.
2545 353 2614 362 —
2644 323 2718 377 IN
2743 322 2939 379 JOAN.

3540 327 3644 382 914

333 443 528 502 fortior
571 455 652 501 est
716 455 909 514 morte,
961 463 1066 520 ego
1115 462 1216 518 pro
1280 447 1568 503 dilectione
1628 446 1802 518 patior
1850 461 1942 516 pro

2052 472 2202 533 perat
2229 464 2588 536 principatum
2619 467 2919 522 sacerdotis
2949 486 2968 522 :
2997 467 3076 522 sel
3105 467 3199 522 illa
3227 468 3344 524 visa
3373 477 3454 523 est
3481 471 3639 527 ostia-

340 535 517 605 vobis,
551 545 602 590 et
649 552 746 590 vos
793 535 1036 607 patimini
1079 552 1181 606 pro
1230 535 1478 591 Ecclesia
1530 554 1543 590 :
1596 535 1776 590 omnia
1826 551 1946 606 qua:

351 625 534 678 audivi
566 640 599 678 a
626 633 779 696 patre
810 641 932 680 meo
965 633 1088 680 nota
1117 624 1220 679 feci
1257 624 1432 689 vobis,
1467 624 1520 678 id
1551 632 1631 678 est
1678 632 1946 694 praecepta

333 713 623 786 Evangelii
658 731 670 766 :
701 713 844 786 elegi
874 729 972 769 vos
1003 714 1071 769 de
1102 714 1325 779 mundo,
1360 713 1415 766 id
1447 721 1528 767 est
1559 713 1628 767 de
1653 711 1946 766 mundanis

333 801 545 857 actibus
581 819 594 855 :
630 817 739 858 non
771 803 899 857 estis
931 803 999 856 de
1031 802 1254 867 mundo,
1286 801 1340 855 id
1370 809 1472 867 est,
1505 801 1634 872 quia
1674 816 1782 855 non
1815 800 1946 854 dili-

333 890 462 964 gitis
509 890 772 947 mundum
823 909 836 946 :
886 899 944 945 ut
989 891 1062 945 ait
1129 891 1402 955 Salomon,
1454 889 1575 944 talis
1623 897 1705 945 est
1751 889 1948 944 mulier

332 978 602 1045 adultera,
631 997 772 1052 quae,
800 995 925 1036 cum
946 979 1266 1045 comederit,
1292 979 1464 1050 tetigit
1493 994 1555 1034 os
1586 995 1763 1045 suum,
1794 978 1942 1043 dicit,

332 1083 444 1123 non
473 1085 630 1123 suum
661 1077 889 1140 operata
923 1069 1146 1134 malum,
1181 1067 1383 1141 figurat
1402 1067 1706 1123 Ecclesiam
1736 1083 1800 1122 ex
1819 1082 1947 1137 gen-

335 1156 500 1225 tibus,
536 1174 659 1230 quae
683 1173 786 1229 per
814 1157 1218 1214 confessionem
1249 1156 1502 1212 abstersit
1533 1172 1592 1212 se
1620 1157 1688 1210 de
1718 1156 1949 1210 immun-

333 1246 464 1301 ditia
492 1256 838 1318 peccatorum
873 1264 884 1302 :
919 1248 986 1301 ab
1015 1247 1166 1302 initio
1195 1261 1412 1302 mecum
1460 1245 1598 1312 istis,
1644 1245 1699 1300 id
1745 1252 1829 1300 est
1876 1245 1943 1299 ab

336 1334 493 1391 initio
521 1337 946 1408 praedicationis.

413 1441 473 1495 Si
503 1455 600 1513 ego
621 1456 734 1496 non
766 1440 952 1496 abiero
983 1438 1300 1511 paraclitus
1330 1453 1445 1493 non
1482 1437 1674 1495 veniet
1701 1435 1774 1492 ad
1800 1452 1894 1492 vos
1927 1454 1941 1491 :

336 1549 464 1590 cum
493 1528 702 1587 venerit
729 1527 1026 1600 paraclitus
1055 1535 1251 1599 arguet
1279 1526 1543 1581 mundum
1575 1525 1643 1580 de
1691 1533 1940 1596 peccato,

333 1618 393 1674 id
422 1625 527 1682 est,
559 1614 684 1688 quia
714 1628 824 1668 non
853 1612 1027 1668 credit
1056 1611 1111 1665 in
1140 1627 1246 1681 me,
1299 1611 1482 1666 credat
1528 1627 1631 1681 per
1673 1609 1944 1682 pradica-

333 1708 540 1762 tionem
567 1701 855 1774 Evangelii
888 1717 900 1756 ε
933 1701 1002 1756 de
1023 1700 1232 1771 judicio
1262 1707 1462 1764 autem,
1515 1699 1640 1771 quia
1687 1699 1944 1771 princeps

2048 553 2150 619 ria,
2183 570 2304 625 quin
2335 554 2627 609 introduxit
2656 556 2872 609 Petrum
2902 557 2958 609 in
2985 556 3178 610 atrium
3209 557 3479 629 signiﬁcat
3523 560 3641 629 pri-

2047 650 2246 705 mitivae
2259 652 2540 718 Ecclesiae,
2562 654 2900 723 exprobravit
2921 671 3044 708 eum
3073 655 3199 726 quia
3229 655 3328 708 Dei
3361 655 3551 709 Filium
3581 674 3640 712 se

2048 754 2170 794 esse
2201 740 2401 794 dixisse
2436 758 2449 794 :
2484 749 2631 796 certe
2676 757 2783 796 non
2828 742 3072 812 rapinam
3120 743 3411 797 arbitratus
3459 752 3540 799 est
3587 761 3647 800 se

2049 845 2172 883 esse
2201 829 2466 900 aequalem
2494 831 2630 896 Deo,
2664 830 2761 884 sed
2791 831 3142 902 semetipsum
3173 832 3487 899 exinanivit,
3520 831 3634 888 forv

2049 932 2193 970 mam
2225 917 2371 972 servi
2400 918 2626 989 accepit.

2118 1007 2277 1061 Iesus
2308 1007 2567 1078 bajulans
2607 1023 2838 1062 crucem
2883 1024 3049 1063 suam
3085 1025 3098 1060 ε
3137 1007 3459 1078 Exemplum
3506 1009 3657 1064 dedit

2049 1093 2184 1148 sicut
2226 1094 2343 1164 ipse
2382 1094 2560 1149 dixit:
2596 1096 2686 1166 qui
2731 1096 2842 1150 vult
2888 1104 3012 1166 post
3060 1112 3146 1151 me
3193 1096 3376 1151 venire
3421 1097 3655 1169 abneget

2048 1178 2506 1253 semetipsum,'et
2536 1185 2745 1256 reliqua
2779 1202 2791 1237 :
2826 1185 2932 1240 duo
2961 1185 3209 1239 latrones
3239 1184 3476 1240 crucifixi
3497 1194 3650 1241 erant

2045 1287 2168 1326 cum
2196 1271 2375 1338 Jesus,
2408 1273 2499 1342 qui
2527 1273 2830 1343 permansit
2859 1290 3000 1327 unus
3031 1273 3087 1327 in
3114 1273 3339 1343 perfidia
3384 1291 3500 1340 sua,
3551 1291 3649 1330 οε·-

2047 1360 2218 1416 tendit
2245 1361 2482 1427 Iudaeos,
2529 1362 2619 1433 qui
2655 1361 2938 1418 confessus
2983 1371 3066 1417 est
3093 1361 3363 1434 significat
3406 1370 3648 1436 gentes:

2047 1448 2305 1520 scriptum
2347 1458 2466 1504 erat
2512 1449 2566 1504 in
2618 1449 2771 1506 titulo
2815 1467 2909 1506 rex
2955 1450 3284 1520 Iudaeorum,
3329 1451 3383 1505 id
3431 1461 3513 1507 est
3557 1469 3651 1508 rex

2045 1538 2424 1594 confessorum
2456 1555 2469 1594 :
2503 1537 2752 1595 fecerunt
2783 1547 3016 1612 quatuor
3039 1547 3223 1611 partes
3252 1540 3320 1595 de
3348 1541 3647 1597 vestimen-

2045 1627 2112 1682 tis
2138 1629 2267 1683 Jesu
2301 1644 2314 1682 :
2349 1635 2578 1700 quatuor
2606 1628 2826 1695 milites,
2860 1629 2918 1684 id
2949 1637 3031 1684 est
3063 1637 3293 1702 quatuor
3319 1631 3644 1704 Evangelis—

2043 1724 2109 1770 tae
2141 1734 2154 1770 :
2187 1717 2506 1771 vestimenta
2535 1717 2729 1784 divisa,
2763 1717 2819 1772 id
2851 1726 2935 1773 est
2966 1718 3438 1789 praedicationem,
3471 1720 3650 1776 incar-

329 1793 521 1850 mundi
545 1793 816 1862 judicatus
846 1797 927 1845 est
963 1806 974 1844 :
1008 1789 1203 1861 Arguit
1232 1790 1300 1845 de
1338 1796 1583 1860 peccato,
1637 1788 1692 1842 id
1739 1796 1841 1857 est,
1887 1796 1942 1843 ut

2052 1804 2336 1870 nationem,
2367 1805 2676 1876 passionem
2706 1813 2759 1860 et
2796 1788 3278 1872 resurrectionem,
3329 1823 3451 1880 quae
3495 1825 3643 1879 prae-

331 1900 432 1955 per
459 1879 903 1954 praedicationem
931 1885 1170 1933 vestram
1219 1886 1602 1933 convertantur
1640 1878 1710 1932 ad
1753 1877 1934 1947 poeni-

335 1973 559 2028 tentiam
591 1985 603 2024 :
639 1969 706 2024 de
730 1967 957 2038 justitia,
993 1974 1050 2020 ut
1081 1966 1221 2022 sicut
1249 1966 1424 2039 diligit
1453 1966 1775 2037 proximum,
1808 1965 1936 2020 dili-

2033 1892 2354 1949 dicaverunt
2383 1894 2440 1948 in
2481 1901 2718 1966 quatuor
2761 1894 3014 1965 partibus
3055 1895 3264 1964 mundi,
3312 1896 3492 1952 tunica
3541 1911 3643 1951 au-

2037 1990 2145 2038 tem
2174 1981 2511 2037 inconsutilis
2542 1981 2788 2053 desuper
2824 1989 3099 2050 contexta,
3131 1983 3368 2039 ostendit
3398 1985 3528 2055 quia
3555 1983 3644 2039 di-

334 2068 429 2133 gat
459 2067 513 2115 et
541 2059 716 2114 Deum
745 2073 811 2113 ex
839 2064 952 2111 toto
977 2055 1145 2111 corde
1179 2073 1191 2108 :
1227 2056 1295 2110 de
1320 2054 1526 2124 judicio
1568 2063 1626 2109 ut
1673 2054 1937 2127 quidquid

2052 2070 2232 2126 (initas
2260 2071 2315 2124 in
2345 2071 2505 2126 Patre
2535 2078 2586 2126 et
2615 2071 2749 2126 Filio
2781 2070 3172 2142 inseparabilis
3202 2079 3285 2127 est
3317 2089 3329 2126 :
3363 2054 3474 2128 non
3503 2073 3652 2128 scin-

333 2149 500 2205 vultis
531 2156 589 2202 ut
619 2147 818 2202 faciant
850 2145 1006 2200 vobis
1035 2145 1304 2210 homines,
1338 2152 1391 2199 et
1429 2160 1526 2200 vos
1574 2143 1732 2199 facite
1778 2143 1887 2198 illis
1921 2161 1933 2197 :

334 2239 454 2294 haec
481 2237 628 2293 enim
655 2244 737 2291 est
769 2234 857 2290 lex
889 2243 941 2290 et
970 2235 1267 2304 prophetae.

410 2344 680 2400 Modicum
709 2358 823 2396 non
852 2340 1111 2397 videbitis
1142 2355 1250 2407 me,
1282 2339 1336 2394 id
1368 2346 1470 2405 est,
1521 2338 1652 2393 dum
1691 2337 1837 2406 jacui
1884 2337 1940 2392 in

334 2433 590 2505 sepulcro
626 2449 640 2486 :
673 2430 949 2485 modicum
976 2429 1176 2484 iterum
1207 2435 1260 2482 et
1290 2428 1542 2483 videbitis
1590 2443 1696 2495 me,
1729 2426 1785 2482 id
1833 2435 1934 2492 est,

330 2539 428 2595 per
459 2521 919 2577 resurrectionem
953 2536 965 2572 :
1001 2518 1147 2573 venit
1177 2519 1312 2572 hora
1341 2518 1559 2588 quando
1588 2532 1699 2572 non
1727 2516 1784 2570 in
1814 2531 1940 2588 pro-

335 2619 541 2676 verbiis
571 2619 762 2689 loquar
790 2616 1095 2683 vobiscum,
1126 2615 1225 2670 sed
1254 2614 1432 2686 palam
1463 2615 1531 2668 de
1561 2615 1716 2669 Patre
1762 2612 1938 2668 mani-

335 2709 547 2764 festabo
595 2707 772 2775 vobis,
821 2705 876 2759 id
908 2713 1006 2773 est,
1055 2719 1156 2776 per
1205 2703 1712 2758 resurrectionem:
1748 2703 1804 2756 in
1850 2701 1940 2756 illa

337 2799 426 2853 die
456 2798 511 2851 in
543 2795 758 2851 nomine
789 2810 912 2849 meo
940 2793 1156 2865 petetis,
1191 2793 1247 2848 id
1292 2801 1392 2857 est,
1427 2792 1555 2864 quia
1583 2791 1822 2846 ascendo
1869 2791 1940 2845 ad

335 2887 553 2942 Patrem
607 2882 948 2957 resurgendo
995 2899 1094 2953 per
1159 2889 1502 2953 potestatem.
1552 2881 1712 2935 Pater
1765 2879 1941 2952 diligit

331 2991 453 3041 vos,
487 2974 613 3046 quia
641 2973 866 3044 diligitis
896 2989 983 3026 me
1013 2971 1262 3041 relinquo
1295 2971 1577 3038 mundum,
1611 2977 1663 3024 et
1690 2969 1830 3025 vado
1873 2969 1942 3022 ad

2035 2159 2230 2214 damus
2257 2173 2400 2226 eam,
2431 2158 2529 2214 sed
2550 2159 2846 2214 sortiamus
2884 2160 2952 2214 de
2984 2159 3078 2214 illa
3108 2160 3262 2230 cujus
3293 2167 3428 2228 erat,
3469 2169 3626 2216 osten

2034 2247 2113 2302 dit
2141 2247 2271 2319 quia
2299 2247 2401 2302 viri
2431 2247 2693 2304 Catholici
2720 2264 2832 2303 non
2863 2248 3118 2304 scindunt
3148 2249 3407 2304 unitatem
3439 2249 3642 2306 divini-

2039 2336 2164 2391 atis.

2113 2425 2330 2492 Mulier,
2365 2440 2488 2481 ecce
2519 2424 2679 2494 ﬁlius
2730 2429 2861 2481 tuus
2895 2441 2908 2480 :
2945 2425 3244 2499 discipulo,
3292 2441 3417 2482 ecce
3462 2430 3650 2482 mater

2040 2517 2141 2571 tua
2185 2530 2196 2568 :
2240 2513 2329 2569 hic
2375 2513 2649 2585 virginem
2695 2514 3128 2580 commendavit,
3173 2522 3232 2569 ut
3283 2514 3653 2586 incorruptam

2040 2610 2326 2657 servaret:
2359 2617 2468 2656 non
2510 2601 2792 2673 fregerunt
2836 2618 3000 2658 crura
3044 2604 3194 2669 Jesu,
3243 2603 3300 2657 id
3346 2611 3450 2670 est,
3503 2603 3649 2675 quod

2038 2690 2325 2763 figuratum
2353 2699 2479 2746 ante
2510 2690 2707 2757 fuerat,
2740 2707 2841 2762 per
2871 2707 3079 2764 agnum
3108 2691 3164 2746 in
3193 2692 3425 2764 Egypto
3475 2709 3489 2746 :
3539 2706 3650 2747 non

2039 2780 2269 2835 crudum
2295 2795 2398 2835 nec
2425 2789 2640 2836 coctum
2670 2796 2830 2851 aqua,
2880 2781 2979 2835 sed
3021 2796 3207 2835 assum
3257 2788 3465 2835 tantum
3507 2780 3642 2852 igni,

2039 2868 2273 2924 ostendit
2302 2869 2612 2939 passionem
2641 2869 2858 2934 Christi,
2893 2868 3145 2924 baculum
3165 2868 3220 2923 in
3250 2885 3433 2936 manu,
3462 2875 3652 2925 osten-

2039 2958 2117 3013 dit
2147 2973 2366 3013 crucem
2395 2956 2614 3024 Christi,
2647 2957 2717 3012 de
2745 2957 2950 3013 mundo
2981 2958 3051 3012 ad
3081 2959 3296 3013 Patrem
3332 2975 3343 3012 :
3379 2973 3490 3013 non
3509 2973 3660 3014 com-

333 3037 573 3132 Patrem,
612 3063 665 3116 id
698 3037 800 3127 est,
833 3077 934 3133 per
975 3037 1328 3132 praesentiam
1376 3037 1640 3129 corporis,
1695 3073 1823 3112 nam
1855 3073 1942 3112 se-
2035 3047 2291 3102 minuetis
2321 3063 2387 3101 ex
2418 3037 2516 3110 eo,
2538 3046 2778 3101 ostendit
2808 3054 2864 3101 ut
2897 3062 3008 3101 non
3037 3045 3195 3102 fieret
3226 3046 3457 3102 infracta
3505 3062 3640 3103 crux

336 3152 577 3208 cundum
607 3151 944 3206 divinitatem
973 3165 1084 3204 non
1137 3148 1395 3219 relinquit
1441 3147 1704 3201 mundum
1738 3164 1750 3200 :
1783 3162 1938 3217 pres—
1969 3164 2018 3227 ρ
2041 3135 2262 3227 Οὺιξίεῐί,
2295 3135 2489 3227 Ῑᾶηοςθιξι
2517 3134 2660 3189 latus
2680 3135 2806 3227 flius
2841 3143 3193 3206 'punxel‘unt,
3226 3143 3286 3190 ιιι
3329 3135 3651 3207 impleretur

335 3257 520 3296 suram
551 3240 781 3309 habetis,
815 3239 870 3294 id
902 3247 1001 3308 est,
1034 3255 1064 3292 a
1093 3237 1385 3293 mundanis
1415 3236 1726 3291 hominibus
1767 3235 1939 3289 tribu-

335 3329 592 3385 lationem
624 3347 637 3383 :
671 3345 776 3400 ego
807 3328 910 3384 vici
942 3327 1223 3394 mundum,
1257 3325 1314 3381 id
1344 3332 1428 3381 est
1473 3323 1694 3396 alligavi
1742 3323 1938 3379 fortem

337 3419 392 3473 in
422 3418 646 3484 mundo,
681 3417 774 3490 qui
807 3425 888 3472 est
919 3415 1188 3470 diabolus.

417 3563 575 3618 Venit
605 3563 760 3627 hora,
797 3562 986 3625 Pater,
1010 3559 1083 3614 ad
1123 3558 1440 3627 clariﬁcare
1473 3557 1685 3612 Filium
1719 3559 1881 3612 tuum
1923 3572 1936 3610 :

334 3651 391 3706 id
421 3659 504 3706 est
533 3666 632 3721 per
661 3647 1118 3704 resurrectionem
1152 3664 1164 3702 :
1200 3655 1256 3702 ut
1287 3646 1450 3701 Filius
1483 3644 1737 3701 clarificet
1778 3652 1849 3709 te,
1885 3643 1941 3698 id

339 3748 420 3796 est
440 3755 541 3811 per
571 3738 765 3793 Filium
792 3744 1173 3793 convertantur
1202 3745 1254 3791 et
1273 3735 1496 3791 credant
1527 3752 1540 3787 :
1575 3749 1680 3806 ego
1701 3741 1754 3788 te
1785 3733 1940 3788 clari-

337 3827 495 3886 ﬁcavi
525 3844 689 3900 super
726 3836 947 3892 terram,
972 3825 1026 3880 id
1057 3833 1139 3880 est
1160 3833 1345 3880 notum
1375 3823 1478 3879 feci
1499 3822 1772 3888 omnibus,
1796 3822 1939 3892 apud

336 3925 389 3973 te
420 3915 759 3972 manifestavi
775 3931 976 3970 nomen
1005 3921 1152 3968 tuum
1172 3913 1500 3977 hominibus,
1533 3911 1769 3966 ostendit
1789 3910 1937 3983 quod

337 4006 639 4062 secundum
668 4003 1025 4069 divinitatem,
1060 4018 1186 4058 cum
1216 4003 1370 4056 Patre
1400 4008 1536 4065 erat,
1569 4009 1623 4055 et
1642 3997 1940 4070 corporali-

339 4105 420 4150 ter
449 4095 502 4149 in
532 4103 674 4148 terra
708 4110 720 4148 :
754 4107 893 4165 quos
923 4092 1054 4146 mihi
1083 4090 1281 4146 dedisti
1309 4091 1378 4146 de
1408 4089 1612 4144 mundo
1643 4089 1718 4144 tui
1763 4095 1936 4154 erant,

339 4185 395 4238 in
424 4182 763 4254 praescientia
779 4182 858 4254 ab
890 4181 1039 4236 initio
1067 4180 1140 4234 tui
1171 4187 1322 4235 erant
1354 4197 1367 4232 :
1399 4178 1530 4232 mihi
1575 4192 1670 4233 eos
1717 4176 1936 4242 dedisti,

336 4273 392 4328 id
421 4281 521 4342 est,
556 4272 625 4327 ad
654 4271 961 4326 docendum
993 4287 1006 4324 :
1041 4277 1094 4324 et
1125 4283 1434 4324 sermonem
1481 4275 1630 4321 tuum
1677 4282 1938 4322 servave-

335 4370 478 4430 runt,
506 4361 558 4416 id
588 4369 690 4428 est,
722 4360 776 4414 in
807 4359 913 4414 fide
943 4365 1381 4430 permanserunt,
1415 4372 1521 4430 ego
1551 4371 1653 4426 pro
1685 4355 1765 4410 eis
1798 4370 1934 4426 rogo

333 4467 445 4506 non
474 4466 574 4522 pro
604 4449 828 4517 mundo,
865 4449 988 4520 quia
1017 4448 1120 4503 scit
1151 4449 1296 4501 Deus
1328 4446 1419 4518 qui
1451 4452 1574 4500 sunt
1604 4445 1722 4514 ejus
1763 4461 1775 4498 :
1815 4458 1938 4498 om-

338 4539 434 4594 nia
461 4547 555 4594 tua
583 4555 706 4594 mea
739 4545 881 4604 sunt,
915 4544 968 4592 et
997 4551 1118 4591 mea
1162 4545 1252 4590 tua
1300 4543 1422 4590 sunt
1455 4550 1468 4589 :
1510 4541 1564 4588 et
1621 4530 1938 4588 clarificatus

341 4645 462 4684 sum
494 4628 549 4682 in
577 4628 676 4697 eis,
709 4627 764 4681 id
794 4633 895 4693 est,
928 4625 984 4680 in
1033 4625 1228 4680 iisdem
1273 4623 1524 4697 gentibus
1571 4619 1946 4676 manifestatus

339 4733 481 4784 sum,
513 4716 563 4770 id
598 4724 698 4781 est,
734 4716 858 4786 quia
889 4714 1241 4770 crediderunt
1271 4713 1326 4766 in
1357 4727 1443 4766 me
1477 4727 1490 4766 :
1523 4711 1578 4766 in
1596 4711 1801 4765 mundo
1824 4726 1945 4764 sum

338 4805 711 4876 corporaliter,
746 4812 798 4859 et
826 4804 882 4857 in
910 4804 1115 4857 mundo
1159 4818 1267 4857 non
1296 4817 1414 4856 sum
1459 4799 1810 4871 corporaliter
1843 4815 1854 4853 :
1891 4806 1946 4854 et

337 4911 436 4967 pro
482 4894 561 4948 eis
588 4891 864 4948 sanctiﬁco
894 4893 1185 4963 meipsum,
1218 4890 1273 4945 id
1303 4897 1386 4945 est
1414 4904 1512 4960 per
1539 4887 1857 4958 martyrium
1899 4896 1954 4944 et

340 4982 800 5039 resurrectionem
836 4998 847 5036 :
882 4995 986 5052 ego
1017 4979 1336 5046 claritatem,
1371 4994 1533 5050 quam
1586 4976 1783 5032 dedisti
1817 4970 1954 5030 mihi

340 5073 468 5128 dedi
496 5071 596 5140 eis,
628 5070 682 5124 id
713 5077 814 5136 est,
848 5076 1124 5142 praecepta
1152 5067 1335 5123 divina
1368 5083 1380 5121 :
1415 5065 1589 5122 exivit
1628 5080 1752 5121 cum
1783 5063 1957 5119 disci-

338 5162 484 5235 pulis
515 5159 626 5216 suis
657 5167 808 5214 trans
857 5166 1154 5214 torrentem
1201 5157 1436 5222 Cedron,
1481 5153 1718 5210 ostendit
1765 5155 1942 5226 impe-

338 5259 452 5306 tum
482 5248 897 5321 persecutionis.

411 5359 624 5413 Iterum
648 5356 938 5410 transiens
956 5355 1114 5411 Jesus
1133 5370 1264 5408 cum
1280 5351 1578 5423 discipulis
1597 5350 1736 5414 suis,
1761 5347 1814 5402 id
1870 5352 1957 5400 est

339 5446 406 5501 de
435 5445 640 5501 mundo
670 5445 736 5499 ad
767 5452 998 5515 patrem,
1032 5451 1082 5498 et
1112 5442 1180 5496 de
1209 5441 1413 5496 Iudaeis
1441 5439 1511 5493 ad
1541 5446 1753 5510 gentes,
1780 5451 1944 5491 vene-

337 5551 458 5589 rum
489 5550 615 5590 cum
643 5533 863 5589 latemis
893 5539 946 5587 et
976 5530 1193 5604 fagulis,
1229 5530 1283 5584 id
1311 5537 1410 5594 est,
1435 5527 1540 5600 ipsi
1558 5527 1660 5582 sibi
1681 5524 1938 5582 accende-

335 5633 463 5678 runt
510 5623 695 5678 lumen
737 5622 973 5693 pcenale,
1029 5621 1373 5675 adduxerunt
1422 5634 1548 5672 eum
1594 5617 1664 5671 ad
1714 5618 1948 5682 Annam,

342 5716 501 5771 Anna
526 5711 702 5790 gratia
736 5711 834 5766 Dei
863 5710 1271 5782 interpretatur,
1305 5707 1397 5780 qui
1427 5706 1602 5780 gratia
1645 5705 1747 5761 Dei
1792 5719 1955 5760 acce-

1969 4521 2019 4582 D
2043 4509 2336 4564 divinitatis
2368 4508 2689 4581 intelligitur
2741 4526 2754 4562 :

2042 3225 2315 3295 scriptura
2347 3241 2359 3279 :
2394 3223 2649 3281 viderunt
2677 3223 2734 3278 in
2765 3240 2926 3296 quem
2960 3232 3366 3295 pupunxerunt.

2111 3341 2308 3396 Exivit
2355 3341 2587 3412 sanguis
2632 3343 2689 3395 et
2731 3356 2879 3413 aqua
2925 3355 2937 3394 :
2986 3339 3127 3394 sicut
3185 3355 3253 3395 ex
3303 3339 3476 3395 latere
3517 3339 3650 3396 Adm

2043 3435 2255 3499 sumpta
2283 3436 2366 3482 est
2395 3429 2532 3499 Eva,
2565 3427 2639 3482 ita
2673 3444 2741 3482 ex
2768 3427 2935 3483 latere
2960 3427 3160 3483 Christi
3191 3427 3356 3484 exivit
3389 3428 3649 3500 redemp-

2041 3517 2116 3572 tio
2153 3516 2418 3572 Ecclesiae
2447 3533 2462 3570 :
2493 3532 2595 3587 per
2645 3516 2968 3588 sanguinem
2996 3515 3269 3584 remissio,
3301 3533 3403 3588 per
3451 3533 3648 3590 aquam

2040 3605 2368 3676 baptismum
2428 3620 2440 3658 :
2497 3605 2606 3659 duo
2647 3603 2902 3675 discipuli
2958 3612 3284 3660 currentes:
3346 3607 3538 3661 Petrus
3592 3613 3647 3662 et

2039 3695 2297 3762 Joannes,
2347 3692 2582 3748 ostendit
2625 3692 2762 3747 duos
2803 3692 3036 3764 papulus
3081 3700 3382 3762 currentes,
3430 3693 3648 3750 Iudaeos

2040 3799 2138 3855 per
2166 3781 2305 3854 legis
2334 3781 2586 3848 litteram,
2618 3788 2810 3850 gentes
2839 3797 2940 3852 per
2967 3781 3152 3854 legem
3181 3788 3412 3836 natura}.

2111 3891 2353 3945 Joannes
2378 3889 2758 3960 praecucurrit
2772 3887 2984 3954 citius;
3014 3887 3158 3942 vidit
3187 3887 3532 3942 linteamina
3545 3903 3648 3959 po-

2040 3979 2154 4034 sita
2184 3981 2240 4032 ct
2270 3993 2386 4032 non
2414 3978 2696 4032 introivit.
2727 3974 2900 4030 Judaei
2931 3991 3026 4046 per
3056 3975 3238 4048 legem
3271 3983 3322 4030 et
3345 3975 3648 4046 Prophetas

2039 4066 2287 4122 viderunt
2313 4063 2584 4120 Christum
2605 4071 2910 4130 venturum,
2945 4070 2997 4119 et
3022 4063 3316 4120 adventum
3346 4063 3516 4135 ipsius
3537 4079 3647 4119 non

2040 4161 2382 4226 receperunt.
2416 4153 2574 4209 Venit
2605 4154 2796 4208 Petrus
2827 4168 3063 4224 sequens
3094 4169 3239 4218 eum,
3283 4153 3416 4209 vidit
3447 4153 3648 4208 lintea-

2038 4244 2187 4298 mina
2218 4252 2268 4302 et
2297 4243 2555 4310 introivit,
2589 4242 2828 4298 ostendit
2857 4250 3050 4313 gentes
3091 4258 3210 4313 quae
3240 4241 3296 4296 in
3347 4242 3642 4298 adventum

2041 4332 2259 4398 Christi,
2295 4332 2410 4387 sive
2439 4331 2743 4389 doctrinam
2773 4331 2918 4386 illius
2955 4347 2967 4386 :
3001 4347 3100 4402 per
3128 4329 3444 4386 linteamina
3472 4330 3650 4387 incar-

2040 4422 2188 4477 natio
2217 4421 2416 4476 Christi
2461 4421 2778 4492 intelligitur
2812 4417 2959 4494 {per
3007 4419 3288 4474 sudarium
3332 4420 3647 4490 mysterium

2807 4507 3082 4563 sudarium
3131 4523 3242 4562 non
3286 4524 3409 4564 cum
3456 4507 3653 4564 lintea-

2055 4598 2310 4664 minibus,
2343 4597 2439 4653 sed
2471 4597 2763 4669 separatim
2792 4596 2848 4650 in
2893 4611 3059 4650 unum
3105 4596 3285 4651 locum
3327 4596 3647 4668 involutum,

2055 4686 2290 4743 ostendit
2319 4686 2444 4758 quia
2472 4685 2728 4741 divinitas
2756 4684 2922 4757 longe
2953 4691 3036 4740 est
3078 4692 3284 4740 remota
3325 4701 3356 4739 a
3403 4685 3654 4760 sensibus

2055 4775 2326 4841 humanis,
2358 4775 2414 4829 in
2442 4791 2610 4828 unum
2638 4775 2818 4830 locum
2848 4773 2938 4846 qui
2967 4781 3092 4828 sunt
3120 4773 3444 4829 universalis
3481 4791 3493 4829 :
3527 4783 3655 4830 tunc

2054 4864 2294 4920 introivit
2339 4871 2393 4919 et
2437 4863 2577 4917 alius
2644 4861 2924 4933 discipulis
2973 4862 3066 4934 qui
3115 4863 3268 4933 prius
3314 4871 3537 4919 venerat
3585 4863 3656 4918 ad

2054 4961 2486 5021 monumentum,
2518 4952 2755 5007 ostendit
2805 4951 3022 5007 Iudaeos
3071 4967 3330 5008 reversos
3376 4952 3444 5007 ad
3490 4951 3655 5009 fidem

2055 5043 2112 5098 in
2138 5041 2247 5097 fine
2275 5041 2463 5096 mundi
2498 5058 2510 5096 :
2543 5040 2724 5114 angeli
2756 5040 3011 5096 sedentes
3055 5040 3126 5095 ad
3153 5048 3312 5111 caput
3357 5048 3410 5096 et
3436 5041 3506 5097 ad
3551 5057 3655 5114 pe-

2055 5131 2175 5202 des,
2207 5131 2444 5187 ostendit
2472 5129 2681 5184 initium
2712 5137 2764 5184 et
2793 5128 2977 5184 finem.

2127 5247 2291 5302 Dixit
2320 5247 2508 5312 Maria,
2543 5247 2729 5300 nescio
2761 5245 2856 5300 ubi
2881 5246 3197 5317 posuerunt
3235 5259 3386 5312 eum,
3419 5246 3656 5302 ostendit

2057 5345 2358 5402 secundum
2387 5358 2610 5400 carnem
2637 5342 2896 5416 diligebat
2923 5343 3225 5409 mumdum,
3259 5350 3313 5398 et
3359 5359 3460 5414 per
3491 5342 3652 5397 fidem

2056 5427 2317 5491 credebat
2367 5433 2512 5505 quod
2569 5431 2702 5486 dixit
2731 5432 2922 5498 Maria,
2977 5433 3215 5488 ostendit
3265 5430 3656 5504 cogitationem

2056 5524 2208 5580 vocis
2241 5541 2254 5578 :
2290 5522 2416 5594 quia
2445 5537 2545 5593 per
2563 5521 2906 5577 dilectionem
2933 5520 3168 5592 proximi
3193 5519 3476 5592 cognoscit
3492 5519 3654 5574 homo

2058 5615 2232 5669 Deum
2257 5628 2269 5667 :
2293 5611 2427 5667 dixit
2453 5612 2633 5678 Jesus,
2670 5610 2783 5666 noli
2813 5626 2902 5666 me
2924 5619 3167 5682 tangere,
3210 5609 3266 5663 id
3295 5615 3376 5663 est
3403 5608 3456 5662 in
3486 5609 3649 5664 corde

2057 5711 2166 5771 tuo,
2199 5701 2294 5758 tibi
2324 5715 2435 5758 non
2463 5701 2689 5758 ascendi
2719 5716 2821 5774 per
2859 5700 3216 5763 divinitatem,
3267 5697 3520 5768 discipuli
3566 5697 3655 5768 pi-
