3998 6188
343 359 447 410 915

341 488 554 536 scantes
598 488 765 536 totam
823 490 1034 536 noctem
1077 481 1208 535 nihil
1257 489 1520 551 ceperunt
1570 500 1581 534 :

339 569 589 624 doctores
616 578 848 636 veteres,
880 571 934 624 in
982 578 1138 625 nocte
1181 571 1418 624 ostendit
1458 578 1582 625 ante
1637 571 1929 626 adventum

949 357 1350 412 WALAFRIDI
1378 357 1620 412 STRABI
1648 357 1849 412 FULD.
1883 356 2054 414 MON.
2099 360 2297 415 PARS.
2338 361 2381 414 Ι.
2421 391 2481 400 -ι
2533 360 3005 416 THEOLOGICA.

3527 363 3637 413 916

1631 482 1934 552 piscatores
1964 487 2014 545 A
2038 485 2329 539 rectionem
2360 483 2587 538 induunt
2615 485 2853 555 spiritale
2883 502 3102 556 corpus,
3126 485 3326 556 ubique
3352 483 3468 539 sine
3489 492 3646 538 metu

2031 571 2242 642 ingredi
2270 580 2516 643 possunt,
2547 574 2689 628 unde
2722 574 2934 644 integer
2961 581 3013 628 et
3059 575 3402 644 incorruptus
3449 571 3642 627 matri-

343 658 540 712 Christi
579 658 757 712 nullus
803 659 872 712 ad
915 657 1302 728 perfectionem
1349 675 1450 730 per
1496 659 1930 730 praedicationem
2031 661 2232 725 monio,
2262 669 2371 715 tres
2410 661 2698 717 testificant
2724 664 2862 717 hanc
2893 662 3236 717 sententiam.

339 746 479 818 legis
509 747 706 802 veteris
734 747 990 801 venisset.

413 837 568 891 Mane
613 839 803 890 autem
847 837 998 906 facto
1051 853 1064 888 :
1115 836 1350 890 ostendit
1398 835 1596 890 factum
1645 836 1932 891 adventum

341 923 536 978 Christi
568 941 582 976 :
616 922 806 977 mittite
836 923 889 976 in
920 923 1193 978 dexteram
1223 931 1448 994 partem,
1498 925 1554 978 id
1600 933 1700 992 est,
1741 925 1934 979 mittite

336 1011 778 1082 prmdicationem
801 1011 856 1065 in
886 1012 1158 1081 gentibus.
1190 1013 1321 1066 Erat
1349 1013 1492 1066 enim
1521 1014 1712 1066 Petrus
1734 1013 1929 1078 nudus,

335 1099 389 1153 id
420 1108 502 1154 est
529 1100 660 1153 nudi
691 1109 846 1154 erant
869 1116 900 1152 a
931 1099 1034 1154 fide
1066 1099 1265 1155 Christi
1299 1119 1311 1154 :
1344 1101 1527 1156 tunica
1557 1102 1822 1156 succinxit
1851 1118 1929 1168 se,

333 1187 389 1243 id
421 1197 500 1242 est
534 1186 696 1243 ﬁdem
726 1188 988 1244 Ecclesiae
1022 1207 1034 1242 :
1068 1189 1213 1242 misit
1245 1206 1303 1244 se
1334 1189 1388 1242 in
1432 1205 1604 1257 mare,
1660 1189 1716 1244 id
1755 1198 1838 1243 est
1881 1190 1936 1243 in

335 1275 792 1343 ﬂuctuationibus,
826 1286 878 1332 et
907 1277 1292 1332 amaritudines
1330 1277 1516 1331 mundi
1561 1294 1657 1347 per
1685 1278 1934 1333 dilectio-

331 1381 456 1420 nem
478 1365 678 1420 Christi
713 1383 726 1420 :
759 1365 848 1420 alii
876 1365 1130 1436 discipuli
1163 1365 1380 1435 navigio
1415 1374 1693 1434 venerunt,
1728 1366 1782 1420 id
1832 1374 1930 1434 est,

329 1452 385 1508 in
415 1453 661 1508 Ecclesia
693 1454 1089 1509 fluctuationem
1138 1454 1324 1508 mundi
1367 1454 1638 1509 calcantes
1685 1454 1936 1509 viderunt

329 1558 546 1614 prunas,
595 1550 646 1596 et
686 1541 890 1612 piscem
940 1550 993 1597 et
1035 1558 1232 1612 panem
1280 1542 1536 1612 positum,
1587 1559 1685 1613 per
1730 1542 1937 1613 piscem

330 1631 566 1686 ostendit
592 1629 775 1694 ﬁdem,
810 1646 910 1701 per
939 1647 1140 1701 prunas
1172 1630 1412 1685 calorem
1433 1630 1699 1695 caritatis,
1735 1648 1834 1700 per
1849 1647 1936 1702 pa-

324 1735 454 1774 nem
485 1721 707 1774 verbum
738 1719 978 1775 divinum
1013 1735 1025 1774 :
1061 1721 1334 1774 trahentes
1366 1727 1478 1774 rete
1510 1719 1564 1773 in
1597 1727 1812 1786 terram,
1839 1736 1939 1789 per

327 1808 507 1864 littora
536 1808 772 1863 ostendit
804 1806 968 1862 finem
999 1808 1185 1862 mundi
1218 1824 1230 1862 :
1263 1808 1484 1878 plenum
1514 1808 1729 1880 magnis
1760 1809 1928 1879 pisci-

331 1897 454 1961 bus,
484 1896 540 1957 id
569 1904 669 1962 est,
722 1896 1004 1967 plenitudo
1051 1903 1102 1950 et
1144 1896 1464 1967 magnitudo
1508 1896 1790 1963 Ecclesiae,
1837 1913 1934 1967 per

333 1984 710 2040 remissionem
739 1991 1088 2054 peccatorum
1122 2001 1137 2038 :
1167 2000 1264 2054 per
1293 1992 1402 2038 tres
1431 1985 1670 2040 ostendit
1718 1984 1932 2039 trinita-

333 2079 443 2127 tem
477 2090 490 2127 :
523 2071 815 2127 indivisum
846 2081 957 2128 rete
987 2079 1040 2127 et
1073 2088 1179 2127 non
1211 2072 1462 2141 scissum,
1498 2072 1553 2127 id
1583 2079 1684 2137 est,
1736 2072 1932 2128 Eccle-

329 2161 470 2216 siam
500 2160 553 2215 in
585 2160 766 2216 futuro
795 2160 1168 2231 incorruptam
1202 2177 1214 2216 :
1250 2161 1599 2216 manducavit
1619 2162 1778 2216 Jesus
1809 2169 1936 2233 post

333 2249 811 2318 resurrectionem,
847 2249 1084 2305 ostendit
1114 2266 1295 2305 veram
1342 2249 1771 2306 incarnationem
1817 2265 1935 2307 cor-

330 2337 482 2409 poris
512 2346 568 2393 ut
599 2338 887 2396 credentes
915 2337 1219 2395 crederent.

400 2445 566 2501 Dixit
595 2447 778 2510 Jesus,
821 2447 1015 2503 Simon
1046 2446 1281 2502 Joannis
1312 2461 1471 2500 amas
1500 2461 1588 2500 me
1615 2449 1637 2501 ?
1684 2444 1935 2500 Ostendit

332 2533 472 2589 sicut
501 2541 585 2589 ter
614 2533 854 2607 negavit,
892 2543 948 2589 ut
977 2541 1058 2589 ter
1095 2533 1443 2590 conﬁteretur
1491 2533 1652 2590 ﬁdem
1699 2534 1934 2590 Trinita-

334 2623 404 2678 tis
440 2639 451 2678 :
485 2638 647 2694 pasce
677 2638 809 2678 oves
839 2639 1006 2690 meas,
1041 2623 1096 2678 id
1127 2629 1207 2677 est
1237 2623 1292 2677 in
1323 2623 1570 2679 Ecclesia
1604 2641 1616 2678 :
1652 2623 1938 2695 ingressus

334 2712 496 2768 Jesus
520 2711 699 2782 januis
741 2712 939 2768 clausis
969 2711 1206 2768 ostendit
1233 2711 1360 2783 quia
1405 2711 1606 2767 clausis
1656 2711 1938 2784 ingressus

337 2809 421 2856 est
443 2801 624 2871 januis
651 2807 888 2868 uterum,
920 2800 1000 2857 sic
1037 2809 1090 2856 et
1117 2816 1310 2857 omnes
1358 2801 1528 2857 sancti
1576 2810 1700 2873 post
1747 2816 1936 2856 resur-

2104 776 2409 848 Discipulis
2453 793 2619 848 quem
2663 778 2891 831 amabat
2933 779 3111 832 Jesus.
3163 777 3410 832 Secunda
3456 776 3640 830 virtus

2033 871 2112 918 est
2144 865 2288 935 quod
2319 863 2444 919 fecit
2473 867 2632 919 Jesus
2666 865 2720 918 in
2752 866 2897 919 Cana
2932 865 3176 936 Galileae,
3197 866 3379 919 vinum
3405 865 3473 918 de
3496 880 3642 935 aqua

2034 952 2303 1022 expressit
2331 967 2467 1022 Opus
2497 961 2750 1023 paratum
2779 954 3140 1025 virginitatem
3181 953 3404 1008 Joannis
3442 960 3642 1007 osten-

2034 1049 2108 1103 dit
2139 1049 2265 1120 quia
2292 1048 2365 1103 illi
2397 1066 2596 1119 sponsa
2626 1052 2910 1119 conjuncta
2944 1060 3027 1106 est
3059 1070 3071 1105 :
3105 1051 3469 1106 testimonium
3492 1051 3644 1121 quod

2035 1138 2434 1192 commendavit
2476 1140 2636 1193 Jesus
2681 1148 2908 1194 matrem
2957 1156 3108 1194 suam
3158 1139 3354 1195 Joanni
3402 1157 3414 1192 :
3465 1139 3644 1192 Maria

2034 1226 2278 1280 Ecclesia
2309 1226 2592 1298 figuratur.
2622 1229 2898 1282 Johannes
2928 1228 3306 1298 principatum,
3349 1227 3488 1282 sicut
3539 1227 3645 1280 fuit

2035 1315 2310 1369 Johannes
2342 1316 2497 1386 virgo
2528 1316 2888 1384 matrimonio,
2938 1317 3015 1371 sic
3046 1315 3144 1370 fuit
3190 1317 3540 1385 incorruptus
3587 1323 3645 1368 et

2037 1412 2211 1458 morte
2249 1420 2259 1458 :
2293 1405 2532 1458 Joannes
2576 1405 2959 1476 genealogiam
2991 1405 3060 1459 de
3101 1404 3380 1458 divinitate
3430 1412 3639 1469 narrat,

2036 1507 2160 1544 nam
2191 1492 2280 1546 alii
2314 1493 2382 1546 de
2408 1492 2628 1570 homine
2657 1501 2879 1546 narrant
2913 1511 2925 1546 :
2959 1493 3028 1546 de
3058 1493 3337 1547 divinitate
3362 1493 3645 1546 Johannes

2037 1580 2185 1645 dicit,
2219 1581 2275 1634 in
2302 1580 2566 1651 principio
2610 1589 2727 1636 erat
2775 1582 3023 1650 verbum,
3068 1582 3169 1635 iste
3210 1582 3429 1650 jacebat
3475 1596 3646 1650 super

2036 1676 2226 1739 pectus
2273 1671 2429 1736 Jesu,
2478 1678 2529 1723 et
2578 1669 2805 1724 scientia
2853 1669 3150 1724 divinitatis
3197 1686 3317 1740 qua)
3360 1667 3539 1722 fuerat
3587 1668 3644 1721 in

2036 1766 2257 1828 pectore
2287 1760 2417 1812 Jesu
2447 1759 2689 1813 ascendit
2717 1760 2992 1813 Johannes
3022 1760 3090 1814 de
3112 1758 3490 1826 conjunctione
3508 1758 3650 1811 duo-

1955 1842 2006 1899 B
2037 1863 2158 1899 rum
2188 1855 2467 1916 pectorum
2495 1867 2507 1908 ;
2560 1847 2720 1901 insita
2768 1848 2947 1913 arbor,
2982 1847 3038 1900 in
3067 1847 3204 1901 alter
3235 1845 3361 1901 facit
3405 1845 3647 1900 fructum

2035 1934 2268 1999 arboris,
2306 1935 2530 1988 alterius
2560 1935 2614 1989 in
2645 1952 2753 2006 qua
2783 1935 3076 2005 plantatur.
3113 1935 3171 1990 Si
3199 1935 3502 1989 secundum
3553 1949 3644 1987 or-

2033 2022 2217 2076 dinem
2265 2023 2491 2094 canonis
2538 2023 2640 2077 iste
2688 2024 2830 2077 liber
2890 2023 3180 2077 Mathaeum
3228 2021 3647 2092 praemittendus

2035 2119 2200 2177 esset,
2234 2120 2287 2166 et
2336 2112 2481 2182 quod
2529 2111 2584 2164 in
2628 2111 2979 2166 novissimam
3022 2112 3230 2181 positus
3278 2118 3508 2180 partem,
3561 2119 3648 2164 est

2036 2200 2164 2270 quia
2196 2207 2339 2254 terra
2370 2199 2562 2270 primis
2595 2199 2928 2255 sanctiﬁcata
2977 2208 3079 2264 est,
3132 2199 3328 2254 deinde
3377 2214 3541 2270 aqua,
3593 2208 3651 2251 et

2034 2296 2225 2358 postea
2255 2288 2549 2343 novissime
2580 2288 2742 2360 ignis,
2779 2289 2905 2359 quia
2935 2289 3132 2344 clarior
3153 2296 3234 2342 est
3256 2296 3308 2341 et
3339 2287 3592 2340 subtilior
3629 2304 3643 2339 :

2034 2376 2160 2431 item
2192 2376 2246 2429 in
2279 2375 2684 2431 similitudinem
2718 2377 2947 2432 duarum
2989 2377 3193 2449 legum,
3248 2376 3300 2429 id
3332 2383 3435 2443 est,
3489 2382 3647 2429 vetus

2035 2472 2086 2518 et
2117 2480 2357 2528 novum;
2389 2473 2543 2519 vetus
2573 2465 2725 2536 prius
2754 2466 2953 2519 tradita
2985 2473 3121 2530 erat,
3156 2481 3295 2519 nova
3327 2472 3509 2518 tamen
3542 2463 3652 2519 cla-

2038 2553 2152 2607 rior
2182 2562 2265 2608 est
2295 2561 2347 2607 et
2389 2553 2583 2621 major,
2636 2555 2762 2624 quia
2809 2554 2878 2608 de
2926 2553 3239 2609 caelestibus
3282 2549 3547 2607 discernit
3593 2559 3651 2605 et

2039 2641 2396 2696 abundantior
2425 2658 2567 2708 mea,
2603 2643 2749 2713 quod
2775 2643 2844 2697 ad
2872 2642 3241 2713 Evangelium
3268 2641 3497 2697 Joannis
3529 2656 3653 2711 per-

2038 2731 2172 2786 tinet
2201 2747 2268 2786 ex
2298 2745 2461 2801 supra
2493 2731 2636 2786 dicta

1134 3143 2089 3279 WALAFRIDI
2249 3143 2854 3281 STRABI

1618 3387 2002 3446 FULDENSIS
2061 3389 2381 3446 MONACHI

481 3562 1102 3680 PIGTURﬂE
1190 3562 2142 3679 HISTORIARUM
2230 3564 2554 3685 NOVI
2645 3565 3505 3682 TESTAMENTI

1457 3783 1639 3853 (Apud
1667 3782 1936 3850 Goldast.,
1971 3782 2216 3838 Manuale
2244 3782 2552 3854 Biblicum.)

350 4040 596 4115 Angelus
627 4053 756 4098 ecce
787 4039 905 4097 seni
931 4039 1198 4113 promittit
1226 4055 1458 4096 munera
1502 4039 1636 4096 nati.

353 4137 532 4208 Quem
560 4137 796 4209 populus
827 4136 1107 4209 trepidans
1137 4135 1270 4191 foris
1301 4135 1652 4207 exspectabat
1682 4142 1735 4192 et
1763 4150 1946 4193 orans.

1105 4240 1193 4280 AL.

352 4312 599 4388 Concipit
629 4330 697 4371 en
727 4313 896 4372 verbo
924 4313 1134 4386 prolem
1163 4312 1435 4370 catissima
1465 4312 1659 4386 Virgo.

1107 4417 1196 4458 AL.

353 4491 596 4566 Angelus
624 4490 713 4549 hic
742 4507 1002 4564 sponsum
1031 4491 1235 4563 Joseph
1263 4491 1612 4548 commendat
1638 4490 1912 4548 alendum.

1110 4595 1199 4636 AL.

354 4670 457 4728 Hic
484 4669 721 4745 genitrix
749 4670 964 4726 Domini
996 4678 1162 4738 meat,
1195 4669 1582 4743 Elisabethque
1613 4668 1828 4740 salutat,

359 4760 536 4833 thue
567 4761 682 4816 Deo
712 4759 944 4816 exsultet
971 4760 1237 4815 Joannem
1267 4758 1501 4831 Spiritus
1531 4758 1739 4830 implet.

1111 4879 1198 4920 AL.

359 4963 646 5021 Zacharias
675 4963 848 5020 soboli
875 4978 1074 5018 nomen
1103 4977 1339 5034 posuere
1369 4961 1676 5034 propinqui,

360 5052 470 5109 Sed
499 5069 662 5126 mage
686 5054 926 5109 Joannes
954 5059 1165 5109 certant
1202 5051 1444 5108 vocitare
1473 5058 1746 5123 parentes.

1117 5155 1206 5196 AL.

361 5229 589 5287 Nuntiat
616 5228 897 5304 angelicus
921 5229 1190 5286 Christum
1230 5228 1536 5301 pastoribus
1566 5229 1818 5301 hymnus.

1117 5334 1205 5374 AL.

1989 4042 2038 4104 C
2811 4057 2898 4096 AL.
2945 4037 2953 4040 ’

2053 4130 2268 4185 Sistitur
2295 4131 2383 4187 hic
2415 4131 2645 4188 Domino
2676 4133 2833 4188 Jesus
2863 4147 2988 4187 cum
3016 4146 3242 4185 munere
3268 4130 3444 4198 jusso,

2051 4220 2170 4275 Mox
2201 4220 2375 4291 ipsum
2405 4221 2698 4276 Dominum
2727 4221 3035 4277 didicerunt
3056 4219 3227 4275 corda
3258 4218 3494 4289 piorum.

2811 4324 2897 4364 AL.

2054 4398 2302 4453 Partibus
2331 4398 2547 4472 Egypti
2579 4397 2827 4454 differtur
2855 4397 3040 4469 passio
3072 4395 3291 4464 Christi,

2055 4487 2228 4556 Quem
2242 4487 2534 4544 simulacra
2555 4496 2786 4544 tremunt
2809 4497 2860 4543 et
2876 4488 3045 4544 chara
3056 4483 3367 4541 habitacula
3384 4482 3658 4555 linquunt.

2813 4591 2900 4630 AL.

2057 4665 2306 4736 Praecipit
2335 4666 2581 4721 Herodes
2613 4673 2770 4721 natos
2799 4664 3044 4720 cruciare
3075 4671 3324 4718 recentes
3359 4681 3371 4716 :

2061 4755 2225 4810 Millia
2252 4755 2539 4810 lactantum
2570 4755 2796 4810 tendunt
2825 4753 3063 4809 laetantia
3092 4752 3291 4808 coelum
3327 4768 3337 4806 :

2817 4857 2905 4897 AL.

2061 4933 2145 4988 En
2176 4932 2396 4987 senibus
2423 4933 2603 5004 potior
2634 4930 2902 5002 reperitur
2931 4929 3087 5002 pusio
3116 4929 3310 4985 doctor
3329 4975 3343 4998 ,

2064 5020 2168 5089 Qui
2198 5029 2381 5077 tamen
2410 5021 2697 5093 imperium
2725 5020 2982 5093 dignatur
3009 5018 3156 5074 ferre
3186 5025 3491 5089 parentum.

2410 5129 2664 5200 Explicit
2694 5127 2761 5182 de
2790 5127 3050 5198 infantia
3083 5125 3317 5182 Christi.

2067 5218 2158 5289 (Hi
2191 5233 2378 5273 versus
2402 5219 2464 5271 in
2495 5217 2696 5289 dextro
2723 5215 2941 5289 pariete
2962 5215 3118 5289 chori
3141 5233 3157 5269 :
3181 5213 3282 5289 Isti
3301 5228 3428 5289 pero
3449 5212 3513 5267 in
3533 5210 3679 5266 dea:-

2425 5292 2509 5343 tro
2534 5284 2754 5359 pariete
2785 5287 3051 5343 stationis
3077 5284 3318 5357 populi.)

365 5410 424 5466 In
452 5407 664 5466 stabulo
693 5409 988 5465 Dominum
1018 5407 1292 5465 celebrant
1322 5424 1392 5465 en
1419 5405 1603 5462 omnia
1645 5422 1891 5479 parvum.

2040 5393 2301 5466 pBaptizat
2331 5391 2622 5448 Dominum
2654 5390 2798 5447 servi
2826 5389 3044 5446 devotio
3075 5405 3366 5443 summum.

1121 5511 1210 5552 AL.

367 5587 514 5644 Ecce
541 5585 686 5660 Magi
714 5584 853 5642 solio
881 5591 1212 5656 praesentant
1238 5601 1464 5641 munera
1493 5599 1646 5641 vero.

1125 5686 1212 5726 AL.

375 5764 435 5817 In
465 5761 687 5817 Joannis
717 5759 904 5818 moniti
932 5757 1126 5818 faciem
1157 5763 1350 5835 lugere
1380 5759 1614 5832 tyranni.

2069 5483 2332 5539 Praedicat
2359 5483 2502 5537 hunc
2532 5480 2748 5553 genitor
2780 5498 2792 5533 :
2825 5479 3007 5534 invisit
3035 5477 3264 5549 Spiritus
3312 5483 3523 5530 unctor.

2827 5584 2914 5622 AL.

2073 5659 2348 5716 Damonis
2380 5675 2448 5714 en
2479 5657 2699 5713 fraudes
2728 5657 2969 5714 Christus
3009 5654 3303 5711 contemnit
3348 5654 3555 5717 inanes,

2072 5758 2204 5827 Ejus
2243 5757 2614 5814 cunctimodas
2655 5757 2861 5812 ducens
2891 5763 2948 5809 ut
2980 5762 3222 5810 stercora
3249 5767 3492 5823 pompas.
