4002 6184
355 312 464 368 91⁵1

1119 453 1208 494 AL.

360 534 713 589 Demonstrat
739 534 1014 605 placidum
1042 535 1281 591 Joannes
1310 536 1530 594 nutibus
1547 553 1767 610 agnum.

1111 638 1199 680 AL.

361 711 612 766 Andreas
641 710 899 783 sequitur,
922 711 1078 767 fratri
1107 720 1390 785 comperta
1416 713 1674 785 profatur.

1112 815 1200 855 AL.

360 898 593 968 Imperat
620 913 682 951 os
710 896 939 952 vitreum
959 905 1081 968 post
1109 914 1169 952 se
1199 913 1492 968 properare
1525 899 1850 971 Philippum,

359 985 666 1040 Nathanael
696 985 875 1056 spissa
906 985 995 1057 qui
1026 1001 1152 1041 mox
1173 987 1423 1042 subducit
1447 988 1515 1042 ab
1535 988 1744 1044 umbra.

1113 1089 1199 1128 AL.

362 1161 620 1217 Testibus
650 1161 800 1218 nisce
827 1177 1028 1217 novum
1048 1161 1173 1218 fecit
1204 1163 1272 1218 de
1293 1162 1512 1218 ﬂumine
1541 1163 1780 1238 signum,

365 1250 645 1306 Conviviis
665 1251 854 1306 latices
876 1250 930 1304 in
943 1251 1086 1306 vitea
1105 1252 1300 1323 pocula
1327 1261 1560 1307 vertens.

1111 1355 1198 1396 AL.

364 1427 520 1483 Retia
550 1427 1066 1500 germani'linquunt
1087 1428 1142 1482 in
1162 1427 1380 1483 nomine
1410 1428 1640 1497 Christi,

362 1517 486 1571 Mox
539 1516 631 1570 alii
695 1516 968 1587 lacrymas
1017 1524 1277 1588 spernunt
1329 1531 1452 1571 cum
1513 1532 1648 1572 nave
1687 1525 1957 1588 paternas.

1110 1620 1198 1660 AL.

365 1691 727 1762 Omnipotens
745 1692 1007 1758 medicus,
1043 1693 1322 1747 hominum
1378 1693 1662 1748 miserator
1705 1701 1758 1750 et
1800 1711 1960 1764 unus,

363 1780 707 1836 Omnimodis
738 1797 960 1852 pressos
985 1781 1145 1852 jussit
1175 1782 1460 1837 discedere
1487 1796 1669 1838 sanos.

1111 1885 1196 1925 AL.

362 1956 655 2027 Spiritibus
681 1957 812 2011 diris
837 1958 1115 2012 hominum
1145 1957 1212 2013 de
1229 1973 1459 2028 corpore
1483 1957 1656 2028 pulsis

363 2048 476 2100 Das
505 2047 780 2116 pecudum
809 2045 1011 2100 furiare
1041 2062 1264 2118 greges,
1294 2047 1591 2114 justissime
1616 2045 1802 2116 judex.

1113 2150 1198 2188 AL.

359 2225 441 2277 En
475 2223 714 2277 Verbum
744 2222 957 2277 Domini
989 2231 1146 2277 curat
1174 2222 1537 2278 medicanime
1568 2222 1742 2289 verbi,

360 2312 610 2382 Praecipit
631 2319 684 2366 et
713 2327 906 2366 sanum
937 2311 1219 2382 proprium
1249 2310 1468 2382 portare
1503 2313 1813 2384 grabatum.

956 2441 986 2466 ,
1110 2415 1198 2455 AL.

359 2487 628 2558 Principis
657 2495 713 2542 ut
751 2495 932 2551 natam
952 2495 1108 2544 sanet
1137 2488 1222 2543 vel
1254 2488 1496 2557 suscitet,
1532 2487 1658 2542 ibat.

1106 2591 1195 2631 AL.

357 2665 593 2720 Furatur
628 2664 825 2720 mulier
855 2678 1010 2719 sacra
1039 2664 1108 2721 de
1129 2672 1280 2720 veste
1312 2663 1559 2720 salutem.

760 2815 766 2828 ,
1105 2768 1193 2808 AL.

357 2840 615 2896 Reddidit
647 2857 714 2896 en
745 2841 974 2912 stupidae
1006 2842 1269 2896 Dominus
1288 2856 1387 2896 sua
1411 2840 1598 2896 munia
1627 2840 1847 2896 dextrae.

359 2930 662 2985 Consilium
701 2930 882 2985 stolidi
910 2929 1108 2986 faciunt
1139 2931 1206 2986 de
1224 2931 1492 3004 sanguine
1523 2930 1740 2986 Christi.

1112 3033 1201 3074 AL.

355 3107 564 3164 Unicus
595 3123 662 3163 en
683 3106 860 3163 viduae
888 3106 1176 3163 recivimus
1209 3105 1449 3162 redditur
1465 3107 1632 3164 orbae.

1111 3211 1200 3250 AL.

359 3284 705 3358 Ingeminant
731 3284 923 3356 plebes
951 3303 965 3353 ;
998 3301 1032 3340 o
1053 3301 1183 3340 vere
1203 3298 1403 3356 magne
1432 3284 1747 3355 prophetes.

1112 3386 1200 3428 AL.

359 3461 643 3518 Saltratrix
671 3461 822 3532 petiit
854 3469 1016 3532 caput
1051 3460 1454 3532 innocuumque
1485 3459 1691 3531 recepit
1727 3478 1742 3516 :

357 3551 602 3606 Lictores
633 3550 893 3606 ﬂuvidum
917 3550 1130 3622 linquat
1146 3550 1201 3603 in
1217 3564 1441 3605 carcere
1459 3557 1709 3604 truncum
1727 3589 1741 3604 .

1117 3653 1206 3694 AL.

358 3727 598 3783 Panibus
629 3743 695 3781 ex
725 3726 923 3799 quinis,
956 3734 1009 3782 et
1037 3727 1277 3798 piscibus
1305 3727 1447 3781 haud
1479 3741 1642 3798 mage
1673 3724 1836 3792 binis,

356 3819 439 3873 En
469 3816 746 3871 hominum
805 3817 961 3889 large
993 3825 1299 3871 saturantur
1328 3815 1498 3870 millia
1523 3815 1784 3887 quinque.

1115 3920 1204 3960 AL.

356 3994 600 4050 Christus
629 4009 784 4065 aquae
811 3992 1007 4048 ﬂuctus
1027 3994 1227 4063 pressit
1257 3992 1489 4065 vestigia
1526 4007 1724 4065 gressu
1749 4033 1762 4057 ,

354 4087 424 4139 At
453 4081 580 4138 ﬁdei
608 4082 831 4137 dubium
857 4090 1111 4154 mergunt
1135 4083 1273 4137 vada
1305 4082 1523 4154 turgida
1553 4083 1791 4137 Petrum.

1114 4185 1201 4225 AL.

353 4260 729 4332 Hydropicum
755 4266 1012 4330 tangente
1042 4275 1205 4314 manu
1234 4276 1356 4331 quae
1388 4267 1580 4316 cuncta
1610 4258 1845 4327 creavit,

357 4349 600 4405 Pallidus
618 4349 814 4404 humor
837 4349 968 4416 abit,
996 4347 1166 4404 facies
1192 4357 1245 4404 et
1269 4348 1394 4404 laeta
1415 4348 1674 4405 rubescit.

1109 4451 1197 4492 AL.

354 4529 505 4584 Ecce
535 4527 725 4582 decem
753 4525 1024 4581 mundans
1051 4527 1255 4597 templo
1285 4541 1344 4582 se
1373 4525 1517 4582 ferre
1545 4525 1770 4596 iubebat
1804 4543 1820 4591 ;

358 4619 514 4674 Unus
541 4616 847 4689 regreditur
867 4623 1045 4688 grates
1075 4616 1383 4687 persolvere
1407 4616 1435 4670 J
1441 4633 1557 4672 esu.

1109 4717 1198 4759 AL.

355 4795 658 4850 Contentus
683 4809 885 4865 pueros
916 4794 1062 4848 Deus
1092 4803 1174 4848 est
1200 4794 1526 4850 benedicere
1554 4809 1772 4866 parvos,

357 4883 583 4939 Talibus
607 4892 769 4956 atque
794 4883 876 4938 sui
900 4882 1159 4954 promittit
1187 4882 1386 4956 gaudia
1417 4883 1595 4957 regni.

1487 317 1796 374 PICTURzE
1835 317 2010 374 HIST.
2053 318 2220 375 NOV.
2251 321 2441 376 TEST.

1993 445 2050 505 A

1995 3156 2044 3217 C

3545 333 3657 387 918

2814 461 2901 501 AL.

2061 531 2162 586 Hic
2193 532 2385 587 scriba:
2413 534 2646 588 Domino
2679 533 2874 588 sistunt
2904 535 2958 590 in
2983 536 3209 592 crimine
3241 546 3477 608 captam,

2063 619 2237 690 Quam
2267 619 2512 690 placidus
2536 637 2734 678 censor
2761 623 3027 679 damnatis
3052 626 3214 682 solvit
3245 627 3474 683 eisdem.

2813 745 2900 785 AL.

2061 815 2144 869 Ex
2173 815 2302 870 limo
2331 824 2548 888 reparat
2578 801 2838 890 quidquid
2860 827 3051 874 natura
3086 821 3339 893 negabat,

2062 902 2166 972 Qui
2194 903 2397 960 luteum
2427 904 2602 976 primo
2631 914 2800 961 totum
2831 908 3194 978 plasmaverat
3226 909 3420 964 Adam.

2062 1045 2200 1114 (Huc
2222 1062 2394 1118 usque
2415 1046 2482 1102 de
2499 1048 2795 1103 miraculis
2818 1051 3041 1105 Domini
3074 1053 3135 1104 in
3170 1049 3371 1106 dextro
3393 1053 3614 1122 pariete
3637 1071 3655 1107 :

2136 1133 2195 1188 hi
2217 1151 2341 1189 vcro
2362 1137 2423 1190 in
2443 1137 2632 1206 fronte
2649 1139 3005 1205 occidentali,
3040 1140 3100 1193 in
3123 1141 3303 1212 spatio
3325 1139 3466 1211 quod
3485 1157 3659 1212 supra

2138 1224 2408 1278 thronum
2438 1225 2570 1294 est.)

2065 1344 2209 1402 Ecce
2241 1347 2383 1402 tuba:
2412 1346 2698 1417 crepitant,
2733 1365 2852 1420 qua:
2883 1350 3073 1406 mortis
3098 1351 3223 1419 jura
3261 1351 3580 1422 resignant:

2063 1434 2208 1489 Crux
2228 1435 2389 1490 micat
2420 1436 2473 1488 in
2494 1436 2667 1505 cmlis,
2701 1438 2874 1492 nubes
2905 1439 3163 1509 prmcedit
3193 1448 3246 1495 et
3265 1439 3429 1512 ignis.

2066 1595 2188 1665 (Hic
2210 1595 2384 1650 etiam
2406 1596 2600 1651 subtus
2639 1597 2905 1653 thronum
2924 1598 3077 1653 inter
3104 1599 3438 1672 paradisum
3465 1604 3522 1655 et
3560 1600 3654 1655 in-

2741 1687 3019 1757 fcrnum.)

1977 1801 2032 1860 B
2065 1824 2164 1880 Hic
2193 1825 2435 1879 resident
2472 1825 2664 1879 summi
2687 1825 2899 1881 Christo
2927 1844 3050 1882 cum
3064 1827 3245 1896 judice
3275 1828 3446 1883 sancti

2060 1909 2361 1968 Justificare
2390 1913 2529 1984 pios,
2558 1914 2775 1969 baratro
2804 1916 3061 1971 damnare
3093 1916 3385 1988 malignos.

2059 2039 2278 2105 (Passio
2301 2039 2525 2093 Domini
2554 2039 2616 2092 in
2645 2039 2877 2095 sinistro
2900 2041 3113 2109 pariete
3134 2040 3400 2096 stationis
3417 2040 3660 2113 populi.)

2062 2161 2202 2216 Esse
2230 2160 2332 2215 sibi
2362 2161 2579 2216 Patrem
2597 2163 3098 2218 Dominotractante
3115 2163 3433 2232 Tonantem,

2062 2249 2224 2304 Plebs
2254 2247 2544 2305 furibunda
2574 2250 2722 2321 pium
2755 2259 2922 2305 certat
2948 2252 3188 2322 lapidare
3215 2252 3552 2324 magistrum.

2833 2354 2919 2393 AL.

2065 2438 2274 2490 Mortue
2297 2433 2579 2508 quatriduo
2610 2434 2785 2489 fetens
2806 2443 2858 2490 et
2887 2451 3115 2506 corpore
3137 2443 3270 2503 toto,

2065 2525 2285 2591 Lazare,
2307 2541 2492 2597 surge,
2517 2523 2662 2589 veni,
2698 2532 2748 2578 te
2780 2524 2937 2579 morti
2968 2524 3096 2580 tollo
3127 2526 3331 2596 rapaci.

2818 2636 2904 2675 AL.

2066 2709 2292 2766 Funeris
2323 2709 2642 2781 obsequium
2682 2709 2879 2764 mulier
2908 2710 3170 2781 praevenit
3197 2711 3446 2781 amicum,

2066 2801 2208 2854 Dum
2238 2808 2399 2870 caput
2420 2807 2580 2870 atque
2605 2799 2775 2870 pedes
2805 2798 3226 2870 nardo'perfudit
3256 2801 3483 2856 honora.

2810 2902 2898 2942 AL.

2065 2997 2405 3050 Mansuetum
2436 3009 2626 3067 regem
2666 2993 2821 3066 plebs
2842 2995 3035 3050 devota
3066 2993 3369 3066 frequentat

2069 3084 2311 3140 Frondea
2342 3099 2464 3140 cum
2496 3081 2652 3139 festis
2680 3083 2916 3155 praeiens
2944 3083 3315 3156 comistanque
3344 3085 3577 3142 choreis.

2813 3194 2900 3235 AL.

2055 3271 2140 3324 En
2157 3269 2308 3324 urbis
2337 3267 2552 3325 miserae
2571 3268 2827 3342 dignatur
2856 3268 2989 3324 ﬂere
3017 3268 3216 3323 ruinas

2057 3356 2193 3426 Quae
2212 3357 2462 3414 manibus
2492 3358 2676 3413 crudis
2696 3357 2876 3429 ipsum
2898 3357 3214 3429 discerpere
3247 3357 3432 3431 gestit.

2816 3460 2904 3501 AL.

2057 3534 2158 3591 Hic
2186 3534 2286 3589 sub
2315 3549 2480 3589 carne
2509 3533 2685 3589 latens
2713 3533 2884 3588 deitas
2917 3551 3016 3605 per
3050 3535 3208 3608 signa
3229 3537 3477 3607 patescit,

2058 3625 2199 3679 Dum
2226 3623 2408 3678 turbas
2426 3623 2601 3694 patria
2632 3621 2808 3695 ﬂagro
2836 3624 3119 3693 proturbat
3139 3626 3211 3679 ab
3239 3625 3376 3679 aula.

2813 3724 2902 3766 AL.

1973 3798 1985 3806 ’
2058 3802 2143 3856 En
2173 3799 2337 3856 ﬁcum
2371 3799 2598 3854 viridem
2627 3798 2866 3854 sterilem
2898 3815 3181 3855 remanere
3204 3800 3450 3870 jubebat,

2063 3890 2224 3960 Quod
2240 3889 2344 3944 sibi
2366 3889 2553 3960 jejuno
2583 3887 2815 3944 fructum
2845 3889 3092 3960 prmbare
3121 3889 3377 3962 negabat.

2820 4009 2908 4050 AL.

2064 4083 2335 4159 Agricolae
2359 4098 2550 4140 servos
2577 4083 2848 4140 credentes
2867 4083 3096 4140 vulnere
3113 4100 3260 4141 saevo

2067 4175 2195 4231 Post
2221 4182 2404 4229 natum
2421 4172 2910 4246 Dominigsatagunt
2940 4173 3026 4229 hic
3046 4173 3262 4230 mittere
3293 4173 3476 4230 morti.

2827 4293 2914 4334 AL.

2070 4368 2314 4426 Gentiles
2346 4368 2638 4424 Dominum
2677 4367 2898 4440 cupiunt
2931 4369 3042 4438 jam
3077 4384 3307 4424 cernere
3338 4367 3614 4425 Christum
3648 4386 3662 4424 :

2075 4457 2383 4530 Discipulos
2406 4458 2550 4513 idem
2570 4465 2802 4514 mortem
2831 4457 3074 4530 perferre
3106 4458 3355 4514 docebat.

1992 4518 2047 4579 D

2817 4587 2904 4626 AL.

2047 4661 2194 4717 Ecce
2211 4659 2552 4717 sacerdotum
2581 4659 2754 4730 primo
2784 4659 3082 4730 populique
3117 4657 3340 4714 nefandi

2048 4748 2281 4806 lntidum
2309 4749 2566 4804 famulum
2597 4763 2765 4804 censu
2795 4761 3149 4818 corrumpere
3178 4749 3438 4823 gaudent.

2625 4881 2837 4938 Cretera
2866 4880 3095 4938 desunt.
