4002 6184
389 284 491 335 919

921 276 1324 333 WALAFRIDI
1352 277 1596 333 STRABI
1626 276 1826 333 FULD.
1859 275 2030 330 MON.
2066 274 2218 331 OPP.
2251 274 2427 332 PARS
2453 276 2496 331 Ι.
2529 306 2598 315 —
2626 274 3096 332 THEOLOGICA.

3587 283 3684 336 920

1226 619 2177 753 WALAFRIDI
2313 619 2917 752 STRABI

1667 861 2056 918 FULDENSIS
2114 860 2433 920 MONACHI

387 1166 2687 1317 ECCLESIASTICARUM
2904 1174 3676 1323 REBUM

1362 1393 1839 1517 EXORDIISI
1885 1443 2004 1514 ET
2073 1442 2706 1518 INCREMENTIS

1658 1619 2018 1693 LIBER
2067 1619 2410 1712 UNUS,

1477 1798 1570 1852 AD
1600 1796 2107 1852 REGINBERTUM
2135 1797 2547 1857 EPISCOPUM.

1092 1950 1195 2020 (Ex
1214 1948 1548 2005 Bibliotheca
1568 1954 1815 2003 veterum
1849 1948 2084 2016 Patrum,
2119 1949 2302 2004 saeculi
2325 1966 2404 2018 rx,
2428 1959 2584 2022 parte
2615 1968 2674 2021 ιι,
2700 1961 2832 2010 tom.
2867 1954 3016 2026 XV.)

1515 2155 2013 2229 PRZEFATIO
2066 2158 2533 2232 AUCTORIS

457 2393 516 2448 In
545 2390 766 2446 nomine
795 2389 896 2445 Dei
952 2388 1141 2454 Patris,
1168 2396 1221 2444 et
1266 2355 1404 2452 Filii,
1439 2393 1493 2441 et
1526 2385 1755 2456 Spiritus
1786 2388 1978 2442 sancti.
2012 2388 2251 2449 Atantia
2278 2407 2378 2445 nos
2430 2393 2648 2464 assequi
2701 2411 2885 2464 posse.
2951 2395 3059 2451 Sed
3099 2403 3181 2452 est
3231 2398 3378 2468 quod
3422 2400 3680 2468 hujusce-

387 2483 468 2538 De
497 2480 760 2536 ministris
787 2477 1051 2535 Ecclesiae
1071 2474 1731 2546 etfministeriisipsorum,
1766 2491 1980 2531 necnon

387 2579 440 2628 et
468 2571 534 2626 de
564 2568 948 2640 multiplicibus
979 2564 1767 2630 sacramentorum,oﬂiciorum
1795 2572 1846 2618 et
1877 2565 1980 2620 ob-

383 2659 774 2724 servationum,
835 2656 1130 2711 rationibus
1185 2653 1339 2709 multi
1379 2652 1546 2707 multa
1581 2653 1832 2707 dixerunt
1866 2671 1878 2706 :
1911 2653 1981 2706 ita

381 2757 440 2806 ut
465 2764 634 2820 pauca
662 2747 750 2802 vel
793 2762 934 2817 pene
964 2744 1109 2798 nulla
1167 2741 1549 2812 remanserint,
1594 2756 1714 2812 quae
1744 2757 1852 2795 non
1868 2741 1980 2809 jam

376 2831 482 2909 per
508 2835 962 2890 illuminationem
1009 2831 1238 2902 Spiritus
1271 2830 1444 2884 sancti
1493 2830 1599 2883 sint
1629 2829 1979 2884 demonstra-

380 2934 435 2982 ta
468 2943 482 2979 :
511 2940 621 2980 non
655 2923 829 2978 solum
859 2920 1089 2993 qualiter
1128 2920 1362 2974 debeant
1411 2916 1546 2983 fieri,
1595 2933 1776 2971 veram
1817 2917 1980 2971 etiam

385 3013 656 3087 quomodo
688 3009 906 3084 singula
935 3008 1166 3079 mystice
1195 3007 1428 3061 debeant
1457 3006 1542 3060 vel
1574 3005 1786 3075 possint
1816 3005 1978 3059 intel-

377 3103 493 3176 ligi,
525 3101 774 3172 diligenti
801 3097 1196 3154 examinatione
1218 3110 1463 3149 excussa.
1481 3093 1722 3161 Quorum
1735 3094 1978 3147 omnium

381 3191 614 3262 copiam,
646 3204 771 3244 cum
802 3184 1103 3241 secundum
1134 3181 1552 3237 solertissimum
1594 3181 1652 3235 in
1680 3182 1846 3235 rebus
1881 3197 1977 3237 ec-

383 3277 703 3336 clesiasticis
732 3274 969 3329 studium
986 3280 1154 3337 tuum,
1186 3279 1240 3326 et
1269 3271 1422 3324 libris
1450 3271 1649 3325 habeas
1681 3278 1733 3324 et
1763 3287 1978 3325 memo-

381 3368 462 3423 ria
519 3365 988 3436 comprehensam,
1041 3377 1074 3415 ο
1109 3357 1418 3416 venerande
1466 3360 1520 3413 in
1571 3359 1786 3414 Christo
1819 3360 1979 3414 Pater

378 3454 733 3527 Reginberte,
768 3450 974 3506 salubri
1003 3449 1312 3505 curiositate
1333 3448 1555 3515 ardens,
1590 3448 1840 3535 quaedam
1868 3464 1978 3503 non

380 3558 414 3600 a
433 3542 706 3614 prioribus
735 3539 950 3611 penitus
963 3537 1186 3604 omissa,
1221 3537 1317 3592 sed
1352 3537 1572 3592 brevius
1603 3552 1767 3608 quam
1790 3536 1978 3591 volue-

377 3648 470 3688 ras
500 3639 662 3697 tacta,
697 3646 829 3685 ame
860 3627 986 3684 addi
1006 3627 1309 3696 desideras,
1370 3625 1528 3698 quasi
1583 3624 1791 3697 aliquid
1855 3624 1977 3679 illos

2082 2479 2230 2534 modi
2262 2480 2514 2550 inemptis
2547 2499 2740 2538 sensus
2775 2485 2857 2538 sui
2885 2484 3174 2540 vivacitate
3210 2485 3537 2543 videbantur
3566 2509 3684 2562 per-

2083 2568 2285 2638 spicua.
2330 2570 2575 2624 Scribam
2605 2572 2790 2644 igitur,
2841 2573 2897 2626 in
2928 2581 3184 2645 quantum
3227 2575 3496 2631 Dominus
3525 2579 3684 2636 dede-

2082 2657 2148 2710 rit
2181 2657 2505 2727 facultatem,
2570 2661 2704 2715 sicut
2750 2678 2814 2716 ex
2872 2664 3304 2720 authenticorum
3348 2667 3529 2739 dictis,
3564 2687 3684 2740 qua:

2082 2746 2258 2800 adhuc
2287 2748 2584 2819 attigimus,
2637 2750 2918 2806 addiscere
2966 2754 3134 2822 potui,
3203 2758 3269 2812 de
3331 2760 3683 2830 quarumdam

2082 2835 2437 2890 ecclesiarum
2469 2838 2708 2892 exordiis
2746 2848 2798 2893 et
2851 2842 3031 2895 causis
3073 2860 3279 2913 rerum,
3313 2855 3366 2902 et
3405 2849 3552 2902 unde
3581 2849 3684 2903 hoc

2080 2924 2167 2978 vel
2197 2924 2329 2978 illud
2355 2925 2408 2978 in
2443 2928 2893 2983 consuetudinem
2923 2933 3149 2999 venerit,
3187 2943 3239 2989 et
3256 2937 3532 3006 quomodo
3560 2953 3682 3007 pro-

2082 3028 2241 3068 cessu
2271 3015 2530 3084 temporis
2569 3015 2653 3084 sit,
2695 3017 2947 3073 indicabo
2985 3038 2996 3073 :
3043 3021 3321 3078 habiturus
3371 3032 3424 3080 et
3482 3026 3529 3079 si
3575 3042 3682 3080 non

2080 3119 2180 3172 pro
2234 3103 2456 3157 scientia
2488 3104 2720 3174 laudem,
2754 3115 2935 3162 tamen
2966 3125 3066 3178 pro
3100 3111 3415 3168 obedientia
3473 3124 3682 3170 certam

2081 3192 2411 3246 mercedem.
2436 3193 2502 3246 Ει
2530 3195 2764 3262 primum
2792 3196 2860 3250 de
2893 3198 3063 3252 sacris
3105 3200 3330 3268 aedibus,
3366 3203 3420 3256 in
3482 3203 3678 3274 quibus

2079 3281 2196 3352 ipsa
2216 3281 2562 3336 celebrantur
2582 3299 2754 3349 sacra,
2780 3285 3070 3340 dicendum
3101 3288 3330 3345 videtur.

2612 3391 2706 3443 AD
2740 3390 3137 3448 LECTOREM.

2079 3459 2194 3514 Hoc
2220 3475 2357 3530 Opus
2377 3459 2634 3532 exiguum
2665 3461 3002 3518 Walafridus
3031 3481 3237 3534 pauper
3273 3467 3578 3540 hebesque,

2149 3548 2639 3621 Collugit,Patrum
2653 3550 2915 3621 dogmata
2971 3553 3078 3607 lata
3107 3570 3361 3626 sequens.

2081 3638 2187 3693 Sed
2216 3653 2325 3692 non
2355 3646 2548 3708 sponte
2570 3646 2806 3709 suahtam
2829 3657 3057 3714 magnos
3078 3643 3224 3698 venit
3242 3644 3298 3698 in
3327 3661 3515 3712 ausus,

377 3720 671 3794 aufugerit,
693 3719 840 3791 quod
883 3733 983 3773 nos
1012 3715 1286 3786 possimus
1333 3715 1672 3810 inspiceret“
1694 3731 1828 3810 cum
1880 3729 1978 3784 po-
2007 3750 2062 3810 B
2155 3727 2300 3780 Dura
2329 3727 2648 3799 Reginbemi
2672 3728 2847 3797 jussio
2876 3730 3062 3804 adegit
3092 3747 3242 3786 eum,

373 3810 480 3866 tius
501 3826 630 3866 vere
659 3807 819 3864 fateri
849 3807 1168 3870 debeamus,
1207 3804 1392 3860 omnia
1423 3821 1546 3876 quae
1600 3803 1677 3857 illi
1733 3804 1974 3869 inventa,

371 3899 534 3956 nobis
561 3898 780 3971 scriptis
812 3897 925 3954 suis
954 3895 1312 3967 reliquerunt,
1347 3909 1449 3950 nec
1478 3894 1599 3966 ipsa
1619 3891 1864 3948 discendi
1895 3891 1978 3946 in-

2083 3816 2139 3870 Si
2171 3816 2299 3884 quid
2321 3816 2374 3870 in
2405 3817 2527 3884 hoc,
2563 3816 2722 3882 lecto,
2745 3816 2918 3887 placet
2947 3820 3231 3891 assignare
3251 3832 3528 3878 memento

2151 3905 2210 3960 Id
2232 3904 2465 3960 Domino
2499 3920 2512 3960 :
2539 3905 2800 3977 quidquid
2829 3906 3100 3979 displicet,
3120 3910 3289 3966 hocce
3309 3912 3461 3967 mihi.

1380 4198 2712 4412 INCIEILILEIBER.

861 4501 1088 4558 CAPUT
1140 4500 1434 4558 PRIMUM.

616 4611 692 4664 De
713 4608 963 4666 exordiis
997 4610 1334 4682 templorum
1357 4613 1413 4665 et
1433 4608 1730 4665 altarium.

434 4715 641 4771 Altaria
684 4715 905 4788 quidem
933 4717 1072 4782 Noe,
1105 4717 1404 4782 Abraham,
1454 4717 1607 4771 Isaac
1658 4723 1712 4771 et
1766 4715 1958 4781 Jacob,

365 4805 621 4872 Domino,
657 4811 714 4859 ut
730 4804 960 4878 legitur,
991 4813 1344 4860 extruxerunt
1365 4805 1526 4877 (Gen.
1544 4819 1774 4871 vm,xn,
1797 4819 1959 4870 xxvr,

365 4896 595 4966 χχχιιι).
628 4895 845 4966 Moyses
874 4909 1007 4950 vero
1063 4893 1273 4965 primus
1319 4893 1756 4961 tabernaculum,
1809 4893 1963 4961 juxta

363 4982 643 5053 exemplar
669 4982 926 5038 divinitus
959 4981 1062 5036 sibi
1116 4982 1570 5048 demonstratum,
1631 4982 1687 5036 in
1740 4981 1961 5037 deserto

364 5068 533 5135 Sinai,
571 5070 697 5124 ﬁliis
752 5070 921 5126 Israel
975 5071 1044 5126 de
1108 5071 1366 5128 servitute
1424 5070 1675 5144 {Egyptia
1715 5069 1961 5126 liberatis

365 5157 556 5212 erexit.
591 5158 850 5214 Salomon
881 5175 1098 5230 quoque
1126 5160 1293 5233 longo
1326 5159 1441 5229 jam
1472 5168 1718 5230 tempore
1765 5159 1960 5215 eodem

358 5253 637 5325 populoin
672 5261 822 5308 terra
878 5257 1322 5326 repromissionis
1379 5256 1634 5328 degente,
1686 5265 1739 5313 et
1793 5256 1960 5329 regiae

359 5349 642 5425 dignitatis
669 5351 1112 5425 apice,'gentibus
1143 5353 1541 5424 circumpositis
1579 5354 1956 5426 prteminente,

363 5449 691 5522 templorum
704 5448 838 5505 illud
851 5449 1135 5507 mirificum
1148 5451 1203 5506 in
1219 5452 1560 5508 Hierusalem
1577 5453 1766 5526 (quam
1783 5453 1958 5509 David

359 5555 516 5620 pater
547 5555 712 5621 caput
741 5548 859 5619 ejus
890 5549 1048 5621 regni
1096 5548 1344 5621 instituit)
1400 5550 1617 5624 magnis
1674 5549 1959 5607 aediﬁcavit

362 5647 688 5718 sumptibus,
722 5655 775 5704 et
804 5646 1039 5705 diversis
1068 5645 1275 5703 dotavit
1300 5649 1602 5704 ornatibus.
1638 5651 1699 5705 In
1726 5665 1961 5723 quorum

1993 4503 2042 4566 α
2068 4505 2297 4569 utroque
2341 4496 2692 4554 tabamaculo
2766 4497 3020 4556 videlicet
3071 4515 3137 4558 ac
3190 4502 3414 4575 templo,
3457 4514 3512 4561 et
3551 4523 3678 4564 arca

2063 4586 2414 4652 Testamenti,
2441 4595 2493 4641 et
2527 4587 2713 4642 altaria
2735 4602 2862 4644 cum
2891 4589 3216 4646 utensilibus
3258 4593 3395 4660 suis,
3445 4595 3680 4668 aliaeque

2065 4676 2279 4746 species
2317 4675 2568 4749 religioni
2602 4676 2747 4731 illius
2788 4678 3054 4748 temporis
3082 4695 3345 4753 congrua:
3388 4682 3562 4740 fuisse
3589 4685 3677 4740 le-

2062 4771 2270 4836 guntur
2298 4771 2409 4819 tam
2429 4765 2756 4836 multiplices
2789 4775 2841 4821 et
2864 4774 2976 4822 tam
3023 4769 3273 4824 consulta
3303 4771 3514 4828 ratione
3546 4790 3679 4845 pro—

2063 4852 2216 4919 visaa,
2248 4860 2304 4907 ut
2325 4853 2591 4924 quidquid
2613 4855 2778 4910 modo
2810 4855 3184 4925 spiritualibus
3230 4858 3499 4916 Ecclesia:
3528 4862 3679 4918 cele-

2064 4940 2254 4995 bratur
2283 4941 2339 4996 in
2370 4943 2584 5011 studiis,
2619 4950 2790 4998 totum
2821 4944 2878 4998 in
2905 4945 3014 4999 illis
3045 4947 3510 5005 constructionem
3542 4949 3679 5022 ﬁgu-

2061 5029 2140 5084 ris
2164 5031 2400 5100 pleniter
2429 5039 2500 5097 et,
2534 5040 2592 5086 ut
2621 5031 2696 5087 ita
2743 5033 2940 5103 dicam,
3003 5035 3397 5109 consignanter
3426 5039 3676 5094 delinea-

2059 5125 2175 5172 tum
2205 5126 2367 5191 atque
2426 5129 2805 5178 constructum
2853 5122 3123 5179 videatur.
3198 5125 3447 5197 Paganos
3505 5128 3674 5183 etiam

2060 5207 2256 5278 templa
2287 5207 2485 5264 fecisse
2525 5209 2630 5264 diis
2696 5211 2829 5277 suis,
2864 5213 2950 5267 vel
2981 5213 3164 5284 potius
3193 5215 3554 5282 daemonibus,
3590 5233 3676 5272 se-

2060 5296 2378 5352 ductoribus
2400 5298 2532 5364 suis,
2567 5315 2677 5354 non
2738 5300 2917 5355 solum
2965 5317 3030 5356 ex
3072 5302 3316 5373 ipsorum
3364 5304 3538 5371 libris,
3574 5307 3675 5362 sed

2060 5385 2223 5441 etiam
2239 5402 2304 5440 ex
2335 5386 2534 5443 divinae
2584 5387 2878 5460 Scriptura
2912 5390 3235 5448 testimoniis
3265 5394 3620 5464 agnoscimus
3657 5412 3669 5451 :

2060 5472 2197 5542 Quia
2215 5482 2268 5529 et
2298 5476 2556 5546 templum
2576 5477 2772 5549 Dagon
2821 5478 2878 5532 in
2928 5480 3182 5536 Samuele
3227 5481 3463 5556 legimus
3495 5491 3549 5538 et
3582 5500 3671 5538 re-

2059 5578 2186 5634 gem
2217 5563 2591 5620 Sennaclierib
2635 5566 2691 5620 in
2741 5568 2941 5640 templo
2999 5569 3284 5626 Neserach
3333 5571 3668 5627 trucidatum

2061 5651 2115 5720 (Ι
2131 5653 2258 5723 Reg.
2283 5667 2318 5705 ν
2351 5671 2364 5718 ;
2399 5654 2466 5709 ιν
2483 5655 2613 5726 Reg.
2647 5657 2811 5729 xxx);
2843 5657 3126 5715 Danielem
3157 5675 3377 5732 quoque
3431 5659 3488 5716 in
3523 5669 3668 5718 tem-
