3998 6188
307 295 405 349 921

1559 290 1654 346 DE
1684 288 1907 345 REBUS
1935 287 2512 344 ECCLESIASTICIS.

3507 293 3610 348 922

313 417 404 490 plo
451 415 616 480 Belis,
670 415 1012 471 sacerdotum
1043 416 1158 483 ejus
1199 415 1444 486 strophas
1488 415 1761 486 deprehen
1787 413 1994 473 disseA
2011 413 2400 483 exposcebant,
2436 414 2573 468 sicut
2605 413 2863 484 scriptum
2894 421 2973 469 est
3005 415 3072 469 de
3102 413 3258 470 libris
3306 414 3446 488 legis
3489 415 3609 480 Dei,

317 507 484 577 (Dan.
521 503 643 574 xxv)
695 521 707 559 :
763 512 815 559 et
863 504 1184 558 Antiochum
1228 503 1575 574 reliquiarum
1606 503 1789 574 populi
1820 502 1920 556 Dei

314 601 725 663 persecutorem
769 592 1176 664 gravissimum,
1231 602 1284 647 et
1329 592 1552 662 templi,
1610 592 1755 664 quod
1798 599 1921 662 post

316 681 692 738 reversionem
724 682 792 737 de
823 682 1130 752 captivitate
1177 681 1558 737 remdificatum
1607 689 1706 746 est,
1755 681 1919 734 viola-

320 779 516 836 torem,
551 770 606 824 in
638 771 840 842 templo
869 772 1074 826 Naneae
1105 771 1374 828 corruisse
1404 769 1805 842 cognoscimus.
1850 769 1926 840 (II

320 859 497 915 Much.
533 859 593 928 ι).
622 859 690 914 Et
719 859 889 914 multa
919 860 1027 914 alia
1058 859 1255 930 quibus
1286 859 1619 930 approbatur
1658 857 1801 930 quod
1831 856 1918 913 di-

314 949 512 1006 cimus.
542 947 809 1003 Nolumus
838 956 1016 1002 autem
1047 949 1115 1004 de
1138 949 1292 1004 libris
1312 965 1644 1019 paganorum
1674 947 1920 1016 ejusdem

314 1037 396 1094 rei
425 1046 593 1092 testes
623 1037 953 1103 adsciscere,
987 1055 1056 1092 ne
1088 1038 1228 1092 inter
1271 1037 1656 1094 ecclesiasticae
1686 1035 1923 1092 aedifica-

313 1126 478 1183 tionis
507 1126 739 1198 eloquia,
771 1126 988 1182 lectoris
1016 1126 1254 1180 animum
1287 1126 1565 1181 inutilibus
1593 1125 1792 1180 fabulis
1821 1141 1919 1181 oc-

317 1231 602 1287 cupemus.

964 1331 1189 1388 CAPUT
1211 1331 1278 1386 ΙΙ.

326 1456 584 1526 Qualiter
608 1455 908 1528 religiones
929 1455 1159 1512 diversa:
1178 1472 1234 1512 se
1254 1455 1496 1512 invicem
1514 1455 1759 1510 imitatae
1778 1453 1917 1521 sint,

412 1549 469 1602 et
497 1545 629 1620 quid
657 1560 953 1600 commune
984 1545 1330 1611 habuerunt,
1365 1545 1497 1618 quid
1524 1544 1827 1600 diversum.

393 1681 459 1736 Et
488 1679 696 1750 primus
727 1680 946 1751 quidem
976 1680 1326 1750 temporibus,
1362 1687 1467 1734 tam
1499 1694 1656 1735 veros
1685 1679 1786 1734 Dei
1815 1678 1922 1735 cul-

2019 502 2087 555 de
2119 501 2314 573 quibus
2349 503 2725 557 scrutabantur
2755 511 2966 575 gentes,
3002 503 3407 559 similitudinem
3440 504 3613 558 simu-

2018 589 2293 644 lacrorum
2325 606 2566 655 suorum,
2600 600 2658 644 ut
2689 591 2914 658 scilicet,
2950 592 3220 662 quomodo
3251 592 3338 647 lex
3383 591 3616 647 Domino

2021 678 2248 748 servire,
2281 680 2537 751 przrcepit
2569 679 2809 748 ejusdem
2853 680 3066 748 ritibus,
3119 681 3442 753 deceptores
3485 697 3616 736 suos

2020 766 2602 839 daemonesydeceptae
2650 776 2842 838 gentes
2887 777 3294 824 venerarentur.
3360 772 3500 825 Nam
3562 779 3615 826 et

2020 857 2353 927 temporibus
2383 857 2584 912 Tiberii
2611 867 2664 912 et
2694 858 2809 913 Caii
2838 857 3135 925 Casarum,
3183 859 3326 914 idola
3373 860 3429 914 in
3477 868 3616 915 tem-

2018 945 2110 1016 plo
2131 945 2345 1000 Domini
2375 946 2607 1016 legimus
2632 946 2918 1002 collocata.
2952 948 3020 1001 Et
3061 948 3306 1003 Julianus
3353 951 3615 1020 Apostata

2020 1042 2186 1089 totum
2218 1035 2573 1090 ecclesiastici
2603 1035 2852 1090 ordinem
2882 1034 3037 1103 ritus,
3073 1037 3143 1090 ad
3163 1036 3502 1092 diabolorum
3520 1039 3619 1092 ho-

2021 1139 2210 1178 norem
2243 1124 2566 1195 detorquere
2595 1132 2824 1180 conatus
2867 1133 2969 1180 est.
3017 1125 3085 1179 Et
3131 1125 3247 1196 ipse
3294 1126 3542 1181 diabolus
3587 1143 3616 1180 a

2021 1211 2236 1268 Christo
2268 1229 2327 1268 se
2358 1229 2457 1284 pro
2488 1215 2603 1268 Deo
2635 1213 2803 1268 voluit
2851 1213 3070 1269 adorari
3114 1215 3334 1286 (Matth.
3372 1215 3472 1286 IV).

2627 1345 2852 1402 CAPUT
2920 1347 3011 1400 IIl.

2270 1463 2348 1518 De
2373 1463 2640 1534 profectu
2666 1463 2958 1534 religionis
3008 1461 3369 1519 Christiania.

2093 1602 2386 1674 Postquam
2412 1603 2596 1675 itaque
2624 1604 2770 1660 venit
2799 1612 3030 1676 tempus,
3067 1604 3284 1676 quando
3314 1604 3432 1660 veri
3482 1605 3620 1660 ado-

2022 1698 2234 1746 ratores
2261 1692 2317 1746 in
2352 1692 2542 1764 spiritu
2574 1701 2627 1748 et
2657 1692 2880 1748 veritate
2901 1693 3084 1765 (Joan.
3119 1694 3216 1765 1v),
3249 1709 3358 1749 non
3387 1693 3444 1747 in
3487 1693 3622 1750 Hic-

320 1778 490 1836 ῑοΐθεν
526 1785 686 1840 quam
720 1769 880 1823 etiam
910 1770 1219 1824 daemonum
1263 1776 1633 1834 VeneralOFeS,
1682 1768 1738 1822 in
1786 1768 1921 1824 lOCiS
1951 1773 2005 1834 B
2030 1781 2261 1836 rusalem
2291 1789 2494 1836 tantum
2528 1782 2610 1837 vel
2641 1791 2825 1837 monte
2856 1782 3199 1846 Samarim,id
3227 1791 3309 1837 est
3337 1799 3446 1836 non
3469 1781 3623 1838 loca-

323 1858 600 1930 congruis,
637 1874 749 1913 suae
780 1857 1061 1930 religionis
1083 1858 1305 1924 cultum,
1331 1858 1429 1911 sub
1459 1858 1584 1913 divo
1612 1857 1921 1913 celebrasse

322 1947 662 2003 credendum
692 1954 792 2002 est.
826 1947 933 2001 Sed
965 1946 1094 2017 quia
1124 1947 1401 2001 daemones
1441 1946 1750 2001 hominibus
1788 1963 1920 2017 per-

321 2044 630 2102 suaserunt,
663 2036 719 2089 in
747 2035 1128 2090 contumeliam
1157 2035 1448 2102 Creatoris,
1499 2035 1792 2106 imaginem
1841 2035 1924 2089 in-

321 2124 684 2194 corruptibilis
715 2124 831 2190 Dei,
869 2124 922 2177 in
954 2123 1363 2179 similitudinem
1403 2123 1770 2195 corruptibilis
1816 2125 1921 2179 ho-

320 2213 504 2281 minis,
541 2221 594 2268 et
623 2213 924 2280 volucrum,
956 2221 1007 2268 et
1038 2214 1474 2284 quadrupedum,
1519 2220 1570 2268 et
1609 2220 1922 2284 serpentum

321 2311 683 2368 commutare,
717 2311 769 2358 et
803 2303 1008 2358 servire
1040 2311 1306 2358 creaturae
1334 2303 1512 2374 potius
1541 2319 1704 2374 quam
1751 2303 1922 2358 Crea-

319 2393 425 2448 tori
473 2393 650 2464 (Rom.
709 2393 779 2463 1),
840 2401 1236 2464 consequenter
1293 2393 1452 2447 etiam
1511 2391 1922 2447 aediﬁcationem

321 2482 671 2553 templorum,
723 2490 776 2536 et
808 2482 1088 2554 sanguinis
1137 2498 1247 2536 non
1292 2482 1466 2536 solum
1515 2481 1782 2547 animalis,
1827 2481 1925 2536 sed

322 2572 490 2626 etiam
525 2571 747 2626 humani
777 2571 1202 2626 immolationem
1252 2571 1322 2625 ad
1362 2571 1625 2638 majorem
1672 2569 1924 2641 persuasi

324 2660 530 2716 erroris
573 2660 882 2728 vindictam,
935 2659 1038 2714 sibi
1082 2658 1201 2714 fieri
1245 2659 1631 2728 exposcebant.
1686 2659 1924 2730 Ideoque

321 2749 668 2819 omnipotens
699 2757 751 2803 et
780 2748 992 2819 patiens
1025 2749 1271 2815 Creator,
1303 2747 1524 2802 facturae
1574 2764 1688 2802 sua}
1735 2747 1924 2802 volens

317 2838 682 2908 undecunque
709 2837 1013 2904 consulere,
1049 2838 1172 2908 quia
1205 2853 1331 2891 vero
1389 2844 1620 2907 prOpter
1687 2835 1925 2906 fragilita

323 2936 434 2982 tem
466 2926 761 2982 carnalium
792 2942 985 2981 omnes
1014 2926 1436 2981 consuetudines
1453 2925 1658 2996 pariter
1675 2924 1790 2979 tolli
1817 2939 1924 2978 non

323 3031 491 3088 posse
525 3015 750 3085 sciebat,
784 3015 1030 3086 permisit
1059 3023 1112 3069 et
1134 3015 1295 3084 jussit
1345 3015 1593 3085 quaedam
1641 3013 1743 3068 sibi
1791 3014 1925 3068 obe-

2019 1870 2158 1936 liter,
2192 1871 2290 1925 sed
2322 1871 2669 1941 spiritualiter
2694 1879 2978 1942 ceperunt
3009 1872 3238 1926 adorare
3285 1873 3520 1940 Patrem,
3571 1879 3625 1926 et

2021 1958 2076 2012 in
2105 1975 2296 2014 omnes
2327 1968 2520 2030 gentes
2551 1961 2850 2015 secundum
2897 1960 3119 2015 Domini
3159 1960 3462 2028 jussionem
3511 1961 3616 2015 do-

2020 2046 2190 2102 ctrina
2223 2047 2471 2101 salutaris
2517 2047 2715 2102 emissa
2744 2055 2828 2103 est
2873 2065 2886 2101 :
2939 2055 3221 2118 coeperunt
3264 2046 3455 2102 ﬁdeles
3504 2048 3623 2103 loca

2021 2136 2224 2190 munda
2253 2152 2521 2207 quaerere,
2554 2144 2608 2192 et
2625 2147 2691 2193 ac
2723 2136 3038 2192 tumultibus
3067 2137 3135 2191 ad
3174 2136 3409 2209 negotiis
3434 2151 3628 2192 cama-

2021 2223 2140 2280 liter
2205 2225 2639 2280 conversantium
2701 2235 2908 2281 semota
2964 2225 3020 2279 in
3087 2225 3283 2297 quibus
3347 2225 3624 2280 orationes

2020 2313 2269 2381 mundas,
2304 2321 2357 2368 et
2387 2306 3039 2386 sacrosancta'jmysteria,
3073 2322 3126 2370 et
3155 2322 3356 2369 mutuae
3376 2313 3624 2370 aedifica-

2019 2401 2179 2456 tionis
2205 2401 2393 2456 solatia
2424 2403 2781 2458 celebrarent.
2821 2402 3088 2471 Quamvis
3119 2403 3263 2458 enim
3320 2403 3623 2459 secundum

2021 2491 2413 2562 evangelistam
2443 2500 2594 2545 erant
2629 2491 2880 2562 discipuli
2913 2508 3034 2546 cum
3063 2492 3414 2547 credentibus
3471 2507 3621 2546 sem-

2023 2595 2120 2650 per
2148 2579 2204 2632 in
2233 2580 2434 2649 templo
2464 2580 2549 2635 vel
2581 2581 2863 2636 caenaculo
2892 2580 3176 2635 laudantes
3206 2582 3400 2647 Deum,
3421 2587 3474 2634 et
3505 2596 3630 2635 ora-

2025 2667 2155 2722 tioni
2186 2683 2248 2722 ac
2271 2667 2478 2736 jejunio
2506 2669 2816 2724 insistentes
2859 2687 2871 2722 :
2910 2677 3094 2724 tamen
3142 2677 3263 2740 post
3337 2670 3630 2725 adventum

2030 2756 2262 2826 Spiritus
2293 2757 2464 2812 sancti
2495 2759 2641 2827 (Act.
2677 2773 2713 2825 ι,
2746 2758 2828 2828 ιι),
2859 2758 3094 2828 legimus
3124 2774 3221 2813 eos
3251 2757 3396 2813 circa
3433 2759 3628 2814 domos

2025 2845 2300 2900 orationes
2330 2854 2383 2900 et
2411 2845 2705 2901 fractiones
2733 2847 2892 2917 panis
2921 2847 3252 2902 celebrasse.
3286 2848 3354 2902 Et
3383 2863 3493 2902 non
3543 2863 3632 2902 so-

2024 2933 2135 2987 lum
2163 2933 2305 2989 inter
2335 2935 2553 2989 urbium
2581 2935 2831 3001 aedificia,
2864 2952 3055 2990 verum
3087 2943 3140 2991 et
3183 2944 3336 2990 extra
3385 2936 3442 2990 in
3489 2936 3628 2992 locis

2027 3023 2252 3078 secretis
2283 3024 2624 3079 convenisse.
2646 3025 2786 3079 Nam
2804 3032 2856 3079 et
2875 3024 3075 3080 Paulus
3137 3025 3475 3095 processisse
3494 3025 3637 3098 legi-

326 3105 540 3159 dienter
570 3121 598 3158 a
625 3105 730 3175 piis
761 3104 1026 3170 exhiberi,
1061 3104 1556 3198 qum-diemouibus
1602 3103 1924 3198 damnabili-
1950 3136 1999 3198 Ο
2030 3118 2116 3165 tur
2143 3111 2197 3165 in
2226 3112 2488 3183 Philippis
2517 3121 2667 3168 extra
2697 3122 2925 3184 portam,
2955 3115 3108 3182 juxta
3143 3113 3362 3179 ﬂumen,
3412 3113 3504 3168 ubi
3551 3115 3637 3170 vi-

325 3203 411 3249 ter
436 3195 506 3248 ab
536 3194 715 3264 impiis
747 3195 1099 3249 solvebantur
1131 3211 1142 3247 :
1177 3193 1345 3249 Sicuti
1377 3201 1501 3247 sunt
1543 3193 1740 3247 radium
1787 3209 1924 3248 con-

324 3283 674 3349 structiones,
709 3291 763 3339 et
793 3284 1134 3338 diversorum
1177 3297 1382 3353 genera
1403 3280 1814 3336 sacrificiorum.
1860 3282 1928 3335 Et

323 3372 529 3428 factum
578 3380 678 3438 est,
729 3381 786 3427 ut
827 3389 946 3445 qum
993 3372 1271 3442 prioribus
1320 3379 1542 3442 propter
1563 3370 1930 3425 inﬁrmitatem

323 3477 590 3518 concessa
635 3470 776 3528 sunt,
832 3462 901 3516 ad
942 3461 1308 3516 exclusionem
1355 3459 1577 3525 erroris,
1626 3459 1784 3514 nobis
1838 3476 1930 3516 se-

326 3551 546 3623 quentis
583 3567 684 3622 per
725 3550 924 3606 Christi
970 3550 1284 3620 passionem
1342 3547 1628 3620 patefacta,
1693 3548 1932 3619 prolice-

323 3649 445 3696 rent
476 3641 546 3694 ad
574 3655 793 3695 causam
823 3639 1189 3710 perfectionis,
1219 3640 1350 3692 dum
1383 3646 1436 3693 et
1465 3638 1520 3691 in
1545 3637 1651 3692 illis
1675 3638 1933 3693 materia-

325 3729 471 3783 libus
500 3729 784 3784 structuris
815 3728 1101 3784 aediﬁcium
1149 3727 1412 3783 Ecclesiae
1461 3727 1725 3797 spiritale,
1778 3735 1831 3782 et
1880 3728 1964 3780 in.

326 3819 642 3874 carnalibus
689 3818 926 3874 victimis
977 3833 1040 3872 ac
1109 3816 1562 3882 solemnitatibus,
1624 3815 1936 3887 passionem

326 3907 529 3962 Christi
562 3915 615 3962 et
651 3907 908 3962 virtutum
939 3901 1263 3962 documenta
1311 3905 1596 3962 sentimus.
1647 3905 1794 3961 Sicut
1841 3920 1937 3959 au-

329 4004 441 4051 tem
472 3996 722 4067 quaedam
754 4003 1027 4066 praecepta
1078 3994 1303 4049 moralia
1350 3994 1510 4049 nobis
1552 4003 1603 4050 et
1658 3993 1935 4050 veteribus

327 4084 497 4139 voluit
532 4086 676 4138 Deus
706 4101 830 4139 esse
862 4084 1171 4140 communia
1204 4100 1216 4138 :
1250 4091 1308 4137 ut
1337 4091 1460 4137 sunt
1490 4099 1557 4138 ea
1586 4099 1707 4155 quae
1736 4083 1804 4137 ad
1824 4099 1940 4138 mo-

328 4191 448 4230 rum
477 4175 840 4248 honestatem,
881 4182 933 4229 et
961 4174 1029 4228 ad
1053 4174 1144 4242 jus
1174 4172 1314 4229 inter
1358 4173 1606 4228 homines
1672 4172 1945 4244 pertinent

328 4264 769 4322 conservandum
806 4280 819 4318 :
854 4262 930 4318 ita
967 4263 1216 4334 quaedam
1249 4261 1539 4335 ﬂagitiosa,
1573 4278 1692 4334 qum
1732 4263 1942 4318 daemo-

331 4369 465 4408 num
519 4353 796 4424 voluptate
864 4352 1127 4418 instituta,
1185 4360 1237 4406 et
1285 4351 1392 4406 illis
1455 4359 1507 4406 et
1569 4351 1729 4407 nobis
1794 4351 1953 4406 statui

324 4441 663 4499 omnimodis
693 4441 975 4513 fugienda,
1009 4439 1290 4510 maleficia,
1355 4439 1609 4496 videlicet
1638 4455 1703 4496 ac
1719 4441 1950 4496 menda-

327 4532 412 4588 cia
459 4540 665 4602 stupra,
718 4538 772 4586 et
830 4529 1210 4601 supertitiosos
1282 4545 1520 4596 errores,
1599 4537 1652 4584 et
1716 4529 1930 4584 similia.

325 4621 456 4676 Haec
485 4637 608 4676 cum
638 4621 706 4674 ita
737 4619 843 4674 sint
873 4619 1044 4688 dicta,
1075 4619 1356 4674 sciendum
1386 4627 1466 4675 est
1514 4618 1763 4690 quaedam
1811 4634 1934 4674 esse

327 4710 476 4766 omni
509 4709 762 4782 religioni
794 4708 1124 4774 communia,
1157 4717 1213 4763 ut
1243 4715 1324 4763 est
1357 4726 1370 4763 :
1412 4708 1564 4777 Quod
1599 4708 1696 4762 tibi
1723 4723 1837 4764 non
1853 4707 1935 4763 vis

323 4800 473 4868 ﬁeri,
507 4799 612 4854 alii
636 4814 708 4855 ne
747 4799 960 4869 feceris
996 4798 1216 4867 (Matth.
1251 4811 1350 4862 vn;
1387 4797 1504 4853 Tob.
1540 4797 1620 4867 ιν)
1655 4814 1667 4850 :
1715 4803 1768 4852 et
1805 4795 1935 4867 quid

327 4887 458 4960 quid
491 4903 557 4942 ex
602 4886 829 4942 naturali
873 4887 1015 4958 lege,
1069 4884 1267 4940 divinis
1316 4900 1621 4956 congruum
1666 4885 1935 4940 invenitur

327 4975 620 5032 mandatis.
657 4976 772 5032 Hoc
811 4983 989 5030 tamen
1038 4975 1094 5029 in
1136 4973 1242 5029 illis
1293 4973 1474 5038 distat,
1524 4974 1669 5046 quod
1717 4973 1933 5046 quidam

326 5065 419 5120 illa
447 5073 676 5136 propter
707 5066 1067 5132 honestatem,
1106 5072 1162 5119 ut
1190 5063 1498 5134 philosophi
1532 5079 1544 5118 :
1577 5063 1795 5135 quidam
1808 5077 1934 5134 pro-

327 5162 449 5225 pter
479 5154 750 5217 timorem,
785 5163 841 5208 ut
869 5154 1042 5208 Judzei
1093 5171 1106 5209 :
1155 5153 1244 5208 alii
1291 5160 1512 5224 propter
1563 5153 1930 5220 dilectionem,

326 5251 385 5298 ut
415 5243 730 5309 Christiani,
781 5243 1079 5298 observant
1151 5261 1163 5296 :
1211 5250 1267 5296 ut
1315 5250 1494 5298 autem
1542 5243 1607 5296 ad
1659 5241 1936 5313 proposita

327 5339 674 5388 revertamur
705 5331 846 5386 sicut
875 5332 1040 5397 Deus,
1074 5338 1132 5385 ut
1162 5331 1468 5386 destrueret
1497 5347 1664 5402 opera
1709 5329 1931 5398 diaboli,

321 5421 571 5494 quaedam
605 5420 708 5474 sibi
740 5419 981 5476 exhiberi
1014 5419 1185 5475 voluit
1209 5435 1242 5474 a
1272 5420 1573 5475 cultoribus
1617 5419 1756 5484 suis,
1815 5434 1935 5490 qua:

327 5510 606 5565 daemones
639 5509 791 5581 prius
820 5517 1210 5580 persuaserunt
1241 5509 1549 5564 errantibus
1584 5526 1596 5562 :
1630 5509 1703 5562 ita
1731 5507 1934 5563 cultum

325 5615 355 5654 a
386 5600 502 5654 Deo
532 5599 858 5669 institutum,
891 5598 1129 5654 maxime
1158 5598 1214 5653 in
1244 5597 1634 5653 sacrificiorum
1665 5605 1718 5652 et
1765 5611 1934 5652 caere-

321 5689 630 5745 moniarum
700 5689 1118 5760 multiplicitate,
1174 5687 1277 5744 sibi
1338 5687 1596 5758 deinceps
1653 5687 1932 5744 daemones

2029 3201 2259 3255 debatur
2287 3201 2460 3256 oratio
2493 3217 2636 3267 esse,
2673 3210 2725 3256 et
2754 3202 2872 3272 ipse
2901 3217 3024 3258 cum
3069 3202 3322 3272 Ephesiis
3387 3203 3558 3258 oravit
3585 3203 3639 3258 in

2030 3289 2212 3344 littore
2245 3291 2390 3361 (Act.
2439 3305 2561 3355 xvr,
2610 3291 2736 3360 xx).
2785 3291 2918 3346 Cum
2963 3300 3143 3346 autem
3189 3291 3642 3361 multiplicaretur

2032 3395 2288 3433 numerus
2321 3379 2681 3448 credentium,
2717 3387 3000 3450 cmperunt
3049 3381 3243 3436 domos
3291 3397 3416 3435 suas
3460 3380 3638 3437 facere

2035 3467 2319 3532 ecclesias,
2346 3476 2402 3522 ut
2430 3468 2486 3520 in
2518 3467 2690 3539 gestis
2722 3476 3030 3524 sanctorum
3048 3469 3383 3525 creberrime
3403 3469 3638 3542 legitur:

2035 3564 2089 3611 et
2118 3555 2357 3626 privatas
2402 3555 2759 3611 habitationes
2802 3556 2873 3611 ad
2918 3557 3163 3627 publicas
3210 3557 3454 3612 ﬁdelium
3501 3575 3641 3614 con-

2035 3644 2272 3698 tulerunt
2300 3643 2577 3699 utilitates.
2614 3645 2770 3714 Saape
2799 3645 2961 3699 etiam
2989 3653 3401 3714 persecutorum
3438 3647 3644 3702 rabiem

2037 3732 2394 3798 declinantes,
2430 3732 2483 3786 in
2515 3733 2722 3803 cryptis
2751 3740 2804 3787 et
2831 3733 2888 3786 in
2916 3733 3264 3799 coemeteriis,
3317 3742 3368 3788 et
3416 3734 3642 3804 spelun-

2038 3821 2138 3890 cis,
2171 3829 2331 3892 atque
2363 3821 2596 3875 desertis
2626 3821 2898 3876 montibus
2921 3830 2974 3876 et
3005 3822 3216 3876 valibus
3267 3823 3644 3879 conventicula

2038 3909 2332 3966 faciebant.
2370 3909 2578 3966 Deinde
2609 3910 2785 3983 magis
2814 3910 3097 3983 magisque
3125 3910 3441 3982 proficiente
3487 3910 3642 3966 Chri-

2041 3999 2231 4054 stianae
2275 3998 2558 4072 religionis
2601 3999 2880 4065 miraculo,
2935 4007 2988 4055 et
3052 4015 3152 4072 per
3209 4000 3360 4056 lucra
3411 4000 3636 4068 Christi,

2044 4088 2244 4143 damno
2275 4089 2601 4144 succedente
2647 4088 2850 4144 diaboli
2897 4106 2911 4143 :
2961 4104 3069 4145 non
3131 4089 3308 4145 solum
3364 4105 3521 4148 novae
3575 4091 3646 4146 ad

2045 4177 2308 4233 orandum
2337 4177 2531 4233 domus
2559 4186 2886 4234 constructae
2912 4186 3057 4245 sunt,
3094 4179 3193 4234 sed
3235 4179 3397 4234 etiam
3444 4179 3644 4250 templa

2043 4267 2289 4334 deorum,
2322 4267 2547 4336 abjectis
2576 4275 2629 4322 et
2672 4268 3078 4323 exterminaties
3126 4269 3284 4324 idolis
3332 4284 3456 4325 cum
3477 4285 3636 4340 spur-

2045 4355 2281 4411 cissimis
2309 4355 2542 4412 cultibus
2572 4357 2705 4426 suis,
2737 4356 2793 4411 in
2823 4357 2924 4412 Dei
2953 4357 3338 4413 mutanbantur
3358 4357 3640 4415 ecclesias.

2663 4513 2892 4571 CAPUT
2922 4515 3014 4570 IV.

2244 4657 2311 4712 In
2332 4673 2468 4730 quas
2491 4657 2690 4728 plagas
2712 4657 2837 4712 caeli
2857 4660 3085 4713 orantes
3108 4660 3428 4714 vertantur.

2103 4796 2171 4850 Et
2199 4795 2328 4866 quia
2355 4794 2650 4850 diversitas
2681 4794 3006 4852 idololatria:
3036 4796 3268 4854 diversis
3293 4798 3472 4854 modis
3503 4806 3642 4854 tem-

2032 4883 2124 4956 pla
2167 4891 2564 4949 construxerat,
2613 4899 2722 4939 non
2779 4901 3112 4957 magnopere
3171 4888 3431 4942 curabant
3501 4887 3645 4943 illius

2034 4973 2294 5043 temporis
2317 4973 2468 5042 justi,
2501 4989 2662 5045 quam
2692 4973 2748 5027 in
2787 4982 3000 5045 partem
3046 4974 3306 5030 orationis
3344 4975 3464 5032 loca
3511 4991 3638 5033 con-

2033 5069 2324 5126 verterent,
2356 5061 2482 5115 dum
2514 5070 2721 5116 tantum
2752 5063 3165 5135 videreturuubi
3196 5063 3486 5121 eliminata:
3515 5075 3642 5122 sunt

2034 5151 2341 5205 daemonum
2372 5151 2584 5217 sordes,
2619 5151 2691 5205 ibi
2723 5151 2897 5207 Deum
2929 5152 3243 5209 Creatorem
3263 5155 3522 5222 omnium,
3545 5156 3636 5227 qui

2034 5238 2235 5310 ubique
2266 5246 2369 5307 est,
2401 5240 2507 5295 coli
2530 5247 2581 5294 et
2595 5240 2834 5295 adorari.
2859 5240 3186 5314 Quanquam
3207 5242 3389 5316 itaque
3412 5245 3631 5316 sapiens

2035 5327 2195 5394 dicat,
2229 5343 2330 5383 nos
2360 5329 2430 5383 ad
2459 5328 2725 5384 orientem
2754 5329 2892 5385 lucis
2924 5331 3162 5387 adorare
3209 5333 3403 5398 Deum,
3437 5341 3490 5387 et
3537 5348 3628 5388 re-

2035 5433 2160 5472 vera
2189 5433 2489 5488 congruum
2519 5426 2621 5485 est,
2655 5426 2710 5474 et
2739 5419 2964 5474 salutari
3003 5437 3157 5477 more
3205 5421 3528 5488 institutum,
3579 5427 3636 5474 ut

2034 5506 2300 5562 orientem
2331 5523 2525 5562 versus
2557 5526 2570 5563 :
2608 5506 2774 5564 facies
2803 5510 3014 5566 orando
3043 5519 3314 5566 vertamus
3344 5527 3358 5562 :
3392 5508 3519 5580 quia
3537 5507 3640 5565 sic-

2035 5603 2093 5650 ut
2113 5596 2182 5650 ab
2211 5595 2422 5651 oriente
2445 5596 2583 5652 lucis
2628 5597 2922 5655 adventum
2967 5599 3290 5672 suspicimus
3337 5611 3633 5668 corporeae,

2032 5685 2113 5742 sic
2143 5684 2198 5741 in
2219 5685 2552 5742 orationibus
2583 5685 2874 5744 illuminari
2903 5704 3071 5761 super
3098 5702 3198 5743 nos
3243 5685 3452 5742 vultum
3483 5685 3630 5743 illius
