4002 6184
399 329 502 383 923

935 324 1337 381 WALAFRIDI
1375 323 1618 379 STRABI
1656 321 1855 378 F'ULD.
1895 316 2069 374 MON.
2111 316 2266 373 OPP.
2308 317 2486 373 PARS
2525 317 2566 372 Ι.
2609 347 2678 358 —
2715 313 3188 372 THEOLOGICA.

3606 316 3705 371 924

402 450 772 522 deposcimus,
798 451 867 506 de
896 466 1004 522 quo
1045 449 1309 520 scriptum
1338 454 1419 502 est
1453 463 1465 502 :
1499 449 1637 504 Ecce
1666 447 1753 501 vir
1801 445 1998 501 Oriens
2027 443 2083 504 A
2107 440 2588 512 lus(Psal.cxuv)
2614 442 3154 514 :apprOpinquemus
3168 440 3700 511 Domino,etappro-

396 556 604 596 nomen
625 541 746 611 ejus
778 540 968 612 (Zach.
1025 537 1101 608 v1)
1118 526 1148 604 “;
1181 544 1253 603 et,
1295 536 1548 593 Visitavit
1577 553 1678 593 nos
1711 535 1908 591 Oriens
1937 549 2011 589 ex

402 629 519 685 alto
549 630 703 699 (Luc.
736 628 796 699 ι).
830 629 1050 682 Tamen
1078 626 1208 697 quia
1237 634 1295 681 et
1318 624 1505 696 templi
1534 623 1869 679 tabernaculi
1922 622 2011 676 in-

397 716 592 772 troitus
621 717 688 772 ab
719 715 939 771 oriente
970 714 1088 781 fuit,
1118 714 1212 768 ubi
1240 713 1412 769 altare
1444 721 1497 768 et
1525 713 1740 767 labrum
1769 720 1906 777 erat,
1959 713 2012 765 et

398 821 588 861 omnes
630 804 991 860 victimarum
1044 811 1097 858 et
1145 801 1542 858 sacriﬁciorum
1589 801 1724 855 ritus
1789 798 2006 865 fiebant,

397 901 605 949 certum
635 901 716 948 est
745 892 799 946 in
831 900 957 947 utro
970 908 1107 964 que,
1141 892 1210 946 ab
1232 892 1442 946 oriente
1462 890 1661 945 multos
1675 906 1865 946 orasse
1886 904 2011 944 con-

398 990 478 1036 tra
508 980 881 1038 Occidentem.
922 978 1208 1053 Siquidem
1237 988 1289 1035 et
1310 980 1569 1055 Salomon
1591 978 1852 1033 dedicans
1870 986 2010 1031 tem-

398 1070 568 1141 plum,
601 1071 746 1125 stetit
777 1078 901 1125 ante
932 1070 1105 1124 altare
1137 1077 1189 1123 et
1221 1068 1462 1123 extendit
1490 1084 1684 1122 manus
1716 1068 1768 1120 in
1809 1066 2008 1121 cmlum

399 1166 452 1213 et
482 1156 669 1213 effudit
699 1159 1002 1214 orationem
1033 1167 1143 1211 tam
1175 1156 1470 1212 devotione
1519 1172 1683 1227 quam
1740 1154 2009 1225 prolixate

399 1244 708 1301 mirabilem
739 1248 841 1319 (III
866 1250 990 1318 Reg.
1033 1247 1175 1317 vm).
1210 1245 1403 1300 Priora
1432 1252 1615 1299 autem
1662 1251 1714 1298 et
1739 1244 2009 1297 anteriora

394 1336 580 1406 templi
610 1336 699 1391 vel
748 1336 935 1390 altaris
981 1334 1254 1390 orientem
1308 1332 1695 1404 respiciebant.
1754 1332 1905 1387 Uude
1954 1339 2008 1386 et

394 1425 540 1495 apud
570 1432 800 1493 veteres,
833 1424 1129 1479 orientales
1177 1422 1502 1494 templorum
1532 1429 1736 1492 partes,
1756 1423 1950 1476 antica
1989 1439 2008 1487 ,-

396 1514 782 1583 occidentales,
814 1516 1031 1585 postica
1064 1512 1452 1583 ;aquilonares
1494 1511 1773 1575 sinistra;
1836 1508 2004 1562 meri-

396 1602 594 1667 diana,
627 1603 833 1658 dextra
861 1601 1202 1657 dicebantur.
1229 1599 1387 1668 Quod
1404 1607 1457 1653 et
1477 1600 1544 1653 de
1563 1597 1750 1668 templi
1788 1595 2003 1651 Domini

394 1673 566 1746 latere
594 1691 894 1746 meridiano
925 1691 1004 1747 sic
1034 1690 1330 1746 scribitur:
1357 1690 1576 1745 Ostium
1597 1689 1793 1743 lateris
1825 1686 2002 1741 medii

2108 532 2403 604 pinquebit
2432 531 2587 587 nobis
2617 530 2755 602 (Jac.
2789 530 2889 600 ιν).
2924 528 3143 601 Aliquin
3179 535 3459 599 peccator,
3511 527 3704 581 etiam-

2113 620 2157 673 si
2188 618 2404 688 fugerit,
2440 636 2563 674 eum
2586 619 2678 690 qui
2709 618 2909 689 ubique
2930 625 3035 683 est;
3076 617 3279 671 evitare
3326 632 3439 671 non
3483 616 3697 686 poterit.
3726 670 3733 675 ,

2111 707 2249 777 Quia
2280 724 2455 779 neque
2484 708 2554 762 ab
2584 707 2811 772 oriente,
2842 722 2944 762 nec
2971 707 3038 760 ab
3086 705 3394 771 occidente,
3445 720 3625 776 neque
3667 720 3697 758 a

2110 796 2343 852 desertis
2393 795 2688 861 montibus,
2740 794 2990 860 subaudi,
3035 802 3180 866 patet
3226 793 3383 849 locus
3439 792 3705 864 fugiendi,

2114 884 2369 957 quoniam
2412 885 2558 939 Deus
2592 884 2760 953 judex
2809 892 2911 949 est,
2960 884 3103 938 hunc
3145 882 3413 946 humiliat,
3466 890 3520 936 et
3570 882 3711 938 hunc

2109 972 2321 1028 exaltat.
2356 973 2453 1028 Cui
2485 974 2645 1027 etiam
2676 973 2944 1043 PrOpheta
2973 971 3102 1027 dicit
3134 990 3147 1025 :
3186 972 3298 1040 Quo
3346 972 3486 1026 iboa
3506 971 3716 1042 spiritu

2112 1067 2205 1118 tuo
2226 1066 2248 1117 ?
2268 1067 2322 1118 ct
2345 1080 2447 1135 quo
2479 1080 2512 1117 a
2540 1062 2690 1133 facie
2721 1064 2821 1116 tua
2849 1062 3099 1132 fugiam?
3118 1060 3176 1115 Si
3204 1060 3509 1115 ascendere
3532 1060 3594 1114 in
3614 1075 3716 1113 εω-

2112 1151 2250 1219 lu-m,
2281 1154 2345 1206 tu
2384 1152 2461 1206 ibi
2489 1166 2545 1205 es
2583 1170 2601 1205 :
2638 1150 2689 1204 si
2722 1149 3056 1206 descendero
3092 1149 3157 1203 in
3188 1149 3506 1219 infernum,
3581 1147 3712 1202 ades

2108 1239 2283 1308 (Psal.
2316 1254 2509 1305 Lxxiv,
2575 1239 2879 1307 cxxxvm).

2730 1370 2956 1425 CAPUT
3008 1370 3074 1425 V.

2238 1501 2316 1556 De
2346 1500 2491 1555 vasis
2518 1515 2641 1573 qua:
2683 1498 3025 1571 simpliciter
3070 1499 3237 1568 signa
3269 1494 3569 1551 dicuntur.

2176 1607 2255 1660 De
2284 1606 2430 1661 vasis
2460 1621 2591 1660 vero
2639 1604 2889 1659 fusilibus
2947 1603 3032 1659 vel
3071 1603 3233 1659 etiam
3294 1601 3709 1673 productilibus,

2105 1711 2226 1766 qua:
2257 1694 2572 1764 simpliciter
2603 1693 2761 1765 signa
2790 1701 3073 1759 vocantur,
3119 1693 3248 1763 quia
3296 1706 3488 1745 eorum
3529 1706 3698 1745 sono-

393 1784 520 1835 erat
548 1782 610 1836 in
633 1784 797 1853 parte
830 1781 1027 1836 domus
1058 1781 1277 1835 dextra:
1306 1779 1409 1845 (III
1422 1780 1545 1848 Reg.
1576 1777 1677 1843 v1),
1704 1774 1845 1843 Quia
1866 1788 1990 1846 ergo

2107 1784 2263 1838 ritate
2320 1783 2644 1853 quibusdam
2702 1781 2951 1852 pulsibus
3012 1782 3260 1845 excitata,
3328 1777 3709 1851 signiﬁcantur

390 1877 561 1941 portas
592 1870 755 1923 trium
802 1869 1065 1923 atriorum
1113 1883 1223 1922 una
1264 1874 1457 1921 contra
1507 1865 1735 1920 alteram
1801 1863 1999 1933 posita:

392 1966 543 2012 recta
587 1958 730 2011 linea
776 1957 847 2011 ad
893 1957 1159 2012 orientem
1200 1956 1481 2026 patebant,
1518 1954 1587 2008 ita
1618 1954 1700 2008 sol
1750 1952 1996 2024 aequino-

391 2046 563 2100 ctialis
594 2045 865 2110 exoriens,
890 2045 1071 2099 radios
1096 2060 1223 2099 suos
1244 2061 1342 2114 per
1366 2044 1483 2097 illas
1504 2042 1788 2114 arqualiter
1807 2048 1997 2097 contra

389 2134 735 2189 medietatem
757 2134 942 2204 templi
964 2134 1222 2206 erigeret,
1248 2133 1552 2203 eodemque
1574 2130 1737 2185 modo
1753 2130 1995 2200 perostia

384 2224 630 2295 porticus
662 2231 714 2277 et
742 2222 914 2293 ipsius
944 2222 1149 2292 templi,
1184 2222 1239 2275 in
1272 2221 1422 2299 ostia
1472 2220 1653 2275 Sancti
1685 2226 1995 2275 sanctorum

386 2311 705 2366 altrinsecus
734 2311 928 2382 posita,
962 2310 1345 2381 pertenderet:
1379 2309 1518 2365 sicut
1553 2309 1782 2363 traditur
1810 2324 1840 2361 a
1872 2323 1993 2361 ma-

381 2399 615 2471 joribus,
649 2400 725 2454 illi
755 2399 845 2471 qui
874 2399 927 2453 in
959 2398 1318 2454 exterioribus
1348 2397 1496 2452 atriis
1545 2396 1727 2468 positi,
1776 2396 1847 2450 ab
1903 2396 1992 2449 in-

388 2489 553 2544 troitu
620 2488 909 2556 interioris,
976 2487 1300 2560 quibusdam
1359 2486 1515 2557 quasi
1575 2483 1991 2539 rationabilibus

392 2578 571 2634 causis
604 2577 1036 2648 prohibebantur
1069 2592 1205 2647 :per
1229 2583 1503 2647 portarum
1533 2582 1718 2629 contra
1757 2589 1817 2628 se
1836 2572 1991 2642 posi-

393 2674 575 2722 tarum
630 2666 874 2737 patulum
919 2673 1292 2736 prospectum,
1352 2663 1538 2718 oculos
1586 2678 1759 2733 usque
1806 2661 1876 2716 ad
1905 2661 1994 2714 in-

387 2755 604 2810 troitum
635 2755 823 2825 templi
853 2753 1150 2826 dirigentes
1185 2770 1197 2808 :
1233 2767 1340 2823 quo
1381 2751 1614 2822 pedibus
1658 2765 1768 2805 non
1823 2749 1990 2803 aude-

384 2844 516 2899 bant
545 2844 803 2915 precibus
835 2851 888 2898 et
913 2842 1055 2898 votis
1085 2850 1139 2897 et
1178 2839 1591 2896 salutationibus
1633 2838 1987 2894 accedebant.

384 2933 494 2989 Sed
524 2941 579 2987 et
606 2933 722 3003 ipse
751 2932 1030 3001 Salomon,
1064 2932 1118 2985 in
1148 2931 1240 2985 illa
1266 2929 1474 2985 celebri
1503 2927 1747 2983 oratione
1778 2927 1847 2981 de
1882 2942 1988 2997 po-

384 3021 514 3092 pulo
539 3022 595 3075 in
623 3020 1119 3092 peregrinationem
1151 3026 1376 3089 propter
1418 3023 1642 3088 peccata
1691 3030 1791 3070 sua
1856 3031 1990 3069 ven-

380 3112 520 3175 turo,
552 3108 687 3163 dixit
716 3109 787 3163 ad
818 3110 991 3163 Deum
1026 3123 1038 3161 :
1072 3107 1131 3162 Si
1160 3106 1436 3162 vccarerit
1457 3108 1662 3161 contra
1697 3104 1989 3160 civitatem

384 3214 555 3270 quam
600 3197 837 3267 elegisti,
890 3199 948 3251 et
1007 3195 1207 3266 templi
1253 3193 1394 3264 quod
1446 3192 1719 3261 wdiﬁcavi
1764 3192 1988 3247 nomini

393 3289 490 3341 tuo
517 3285 537 3355 (
569 3286 596 3339 1
624 3287 755 3340 Par.
788 3283 889 3355 γι),
938 3290 991 3339 et
1037 3282 1271 3354 reliqua.
1322 3279 1481 3350 Quod
1524 3280 1718 3336 Daniel
1770 3295 1987 3352 quoque

384 3372 672 3445 propheta,
706 3379 759 3428 et
788 3371 913 3427 talis
935 3371 992 3426 in
1021 3385 1130 3444 quo
1158 3370 1397 3442 suspicio
1426 3370 1575 3425 nulla
1600 3369 1776 3441 potuit
1820 3372 1985 3440 repe-

382 3460 500 3527 riri,
534 3460 736 3532 legitur
764 3460 980 3517 fecisse.
1013 3459 1232 3531 Apertis
1262 3459 1407 3515 enim
1436 3458 1687 3514 fenestris
1716 3457 1988 3514 caenaculi

385 3549 469 3604 sui
496 3558 688 3606 contra
733 3549 1095 3615 Hierusalem,
1144 3548 1317 3603 tribus
1363 3548 1573 3603 vicibus
1634 3548 1812 3603 oravit
1883 3563 1986 3617 per

378 3638 624 3711 singulos
651 3639 768 3695 dies
799 3640 965 3709 (Dan.
998 3639 1099 3698 v1).
1132 3638 1228 3693 His
1257 3644 1311 3693 et
1337 3637 1456 3691 aliis
1488 3636 1753 3708 exemplis
1803 3635 1984 3691 edocti

376 3728 779 3802 cognoscimus,
812 3744 921 3784 non
950 3742 1166 3783 errasse
1194 3727 1320 3781 illos
1350 3727 1437 3782 vel
1465 3741 1673 3792 errare,
1720 3725 1815 3797 qui
1834 3733 1978 3780 tem-

377 3816 484 3890 plis
512 3817 598 3873 vel
649 3817 863 3872 noviter
908 3818 1024 3872 Deo
1060 3815 1403 3880 constructis,
1466 3814 1563 3871 vel.
1601 3814 1672 3869 ab
1718 3813 1986 3869 idolorum

376 3905 632 3978 squalore
659 3906 933 3962 mandatis
961 3913 1187 3977 propter
1215 3904 1451 3975 aliquam
1483 3903 1730 3960 locorum
1775 3918 1985 3974 oppor-

380 3995 700 4063 tunitatem,
752 3996 809 4049 in
849 3995 1094 4051 diversas
1141 3994 1340 4068 plagas
1382 3993 1573 4048 altaria
1618 3998 1923 4047 statuerunt
1973 4005 1986 4046 :

375 4083 504 4156 quia
530 4099 641 4140 non
669 4091 751 4139 est
778 4083 951 4150 locus,
986 4083 1078 4138 ubi
1100 4098 1211 4138 non
1232 4082 1301 4139 sit
1316 4084 1482 4138 Deus.
1508 4080 1809 4136 Verissima
1830 4079 1974 4134 enim

374 4172 642 4228 relatione
670 4171 980 4240 didicimus,
1011 4171 1066 4225 in
1096 4171 1343 4227 Ecclesia
1375 4185 1541 4241 quam
1586 4169 1730 4240 apud
1787 4168 1982 4223 Eliam

375 4261 755 4317 Constantinus
782 4260 1104 4333 [imperator
1140 4275 1264 4315 cum
1310 4266 1481 4314 matre
1526 4258 1753 4313 Helena.
1809 4273 1982 4328 super

378 4351 693 4423 sepulcrum
722 4348 941 4405 Domini
967 4348 1120 4403 mirae
1148 4347 1544 4421 magnitudinis
1573 4347 1627 4401 in
1649 4347 1983 4402 rotunditate

376 4438 685 4495 constituit:
719 4438 973 4510 idemque
1001 4437 1187 4494 Romae
1217 4436 1272 4490 in
1300 4435 1521 4507 templo,
1555 4435 1699 4499 quod
1730 4436 1801 4490 ab
1844 4434 1983 4489 anti-

375 4528 497 4599 quis
522 4529 818 4585 Pantheon
848 4527 1071 4593 dictum,
1104 4541 1137 4580 a
1166 4525 1324 4581 beato
1352 4522 1630 4580 Bonifacio
1659 4540 1815 4595 papa,
1852 4539 1984 4594 per-
2005 4516 2064 4580 D

375 4626 636 4681 mittenda
712 4626 857 4681 Foca
910 4624 1263 4695 imperatore,
1324 4623 1380 4678 in
1432 4623 1697 4677 honorem
1741 4620 1980 4677 omnium

376 4731 688 4779 sanctorum
730 4730 1109 4777 consecratum
1155 4728 1266 4786 est,
1328 4720 1383 4774 in
1445 4719 1695 4777 Ecclesia
1762 4735 1979 4791 quoque

373 4821 518 4878 beati
547 4818 694 4877 Petri
723 4818 986 4892 principis
1016 4817 1402 4890 apostolorum,
1434 4817 1623 4873 altaria
1646 4832 1755 4874 non
1773 4825 1979 4872 tantum

373 4918 440 4974 ad
467 4920 752 4986 orientem,
774 4918 873 4973 sed
896 4917 1058 4974 etiam
1089 4916 1144 4970 in
1165 4916 1300 4972 alias
1319 4924 1505 4987 partes
1527 4932 1649 4971 esse
1665 4915 1974 4971 distributa.

377 5013 505 5070 Haec
546 5031 671 5071 cum
718 5014 1019 5072 secundum
1067 5013 1400 5071 voluntatem
1446 5011 1533 5068 vel
1596 5013 1979 5069 necessitatem

376 5106 569 5163 fuerint
598 5110 670 5164 ita
698 5111 980 5183 disposita,
1033 5111 1342 5183 improbare
1397 5126 1506 5165 non
1537 5110 1823 5166 audemus.
1869 5110 1978 5166 Sed

375 5214 557 5261 tamen
583 5222 722 5260 unus
751 5206 1088 5280 frequentior
1154 5208 1477 5280 (secundum
1515 5208 1663 5280 quod
1712 5214 1765 5264 et
1808 5222 1978 5280 supra

373 5303 822 5376 memoravimus)
847 5314 896 5360 et
919 5307 1117 5363 rationi
1144 5307 1375 5364 vicinior
1404 5306 1569 5362 habet
1598 5307 1655 5362 in
1710 5308 1976 5363 orientem

370 5410 593 5461 orantes
620 5401 884 5469 converti,
918 5410 973 5458 et
1000 5403 1365 5475 pluralitatem
1387 5405 1696 5460 animarum
1721 5406 1864 5478 (Sic)
1886 5420 1975 5462 ec-

371 5503 664 5559 clesiarum
720 5516 787 5557 eo
814 5507 1004 5556 tenore
1023 5501 1292 5556 constitui.
1314 5504 1694 5576 Unusquisque
1716 5506 1779 5560 in
1796 5520 1970 5561 sensu

371 5616 469 5658 suo
499 5600 763 5656 abundet.
796 5602 972 5673 Prope
1005 5602 1090 5655 est
1119 5600 1390 5655 Dominus
1421 5603 1677 5657 omnibus
1700 5605 1974 5659 invocan-

376 5697 526 5752 tibus
556 5713 688 5752 eum
716 5699 780 5752 in
810 5699 1071 5764 veritate,
1097 5699 1153 5751 et
1176 5696 1334 5768 longe
1374 5714 1408 5751 a
1446 5698 1836 5768 peccatoribus
1876 5716 1974 5753 sa-

2098 1873 2269 1938 horae,
2304 1872 2499 1943 quibus
2530 1871 2585 1923 in
2614 1870 2776 1924 domo
2823 1870 2923 1925 Dei
2969 1876 3168 1923 statuta
3214 1868 3559 1923 celebrantur
3589 1866 3711 1921 otii-

2095 1961 2176 2016 cia
2210 1976 2223 2015 :
2255 1960 2447 2025 dehis,
2480 1960 2719 2030 inquam,
2775 1958 2863 2013 hic
2914 1956 3207 2013 dicendum
3259 1955 3497 2021 videtur,
3564 1955 3710 2027 quod

2095 2065 2286 2104 corum
2316 2065 2449 2102 usus
2480 2063 2589 2101 non
2618 2048 2754 2101 adeo
2806 2045 2951 2117 apud
2998 2045 3251 2116 antiquos
3296 2044 3510 2098 habitus
3578 2060 3706 2113 pro-

2095 2137 2244 2192 ditur
2276 2154 2289 2191 :
2323 2136 2450 2207 quia
2479 2152 2579 2190 nec
2609 2143 2721 2189 tam
2748 2133 3028 2204 multiplex
3058 2134 3203 2204 apud
3223 2149 3319 2187 eos
3332 2140 3695 2188 conventuum

2096 2225 2406 2289 assiduitas,
2442 2232 2499 2278 ut
2528 2224 2691 2278 modo
2724 2230 2824 2291 est,
2857 2222 3171 2276 habebatur.
3202 2221 3513 2292 Apudalios
3558 2222 3703 2276 enim

2094 2314 2313 2369 devotio
2345 2312 2461 2368 sola
2491 2312 2723 2383 cogebat
2754 2311 2825 2367 ad
2855 2318 3081 2365 statutas
3126 2311 3294 2364 horas
3352 2325 3702 2365 concurrene.

2093 2402 2197 2457 Alii
2272 2400 2807 2472 pronuntiationibus
2879 2398 3112 2470 publicis
3202 2398 3586 2462 invitabantur,
3657 2407 3709 2452 et

2090 2490 2147 2545 in
2177 2506 2282 2543 una
2316 2489 2654 2544 solemnitate
2683 2487 2926 2559 proxime
2956 2486 3163 2542 futuras
3210 2486 3516 2542 discebant.
3550 2484 3708 2557 Apud

2093 2579 2359 2650 quosdam
2390 2578 2607 2644 tabulis,
2640 2577 2784 2648 apud
2815 2576 3104 2632 nonnullos
3134 2575 3390 2631 cornibus
3402 2576 3556 2630 horae
3575 2589 3702 2645 pro-

2090 2668 2377 2722 debantur.
2414 2668 2677 2722 Vesorum
2706 2674 2906 2730 autem,
2940 2664 3009 2719 de
3058 2663 3257 2735 quibus
3302 2679 3487 2719 sermo
3548 2671 3703 2719 ortus

2091 2764 2193 2822 est,
2242 2772 2403 2811 usum
2449 2754 2628 2826 primo
2675 2754 2816 2824 apud
2863 2753 3030 2808 Italos
3062 2751 3335 2807 afﬁrmant
3392 2752 3694 2807 inventum.

2089 2845 2244 2902 Unde
2293 2852 2347 2900 et
2395 2860 2429 2899 a
2473 2842 2787 2914 Campania,
2840 2858 2960 2913 qua:
3022 2848 3105 2896 est
3163 2840 3329 2896 ltaliza
3388 2840 3692 2911 provincia,

2090 2935 2282 2990 eadem
2320 2948 2449 2989 vasa
2496 2932 2705 3001 majora
2749 2930 2970 3004 quidem
3009 2946 3302 3002 campanae
3354 2928 3612 2985 dicuntur
3675 2947 3689 2984 :

2088 3023 2296 3077 minora
2326 3038 2476 3087 vero,
2509 3038 2630 3093 qua:
2661 3029 2713 3075 et
2755 3037 2786 3074 a
2824 3035 2959 3075 sono
3007 3018 3363 3073 tintinnabula
3406 3025 3689 3082 vocantur,

2088 3112 2250 3167 nolas
2281 3110 2571 3181 appellant,
2607 3125 2639 3163 a
2670 3108 2807 3163 Nola
2836 3108 3083 3177 ejusdem
3111 3106 3326 3162 civitate
3357 3106 3685 3177 Campaniae,

2087 3199 2180 3253 ubi
2211 3198 2402 3254 eadem
2429 3214 2557 3252 vasa
2584 3197 2763 3268 primo
2793 3204 2917 3251 sunt
2945 3203 3324 3251 commentata.
3365 3193 3509 3263 Quia
3554 3210 3688 3250 vero

2086 3288 2245 3343 tubas
2273 3303 2441 3343 aereas
2472 3293 2525 3342 et
2554 3293 2845 3359 argenteas
2877 3285 3067 3358 inlege
3097 3284 3362 3339 habemus
3382 3283 3574 3355 (Num.
3600 3283 3684 3353 ι),

2087 3385 2141 3433 et
2177 3378 2441 3447 propheta
2469 3375 2625 3448 quasi
2664 3375 2796 3429 tuba
2811 3389 3004 3429 vocem
3054 3371 3456 3443 priedicationis
3503 3371 3693 3426 exsul—

2086 3473 2205 3520 tare
2229 3464 2384 3534 jubet
2412 3464 2543 3536 (Isa.
2577 3462 2700 3527 vm)
2753 3480 2768 3517 :
2800 3478 3047 3535 congrue
3088 3460 3174 3515 his
3213 3461 3362 3516 vasis
3410 3459 3691 3514 utimurin

2087 3553 2473 3609 convocatione
2520 3550 2780 3618 ﬁdelium,
2812 3558 2867 3605 ut
2897 3549 3211 3622 praedicatio
3249 3555 3440 3604 nostra
3483 3549 3541 3602 in
3586 3549 3699 3604 Ec-

2086 3642 2272 3709 clesia,
2302 3658 2443 3713 pura
2472 3641 2527 3696 in
2557 3648 2808 3714 argento,
2842 3640 2898 3693 in
2926 3655 3036 3695 aere
3057 3636 3397 3712 signiﬁcetur
3424 3637 3693 3692 durabilis

2088 3739 2139 3787 et
2170 3745 2391 3795 sonora,
2424 3730 2479 3784 id
2510 3737 2592 3785 est
2620 3736 2678 3784 ut
2706 3743 2808 3785 nec
2835 3727 3098 3784 heretica
3125 3727 3361 3783 foedatur
3413 3725 3693 3797 rubigine,

2087 3835 2189 3876 nec
2217 3817 2568 3891 negligentiae
2611 3817 2849 3872 lassetur
2889 3815 3241 3889 pigritudine,
3293 3830 3397 3871 nec
3444 3815 3685 3871 humana

2091 3907 2462 3981 supprimatur
2521 3905 2830 3961 formidine.

2694 4037 2919 4095 CAPUT
2982 4038 3075 4093 VI.

2157 4164 2448 4237 Expositio
2474 4164 2776 4221 nominum
2809 4163 3201 4236 quorumdam.
3219 4162 3399 4218 sacris
3444 4163 3615 4219 rebus

2684 4252 3092 4324 adjacentium.

2156 4368 2284 4424 Haec
2313 4383 2344 4422 a
2371 4367 2547 4436 nobis,
2581 4375 2639 4422 ut
2668 4367 2942 4438 potuimus
2962 4410 2977 4435 ,
3003 4365 3146 4423 dicta
3191 4372 3315 4421 sunt
3375 4383 3389 4421 :
3437 4381 3584 4422 nunc
3626 4365 3697 4421 de

2088 4456 2420 4521 nominibus,
2455 4473 2576 4530 quae
2618 4456 2752 4528 ipsis
2798 4455 2966 4513 sacris
3011 4455 3145 4512 locis
3186 4454 3273 4511 vel
3293 4452 3560 4524 aediﬁciis,
3580 4470 3692 4510 non

2085 4547 2327 4615 fortuito,
2361 4546 2459 4601 sed
2487 4545 2876 4601 rationabiliter
2905 4545 3154 4616 imposita
3183 4551 3305 4599 sunt
3332 4558 3509 4615 pauca
3538 4544 3688 4600 dica-

2080 4651 2221 4701 mus,
2255 4643 2310 4690 ut
2340 4635 2531 4701 lector,
2565 4635 2695 4690 dum
2726 4650 2923 4691 causas
2954 4632 3308 4691 aedificiorum
3351 4640 3403 4688 et
3450 4632 3681 4689 exordia

2081 4724 2347 4792 didicerit,
2380 4740 2477 4780 cur
2505 4723 2668 4779 etiam
2698 4722 2771 4777 ita
2800 4723 2887 4778 vel
2915 4722 2989 4777 ita
3011 4723 3156 4778 dicta
3203 4722 3311 4776 sint
3360 4722 3538 4793 possit
3581 4721 3682 4776 ad-

2081 4821 2309 4870 vertere.
2343 4812 2591 4868 Ecclesia
2621 4812 2841 4885 quidem
2872 4812 3127 4868 Graecum
3156 4826 3356 4866 nomen
3387 4818 3491 4876 est,
3524 4817 3580 4865 et
3611 4810 3694 4865 in-

2079 4910 2400 4974 terpretatur
2428 4903 2748 4958 convocatio
2776 4900 2863 4956 vel
2892 4903 3201 4957 conventus
3233 4918 3251 4955 :
3300 4914 3425 4956 cum
3489 4898 3557 4952 sit
3601 4900 3691 4955 vel

2078 4990 2353 5063 generalis
2389 4998 2701 5046 sanctorum
2732 4988 2932 5055 unitas,
2963 4988 3019 5042 in
3047 5004 3153 5042 una
3183 4985 3290 5042 ﬁde
3322 4995 3375 5043 et
3391 4986 3687 5044 dilectione

2080 5081 2384 5150 conjuncta,
2418 5080 2562 5134 unde
2591 5095 2701 5135 una
2756 5086 2810 5134 et
2839 5076 3101 5134 catholica
3131 5073 3327 5133 dicitur
3350 5075 3610 5133 Ecclesia
3668 5094 3683 5130 :

2078 5169 2167 5224 vel
2208 5168 2548 5242 singulorum
2598 5168 2830 5224 societas
2873 5173 3062 5221 sancta
3107 5165 3370 5229 locorum,
3419 5164 3568 5219 unde
3618 5171 3674 5220 et

2077 5257 2260 5312 muitae
2286 5256 2539 5313 dicuntur
2566 5256 2848 5312 Ecclesia.
2881 5256 3083 5310 Tamen
3132 5254 3294 5309 etiam
3331 5253 3449 5325 ipsa
3466 5253 3686 5321 domus,

2077 5347 2134 5402 in
2165 5362 2267 5418 qua
2297 5346 2367 5400 ad
2398 5345 2583 5401 divina
2611 5345 2699 5400 vel
2716 5340 2981 5400 discenda
3008 5343 3096 5400 vel
3144 5342 3496 5409 celebranda,
3542 5357 3685 5398 con-

2077 5436 2225 5491 venit
2265 5434 2548 5489 multitudo
2599 5432 2859 5500 ﬁdelium,
2911 5432 3147 5489 ecclesia
3194 5440 3425 5488 vocatur
3476 5448 3492 5486 :
3536 5447 3569 5485 a
3619 5447 3685 5486 re

2080 5542 2201 5598 quae
2230 5523 2304 5578 ibi
2334 5523 2561 5596 geritur,
2595 5522 2724 5578 illud
2754 5522 3076 5579 vocabulum
3104 5529 3435 5576 mutuamus.
3468 5520 3682 5576 Horum

2077 5613 2325 5684 exempla
2352 5612 2643 5683 ApOstolus
2664 5611 2920 5676 insinuat,
2952 5612 3141 5667 dicens
3192 5628 3207 5665 :
3263 5612 3331 5669 Ut
3387 5609 3691 5667 exhiberet

2079 5702 2183 5757 sibi
2194 5702 2494 5773 gloriosam
2505 5703 2837 5768 Ecclesium,
2852 5717 2967 5759 non
2978 5701 3277 5757 habentem
3288 5699 3580 5756 maculam
3591 5714 3665 5754 ne
