3998 6188
302 387 411 440 925

1479 380 1573 435 DE
1628 378 1853 435 REBUS
1910 376 2469 434 ECCLESIASTICIS

3508 379 3613 433 926

305 523 862 599 querugam(Ephes.
881 522 972 593 v);
996 528 1048 578 et
1066 522 1251 590 ,Sicut
1264 522 1327 577 in
1344 522 1603 577 omnibus
1648 522 1912 577 Ecclesiis
1934 504 1990 564 Α
2019 501 2279 557 Ῡυηάίίθῑθ
2307 502 2555 599 abrupta,
2590 499 2728 557 δίοιιῑ
2757 499 3145 599 θίξνθρίάίηθε
3176 499 3409 599 ἀίθίπιιξξ
3455 499 3615 599 ﬁbri“

299 617 634 670 sanctorum
653 611 814 668 doceo
834 612 888 683 (Ι
905 612 1024 667 Cor.
1045 610 1149 681 IV.)
1188 611 1272 680 Et,
1299 611 1559 666 Mulieres
1581 611 1644 665 in
1663 610 1914 665 Ecclesia

306 706 538 760 taceant
567 701 624 771 (Ι
654 702 789 756 Tim.
824 700 906 771 ιι),
942 706 995 755 et
1021 699 1184 753 multa
1213 698 1300 754 his
1330 697 1546 753 similia.
1597 698 1911 769 Unusquis—

303 785 411 864 que
443 790 600 846 etiam
632 789 945 856 electorum,
977 788 1174 845 domus
1204 792 1260 843 et
1281 789 1558 860 templum
1574 787 1675 842 Dei
1695 786 1905 852 dicitur,

299 880 443 935 sicut
487 878 775 951 Apostolus
836 885 887 933 et
936 876 989 931 in
1032 892 1130 931 suo
1175 884 1227 931 et
1272 876 1586 947 prOphetico
1634 874 1913 930 confirmat

303 967 557 1039 exemplo
580 985 592 1021 :
623 967 932 1038 Templum,
952 965 1225 1037 inquiens,
1246 966 1345 1021 Dei
1365 969 1631 1020 sanctum
1642 969 1747 1030 est,
1769 963 1910 1037 quod

305 1059 445 1113 estis
466 1073 557 1114 vos
579 1055 631 1126 (Ι
650 1056 769 1111 Cor.
794 1056 878 1123 In)
906 1056 1083 1110 :sicut
1103 1055 1256 1110 dixit
1271 1055 1562 1119 Dominus,
1588 1055 1720 1127 quia
1744 1053 1911 1108 inha-

305 1145 490 1202 bitabo
520 1147 582 1200 in
614 1144 853 1215 vobis(II
885 1143 1005 1199 Cor.
1044 1143 1145 1213 γι),
1186 1151 1240 1199 et
1276 1142 1500 1213 reliqua.
1541 1145 1609 1197 Et
1655 1143 1841 1197 Petrus
1891 1157 1903 1196 :

312 1236 409 1291 Vos
429 1238 703 1305 tanquam
722 1232 935 1305 lapides
958 1233 1084 1298 vivi,
1126 1231 1667 1303 superadiﬁcamini
1707 1231 1905 1287 domus

304 1323 545 1395 spitales
566 1322 619 1391 (Ι
630 1305 782 1377 Ρειν.
808 1323 892 1391 ιι),
917 1328 968 1376 et
988 1320 1213 1392 reliqua.
1236 1319 1384 1375 Sicut
1406 1336 1542 1391 ergo
1564 1320 1618 1374 in
1636 1319 1902 1386 Ecclesia,

309 1411 390 1468 sic
422 1411 604 1466 multa
635 1410 828 1465 domus
858 1417 910 1465 et
938 1409 1136 1481 templa
1166 1412 1221 1464 in
1252 1410 1416 1465 domo
1459 1409 1561 1465 Dei
1607 1416 1659 1464 et
1702 1408 1904 1481 templo

309 1499 641 1556 conveniunt
676 1517 689 1553 :
722 1499 917 1555 domus
946 1506 1127 1553 autem
1157 1498 1299 1554 dicta
1324 1506 1405 1553 est
1434 1514 1466 1552 a
1491 1498 1724 1565 domate,
1759 1498 1906 1569 quod

306 1588 501 1643 Grace
528 1596 725 1643 tectum
756 1595 989 1643 vocatur.
1024 1587 1229 1642 Dicitur
1270 1586 1432 1642 etiam
1478 1587 1690 1653 domus,
1743 1585 1903 1641 fami-

308 1675 399 1732 lia
426 1676 589 1732 totius
621 1676 723 1731 sub
769 1692 878 1730 uno
925 1682 1066 1731 tecto
1116 1675 1499 1730 commorantis
1544 1675 1900 1741 consortium,

310 1764 452 1821 sicut
478 1765 606 1819 urbs
636 1765 799 1820 totius
829 1763 1011 1835 populi
1043 1770 1097 1820 et
1124 1763 1276 1819 orbis
1321 1763 1485 1819 totius
1531 1763 1749 1836 generis
1793 1764 1901 1819 hu-

307 1854 452 1908 mani
484 1861 566 1908 est
587 1852 936 1908 domicilium.

390 1943 677 2015 Templum
705 1949 788 1997 est
817 1941 1021 1996 dictum
1050 1941 1205 2013 quasi
1234 1947 1435 1996 tectum
1464 1940 1723 2012 amplum.
1757 1941 1913 1997 Unde

313 2038 367 2087 et
399 2030 872 2086 excellentioribus
918 2028 1162 2086 adiﬁciis
1206 2030 1307 2085 hoc
1351 2030 1599 2101 congruit
1645 2046 1845 2084 nomen
1897 2048 1910 2084 :

309 2120 451 2177 sicut
472 2136 565 2174 rex
583 2120 828 2174 salomon
851 2119 1281 2190 sapientissimus
1299 2119 1352 2173 in
1394 2120 1544 2192 regia
1583 2118 1735 2183 urbe,
1778 2126 1915 2174 tem-

305 2209 461 2281 plum
493 2226 505 2262 :
537 2209 750 2281 Moyses
778 2223 911 2263 vero
940 2207 995 2262 in
1024 2208 1212 2262 itinere
1256 2208 1451 2263 dicitur
1512 2208 1915 2263 tabernaculum

310 2297 644 2354 condidisse.
667 2297 881 2352 Dictum
894 2304 977 2352 est
995 2304 1177 2352 autem
1200 2297 1630 2352 tabernaculum
1650 2313 1684 2352 a
1720 2296 1918 2352 tebulis

309 2395 364 2443 et
395 2385 637 2452 cortinis,
670 2401 735 2440 eo
763 2386 907 2457 quod
955 2385 1363 2440 interstantibus
1413 2386 1627 2451 tabulis,
1697 2384 1916 2441 cortina

313 2476 553 2547 desuper
612 2474 986 2530 tenderentur.
1045 2475 1201 2530 Unde
1260 2482 1313 2530 et
1374 2473 1604 2528 militum
1665 2474 1912 2543 tentoria,

308 2564 510 2636 quibus
539 2563 593 2616 in
621 2562 811 2618 itinere
841 2563 972 2618 solis
1000 2563 1246 2633 ardores,
1280 2570 1635 2634 tempestates
1666 2562 1917 2617 imbrium

312 2651 643 2723 frigorisque
697 2651 917 2720 injurias
975 2651 1162 2716 vitant,
1225 2651 1574 2707 tabernacula
1644 2651 1913 2708 dicuntur.

313 2741 481 2797 dides
510 2748 561 2797 et
589 2739 818 2796 adificia
847 2740 917 2795 ab
944 2739 1157 2795 edendo
1185 2747 1374 2810 putant
1403 2739 1564 2805 dicta,
1597 2740 1752 2812 quasi
1798 2740 1917 2812 pri-

312 2829 481 2885 mitus
504 2828 577 2909 ad
609 2829 880 2885 edendum
907 2827 1070 2884 facta.
1102 2827 1257 2885 Unde
1276 2828 1496 2883 Plautus
1525 2827 1655 2884 dicit
1688 2845 1702 2884 ε
1768 2901 1789 2913 ο

549 2970 600 3019 Si
636 2980 900 3018 vocassent
924 2980 1016 3019 vos
1037 2969 1089 3016 id
1108 2970 1261 3017 andem
1295 2970 1360 3016 ad
1390 2970 1677 3027 prandium.

316 3101 503 3156 Potest
551 3098 697 3154 enim
739 3097 860 3154 fieri
905 3105 960 3153 ut
1025 3097 1173 3154 ades
1240 3097 1309 3152 ad
1382 3097 1652 3153 edendum
1717 3096 1776 3151 in
1841 3096 1920 3153 eis

313 3189 458 3244 sicut
487 3188 763 3244 coenaeula
794 3187 863 3243 ad
892 3187 1238 3255 canendum,
1273 3186 1453 3257 primo
1496 3187 1603 3241 sint
1655 3185 1815 3251 facta,
1869 3193 1922 3242 et

311 3286 513 3350 postea
541 3278 709 3349 longo
734 3275 915 3332 usuin
943 3275 1088 3331 aliud
1119 3283 1440 3332 verteretur.
1473 3275 1622 3331 Sicut
1656 3276 1917 3332 Taberna-

311 3365 565 3438 primitus
593 3364 932 3437 plebeiorum
962 3365 1321 3432 domuncula,
1374 3364 1522 3436 quod
1576 3379 1671 3419 sex
1720 3362 1917 3419 tabulis

230 3498 235 3503 .
314 3454 519 3527 ligneis
550 3452 748 3522 ﬁerint,
795 3454 1120 3510 dicebantur
1173 3471 1186 3507 :
1245 3453 1390 3509 unde
1409 3460 1460 3508 et
1505 3452 1919 3508 tabernaculum

317 3542 560 3599 derivari
579 3543 801 3616 quidam
829 3543 1036 3599 volunt.
1069 3544 1230 3599 Nunc
1260 3549 1441 3598 autem
1473 3557 1779 3613 cauponum
1806 3542 1917 3597 Ec-

316 3631 507 3689 clesia
536 3632 615 3687 sic
636 3639 919 3688 vocantur.

446 3722 692 3777 Basilica
722 3720 930 3789 Graec,
962 3719 1129 3776 latine
1158 3719 1361 3792 regalis
1390 3719 1478 3776 vel
1502 3719 1660 3792 regia
1674 3717 1871 3774 dicitur
1889 3733 1922 3773 a

318 3809 552 3876 basileo,
575 3809 631 3864 id
644 3817 726 3865 est
744 3826 897 3885 rege.
919 3810 1062 3865 Nam
1079 3818 1131 3866 et
1151 3808 1448 3865 carnalium
1480 3824 1676 3880 regum
1721 3806 1923 3879 palatia

316 3898 393 3953 ita
421 3898 691 3965 dicuntur,
726 3898 861 3954 sicut
891 3899 1150 3970 scriptum
1180 3906 1263 3954 est
1292 3898 1360 3953 de
1389 3898 1589 3953 Esther
1623 3915 1637 3952 :
1671 3897 1843 3953 Stetit
1859 3897 1923 3951 in

318 3987 472 4043 atrio
492 3988 689 4043 domus
708 3988 897 4060 regite,
921 3988 1064 4061 quod
1084 3991 1209 4044 erat
1230 3988 1478 4043 interius
1500 3989 1701 4043 contra
1721 3987 1922 4042 basili-

320 4093 449 4132 cam
479 4077 624 4148 regis
652 4077 897 4145 (Esther.
918 4075 997 4149 v).
1021 4076 1222 4132 Nostra
1239 4083 1422 4131 autem
1443 4076 1638 4131 domus
1660 4074 1924 4131 orationis

320 4164 450 4220 ideo
474 4165 631 4237 regia
663 4165 875 4231 dicitur,
910 4164 1036 4237 quia
1064 4165 1202 4237 Regi
1234 4181 1423 4236 regum
1471 4164 1525 4218 in
1555 4180 1622 4219 ea
1666 4163 1919 4232 servitur,

323 4252 411 4309 vel
442 4253 566 4326 quia
593 4270 783 4326 resges
812 4261 865 4309 et
893 4253 1225 4322 sacerdotes,
1259 4253 1315 4308 id
1358 4260 1441 4309 est
1468 4253 1664 4308 summi
1693 4251 1840 4323 regis
1872 4258 1927 4307 et

321 4342 624 4399 sacerdotis
655 4342 917 4410 membra,
953 4341 1044 4415 qui
1081 4342 1318 4398 motibus
1363 4341 1612 4413 corporis
1634 4341 1922 4413 imperant,

320 4440 374 4487 et
405 4430 675 4502 spiritales
704 4432 881 4487 hostia
912 4431 1194 4487 immolant
1222 4433 1361 4500 Deo,
1411 4431 1486 4486 ibi
1536 4438 1927 4503 regenerantur

321 4536 388 4576 ex
415 4535 560 4592 aqua
589 4528 643 4576 et
673 4520 866 4592 spiritu
887 4528 940 4576 et
988 4521 1213 4576 salutari
1257 4519 1605 4575 nuntriuntur
1652 4519 1921 4575 doctrina.

320 4579 528 4664 Absida
574 4579 788 4677 Graece,
836 4609 1025 4666 Latine
1078 4609 1267 4666 lucida
1311 4608 1525 4673 dicitur,
1577 4609 1700 4680 quia
1739 4608 1924 4662 lumen
1951 4579 2005 4642 D

318 4706 603 4769 acceptum
632 4715 733 4770 per
761 4715 947 4755 arcum
984 4697 1303 4755 intromittit.
1354 4697 1580 4754 Exedra
1628 4704 1710 4752 est
1739 4695 1929 4751 absida

320 4786 575 4859 quadam
606 4796 857 4859 separata
883 4805 938 4842 m
951 4788 1173 4844 odicum
1191 4786 1283 4858 qui
1300 4787 1423 4841 dem
1440 4801 1472 4841 a
1494 4785 1693 4856 templo
1713 4784 1802 4840 vel
1821 4800 1927 4856 pa-

319 4875 472 4942 latio,
508 4883 559 4930 et
588 4875 730 4933 dicta
758 4876 905 4943 inde,
938 4877 1086 4948 quod
1114 4884 1259 4931 extra
1302 4876 1505 4931 hareat
1552 4891 1564 4928 :
1612 4874 1805 4929 Graece
1825 4890 1927 4928 au-

322 4972 432 5019 tem
463 4966 657 5037 cyclon
674 4973 917 5021 vocatur.
941 4965 1114 5022 Aram
1132 4965 1351 5037 quidam
1394 4971 1641 5020 vocatam
1675 4963 1928 5018 dixerunt

321 5053 472 5124 quod
502 5053 580 5107 ibi
604 5052 843 5110 incensa
865 5054 1098 5110 victimae
1127 5054 1382 5109 arderent
1410 5052 1536 5107 :alti
1554 5069 1585 5107 a
1604 5050 1930 5124 predicatio-

315 5139 500 5208 nibus,
551 5157 689 5213 quas
739 5142 917 5198 Graci
964 5158 1088 5198 aras
1134 5150 1350 5198 vocant.
1401 5141 1626 5214 Undejet
1656 5140 1928 5212 impreca-

319 5227 500 5283 tiones
528 5230 548 5250 "
580 5237 769 5285 antara
814 5231 1066 5287 dicuntur
1119 5231 1316 5288 Altare
1364 5239 1565 5297 autem,
1617 5229 1775 5303 quasi
1803 5230 1928 5286 alta

330 5332 446 5372 ara
472 5319 807 5374 nominatur.
841 5319 1085 5376 Porticus
1130 5336 1164 5375 a
1209 5328 1383 5391 porta,
1431 5327 1488 5375 ut
1536 5319 1623 5376 vel
1669 5319 1815 5392 quod
1860 5318 1930 5374 sit

320 5413 508 5476 aperta
537 5407 756 5463 dicitur.
790 5408 875 5463 Ad
902 5409 1006 5464 hoc
1037 5408 1272 5465 maxime
1309 5407 1385 5475 fit,
1432 5416 1490 5463 ut
1533 5424 1631 5479 per
1672 5424 1793 5464 eam
1838 5407 1928 5462 in-

320 5500 494 5549 tretur
522 5503 576 5551 et
623 5504 951 5569 transeatur,
1002 5498 1393 5554 Cameterium
1420 5496 1809 5552 recubitorium
1838 5496 1927 5551 vel

324 5582 700 5640 dormitorium
730 5594 813 5641 est
838 5592 1194 5653 mortuorum,
1229 5585 1321 5657 qui
1351 5593 1403 5641 et
1433 5585 1557 5641 ideo
1587 5585 1655 5639 ab
1675 5584 1928 5641 Ecclesia

322 5674 661 5731 dormientes
693 5675 967 5741 dicuntur,
1001 5675 1126 5746 quia
1157 5674 1508 5730 resurrecturi
1537 5690 1646 5729 non
1676 5674 1927 5729 dubitan-

319 5771 426 5819 tur.
464 5764 701 5837 Cryptce,
734 5771 860 5819 sunt
888 5779 1085 5836 specus
1138 5765 1478 5822 subterranei
1523 5764 1683 5821 dicta
1733 5780 1767 5820 a
1810 5780 1931 5837 pro-

2011 598 2133 663 ptas
2189 590 2531 645 summitates
2579 590 2941 661 quorumlibet
2981 604 3290 659 corporum.
3346 588 3616 661 Martyria

2011 680 2345 735 vocabantur
2373 678 2657 746 Ecclesia,
2692 695 2814 750 qua
2841 678 2897 732 in
2916 679 3126 734 honore
3142 678 3446 750 aliquorum
3464 693 3614 732 mar-

2013 774 2187 839 tyrum
2217 767 2439 823 fiebant.
2472 766 2716 836 Quorum
2735 766 2997 838 sepulcris
3048 774 3101 821 et
3147 765 3396 822 ecclesiis
3440 767 3616 821 honor

2011 871 2287 930 congruus
2313 856 2651 911 exhibendus
2679 856 2733 910 in
2764 854 3063 911 canonibus
3079 853 3410 910 decernitur.
3429 853 3535 923 Qui
3553 861 3608 910 et

2008 943 2146 1009 loca,
2201 960 2322 1016 qua
2359 944 2460 999 sub
2503 944 2722 1001 incertis
2796 944 3103 999 nominibus
3151 951 3202 998 et
3219 942 3479 1014 reliquiis,
3530 942 3617 998 vel

2009 1039 2214 1087 tentum
2271 1041 2602 1088 mortuorum
2667 1033 2992 1104 apellatione
3031 1038 3416 1087 construuntur
3459 1030 3607 1085 nullo

2009 1122 2217 1177 honore
2261 1122 2491 1177 colenda
2535 1121 2890 1177 constituunt.
2948 1119 3110 1189 Quod
3137 1121 3326 1176 beatus
3356 1119 3617 1174 Martinus

2008 1218 2062 1266 et
2091 1210 2394 1265 Germanus
2425 1210 2741 1265 Parisiensis
2787 1209 2899 1264 suis
2948 1210 3206 1281 leguntur
3257 1207 3613 1264 conﬁrmasse

2008 1299 2285 1373 exemplis.
2315 1300 2644 1355 Sacrarium
2673 1298 2884 1363 dicitur,
2935 1299 3064 1370 quia
3116 1298 3190 1352 ibi
3234 1313 3389 1353 sacra
3440 1313 3609 1369 repo-

2006 1397 2205 1443 nuntur
2231 1396 2283 1444 et
2310 1396 2615 1444 servantur.
2668 1388 3023 1459 Analogium,
3076 1387 3223 1459 quod
3272 1387 3326 1441 in
3371 1401 3437 1442 eo
3480 1402 3611 1442 ver-

2004 1476 2133 1531 bum
2164 1476 2262 1532 Dei
2289 1477 2504 1550 legatur
2535 1484 2587 1531 et
2615 1475 2982 1531 annuntietur.
3016 1477 3189 1549 Logos
3219 1476 3365 1532 enim
3394 1475 3607 1541 Graec,

2003 1567 2232 1622 verbum
2260 1567 2347 1620 vel
2378 1566 2526 1622 ratio
2547 1565 2761 1621 dicitur.
2788 1566 3108 1638 Pulpitum,
3144 1565 3290 1638 quod
3319 1563 3385 1619 sit
3416 1563 3472 1618 in
3513 1579 3614 1634 pu-

2002 1654 2151 1725 blico»
2173 1662 2450 1721 statutum,
2482 1661 2540 1708 ut
2571 1654 2662 1726 qui
2688 1654 2762 1708 ibi
2795 1662 2938 1708 stant
2968 1654 3035 1708 ab
3065 1653 3320 1708 omnibus
3382 1652 3616 1707 videan-

2004 1750 2108 1797 tur.
2153 1743 2340 1808 A-mbo,
2402 1744 2469 1797 ab
2531 1742 2820 1797 ambiendo
2850 1742 3068 1808 dicitur,
3149 1741 3272 1817 quia
3326 1741 3618 1796 intrantem

1922 1861 1975 1920 B
2006 1831 2171 1886 ambit
2200 1840 2252 1887 et
2276 1831 2464 1902 cingit.
2501 1833 2753 1888 Cancelli
2789 1832 3043 1887 videntur
3094 1831 3221 1898 dici,
3273 1830 3397 1902 quia
3439 1830 3616 1884 mino-

2020 1921 2171 1975 ribus
2199 1920 2465 1975 columnis
2495 1919 2643 1974 fiunt.
2679 1920 2873 1976 Cancri
2905 1920 3051 1975 enim
3077 1927 3339 1976 vocantur
3378 1919 3619 1987 majores

2021 2009 2308 2073 columna,
2344 2016 2396 2064 et
2424 2009 2657 2064 maxime
2685 2009 2906 2080 quadra
2939 2024 2951 2063 :
2993 2009 3080 2064 vel
3109 2008 3337 2065 cancelli
3368 2007 3622 2063 dicuntur

2021 2113 2051 2151 a
2080 2095 2282 2163 cubito,
2316 2097 2408 2169 qui
2438 2097 2632 2152 Grace
2661 2113 2829 2153 aneos
2860 2096 3072 2152 dicitur.
3108 2097 3295 2151 Solent
3326 2096 3472 2151 enim
3501 2096 3622 2166 plu-

2021 2185 2142 2239 rimi
2170 2201 2279 2241 non
2306 2185 2463 2240 altius
2502 2185 2765 2250 construi,
2815 2200 2980 2256 quam
3028 2193 3087 2239 ut
3129 2192 3335 2240 stantes
3381 2185 3623 2255 desuper

2020 2273 2176 2329 inniti
2205 2273 2399 2329 cubitis
2429 2273 2659 2345 possint.
2682 2276 2881 2330 Ianua
2914 2289 2943 2327 a
2991 2274 3126 2329 Jano
3162 2273 3396 2345 quodam
3445 2273 3622 2339 dicta,

2022 2363 2109 2418 cui
2138 2363 2371 2435 gentiles
2397 2378 2615 2417 omnem
2658 2362 2937 2417 introitum
2979 2369 3033 2417 et
3080 2363 3281 2416 exitum
3332 2377 3623 2417 consecra-

2021 2459 2167 2505 runt.
2223 2451 2380 2507 Ostia
2415 2451 2483 2504 ab
2528 2451 2798 2506 obstando
2845 2458 2991 2506 extra
3038 2450 3253 2521 positis,
3302 2450 3390 2506 vel
3438 2458 3622 2506 osten-

2020 2539 2202 2595 dendo
2212 2540 2416 2594 aditum
2431 2547 2711 2596 vocantur.
2735 2541 2911 2596 Valvas
2925 2555 2958 2594 a
2968 2539 3258 2595 volvendo.
3273 2541 3460 2604 Fores,
3476 2539 3624 2611 quod

2020 2627 2322 2684 forinsecus
2351 2628 2457 2682 sint
2484 2629 2692 2698 posita.
2729 2631 2933 2694 Porta,
2968 2628 3096 2699 quia
3112 2644 3209 2699 per
3221 2643 3313 2683 eas
3337 2634 3623 2700 portantur

2018 2733 2249 2790 quaque
2278 2725 2332 2773 et
2358 2716 2627 2772 feruntur.
2662 2718 2796 2772 Sunt
2809 2724 2992 2772 autem
3016 2718 3201 2787 janua
3221 2716 3440 2788 pr0prie
3458 2716 3626 2788 primi

2020 2806 2300 2879 ingressus
2331 2806 2386 2861 in
2415 2806 2656 2873 domum,
2687 2806 2825 2862 ostia
2854 2806 2989 2860 intra
3011 2807 3233 2876 januam
3257 2807 3432 2861 aditus
3460 2806 3528 2861 ad
3547 2805 3622 2861 lo-

2018 2895 2323 2967 caquelibet
2353 2911 2369 2950 :
2410 2897 2603 2961 ναιυω,
2635 2912 2759 2968 qua
2786 2895 2932 2951 intro
2958 2895 3230 2961 voluntur,
3255 2895 3309 2949 id
3339 2902 3423 2951 est
3487 2909 3609 2952 ver-

2018 2989 2203 3039 tuntur
2230 2992 2284 3039 et
2310 2984 2700 3055 complicantur
2731 2983 2872 3040 sicut
2898 2982 3044 3039 fores
3074 3000 3196 3056 qua
3221 2983 3371 3040 foras
3393 2991 3610 3040 vertun-

2018 3078 2124 3127 tur.
2158 3074 2336 3129 Porta
2363 3080 2543 3128 autem
2571 3072 2791 3144 proprie
2840 3081 2963 3131 sunt
3014 3089 3300 3129 murorum
3355 3080 3410 3128 et
3453 3072 3621 3129 atrio-

2021 3178 2160 3216 rum.
2200 3163 2435 3218 Camera
2462 3160 2660 3217 dicitur
2689 3177 2719 3216 a
2748 3162 3037 3229 curvitate,
3085 3178 3207 3233 qua
3255 3162 3393 3217 solet
3439 3162 3495 3216 in
3533 3162 3623 3217 his

2018 3248 2265 3306 adiﬁciis
2290 3249 2427 3317 ﬁeri,
2461 3267 2581 3323 qua
2619 3251 2951 3307 camentitio
2994 3266 3162 3322 opere
3216 3251 3457 3322 desuper
3497 3266 3629 3307 con-

2018 3339 2323 3394 cluduntur.
2356 3340 2484 3395 Hac
2515 3340 2675 3394 etiam
2706 3355 2739 3394 a
2766 3339 3102 3396 concavitate
3133 3340 3420 3411 superiori,
3451 3340 3521 3395 ad
3542 3340 3623 3395 si-

2016 3426 2377 3482 militudinem
2407 3427 2654 3496 ejusdem
2701 3428 2974 3499 animalis,
3034 3429 3257 3484 testudo
3291 3429 3622 3486 nominatur.

2014 3515 2205 3572 Grace
2235 3516 2383 3572 enim
2409 3516 2429 3537 "
2463 3518 2741 3588 Camyron
2765 3532 2994 3572 curvum
3022 3517 3240 3573 dicitur.
3282 3520 3614 3575 Lacunaria

2018 3604 2106 3660 vel
2133 3605 2425 3677 laquearia
2449 3604 2743 3675 pendentia
2772 3612 2895 3659 sunt
2921 3606 3245 3677 templorum
3273 3615 3611 3675 ornamenta,

2019 3693 2148 3749 inde
2169 3693 2334 3759 dicta,
2369 3693 2515 3764 quod
2544 3693 2762 3748 luceant
2789 3693 2844 3747 in
2873 3709 3016 3749 aere.
3056 3693 3199 3762 Quia
3227 3709 3358 3751 vero
3385 3695 3614 3768 longum

2022 3789 2107 3838 est
2147 3781 2392 3855 singulas
2436 3797 2715 3838 sacrarum
2779 3781 2977 3838 adium
3058 3790 3244 3853 partes
3306 3784 3630 3854 exponendo

2020 3886 2364 3943 percurrere,
2394 3870 2676 3942 multiplex
2707 3878 2790 3927 est
2815 3871 2870 3926 in
2900 3871 3000 3937 eis,
3034 3886 3189 3944 aque
3212 3878 3271 3925 ut
3315 3870 3370 3926 in
3419 3871 3630 3927 cateris

2022 3960 2329 4025 structuris,
2361 3959 2644 4015 nominum
2676 3967 2729 4016 et
2761 3960 3071 4031 specierum
3094 3958 3385 4017 diversitas
3418 3976 3432 4014 :
3483 3958 3630 4016 sulti-

2023 4049 2170 4106 ciant
2188 4049 2307 4105 hac
2334 4049 2404 4105 de
2432 4048 2876 4105 eminentioribus
2912 4065 3101 4105 earum
3144 4049 3391 4122 partibus
3457 4049 3624 4106 dicta.

2022 4138 2107 4193 Ad
2138 4146 2333 4195 catera
2363 4155 2484 4210 qua
2510 4145 2735 4204 restant,
2767 4154 2866 4210 per
2902 4139 3020 4195 hac
3068 4140 3230 4212 signa
3271 4139 3623 4212 ingressuum

2025 4226 2236 4284 facilior
2262 4227 2520 4284 studiosis
2547 4228 2753 4300 patebit
2768 4226 3038 4285 introitus.

2620 4396 2847 4453 CAPUT
2903 4397 3034 4492 .VII.

2206 4556 2481 4625 Quomodo
2517 4557 2799 4616 Theotisca
2828 4558 3026 4615 domus
3072 4557 3173 4614 Dei
3201 4557 3448 4615 dicatur.

2098 4698 2286 4755 Dicam
2318 4707 2500 4754 tamen
2530 4698 2693 4754 etiam
2716 4698 3016 4755 secundum
3046 4707 3285 4755 nostram
3328 4700 3634 4758 barbariem

2028 4803 2150 4859 qua
2180 4796 2261 4842 est
2299 4787 2605 4855 Theotisca,
2647 4803 2757 4859 quo
2782 4782 3005 4844 nomine
3033 4787 3226 4845 eadem
3276 4790 3469 4846 domus
3527 4792 3629 4847 Dei

2027 4875 2327 4947 appellatur
2380 4892 2393 4929 :
2441 4874 2671 4932 ridiculo
2718 4874 2931 4930 futurus
2976 4876 3199 4943 Latinis,
3248 4877 3295 4932 si
3359 4868 3453 4951 qui
3494 4878 3635 4936 forte

2027 4964 2143 5021 hac
2176 4962 2429 5037 tegerint,
2463 4964 2556 5036 qui
2583 4964 2751 5020 velint
2798 4964 3080 5020 simiarum
3126 4964 3387 5024 informes
3451 4978 3630 5039 natos,

2028 5051 2169 5109 inter
2195 5060 2550 5126 angustorum
2578 5053 2784 5109 liberos
2811 5062 3145 5125 computare.
3191 5055 3405 5114 Scimus
3448 5064 3631 5115 tamen

2030 5149 2083 5197 et
2115 5142 2396 5198 Salomoni
2423 5142 2540 5215 (qui
2595 5142 2653 5197 in
2707 5142 2889 5198 multis
2941 5151 3131 5215 typum
3185 5146 3357 5218 gessit
3414 5148 3635 5205 Domini

2028 5229 2346 5302 Salvatoris)
2410 5230 2552 5286 inter
2607 5246 2852 5303 pavones
2912 5231 3101 5289 simias
3174 5234 3342 5291 fuisse
3423 5237 3632 5293 delatas

2028 5320 2129 5390 (ΙΙΙ
2155 5323 2280 5392 Reg.
2306 5320 2391 5392 ξ).
2426 5320 2490 5375 Ei
2520 5319 2786 5377 Dominus
2825 5321 2917 5395 qui
2963 5323 3137 5394 pascit
3192 5324 3496 5397 columbas,
3538 5326 3633 5381 dat

2028 5424 2209 5494 escam
2221 5408 2382 5479 pullis
2397 5424 2684 5465 corvorum
2698 5410 3079 5466 invocantibus
3094 5428 3219 5468 eum
3230 5414 3406 5484 (Psal.
3420 5413 3628 5484 CXLVI).

2027 5498 2238 5570 Legant
2259 5513 2394 5569 ergo
2433 5498 2625 5563 nostri,
2671 5506 2724 5553 et
2771 5498 2910 5555 sicut
2951 5501 3240 5573 religione,
3289 5501 3367 5556 sic
3415 5516 3630 5573 quoque

2028 5585 2335 5641 rationabili
2382 5585 2672 5653 locutione,
2721 5602 2823 5643 nos
2862 5588 2918 5642 in
2958 5589 3139 5643 multis
3187 5603 3369 5644 veram
3428 5587 3630 5645 imitari
3698 5630 3705 5633 -

2029 5673 2345 5731 Gracorum
2376 5682 2427 5731 et
2456 5676 2828 5732 Romanorum
2856 5676 3162 5750 intelligant
3200 5676 3621 5749 phiIOSOphiam.

2026 5765 2207 5823 Multa
2237 5781 2328 5822 res
2358 5773 2481 5821 sunt
2507 5765 2650 5840 apud
2668 5765 3105 5840 singulasgentes
3128 5782 3356 5837 quarum
3385 5766 3627 5840 nomina,
