3998 6188
376 311 481 366 927

864 305 1270 362 WALAFRIDI
1308 303 1552 360 STRABI
1590 303 1788 359 FULD.
1830 300 2002 358 MON.
2043 298 2197 357 OPP.
2239 302 2415 360 PARS
2452 304 2495 358 Ι.
2536 332 2607 343 -
2641 301 3115 359 THEOLOGICA.

3564 290 3681 357 ’928

378 457 504 506 ante
534 448 902 522 cognitionem
930 448 1171 519 ipsarum
1207 462 1406 512 rerum,
1455 446 1601 516 apud
1641 446 1776 500 alias
1823 445 1980 501 inco-
2014 425 2232 502 Anum
2252 449 2428 502 Deum
2452 446 2947 512 tuumadorabilzs,
2970 449 3025 501 et
3038 446 3254 501 illisoli
3268 446 3477 500 servies
3492 444 3682 514 (Deut.

379 539 530 614 gnita
575 546 718 593 sunt.
764 538 961 609 Sicque
1016 536 1071 591 ﬁt
1120 536 1438 606 sapissime,
1483 542 1540 589 ut
1582 551 1769 589 rerum
1814 533 1979 590 intel-

377 628 574 694 lectus,
607 626 696 681 alii
725 627 793 680 ab
824 626 946 679 aliis
986 624 1353 689 addiscentcs,
1400 624 1618 679 nomina
1663 638 1878 694 quoque
1927 629 1979 677 et

380 716 772 788 appellationes
802 730 987 769 earum
1012 714 1099 769 vel
1141 713 1356 785 integre
1401 712 1490 767 vel
1539 720 1812 782 corrupte,
1858 728 1982 768 cum

379 820 519 861 nova
550 802 904 874 intelligentia
932 802 986 856 in
1019 817 1175 855 suam
1204 801 1593 872 pr0prietatem
1643 801 1875 865 trahant,
1925 807 1983 853 ut

380 894 449 949 ab
479 892 720 948 Hebraeis
752 891 950 955 Graci,
984 890 1155 944 Latini
1187 898 1239 944 et
1262 889 1501 955 Barbari,
1522 889 1721 955 Amen,
1746 890 1983 946 alleluia

379 990 432 1038 et
459 983 723 1038 Hosanna
746 979 968 1034 mutuali
999 986 1142 1033 sunt.
1175 980 1220 1033 Α
1249 977 1456 1033 Gracis
1517 976 1691 1032 Latini
1748 985 1801 1032 et
1859 993 1981 1031 om-

378 1086 476 1125 nes
504 1069 597 1141 qui
643 1068 797 1124 libris
836 1068 1147 1123 Latinorum
1186 1074 1239 1121 et
1284 1066 1474 1138 lingua
1516 1072 1758 1135 utuntur,
1800 1066 1982 1121 eccle-

374 1159 541 1227 siam,
573 1158 933 1230 baptismum,
953 1158 1222 1222 chrisma,
1257 1163 1306 1209 et
1325 1154 1571 1211 omnium
1588 1171 1730 1224 pene
1766 1154 1983 1209 radices

376 1246 647 1302 dictorum
688 1253 1031 1316 acceperunt.
1086 1247 1133 1299 A
1176 1244 1380 1298 Latinis
1442 1250 1624 1297 autem
1692 1242 1983 1300 Theodisci

375 1335 548 1390 multa
575 1342 629 1390 et
655 1335 711 1389 in
740 1333 1014 1390 communi
1043 1333 1341 1402 locutione,
1368 1338 1426 1385 ut
1455 1332 1726 1398 schamel,
1764 1334 1987 1402 fenster

379 1424 559 1481 lector
587 1439 600 1478 :
633 1423 689 1477 in
718 1423 883 1478 rebus
916 1430 1098 1477 autem
1125 1421 1309 1477 divino
1342 1419 1563 1476 servitio
1608 1420 1986 1489 adjacentibus

373 1529 516 1585 pene
545 1512 749 1568 omnia.
784 1513 917 1568 Item
948 1528 981 1567 a
1031 1510 1240 1567 Graecis
1286 1516 1580 1581 sequentes
1624 1494 1875 1576 Latinos,
1928 1516 1988 1565 ut

376 1601 539 1675 kylch
566 1601 809 1670 calicem,
843 1605 1030 1660 vatter
1057 1609 1231 1672 pater,
1262 1603 1480 1657 mutter
1534 1605 1728 1665 mater,
1756 1614 1929 1670 genez
1957 1614 1988 1652 a

374 1705 674 1768 gynaceo;
709 1707 829 1763 qua
857 1690 1046 1746 Graece
1084 1689 1338 1745 dicuntur
1387 1686 1550 1763 κύλιξ,
1576 1685 1773 1771 «amp,
1794 1688 1988 1771 μήτηρ,

377 1792 760 1868 ειγυναικεῖον.
789 1787 924 1842 Cum
972 1803 1029 1841 in
1072 1787 1375 1859 quibusdan
1403 1790 1601 1844 horum
1651 1805 1762 1843 non
1805 1788 1983 1843 solum

376 1886 573 1955 Latini,
603 1893 662 1941 ut
685 1887 909 1957 genitor
938 1890 993 1939 et
1016 1885 1293 1955 genitrix,
1346 1884 1445 1938 sed
1488 1882 1649 1938 etiam
1695 1882 1973 1938 Theotisci

376 1974 632 2046 proprias
660 1973 894 2027 habeant
921 1988 1108 2039 voces,
1141 1980 1200 2026 ut
1230 1976 1350 2029 atto
1380 1979 1433 2026 et
1458 1974 1717 2029 amatodo
1749 1980 1803 2028 et
1824 1972 1972 2028 toda.

379 2062 463 2118 Ab
494 2062 629 2133 ipsis
656 2068 838 2116 autem
867 2061 1077 2116 Gracis
1104 2060 1275 2133 kyrch
1306 2076 1337 2119 a
1380 2061 1586 2132 kyrios,
1637 2069 1691 2115 et
1734 2065 1902 2133 papst
1947 2075 1976 2114 a

376 2166 541 2222 papa,
572 2150 719 2222 quod
752 2149 1036 2218 cujusdam
1062 2148 1405 2220 paternitatis
1429 2164 1630 2204 nomen
1658 2156 1740 2204 est
1767 2157 1821 2205 et
1866 2148 1978 2205 cle-

376 2239 617 2296 ricorum
645 2239 899 2312 congruit
926 2238 1177 2311 dignitati
1209 2257 1223 2293 :
1256 2245 1309 2294 et
1341 2239 1473 2294 herr
1500 2238 1569 2293 ab
1601 2254 1666 2294 eo
1696 2238 1844 2311 quod
1895 2245 1979 2293 est

376 2328 562 2398 heros,
585 2336 639 2383 et
663 2345 839 2385 mann
868 2335 921 2383 et
948 2329 1202 2394 monath,
1236 2344 1266 2381 a
1299 2327 1456 2407 μήνη,
1480 2335 1533 2383 et
1560 2327 1668 2382 alia
1694 2327 1861 2382 multa
1888 2342 1978 2383 ac-

376 2427 642 2499 cepimus.
677 2427 826 2484 Sicut
878 2426 1060 2497 itaque
1091 2426 1286 2481 domus
1316 2426 1436 2491 Dei,
1488 2425 1743 2492 bacilica,
1798 2423 1853 2477 id
1896 2430 1979 2477 est

354 2517 549 2588 regia,
581 2533 613 2571 a
641 2531 775 2587 rege
799 2534 813 2570 :
833 2516 913 2571 sic
933 2515 1098 2571 etiam
1116 2517 1373 2588 Kyriaca,
1398 2515 1454 2569 id
1474 2521 1558 2569 est
1588 2513 1901 2579 ﬂaminica,
1948 2526 1982 2566 a

376 2605 614 2661 Domino
650 2613 1016 2676 nuncupatur,
1050 2604 1178 2676 quia
1206 2604 1441 2659 Domino
1470 2602 1882 2668 dominantium,
1931 2608 1983 2655 et

379 2694 519 2767 Regi
548 2710 742 2767 regum
772 2694 828 2748 in
855 2694 946 2748 illa
974 2694 1221 2749 servitur.
1252 2694 1310 2750 Si
1337 2700 1533 2749 autem,
1551 2693 1814 2763 quaritur
1876 2705 1984 2761 qua

386 2782 673 2839 occasione
702 2783 770 2837 ad
800 2798 899 2839 nos
944 2782 1172 2853 vestigia
1217 2784 1334 2839 hac
1380 2781 1681 2837 Graecitatis
1738 2779 1980 2835 advene-

373 2872 500 2936 rint,
547 2872 836 2928 dicendum
883 2879 936 2927 et
982 2872 1252 2927 Barbaros
1323 2870 1377 2925 in
1408 2870 1652 2926 Romana
1707 2867 1986 2939 republica

374 2960 657 3026 militasse,
692 2968 746 3015 et
774 2960 975 3015 multos
1004 2960 1422 3030 pradicatorum
1452 2959 1645 3014 Grace
1674 2964 1727 3012 et
1782 2956 1986 3011 Latina

376 3048 666 3106 locutionis
696 3049 919 3120 peritos,
942 3049 1091 3103 inter
1128 3050 1230 3105 has
1280 3048 1481 3102 bestias
1543 3062 1669 3101 cum
1712 3045 1986 3100 erroribus

2079 536 2179 607 v1).
2204 537 2271 591 Et
2293 536 2521 591 iterum:
2545 537 2665 591 Non
2685 536 2862 607 facies
2884 535 3224 593 tibiomnem
3240 532 3683 590 similitudinem

2080 641 2276 681 eorum
2306 646 2324 692 ;
2354 642 2475 697 quae
2506 626 2567 680 in
2596 625 2731 691 celo,
2766 625 2853 680 vel
2883 626 2946 679 in
2979 628 3151 689 terra,
3186 624 3273 679 vel
3294 624 3355 677 in
3407 624 3533 696 quis
3585 621 3686 676 sub

2083 718 2235 769 terra
2249 718 2385 769 sunt
2402 713 2606 784 (Exod.
2633 712 2739 783 xx)
2760 730 2772 765 :
2795 712 3004 782 putabit
3026 713 3080 765 in
3096 711 3435 768 tabernaculi
3452 710 3544 765 vel
3556 718 3685 766 tem-

2078 802 2154 873 pli
2186 801 2607 866 constructione,
2656 800 2853 856 fecisse
2893 802 3135 871 Moysem
3181 809 3235 855 et
3284 799 3633 855 Salomonem
3660 796 3686 850 ?

2082 890 2215 945 Cum
2244 899 2297 945 et
2344 890 2433 945 ille
2481 890 2785 945 secundum
2816 889 3055 945 divinam
3091 889 3399 959 jussionem
3446 886 3686 943 cortina-

2082 996 2204 1034 rum
2229 979 2546 1034 varietatem
2575 987 2628 1033 et
2675 979 3051 1034 indumentum
3092 976 3448 1041 sacerdotale,
3518 976 3692 1030 diver-

2082 1069 2157 1123 sis
2188 1068 2464 1123 ornaverit
2490 1066 2679 1141 ﬁguris
2707 1068 2924 1138 (Exod.
2959 1069 3122 1137 xxvx)
3154 1084 3166 1122 :
3201 1076 3253 1122 et
3271 1067 3370 1122 iste
3389 1065 3690 1121 secundum

2083 1158 2402 1229 sapientiam
2449 1157 2707 1212 divinitus
2775 1156 2879 1211 sibi
2950 1157 3281 1222 attributam,
3369 1158 3601 1228 picturis
3638 1161 3690 1211 et

2084 1246 2376 1319 sculpturis
2405 1262 2515 1301 non
2546 1254 2753 1300 tantum
2784 1244 3120 1315 animalium,
3184 1246 3283 1301 sed
3349 1247 3514 1303 etiam
3534 1250 3696 1305 arbo—

2082 1352 2203 1409 rum
2232 1343 2285 1390 et
2311 1335 2622 1403 herbarum,
2656 1350 2797 1405 pene
2826 1351 2988 1390 omne
3017 1350 3155 1406 opus
3186 1335 3370 1407 templi
3403 1336 3513 1391 dist
3526 1338 3686 1394 inxe-

2084 1425 2155 1479 rit
2175 1424 2277 1494 (III
2291 1427 2417 1496 Reg.
2451 1422 2533 1494 γι)
2560 1424 2588 1477 ?
2617 1424 2854 1494 Uterque
2902 1423 3127 1493 insuper
3170 1424 3437 1478 cherubin
3487 1425 3689 1483 simili-

2084 1513 2327 1569 tudinem
2372 1529 2539 1583 super
2582 1528 2766 1569 arcam
2787 1520 2841 1567 et
2906 1511 3341 1583 propitiatorium
3380 1516 3693 1571 statuerit?

2087 1602 2225 1659 Cum
2245 1609 2456 1659 certum
2486 1602 2555 1656 sit
2609 1609 2661 1656 et
2725 1601 2847 1657 illos
2922 1601 2993 1655 ita
3061 1601 3323 1671 sensisse,
3368 1609 3423 1657 et
3470 1619 3575 1659 nos
3619 1605 3693 1659 ita

2088 1692 2292 1749 sentire
2319 1692 2540 1759 debere,
2569 1690 2715 1761 quod
2744 1688 2998 1746 videlicet
3026 1706 3136 1745 non
3173 1690 3281 1745 sint
3320 1692 3439 1747 Deo
3490 1692 3694 1748 debitis

2012 1788 2065 1848 B
2086 1782 2321 1839 cultibus
2350 1789 2404 1837 et
2431 1780 2725 1836 honoribus
2747 1779 2996 1845 colenda,
3031 1795 3155 1850 qua
3178 1780 3247 1833 ab
3276 1779 3383 1834 illis
3412 1781 3502 1838 vel
3532 1783 3692 1837 nobis

2073 1871 2219 1927 facta
2247 1870 2353 1924 sint
2381 1869 2469 1926 vel
2486 1868 2701 1935 fuerint,
2728 1875 2822 1923 aut
2842 1866 3189 1940 signiﬁcandi
3225 1868 3456 1938 alicujus
3473 1878 3690 1941 myste-

2069 1961 2133 2015 rii
2164 1975 2331 2015 causa
2360 1967 2418 2013 ut
2444 1957 2790 2013 tabernaculi
2823 1964 2875 2012 et
2928 1957 3114 2027 templi
3161 1965 3437 2012 structura
3485 1959 3686 2014 omnis.

2076 2049 2163 2106 Ob
2191 2047 2763 2105 commemorationem
2792 2062 2974 2102 rerum
3003 2054 3301 2117 gestarum,
3355 2055 3411 2101 ut
3460 2047 3693 2119 pictura

2077 2138 2442 2202 historiarum,
2476 2144 2564 2191 aut
2593 2137 2665 2191 ob
2694 2152 2939 2192 amorem
2965 2151 3172 2201 eorum,
3212 2151 3449 2208 quorum
3487 2137 3689 2192 simili-

2077 2227 2290 2283 tudines
2319 2234 2443 2281 sunt
2472 2225 2666 2279 animis
2696 2225 2995 2280 videntium
3025 2224 3230 2279 arctius
3277 2225 3677 2295 imprimenda,

2079 2325 2137 2372 ut
2165 2316 2429 2387 imagines
2458 2313 2677 2370 Domini
2703 2322 2756 2368 et
2785 2320 3096 2369 sanctorum
3120 2313 3255 2382 ejus.
3280 2314 3474 2385 Neque
3529 2314 3678 2369 enim

2080 2402 2252 2460 fustra
2297 2403 2564 2475 superiori
2612 2402 2893 2458 sententia
2936 2402 3282 2471 subjunctum
3325 2410 3409 2457 est
3460 2420 3474 2456 :
3562 2403 3683 2458 Non

2079 2494 2349 2563 adorabis,
2381 2509 2556 2565 neque
2585 2492 2733 2548 coles
2765 2507 2847 2546 ea.
2894 2490 3050 2547 Unde
3098 2490 3351 2546 videlicet
3392 2491 3673 2564 intelliga-

2083 2599 2221 2647 mus,
2254 2582 2311 2636 in
2340 2582 2424 2635 his
2455 2580 2717 2635 faciendis
2737 2579 3080 2635 devotionem
3112 2586 3166 2635 et
3192 2577 3477 2633 utilitatem
3522 2595 3689 2651 quam

2083 2669 2415 2728 commoveri
2446 2670 2536 2725 vel
2563 2669 2757 2723 instrui
2785 2668 3113 2739 appetimus,
3149 2683 3260 2722 non
3291 2683 3416 2723 esse
3457 2667 3684 2739 culpan-

2085 2760 2213 2815 dum
2239 2778 2253 2814 :
2287 2759 2382 2830 sed
2413 2759 2468 2813 in
2498 2759 2582 2812 his
2611 2757 2874 2825 colendis,
2932 2756 3373 2827 superstitionem
3392 2764 3442 2811 et
3464 2757 3688 2812 hebetu-

2086 2849 2289 2914 dinem,
2321 2863 2429 2919 qua
2458 2846 2757 2917 spiritalem
2788 2846 2992 2902 cultum
3022 2845 3091 2899 ad
3132 2845 3438 2915 corporalia
3505 2846 3688 2901 tradu-

2084 2954 2211 2993 cere
2239 2937 2457 2992 erronei
2500 2936 2760 3000 nituntur,
2813 2951 2937 2990 esse
2990 2934 3373 2989 damnandam.
3423 2934 3589 3000 Sane,
3641 2934 3689 2989 si

2088 3027 2175 3082 cui
2203 3026 2414 3082 videtur
2442 3041 2534 3080 ars
2562 3025 2828 3095 pictorum
2852 3023 2938 3079 vel
2984 3022 3265 3078 fabrorum
3311 3023 3382 3079 ob
3423 3023 3533 3079 hoc
3576 3022 3692 3079 cul-

372 3110 714 3211 pugnaturos
765 3110 981 3193 venisse
1008 3144 1061 3191 et
1101 3137 1181 3191 eis
1235 3152 1335 3206 pro
1366 3133 1744 3200 causis,multa
1771 3141 1988 3189 nostros
2018 3147 2067 3210 α
2089 3116 2289 3211 Panda:
2325 3114 2480 3188 (Ιυθδί
2525 3130 2593 3169 εδ
2630 3129 2750 3211 Ψξῖε
2784 3112 2866 3211 ξι)
2906 3112 3039 3211 ipsi?
3087 3110 3241 3211 ﬁni":
3292 3119 3538 3211 Ρΐορίξις.
3559 3111 3689 3211 ῆτίίξ

387 3200 509 3298 qua
538 3226 691 3297 prius
720 3240 830 3280 non
851 3232 1114 3280 noverant
1135 3224 1287 3279 utilia
1305 3224 1583 3293 didicisse,
1606 3223 1986 3295 pracipueque
2024 3200 2067 3210 ν
2085 3206 2343 3298 ἷῘθίξοῗεπι
2373 3211 2425 3258 ει
2474 3201 2924 3298 οοηνεῗηίθοῖίδτηι
2970 3200 3038 3255 δά
3080 3200 3286 3298 cultui“
3462 3200 3692 3256 ίῙῙῙθίληι

382 3329 417 3369 a
447 3314 661 3379 Gothis,
695 3313 788 3384 qui
817 3320 870 3367 et
900 3312 1071 3380 Geta,
1137 3328 1261 3368 cum
1318 3328 1383 3367 eo
1435 3320 1700 3383 tempore,
1749 3328 1858 3384 quo
1915 3312 1985 3367 ad

380 3400 548 3458 ﬁdem
577 3401 798 3469 Christi,
827 3400 954 3456 licet
980 3416 1090 3457 non
1116 3408 1265 3457 recto
1292 3400 1505 3468 itinere,
1556 3401 1807 3472 perducti
1838 3409 1980 3470 sunt,

388 3490 446 3546 in
478 3490 801 3547 Gracorum
829 3490 1128 3561 provinciis
1172 3498 1575 3547 commorantes
1615 3498 1879 3559 nostrum,
1928 3490 1984 3544 id

386 3586 470 3636 est
498 3578 841 3634 Theotiscum
868 3593 1181 3634 sermonem
1206 3579 1512 3637 habuerint.
1562 3578 1632 3633 Et
1673 3579 1755 3649 (ut
1812 3578 1981 3633 histo-

376 3667 473 3724 ria
503 3667 794 3738 testantur)
827 3668 1178 3738 postmodum
1208 3668 1435 3723 studiosi
1465 3668 1609 3723 illius
1638 3667 1836 3738 gentis,
1891 3668 1980 3721 di-

375 3756 533 3813 vinos
560 3755 765 3843 liberos
793 3756 850 3810 in
879 3772 993 3812 sua
1020 3756 1309 3814 locutionis
1326 3757 1719 3827 prOprietatem
1737 3763 1979 3811 transtu-

369 3845 547 3913 lerint,
598 3861 833 3917 quorum
877 3845 1055 3900 adhuc
1104 3854 1459 3901 monumenta
1473 3846 1619 3916 apud
1683 3844 1978 3901 nonnullos

371 3933 659 3988 habentur.
683 3933 750 3988 Et
781 3930 1027 3988 ﬁdelium
1072 3932 1278 3989 fratum
1331 3934 1595 3990 relatione
1663 3933 1972 3999 didicimus,

371 4022 518 4094 apud
548 4022 813 4094 quasdam
852 4022 1174 4093 Scythamm
1221 4030 1414 4095 gentes
1463 4022 1697 4078 maxime
1743 4021 1977 4077 Tomita-

372 4125 476 4166 nos
506 4111 699 4166 eadem
726 4110 1023 4178 locutione,
1055 4110 1239 4166 divina
1264 4112 1525 4166 hactenus
1553 4111 1824 4167 celebrari
1851 4110 1975 4166 ofﬁ-

373 4198 616 4256 cia.Hac
641 4206 819 4255 autem
850 4198 1231 4271 permistiones
1261 4208 1314 4255 et
1353 4200 1731 4256 translationes
1769 4200 1976 4256 verbo-

374 4303 514 4358 rum,
546 4288 603 4343 in
631 4288 885 4343 omnibus
913 4288 1116 4359 linguis
1146 4296 1293 4343 tuam
1339 4288 1666 4359 multiplices
1718 4296 1862 4355 sunt,
1916 4296 1975 4344 ut

373 4376 595 4448 propria
624 4377 958 4448 singularum
978 4377 1093 4446 jam
1123 4393 1232 4432 non
1262 4376 1369 4431 sint
1392 4392 1535 4448 pene
1574 4377 1749 4447 plura,
1810 4394 1973 4450 quam

374 4479 500 4521 cum
527 4465 646 4521 aliis
677 4466 1006 4533 communia,
1039 4465 1127 4521 vel
1154 4465 1223 4520 ab
1270 4465 1391 4520 aliis
1437 4465 1716 4521 translata.

983 4630 1209 4688 CAPUT
1240 4631 1381 4687 VIII.

776 4756 854 4811 De
876 4756 1221 4827 imaginibus
1251 4759 1307 4811 et
1326 4756 1589 4828 picturis.

444 4898 470 4925 ⁸
488 4889 647 4945 Nunc
667 4889 781 4958 jam
809 4887 878 4944 de
909 4888 1237 4962 imaginibus
1267 4897 1321 4945 et
1347 4889 1592 4960 picturis,
1620 4876 1841 4962 quibus
1887 4891 1982 4946 de-

374 4987 473 5027 cus
505 4972 861 5029 ecclesiarum
881 4981 1114 5047 augetur
1140 4972 1372 5029 dicenda
1418 4981 1541 5029 sunt
1583 4974 1783 5045 aliqua.
1838 4974 1981 5044 Quia

373 5067 425 5115 et
473 5076 666 5117 earum
714 5062 953 5117 varietas
997 5078 1099 5118 nec
1150 5061 1574 5134 quodamcultu
1620 5063 1978 5121 immoderato

372 5146 605 5204 colenda
632 5157 733 5218 est,
767 5157 827 5204 ut
854 5151 1182 5222 quibusdam
1212 5150 1387 5206 stultis
1418 5152 1631 5207 videtur
1666 5168 1680 5208 :
1721 5168 1823 5209 nec
1876 5153 1983 5209 ite-

371 5252 498 5293 rum
523 5237 847 5307 speciositas
877 5239 949 5293 ita
980 5248 1063 5295 est
1093 5241 1334 5312 quodam
1382 5241 1646 5312 despectu
1695 5242 1973 5311 calcanda,

375 5334 434 5383 ut
461 5325 685 5399 quidam
716 5326 970 5381 vanitatis
1001 5338 1302 5385 assertores
1332 5329 1659 5386 existimant.
1678 5329 1813 5400 Quis
1834 5331 1978 5387 enim

372 5432 567 5472 sanum
599 5414 841 5487 sapiens,
875 5424 1064 5471 contra
1086 5416 1141 5473 id
1172 5418 1319 5489 quod
1350 5418 1613 5491 scriptum
1640 5428 1726 5476 est
1756 5423 1981 5478 :Domi-

432 5573 451 5598 ι
515 5569 637 5623 Qua
681 5564 765 5612 hic
811 5563 1113 5611 Walafridus
1152 5566 1364 5613 Strabns
1431 5568 1637 5615 disserit
1720 5570 1785 5615 de
1839 5570 1981 5616 cultu

370 5632 675 5690 imaginum,
726 5633 872 5680 caute
921 5630 1155 5689 legenda,
1222 5641 1343 5679 nam
1419 5643 1554 5681 unus
1601 5634 1699 5681 fuit
1763 5646 1824 5682 ex
1882 5636 1983 5684 illis

376 5703 549 5752 Gallia
589 5705 846 5763 theologis
898 5703 986 5762 qui
1044 5712 1220 5755 errore
1297 5706 1608 5765 prapostero
1686 5706 1982 5755 retinendas

2082 3293 2401 3364 insipientes
2426 3310 2438 3345 :
2469 3291 2668 3363 poterit
2699 3298 3098 3361 consequenter
3126 3296 3179 3344 et
3220 3289 3322 3345 Dei
3372 3289 3686 3345 obtrectare

2080 3382 2321 3448 facturis,
2354 3396 2522 3454 quare
2552 3380 2668 3451 ipse
2699 3378 2786 3434 vel
2814 3378 3103 3433 luminaria
3150 3377 3277 3433 cali
3332 3377 3467 3432 tanti
3495 3378 3681 3449 splen-

2083 3471 2251 3537 doris,
2283 3472 2368 3526 vel
2396 3471 2595 3525 herbas
2625 3476 2678 3524 et
2705 3468 2859 3523 olera
2887 3476 3048 3523 tanta
3077 3466 3350 3523 creaverit
3380 3467 3688 3522 venustatis

2079 3569 2132 3616 et
2159 3560 2348 3616 odoris
2379 3578 2392 3615 :
2425 3576 2549 3615 cum
2577 3558 2697 3629 ipsa
2727 3558 2864 3613 sicut
2884 3565 2938 3611 et
2966 3556 3088 3611 alia
3130 3564 3419 3623 creatura,
3474 3571 3510 3610 a
3554 3555 3686 3629 qui-

2079 3650 2313 3705 busdam
2342 3647 2662 3716 errantibus,
2710 3645 2910 3700 divinis
2967 3644 3263 3699 honoribus
3303 3644 3535 3700 adorata
3581 3644 3691 3698 sint

2079 3747 2133 3794 et
2162 3739 2324 3803 culta,
2362 3738 2453 3810 qui
2484 3752 2638 3792 error
2683 3751 2791 3790 non
2838 3733 3044 3790 auctori
3089 3734 3353 3788 bonorum
3411 3733 3693 3789 ascriben-

2079 3828 2183 3883 dus
2213 3836 2315 3895 est,
2349 3828 2445 3882 sed
2458 3817 2763 3881 damonum
2785 3822 3147 3895 persuasioni,
3172 3831 3224 3877 et
3256 3823 3538 3878 hominum
3558 3838 3691 3878 con—

2076 3917 2262 3973 sensui
2293 3916 2476 3989 iniquo
2508 3914 2601 3987 qui
2630 3914 2787 3969 bonis
2818 3913 2873 3967 in
2921 3911 3119 3967 malum
3151 3911 3300 3966 abuti
3350 3912 3684 3968 didicerunt.

2074 4005 2385 4060 Notandum
2416 4020 2569 4070 vero,
2599 4002 2745 4075 quod
2775 4000 2913 4057 sicut
2944 4002 3162 4074 quidam
3189 4000 3415 4055 easdem
3434 4000 3691 4073 imaginis

2075 4094 2215 4149 ultra
2247 4110 2409 4165 quam
2442 4093 2570 4147 satis
2601 4100 2950 4157 venerantur,
3003 4090 3075 4144 ita
3133 4089 3244 4154 alii,
3293 4089 3424 4143 dum
3502 4089 3692 4144 volunt

2076 4184 2345 4240 cautiores
2373 4181 2582 4238 cateris
2611 4181 2667 4235 in
2696 4180 2961 4252 religione
2991 4179 3185 4246 videri,
3237 4177 3363 4232 illas
3413 4185 3474 4232 ut
3529 4194 3693 4250 quase

2074 4272 2201 4328 dam
2232 4271 2493 4326 idolatria
2536 4269 2747 4341 species
2805 4276 3087 4340 respuunt,
3126 4276 3179 4323 et
3250 4267 3699 4338 prasumptionis

2072 4360 2235 4430 fastu,
2284 4360 2611 4431 simplicium
2681 4358 2854 4415 corda
2921 4356 3313 4413 scandalizant.
3383 4356 3562 4424 Hujus
3611 4355 3699 4410 rei

2081 4450 2308 4522 quastio
2340 4449 2486 4520 apud
2518 4448 2742 4504 Gracos
2773 4462 2929 4517 sape
2954 4454 3131 4500 tantas
3152 4443 3531 4501 contentiones
3553 4444 3701 4499 exci-

2085 4539 2235 4606 tavit,
2281 4546 2340 4592 ut
2382 4538 2484 4592 sub
2534 4536 2807 4607 Gregorio
2848 4551 2993 4607 papa
3029 4534 3248 4605 juniore
3293 4532 3690 4588 Constantinus

2084 4629 2378 4700 imperator
2422 4626 2567 4698 apud
2610 4623 3131 4695 Constantinopolim
3180 4637 3372 4678 omnes
3416 4621 3693 4693 imagines

2083 4716 2417 4789 deposuerit,
2450 4725 2501 4771 et
2531 4716 2632 4769 sub
2676 4714 2945 4786 Gregorio
2996 4713 3155 4768 tertio
3200 4714 3388 4769 Roma
3437 4711 3689 4784 synodus

2083 4806 2150 4860 sit
2178 4805 2320 4862 facta
2341 4813 2526 4862 contra
2566 4803 2940 4875 supradictam
2983 4802 3066 4873 (ut
3111 4800 3387 4871 dixerunt)
3426 4800 3690 4855 haresim

2079 4895 2133 4950 in
2155 4912 2263 4968 quo
2294 4893 2565 4948 ﬁrmatum
2596 4901 2679 4948 est
2708 4901 2766 4946 ut
2796 4899 3110 4947 sanctorum
3158 4890 3431 4961 imagines
3488 4905 3695 4945 secun-

2082 4994 2212 5049 dum
2238 4992 2477 5064 priscum
2508 4990 2788 5047 catholica
2811 4988 3077 5046 Ecclesia
3109 4988 3292 5053 ritum,
3323 4987 3693 5043 restitueren-

2080 5099 2186 5146 tur.
2232 5092 2356 5161 Ipsa
2393 5089 2628 5161 denique
2676 5088 2898 5160 querela
2942 5086 3284 5151 Gracorum,
3333 5084 3683 5156 temporibus

2080 5189 2239 5246 bona
2267 5187 2543 5244 memoria
2585 5186 2846 5241 Ludovici
2894 5183 3263 5256 imperatoris,
3309 5183 3366 5238 in
3406 5166 3696 5240 Franciam

2078 5288 2303 5360 perlata,
2336 5286 2580 5358 ejusdem
2599 5284 2859 5357 principis
2889 5283 3239 5355 providentia
3269 5281 3483 5353 scriptis
3529 5297 3702 5353 syno—

2077 5386 2290 5442 dalibus
2318 5393 2401 5441 est
2428 5384 2721 5442 confutata.
2754 5382 2933 5453 Quam
2963 5383 3127 5439 etiam
3156 5381 3413 5438 Claudius
3426 5381 3675 5455 quidam,

2080 5562 2335 5619 imagines
2380 5561 2658 5609 censebant
2721 5560 2787 5607 ad
2813 5560 3049 5608 ornatum
3126 5554 3432 5616 templorum
3480 5558 3534 5604 et
3599 5556 3690 5604 in-

2080 5634 2410 5681 structionem
2493 5632 2790 5680 historicam
2854 5632 2997 5678 nullo
3071 5631 3240 5677 tamen
3332 5630 3481 5686 pacto
3557 5628 3685 5675 ado-

2081 5708 2285 5753 randas.
