3998 6188
259 257 368 314 929

1550 254 1644 310 DE
1687 243 1912 310 REBUS
1961 251 2538 311 ECCLESIASTICIS.

3471 261 3574 313 930

261 379 624 470 Taurinensis
653 378 964 470 episcopus.
1012 377 1110 434 sed
1138 377 1192 470 in
1224 378 1478 470 veritatis,
1516 379 1728 447 itinere.
1773 394 1878 433 no-
1907 377 1964 437 A
1985 396 2145 468 rima)
2167 397 2219 451 in
2242 399 2415 470 gestis
2446 397 2881 469 Sylvestripapaa
2911 397 3131 470 legitur,
3175 398 3584 455 Constantinum

256 469 425 524 minis
487 468 572 522 sui
623 467 980 523 similitudine
1028 468 1401 534 nutabundus,
1467 469 1607 524 inter
1653 476 1878 523 creteras

257 559 564 615 vanitatum
599 573 828 612 suarum
858 557 1108 628 ineptias,
1144 558 1370 629 cupiens
1410 573 1696 628 renovare,
1731 565 1880 612 ante-

259 663 432 718 quam
477 647 825 702 diversorum
875 654 1065 702 contra
1114 663 1239 701 eum
1282 646 1640 703 scribentium
1682 645 1878 715 jaculis

260 735 665 807 perfoderetur,
698 751 800 790 suo
831 733 1038 804 judicio
1069 736 1357 790 damnatus
1387 735 1589 791 interiit
1619 755 1637 791 :
1667 743 1721 790 et
1761 734 1879 790 for—

264 833 416 880 tasse
475 824 568 896 qui
616 823 986 895 imperatoris,
1048 823 1292 880 ﬁdelium
1339 824 1505 880 veluti
1553 824 1608 878 in
1655 839 1881 879 numero

261 913 592 984 conscripsit
621 913 940 985 imaginem,
970 921 1095 969 ante
1128 912 1364 968 tribunal
1390 912 1578 984 ipsius,
1605 911 1880 983 protervi-

261 1003 389 1056 tatis
434 1019 548 1057 suae
592 1002 797 1073 pariter
846 1011 896 1057 et
948 1002 1334 1074 inquietudinis
1383 1018 1576 1072 pmnas
1630 1001 1877 1057 exsolvit.

257 1091 386 1146 Non
414 1089 562 1145 enim
595 1090 772 1146 levem
803 1091 1054 1159 injuriam
1085 1091 1274 1146 swculi
1303 1099 1554 1162 potentes
1587 1091 1691 1145 sibi
1719 1099 1881 1162 puta-

261 1179 392 1234 bant
421 1179 644 1249 illatam,
677 1180 724 1234 si
755 1180 1058 1252 imaginem
1090 1196 1245 1236 suam
1277 1181 1364 1236 vel
1394 1197 1595 1236 nomen
1626 1180 1681 1234 in
1712 1179 1880 1251 quoli.

259 1267 356 1324 bet
393 1269 722 1324 numismate
784 1284 816 1322 a
865 1269 1126 1340 subjectis
1170 1269 1379 1340 despici
1425 1269 1781 1342 cognoverint
1831 1275 1884 1325 et

264 1357 493 1413 calcari.
527 1358 649 1412 Non
682 1365 865 1412 autem
900 1358 1052 1430 (quia
1086 1359 1320 1429 populus
1351 1359 1521 1414 Israel
1552 1359 1606 1412 in
1639 1359 1879 1424 deserto,

268 1446 357 1501 vel
387 1447 681 1502 Jeroboam
709 1447 908 1518 (Exod.
943 1463 1142 1517 xxxn;
1175 1449 1256 1502 III
1281 1451 1407 1519 Reg.
1441 1448 1548 1519 xu)
1592 1465 1690 1502 rex
1737 1447 1883 1502 vitu-

267 1534 444 1590 lorum
464 1534 822 1592 fabricatione
844 1537 1022 1590 Deum
1037 1535 1404 1609 offenderant)
1425 1553 1655 1607 serpens
1675 1552 1881 1602 aeneus,

273 1640 440 1695 quem
487 1641 554 1679 ex
595 1625 752 1693 jussu
793 1624 1011 1679 Domini
1054 1625 1272 1697 Moyses
1333 1625 1459 1682 fecit
1506 1626 1694 1697 (Num.
1734 1625 1881 1696 xxx),

262 1714 698 1770 contemnendus
749 1721 907 1769 erat:
952 1713 1154 1786 quippe
1223 1731 1345 1769 cum
1395 1715 1645 1785 percussi
1677 1730 1710 1769 a
1737 1711 1882 1770 veris

267 1803 618 1873 serpentibus
643 1846 656 1868 ,
719 1802 1024 1874 imaginarii
1076 1803 1350 1874 serpentis
1413 1803 1872 1874 contemplatione

260 1899 604 1960 sanarentur,
641 1907 804 1962 quem
831 1892 958 1963 quia
989 1891 1242 1962 populus,
1278 1909 1494 1964 semper
1522 1893 1592 1947 ad
1636 1891 1872 1947 idolola-

268 1981 428 2034 triam
475 1979 754 2052 proclivis,
806 1981 1154 2052 postmodum
1209 1982 1448 2052 quadam
1494 1981 1875 2052 superstitiosa

264 2077 561 2125 veneratus
590 2079 674 2124 est
702 2069 988 2142 religione,
1021 2069 1288 2126 Ezechias
1333 2088 1430 2125 rex
1459 2071 1601 2125 Juda
1642 2069 1872 2141 religio-

261 2156 516 2213 sissimus
546 2157 746 2231 legitur
774 2159 1009 2232 fregisse
1039 2160 1136 2228 (IV
1159 2162 1288 2232 Reg.
1332 2160 1517 2230 xvm).
1569 2159 1721 2230 Ergo
1750 2174 1877 2214 cum

263 2247 606 2302 Christianus
635 2247 871 2319 populus
902 2255 1052 2303 tanta
1079 2249 1147 2302 sit
1177 2248 1233 2302 in
1263 2247 1461 2303 divinis
1491 2248 1658 2302 rebus
1684 2247 1878 2302 docili-

261 2344 375 2392 tate
405 2337 464 2391 in
492 2336 748 2392 interiora
772 2336 1054 2408 sapientiae
1097 2337 1357 2407 spiritalis
1403 2337 1657 2393 inductus
1705 2337 1875 2392 cella-

262 2426 365 2496 ria,
398 2434 460 2480 ut
487 2442 597 2481 non
623 2426 800 2482 dicam
830 2425 1100 2497 picturam
1131 2435 1183 2480 et
1221 2426 1510 2499 imagines,
1545 2425 1643 2481 sed
1672 2442 1741 2480 ne
1790 2425 1878 2496 ip-

265 2531 361 2570 sos
419 2513 639 2586 quidem
707 2523 926 2570 sanctos
971 2515 1221 2570 homines
1277 2515 1431 2571 vivos
1477 2515 1564 2570 vel
1611 2523 1876 2580 mortuos,

263 2604 466 2660 divinis
497 2605 684 2660 credat
714 2603 977 2660 colendos
1025 2604 1346 2673 honoribus,
1381 2604 1470 2660 vel
1513 2603 1828 2658 adorandos
1860 2619 1877 2657 :

263 2707 523 2764 ragamus
553 2692 699 2747 enim
726 2701 967 2758 sanctos,
1002 2708 1112 2747 non
1144 2701 1202 2747 ut
1232 2692 1337 2762 ipsi
1375 2700 1637 2763 praestent
1667 2708 1768 2762 per
1797 2707 1876 2758 se,

265 2797 390 2852 quae
420 2780 580 2835 saluti
601 2789 803 2836 nostrae
841 2781 1155 2836 necessaria
1176 2789 1330 2847 sunt;
1365 2780 1462 2835 sed
1492 2788 1548 2834 ut
1576 2781 1645 2834 ab
1665 2787 1881 2835 auctore

265 2869 560 2934 bonorum,
593 2887 625 2922 a
654 2886 764 2940 quo
792 2873 878 2926 est
907 2887 1072 2927 omne
1104 2871 1300 2926 datum
1328 2870 1609 2941 Optimum
1639 2873 1696 2924 et
1717 2884 1882 2924 omne

271 2959 485 3014 donum
511 2961 832 3031 perfectum
864 2958 1005 3029 (Jac.
1038 2959 1099 3028 ι),
1136 2966 1194 3012 ut
1236 2966 1365 3029 pote
1398 2957 1474 3011 illi
1517 2957 1882 3028 proximiores

273 3047 504 3117 meritis,
536 3055 589 3101 et
619 3047 744 3104 ideo
773 3048 976 3103 certius
1006 3046 1285 3114 audiendi,
1317 3046 1609 3117 impetrent
1638 3063 1760 3118 qua:
1790 3062 1881 3101 sa-

1981 485 2392 557 imperatorem,
2425 504 2525 557 per
2567 488 2584 507 ‘
2633 487 2941 542 thoracidas
2985 487 3379 558 apostolorum,
3436 490 3583 560 quod

1980 574 2130 645 ipsos
2158 576 2212 629 in
2241 575 2450 631 visione
2480 576 2694 641 viderit,
2729 576 3077 648 cognovisse.
3130 577 3200 630 Et
3230 577 3482 631 videmus
3513 576 3585 631 ali

1983 664 2201 734 quando
2233 664 2510 736 simplices
2542 674 2594 720 et
2623 664 2818 720 idiotas
2849 665 2941 737 qui
2969 665 3154 720 verbis
3183 665 3270 720 vix
3317 665 3384 719 ad
3418 664 3584 720 fidem

1980 761 2261 824 gestorum
2315 762 2541 824 possunt
2598 754 2856 824 perduci,
2917 770 2982 808 ex
3044 753 3248 824 pictura
3313 753 3586 825 passionis

1981 841 2299 908 Dominicaa,
2331 843 2418 898 vel
2446 842 2672 897 aliorum
2703 842 3030 897 mirabilium
3057 843 3133 897 ita
3180 844 3494 914 compungi,
3526 851 3585 898 ut

1980 929 2236 1001 lacrymis
2313 939 2576 987 testentur
2629 931 2926 986 exteriores
2998 930 3206 1004 figuras
3265 932 3418 987 cordi
3485 948 3584 987 suo

1983 1020 2140 1090 quasi
2170 1020 2363 1074 litteris
2395 1021 2710 1092 impressas.
2761 1008 2914 1093 Ergo
2946 1020 3083 1075 sicut
3129 1022 3322 1076 omnia
3369 1021 3585 1075 munda

1982 1109 2212 1164 mundis
2243 1110 2375 1178 (Tit.
2422 1111 2484 1180 ι),
2537 1109 2895 1180 coinquinatis
2942 1117 3124 1164 autem
3174 1117 3226 1164 et
3273 1106 3585 1164 infidelibus

1981 1197 2114 1252 nihil
2145 1197 2407 1251 mundum
2439 1198 2567 1269 quia
2595 1198 2887 1268 inquinatas
2918 1205 3041 1252 sunt
3098 1213 3284 1252 eorum
3333 1206 3386 1252 et
3429 1213 3585 1253 mens

1983 1294 2037 1342 et
2065 1287 2396 1342 conscientia
2431 1305 2444 1340 :
2478 1287 2551 1340 ita
2581 1287 2737 1340 malis
2767 1303 2959 1342 omnes
2984 1286 3086 1342 viae
3114 1284 3431 1342 offensionis
3477 1287 3588 1359 ple-

1982 1391 2068 1430 na:
2097 1383 2238 1429 sunt.
2275 1377 2340 1429 Et
2371 1375 2507 1430 sicut
2538 1375 2664 1430 boni
2711 1375 2870 1430 etiam
2918 1375 3077 1429 malis
3119 1375 3278 1443 bene,
3327 1375 3403 1430 sic
3449 1375 3586 1430 mal-

1984 1465 2146 1518 etiam
2177 1464 2335 1518 bonis
2364 1464 2506 1519 male
2551 1472 2792 1519 utuntur.
2843 1465 2933 1519 Sic
2981 1464 3160 1536 itaque
3216 1463 3486 1536 imagines
3535 1472 3588 1519 et

1982 1553 2208 1624 picturae
2237 1554 2506 1608 habenda
2537 1562 2661 1608 sunt
2690 1561 2740 1609 et
2775 1554 3024 1608 amanda:
3071 1562 3128 1607 ut
3175 1569 3277 1608 nec
3326 1553 3587 1624 despectu

1983 1642 2182 1697 utilitas
2212 1642 2520 1709 annuletur,
2555 1649 2605 1696 et
2652 1643 2768 1696 haec
2815 1641 3167 1697 irreverentia
3199 1641 3253 1694 in
3303 1641 3545 1711 ipsorum
3569 1684 3583 1711 ,

1911 1739 1965 1798 Β
1985 1747 2213 1802 quorum
2247 1731 2627 1785 similitudines
2659 1738 2801 1795 sunt,
2846 1730 3110 1785 redundet
3156 1729 3406 1799 injuriam
3439 1747 3452 1783 :
3485 1746 3587 1785 nec

1973 1819 2120 1874 cultu
2152 1819 2517 1874 immoderato
2547 1818 2672 1873 fidei
2702 1818 2901 1872 sanitas
2934 1819 3265 1884 vulneretur,
3298 1827 3350 1872 et
3382 1833 3584 1888 corpo-

1973 1908 2180 1964 ralibus
2210 1908 2373 1962 rebus
2404 1909 2578 1963 honor
2612 1907 2777 1962 nimie
2803 1908 3084 1978 impensus
3113 1915 3320 1978 arguat
3347 1923 3448 1962 nos
3477 1906 3585 1961 mi-

1974 2014 2077 2053 nus
2109 1997 2410 2069 spiritualia
2455 1996 2832 2067 contemplari.

2605 2149 2830 2204 CAPUT
2858 2148 2956 2202 IX.

2219 2285 2295 2338 De
2327 2284 2552 2355 templis
2584 2288 2639 2338 et
2686 2284 2964 2339 altaribus
2994 2282 3342 2338 dedicandis.

2051 2423 2211 2492 Quod
2239 2425 2442 2496 templa
2471 2425 2570 2480 Dei
2601 2425 2946 2482 dedicatione
2993 2424 3223 2480 solemni
3253 2436 3586 2480 consecran-

1979 2513 2050 2568 da
2082 2513 2206 2579 sint,
2241 2514 2502 2584 exemplis
2531 2514 2874 2585 antiquorum
2905 2523 2957 2569 et
2987 2529 3226 2586 congrua
3257 2513 3464 2569 ratione
3497 2513 3589 2567 do-

1979 2617 2185 2671 cemur,
2222 2602 2344 2673 quia
2394 2610 2445 2658 et
2489 2603 2653 2657 Iacob
2701 2603 3012 2674 patriarcha
3061 2602 3303 2657 erexisse
3350 2601 3587 2672 lapidem

1979 2690 2179 2763 legitur
2207 2699 2261 2746 et
2291 2692 2414 2746 oleo
2443 2691 2682 2762 desuper
2709 2691 2831 2747 fuso
2850 2692 3073 2747 unxisse
3104 2708 3248 2756 eum,
3275 2699 3328 2746 et
3355 2705 3587 2746 vocasse

1980 2780 2203 2835 domum
2224 2781 2324 2835 Dei
2347 2798 2360 2834 ε
2385 2781 2641 2853 idemque
2666 2798 2832 2852 super
2847 2782 3017 2836 altare
3039 2789 3278 2836 erectum
3299 2780 3589 2835 invocasse

1982 2867 2338 2924 fortissimum
2360 2871 2538 2924 Deum
2569 2871 2756 2926 Israel.
2779 2869 3218 2925 Tabernaculum
3247 2876 3424 2923 autem
3444 2869 3590 2939 Moy-

1983 2973 2072 3012 ses
2103 2965 2156 3012 et
2188 2959 2445 3014 Salomon
2476 2959 2737 3030 templum
2764 2958 3134 3014 celeberrimis
3156 2957 3589 3013 dedicationibus

1982 3063 2336 3103 consecrasse
2365 3048 2623 3120 leguntur
2653 3049 2853 3118 (Exod.
2887 3063 2995 3115 XL;
3027 3049 3107 3102 III
3130 3051 3258 3120 Reg.
3294 3046 3436 3112 vm).
3470 3047 3590 3101 Un-

269 3135 369 3190 luti
399 3136 700 3206 petentium
731 3145 1036 3207 opportuna
1065 3153 1174 3192 non
1204 3136 1472 3192 nesciunt.
1504 3137 1677 3190 Deum
1697 3143 1879 3190 autem
1903 3100 1951 3164 C
1983 3136 2052 3190 de
2082 3135 2138 3189 in
2169 3135 2538 3191 testimonium
2568 3136 2766 3191 divina
2797 3135 3126 3191 ostensionis
3156 3143 3208 3190 et
3245 3133 3587 3202 visitationis,

271 3239 514 3294 oramus,
546 3233 602 3280 ut
631 3241 730 3280 sua
758 3226 997 3280 bonitate
1028 3225 1266 3299 gratuita
1296 3225 1507 3280 meritis
1538 3233 1591 3279 et
1617 3225 1878 3280 interces-

271 3313 520 3368 sionibus
567 3321 899 3384 sanctorum,
951 3331 1074 3386 quae
1121 3315 1280 3370 nobis
1318 3314 1528 3384 judicat
1569 3313 1875 3382 commoda,

269 3401 561 3473 largiatur.
592 3403 662 3456 Et
694 3403 820 3458 huic
852 3402 1091 3475 quidem,
1142 3411 1199 3458 ut
1231 3404 1346 3458 Deo
1389 3403 1642 3467 Domino,
1687 3402 1878 3472 judici,

275 3491 532 3557 creatori,
567 3491 924 3562 omnipotenti
982 3499 1035 3547 et
1094 3491 1380 3560 Salvatori,
1432 3491 1803 3562 supplicamus
1864 3507 1878 3544 :

270 3578 398 3634 illos
458 3593 606 3646 vero,
639 3587 696 3634 ut
726 3581 826 3635 Dei
856 3581 1081 3650 amicos,
1113 3581 1333 3636 deini
1348 3579 1597 3645 famulos,
1621 3587 1882 3651 patronos

271 3683 400 3723 vere
427 3668 746 3736 honoratos,
783 3677 834 3724 et
861 3670 1096 3741 pleniter
1142 3668 1401 3739 salvatos,
1451 3669 1509 3724 in
1553 3667 1884 3738 adjutorium

269 3771 550 3812 vocamus.
591 3757 749 3813 Tales
781 3773 903 3814 esse
951 3774 1146 3830 preces
1195 3758 1458 3826 fidelium,
1509 3757 1601 3829 qui
1638 3756 1883 3828 publicas

276 3853 546 3910 Ecclesia:
574 3856 850 3911 orationes
881 3857 1232 3912 considerare
1262 3863 1480 3924 norunt,
1504 3855 1754 3910 dubitare
1775 3869 1887 3909 non

272 3951 589 4014 potuerunt.
623 3945 760 4000 Cum
788 3945 972 4017 itaque
1020 3945 1142 4000 talis
1173 3945 1242 4000 sit
1285 3943 1576 4000 Christiani
1622 3943 1885 4014 perfectio

275 4048 493 4100 sensus,
544 4049 653 4089 non
703 4043 827 4088 sunt
873 4033 1200 4090 omnimodis
1256 4033 1472 4090 honesti
1519 4041 1574 4088 et
1615 4030 1886 4088 moderati

273 4120 578 4194 imaginum
624 4122 864 4178 honores
913 4122 1222 4192 abjiciendi.
1276 4122 1334 4178 Si
1377 4122 1522 4177 enim
1564 4121 1709 4192 ideo,
1759 4121 1886 4193 quia

271 4209 528 4265 novimus
558 4226 670 4266 non
701 4212 1016 4266 adorandas
1046 4227 1148 4267 nec
1186 4211 1446 4268 colendas
1489 4211 1698 4278 iconas,
1748 4225 1885 4266 con-

272 4297 557 4353 culcanda:
577 4307 704 4354 sunt
723 4299 972 4356 delenda:
991 4300 1233 4370 picturae,
1260 4300 1415 4370 quasi
1429 4315 1539 4355 non
1562 4298 1886 4354 necessariae

270 4386 362 4442 vel
393 4387 625 4443 nocivae.
660 4389 811 4461 Ergo
859 4396 912 4443 et
957 4388 1084 4460 quia
1124 4389 1415 4457 credimus,
1468 4388 1615 4460 quod
1662 4388 1886 4442 Creator

1981 3224 2127 3296 ignis
2173 3225 2243 3279 de
2293 3224 2431 3292 coelo
2489 3225 2852 3290 descendens,
2903 3225 3086 3280 oblata
3131 3223 3488 3294 consumpsit,
3541 3229 3594 3277 et

1983 3329 2146 3384 supra
2186 3322 2473 3385 utramque
2531 3315 2753 3370 domum
2795 3313 2974 3369 fumus
3039 3329 3102 3369 ac
3152 3312 3350 3368 nebula
3396 3309 3595 3368 divinae

1980 3401 2337 3473 protectionis
2365 3403 2598 3474 aparuit.

2051 3492 2364 3546 Notandum
2394 3507 2528 3546 vero
2560 3491 2706 3562 quod
2734 3507 2843 3546 non
2871 3497 3083 3546 tantum
3114 3490 3171 3544 in
3197 3489 3374 3562 prima
3422 3504 3589 3546 cons-

1983 3579 2249 3636 tructione
2282 3579 2469 3650 templi
2499 3579 2769 3635 dedicatio
2800 3585 2885 3633 est
2931 3579 3228 3644 celebrata,
3282 3579 3380 3633 sed
3429 3579 3592 3633 etiam

1985 3669 2226 3724 secundo
2256 3669 2340 3723 vel
2371 3667 2547 3736 tertio,
2591 3675 2717 3738 post
2763 3668 3104 3723 eversionem
3157 3674 3209 3721 et
3251 3667 3593 3736 profanatio-

1983 3773 2110 3812 nem
2139 3756 2385 3826 ejusdem
2416 3755 2599 3826 templi
2630 3763 2857 3826 pr0pter
2885 3763 3109 3826 peccata
3154 3755 3340 3825 populi
3386 3771 3590 3825 perpe-

1985 3853 2176 3900 tratam
2205 3861 2238 3899 a
2266 3844 2542 3916 gentibus,
2575 3861 2698 3900 cum
2724 3843 3110 3900 reaaditicatum
3143 3842 3243 3896 sub
3290 3841 3589 3897 Zorobabel

1987 3935 2138 4006 (Agg.
2190 3936 2271 4005 ιι),
2324 3933 2438 3989 sive
2482 3933 2582 3988 sub
2639 3932 2968 3988 Machabaais
3015 3931 3206 3986 fuisset
3244 3929 3589 4002 purificatum

1984 4023 2177 4078 iterata
2203 4023 2545 4079 dedicatione
2576 4023 2867 4077 subsecuta
2898 4020 2949 4093 (I
2971 4022 3140 4077 Mach.
3176 4019 3254 4092 v).
3317 4019 3473 4076 Unde
3519 4034 3586 4074 ea

1986 4128 2106 4184 quae
2135 4111 2430 4168 novissime
2459 4110 2604 4167 facta
2634 4119 2713 4165 est
2757 4109 2955 4165 hiemis
2988 4117 3254 4180 tempore,
3305 4124 3478 4180 usque
3517 4107 3586 4163 ad

1986 4207 2233 4271 tempora
2261 4200 2533 4271 passionis
2563 4199 2762 4255 Christi
2791 4199 3081 4255 observata
3109 4197 3484 4271 cognoscitur,
3517 4195 3592 4251 si-

1987 4297 2077 4344 Cut
2106 4290 2364 4359 scriptum
2412 4297 2494 4343 est
2542 4289 2597 4342 in
2647 4289 2952 4361 Evangelio
2999 4287 3221 4342 Joannis
3266 4287 3422 4358 (Cap.
3471 4285 3582 4356 x):

1986 4379 2158 4434 Facta
2187 4382 2324 4434 sunt
2353 4379 2621 4434 Encamia
2635 4379 2697 4432 in
2714 4378 3128 4448 Hierosolymis,
3162 4376 3214 4431 ei
3240 4375 3419 4429 hie-ms
3441 4377 3584 4440 erat,

271 4475 538 4543 omnium,
575 4476 667 4547 qui
696 4477 896 4548 ubique
926 4486 1007 4532 est
1037 4485 1088 4532 et
1121 4478 1320 4533 coelum
1351 4486 1404 4532 et
1431 4485 1635 4533 terram
1663 4475 1871 4546 implet,
1902 4461 1956 4521 D
1979 4475 2030 4520 et
2061 4467 2287 4539 reliqua.
2320 4468 2460 4522 Nam
2507 4475 2698 4522 caetera
2729 4467 2849 4520 dua:
2898 4465 3019 4519 aliis
3071 4463 3197 4518 anni
3246 4462 3588 4534 temporibus

271 4579 384 4618 non
413 4564 619 4618 habitat
650 4565 706 4618 in
736 4566 1072 4633 manufactis,
1106 4567 1436 4621 destruenda
1484 4573 1609 4620 sunt
1658 4564 1878 4635 templa,

270 4677 339 4715 ne
371 4661 659 4716 videamur
697 4663 993 4733 parietibus
1041 4672 1096 4718 et
1139 4663 1297 4719 tectis
1343 4662 1613 4718 inclusum
1656 4663 1882 4718 credere

277 4758 638 4826 Creatorem;
671 4761 857 4832 sicque
887 4761 1083 4832 poterit
1109 4762 1350 4831 evenire,
1384 4770 1442 4816 ut
1473 4762 1600 4816 dum
1623 4776 1883 4818 cavemus

271 4873 341 4912 ne
370 4858 584 4929 uspiam
616 4859 684 4912 sit
713 4859 937 4931 aliquid,
969 4860 1061 4914 ubi
1089 4860 1460 4931 insipientium
1508 4876 1665 4915 mens
1709 4859 1882 4931 possit

273 4970 482 5024 errare,
515 4955 650 5010 nihil
691 4971 832 5027 pene
879 4958 1199 5028 habeamus,
1252 4973 1358 5029 quo
1405 4957 1493 5013 vel
1539 4956 1884 5014 devotionem

275 5061 520 5107 nostram
563 5071 938 5122 exerceamus,
988 5056 1074 5112 vel
1120 5055 1394 5127 simplices
1443 5061 1495 5109 et
1539 5056 1766 5128 ignaros
1814 5055 1883 5110 ad

273 5167 518 5207 amorem
581 5152 934 5208 invisibilium
982 5155 1203 5210 trahere
1261 5154 1558 5209 valeamus.
1612 5153 1884 5222 Quantum

275 5258 461 5304 autem
492 5249 734 5305 utilitatis
765 5268 830 5307 ex
861 5251 1089 5322 pictura:
1138 5252 1344 5307 ratione
1392 5251 1696 5322 proveniat,
1745 5252 1884 5306 mul-

270 5347 532 5418 tipliciter
574 5357 742 5420 patet.
793 5349 1035 5405 Primum
1085 5350 1323 5421 quidem,
1373 5350 1501 5422 quia
1547 5349 1760 5420 pictura
1803 5357 1886 5405 est

273 5446 524 5516 quaedam
552 5446 856 5502 litteratura
884 5448 1177 5517 illitterato,
1214 5448 1353 5504 adeo
1385 5455 1442 5502 ut
1474 5447 1694 5519 quidam
1731 5447 1883 5519 prio-

270 5560 395 5598 rum
426 5543 642 5618 legatur
671 5562 737 5601 ex
769 5546 998 5618 picturis
1029 5545 1286 5603 didicisse
1317 5545 1661 5617 antiquorum
1709 5545 1885 5601 histo-

273 5640 409 5700 rias.
444 5642 656 5702 Deinde
684 5646 767 5717 (ut
795 5644 1074 5704 brevitatis
1103 5660 1269 5703 causa
1296 5643 1712 5717 praetermittam
1759 5643 1886 5715 plu-

1983 4555 2155 4621 factaa,
2189 4556 2419 4626 septimo
2448 4555 2699 4611 videlicet
2730 4563 2779 4608 et
2809 4554 2988 4624 primo
3018 4569 3230 4619 mense,
3277 4559 3585 4607 narrantur.

1983 4645 2257 4701 Invenitur
2286 4645 2445 4700 etiam
2476 4644 2706 4700 concilio
2735 4642 3034 4716 Agathensi
3077 4649 3350 4709 statutum,
3402 4650 3460 4696 ut
3509 4641 3589 4695 al-

1983 4743 2094 4790 tare
2141 4742 2375 4805 ungatur
2419 4741 2470 4787 et
2516 4732 2892 4788 benedicatur.
2945 4732 3074 4787 Haec
3124 4731 3342 4802 quidem
3390 4737 3444 4786 et
3479 4731 3587 4784 alia

1982 4822 2231 4894 exempla
2262 4822 2692 4877 dedicandorum
2722 4821 2990 4876 habemus
3019 4820 3342 4890 templorum
3363 4826 3416 4874 et
3448 4818 3589 4873 alta-

1982 4913 2141 4975 rium,
2161 4927 2272 4966 non
2304 4912 2482 4965 minus
2507 4911 2576 4965 ad
2597 4911 2740 4965 hanc
2768 4909 3173 4965 observantiam
3197 4907 3469 4978 probabili
3498 4922 3589 4962 ra-

1983 5001 2128 5056 tione
2157 4999 2423 5071 perducti.
2451 4998 2507 5053 Si
2529 4999 2674 5053 enim
2702 4997 2904 5070 pagani
2935 4997 3134 5067 templa
3165 5004 3218 5051 et
3241 5004 3468 5065 statuas,
3503 5011 3591 5051 er-

1982 5091 2126 5145 roris
2149 5090 2233 5144 sui
2254 5088 2585 5154 testimonia,
2611 5087 2894 5142 daemoniis
2914 5085 3300 5156 deceptoribus
3333 5085 3466 5151 suis,
3491 5102 3592 5156 per

1984 5179 2230 5252 quaedam
2261 5186 2671 5234 exsecramenta
2700 5175 2901 5248 magis,
2937 5191 3097 5247 quam
3130 5182 3471 5231 sacramenta
3498 5174 3595 5229 de-

1984 5284 2186 5324 vovere
2215 5275 2268 5321 et
2300 5267 2554 5322 dedicare
2580 5273 2894 5331 noscuntur,
2919 5273 2976 5319 ut
2997 5273 3048 5319 et
3070 5280 3226 5319 suam
3246 5264 3592 5319 devotionem

1986 5357 2106 5425 diis,
2140 5355 2334 5428 quibus
2354 5355 2574 5426 placere
2605 5354 2918 5409 desiderant
2949 5353 3152 5410 arctius
3196 5353 3488 5421 insinuent,
3538 5358 3593 5404 et

1987 5447 2057 5502 ad
2083 5463 2141 5501 se
2162 5444 2478 5501 invisendos
2509 5445 2821 5500 daemonum
2852 5443 3084 5518 gratiam
3131 5444 3232 5499 hac
3279 5437 3590 5496 familiarite

1989 5542 2093 5597 sibi
2150 5541 2458 5609 concilient,
2495 5542 2635 5599 sicut
2682 5527 2880 5616 legitur
2919 5539 3448 5602 Nabuchodonosor,
3495 5550 3592 5589 rex

1987 5639 2300 5712 Babyloniis
2327 5638 2528 5698 fecisse
2557 5641 2959 5722 dedicationem
2987 5645 3178 5696 statuae
3207 5649 3369 5707 quam
3399 5647 3592 5689 erexe-
