4002 6184
1201 77 1235 99 θ

411 189 508 242 931

815 184 1223 241 WALAFRIDI
1261 183 1503 241 STRABI
1532 183 1731 241 FULD.
1777 182 1949 240 MON.
1992 182 2145 240 OPP.
2188 184 2364 241 PARS
2403 185 2444 239 Ι.
2485 215 2555 226 -
2590 184 3069 243 THEOLOGICA.

3625 190 3726 243 932

425 336 510 384 rat
540 328 595 383 in
627 342 820 399 campo
849 305 1038 383 Du-ran
1071 328 1238 396 (Dan.
1258 327 1363 397 ιιι).
1392 326 1573 395 Quare
1593 342 1703 381 non
1730 326 1911 397 potius
1926 309 2100 381 nosA
2128 309 2428 399 vendente?
2459 316 2512 365 εἴ
2540 317 2785 399 θωθηῑεῗδ
2814 310 2975 379 elei?“
3003 311 3072 365 de
3088 310 3294 381 templo
3326 310 3514 399 (Ῐοαηο
3548 312 3632 381 ¹¹)·
3662 312 3727 365 Ei

417 417 619 489 templa
649 423 702 472 et
733 415 949 483 altaria,
982 423 1183 471 nostra:
1213 414 1589 488 religiositatis
1636 414 1855 481 indicia,
1905 415 2022 471 Deo

420 505 690 563 Salvatori
717 513 905 561 nostro
931 520 1031 575 per
1059 504 1268 559 illibata
1296 511 1349 559 et
1378 512 1555 560 vestra
1578 512 1915 560 sacramenta
1933 503 2019 559 de-

2121 414 2223 469 per
2251 398 2573 469 Prophetam
2603 398 2839 470 quodam
2868 398 2991 455 loco
3016 399 3297 472 quaeritur,
3346 398 3540 454 dicens
3574 416 3589 452 :
3621 400 3718 454 Di-

2123 488 2301 543 lectus
2327 503 2485 543 meus
2517 488 2580 543 in
2600 487 2759 544 domo
2787 502 2912 543 mea
2933 489 3076 559 fecit
3095 488 3311 543 scelera
3334 488 3525 542 multa
3545 488 3713 557 (Hier.

421 597 607 653 dicare
637 610 891 651 curemus
923 593 1106 663 (Joan.
1139 592 1277 664 xiv),
1311 601 1366 647 ut
1395 600 1449 648 et
1478 609 1603 649 cum
1632 600 1832 649 nostrae
1861 593 2012 649 devo

2117 575 2221 647 χι).
2258 575 2549 646 Apostolus
2578 591 2793 647 quoque
2822 575 3131 631 Corinthios
3160 576 3216 630 in
3246 575 3485 632 ecclesia
3515 575 3717 630 dissen-

417 684 582 741 tionis
613 681 803 740 ofﬁciis
852 681 1051 737 divinae
1094 681 1363 751 majestati
1410 681 1726 753 placeamus
1756 698 1771 737 :
1803 689 1858 737 et
1901 682 2020 753 ipse

415 790 518 830 nos
547 787 765 842 semper
794 769 1049 836 invisere,
1083 778 1137 825 et
1164 770 1507 826 mansionem
1536 769 1640 825 sibi
1668 770 1724 825 in
1752 770 1910 825 nobis
1940 769 2020 826 fa-

414 877 538 919 cere
567 860 842 933 dignetur,
873 858 966 931 qui
993 874 1092 930 per
1120 860 1443 930 prophetam
1488 859 1619 916 dicit
1652 875 1666 914 :
1699 862 1901 916 Pavete
1945 858 2019 915 ad

415 950 813 1007 sanctuarium
840 963 1031 1004 meum
1061 947 1207 1019 (Lev.
1240 948 1427 1019 xxvx),
1459 955 1513 1004 et
1542 947 1771 1021 reliqua.

1053 1098 1279 1156 CAPUT
1297 1099 1370 1155 X.

556 1214 699 1283 Quia
725 1212 853 1283 ﬁeri
881 1213 1075 1269 debeat
1098 1213 1162 1268 in
1196 1213 1332 1270 locis
1360 1214 1471 1269 Deo
1503 1214 1867 1270 consecratis.

479 1328 622 1399 Quid
653 1335 834 1384 autem
860 1326 976 1383 ﬁeri
1005 1328 1203 1383 debeat
1228 1327 1285 1383 in
1331 1327 1467 1384 locis
1494 1328 1610 1383 Deo
1658 1325 2009 1392 consecratis,

409 1418 674 1475 Dominus
700 1433 799 1488 per
827 1416 1151 1488 prophetam
1183 1424 1236 1470 et
1264 1432 1365 1487 per
1411 1415 1652 1488 seipsum
1700 1414 2013 1470 manifestat

410 1508 601 1565 dicens
626 1525 639 1562 :
663 1509 870 1563 Domus
891 1523 1040 1571 mea,
1063 1506 1259 1561 domus
1282 1507 1558 1563 orationis
1575 1505 1863 1562 vocabitur
1879 1520 2013 1560 cun-

408 1598 516 1655 ctis
546 1596 803 1669 gentibus
832 1595 1052 1666 (Matth.
1085 1609 1226 1661 xxI;
1258 1594 1364 1649 Isa.
1402 1593 1537 1666 va).
1579 1594 1647 1648 Et
1669 1592 1960 1647 Psalmista
1993 1610 2008 1648 :

411 1686 656 1742 Introibo
680 1686 743 1739 in
766 1684 995 1739 domum
1018 1686 1195 1750 tuam,
1224 1682 1461 1739 adorabo
1488 1681 1561 1737 ad
1584 1682 1862 1754 templum
1880 1698 1945 1737 sa

411 1778 571 1831 ctum
603 1777 767 1828 tuum
788 1773 1025 1842 (Psalm.
1045 1770 1124 1842 v),
1150 1778 1203 1826 et
1222 1770 1419 1825 multas
1440 1768 1527 1824 his
1558 1769 1772 1824 similia.
1796 1768 2009 1840 Angelo

407 1879 529 1917 rum
559 1862 722 1917 etiam
752 1859 1101 1931 praesentiam
1128 1859 1182 1913 in
1213 1859 1350 1914 locis
1379 1859 1577 1913 talibus
1603 1857 1816 1926 haberi,
1850 1866 1903 1914 et
1919 1858 2011 1913 Ja-

406 1951 510 2007 cob
544 1948 785 2020 agnovit,
821 1948 1037 2018 quando
1065 1946 1211 2002 scala
1240 1946 1297 2001 in
1325 1946 1641 2003 Bethlehem
1673 1954 1837 2013 recta,
1879 1945 2013 2002 vidit

410 2038 640 2111 angelos
670 2036 1030 2091 ascendentes
1062 2042 1115 2090 et
1145 2034 1542 2091 descendentes
1588 2034 1747 2106 (Gen.
1779 2034 2006 2102 xxvm).

409 2128 477 2183 Et
508 2125 683 2181 David
711 2132 959 2191 testatur,
994 2123 1185 2178 dicens
1218 2139 1231 2178 :
1265 2124 1332 2179 In
1360 2127 1665 2195 conspectu
1679 2124 2010 2194 angelorum

408 2215 659 2289 psallam
681 2214 800 2279 tibi,
825 2215 884 2268 et
902 2212 1137 2268 adorabo
1157 2212 1230 2267 ad
1264 2213 1540 2284 templum
1560 2215 1825 2268 sanctum
1846 2215 2010 2267 tuum

408 2302 585 2373 (Psal.
616 2300 897 2373 cxxxvn).
930 2300 1065 2355 Vota
1094 2299 1259 2354 etiam
1291 2308 1345 2355 et
1373 2297 1637 2356 sacrificia
1665 2300 1721 2354 in
1765 2300 1851 2354 his
1894 2301 2010 2355 Deo

404 2390 564 2448 oﬁ'eri
591 2390 815 2458 debere,
858 2396 913 2443 et
945 2388 1033 2443 lex
1079 2388 1282 2459 Moysis
1331 2388 1565 2459 pleniter
1610 2388 1773 2444 docet
1818 2389 2007 2460 (Deut.

409 2478 537 2552 xu),
564 2486 618 2535 et
636 2476 922 2549 psalmista
943 2484 1368 2533 commemorat:
1408 2478 1536 2534 Vota
1563 2494 1691 2534 mea
1710 2476 2009 2549 (inquiens)

406 2569 645 2625 Domino
681 2566 913 2622 reddam
959 2567 1025 2621 in
1073 2569 1377 2639 conspectu
1423 2567 1607 2621 omnis
1645 2566 1843 2639 populi
1888 2568 2008 2637 ejus

408 2658 586 2730 (Psal,
619 2654 768 2727 cxv),
800 2662 906 2710 etc.
955 2654 1229 2711 Doctrinae
1271 2670 1487 2727 quoque
1531 2655 1762 2710 verbum
1804 2655 2009 2725 populo

403 2745 460 2802 in
490 2744 740 2802 Ecclesia
768 2743 1097 2814 dispensari,
1145 2751 1198 2798 et
1222 2744 1438 2814 Moyses
1483 2743 1738 2810 ostendit,
1772 2760 1893 2798 cum
1937 2743 2008 2798 ad

405 2835 604 2892 ostium
631 2832 967 2888 tabernaculi
987 2832 1243 2887 mandata
1260 2832 1477 2887 Domini
1495 2831 1698 2903 populo
1717 2832 1967 2903 exposuit
1990 2849 2004 2886 :

404 2931 458 2981 et
486 2924 604 2995 ipse
634 2921 897 2977 Dominus
925 2921 982 2975 in
1011 2920 1213 2992 templo
1242 2920 1509 2977 duodenis
1540 2920 1793 2976 inventus
1822 2928 1906 2975 est
1950 2920 2009 2975 in

407 3012 589 3069 medio
619 3011 902 3066 doctorum
932 3010 1130 3066 sedens
1176 3008 1331 3080 (Luc.
1365 3008 1466 3080 u);
1498 3016 1551 3063 et
1587 3007 1920 3065 creberrime
1950 3007 2007 3063 in
2041 3024 2092 3090 Ο

406 3099 709 3173 Evangelio
752 3098 1019 3169 reperitur
1064 3097 1118 3165 in
1166 3097 1368 3167 templo
1416 3113 1726 3152 sermonem
1770 3095 1967 3152 fecisse

408 3190 549 3246 sicut
579 3196 633 3244 et
662 3188 717 3241 in
745 3187 1004 3258 passione
1034 3202 1131 3239 sua
1159 3185 1356 3240 fatetur
1384 3202 1443 3239 se
1472 3185 1653 3256 palam
1680 3186 1735 3240 in
1776 3202 2016 3259 synago-

405 3278 492 3351 gis
521 3275 774 3333 docuisse
804 3282 857 3330 et
886 3274 944 3329 in
972 3274 1196 3345 templo,
1231 3290 1340 3345 quo
1370 3289 1561 3329 omnes
1592 3273 1764 3330 Judaei
1808 3290 2014 3330 conve-

408 3367 564 3421 niunt
592 3365 775 3435 (Joan.
808 3362 954 3433 xtx).
988 3362 1097 3417 Sed
1122 3370 1173 3417 et
1203 3362 1395 3417 Petrus
1420 3378 1545 3419 cum
1562 3364 1772 3418 Joanne
1801 3362 1857 3417 in
1878 3371 2015 3419 tem-

404 3455 497 3526 plo
528 3452 700 3510 oravit
728 3460 782 3507 et
811 3450 1011 3506 Paulus
1041 3458 1167 3506 vota
1193 3450 1459 3522 persolvit
1491 3451 1635 3522 (Act.
1672 3452 1776 3524 ιιι),
1809 3460 1865 3507 ot
1898 3467 2015 3507 om-

405 3559 505 3598 nes
534 3540 762 3613 apostoli
790 3540 1093 3596 docuerunt
1123 3540 1267 3611 (Act.
1300 3539 1446 3611 xxi).
1485 3540 1637 3596 Unde
1667 3556 1793 3595 cum
1820 3540 2016 3596 eadem

405 3632 600 3688 domus
628 3629 729 3684 Dei
759 3628 1053 3684 oratorium
1084 3628 1313 3698 dicatur,
1346 3636 1527 3699 potest
1557 3635 1610 3684 et
1656 3643 1691 3683 a
1737 3629 2012 3700 depreca-

403 3720 643 3776 tionibus
673 3717 729 3771 in
760 3733 822 3772 ea
853 3716 1140 3784 faciendis,
1175 3725 1228 3771 et
1256 3732 1287 3770 a
1316 3715 1586 3772 locutione
1618 3715 1901 3783 doctrinae,
1945 3716 2018 3772 ita

406 3809 553 3865 dicta
588 3806 785 3878 putari,
822 3805 949 3878 quia
987 3804 1180 3871 oratio,
1232 3804 1287 3860 id
1318 3812 1401 3859 est
1447 3805 1557 3860 oris
1605 3805 1759 3870 ratio,
1807 3813 1860 3859 et
1907 3821 2018 3861 non

410 3905 623 3954 tantum
655 3894 875 3950 humilis
906 3894 1223 3965 postulatio,
1256 3909 1444 3949 verum
1474 3900 1528 3949 et
1558 3892 1892 3949 rationabilis
1927 3893 2018 3947 in-

406 3986 678 4058 telligitur
736 3985 842 4039 hoc
871 3983 1093 4038 nomine
1151 3982 1373 4038 locutio.
1406 3982 1539 4037 Inde
1569 3990 1651 4037 est
1681 3982 1829 4053 quod
1856 3981 2020 4053 primi

408 4074 633 4132 ordines
663 4072 719 4127 in
750 4071 1014 4127 Ecclesiae
1042 4078 1265 4125 utuntur
1291 4070 1567 4136 oratoriis,
1603 4070 1731 4141 quia
1760 4070 1831 4125 ad
1868 4070 2020 4142 ipsos

2118 663 2300 719 siones
2310 664 2592 729 habentes,
2608 663 2847 735 itemque
2859 664 3213 720 convivantes
3224 664 3494 734 increpat,
3510 662 3715 719 dicens:

2116 753 2375 808 Primum
2403 752 2627 825 quidem
2647 754 3109 809 convenientibus
3128 753 3277 811 vobis
3310 753 3481 809 audio
3516 754 3741 821 scissu-,

2115 858 2211 897 ras
2237 857 2355 897 esse
2384 841 2438 913 (Ι
2463 842 2583 898 Cor.
2611 841 2715 912 ιιι),
2735 848 2788 896 et
2809 841 3040 914 reliqua,
3066 849 3117 896 et
3136 841 3194 896 in
3213 841 3713 913 consequentibus:

2121 930 2589 987 Convenientibus
2609 930 2756 987 vobis
2774 931 2837 986 in
2860 947 3060 998 unum,
3077 932 3205 1003 jam
3223 946 3340 987 non
3360 935 3452 986 est
3468 932 3722 986 Domini-

2114 1034 2241 1075 cam
2278 1034 2496 1075 caenam
2534 1018 2903 1075 manducare.
2950 1020 3334 1092 Unusquisque
3372 1019 3536 1074 enim
3560 1035 3721 1074 suam

2113 1123 2331 1163 canam
2347 1109 2648 1180 prwsumit
2676 1108 2749 1163 ad
2775 1107 3261 1164 manducandum.
3301 1109 3373 1163 Et
3410 1107 3570 1163 alius
3597 1108 3722 1180 qui-

2112 1195 2239 1251 dem
2265 1197 2465 1263 esurit,
2490 1196 2641 1252 alius
2672 1198 2865 1252 autem
2887 1197 3072 1252 ebrius
3100 1200 3203 1252 est.
3244 1196 3515 1269 Nunquid
3533 1195 3721 1252 domos

2110 1299 2227 1341 non
2259 1284 2475 1340 habetis
2524 1284 2597 1340 ad
2634 1285 3101 1341 manducandum
3128 1289 3186 1340 et
3220 1284 3525 1341 bibendum
3545 1285 3577 1340 Ἰ
3622 1289 3723 1340 aut

2116 1374 2417 1430 ecclesiam
2444 1375 2547 1430 Dei
2582 1373 2968 1440 contemnitis,
3010 1378 3067 1429 et
3100 1374 3459 1445 confunditis
3498 1389 3595 1430 eos
3630 1375 3724 1446 qui

2108 1478 2225 1518 non
2254 1462 2509 1518 habent?
2534 1462 2604 1516 Et
2631 1470 2756 1533 post
2783 1462 2950 1517 multa
2981 1461 3263 1535 subjungit
3292 1479 3307 1517 :
3340 1463 3559 1535 Itaque,
3594 1464 3719 1533 fra-

2111 1554 2225 1606 tres
2241 1552 2373 1619 mei,
2398 1566 2529 1608 cum
2540 1551 2854 1607 convenitis
2872 1551 2944 1607 ad
2957 1550 3440 1616 manducandum,
3467 1550 3713 1606 invicem

2038 1669 2091 1731 B
2109 1640 2519 1736 exspectateSi
2538 1639 2664 1736 quis
2684 1641 2881 1736 esurit,
2904 1638 3056 1736 domi
3066 1638 3407 1736 manducet}.
3421 1642 3629 1736 ut
3649 1639 3715 1694 in

2109 1726 2392 1795 iudicium
2413 1728 2857 1784 conveniatisEt
2877 1726 3124 1799 superius
3140 1727 3209 1783 de
3230 1727 3555 1783 inordinatis
3577 1742 3719 1783 oran

2113 1815 2247 1870 tium
2284 1815 2531 1889 gestibus
2569 1815 2843 1888 praemittit
2865 1834 2879 1871 :
2901 1818 3007 1874 Hoc
3037 1820 3233 1873 autem
3247 1818 3541 1889 praecipio,
3586 1832 3727 1872 non-

2111 1905 2371 1973 laudans,
2395 1905 2537 1979 quod
2555 1922 2672 1961 non
2694 1907 2757 1961 in
2776 1906 3002 1972 melius,
3031 1906 3129 1961 sed
3146 1907 3212 1962 in
3231 1906 3507 1975 deterius,
3533 1921 3726 1961 conve-

2109 1994 2271 2050 nitis.
2303 1994 2460 2050 Unde
2480 1994 2676 2049 beatus
2695 2001 2851 2065 pater
2874 1993 3198 2051 Benedictus
3217 1994 3273 2049 in
3296 1994 3493 2067 regula
3528 2009 3724 2049 mona-

2109 2083 2336 2139 chorum
2356 2083 2619 2153 praecipit,
2643 2091 2702 2137 ut
2726 2082 3026 2138 oratorium
3064 2084 3169 2138 hoc
3204 2082 3274 2137 sit
3310 2082 3462 2155 quod
3500 2082 3720 2151 dicitur,

2108 2186 2213 2227 nec
2245 2170 2321 2225 ibi
2342 2171 2640 2244 quidquam
2658 2170 2805 2227 aliud
2820 2178 3052 2245 geratur
3070 2179 3161 2226 aut
3182 2172 3472 2228 condatur.
3499 2171 3609 2228 Ubi
3628 2186 3723 2226 os-

2109 2259 2348 2315 tenditur
2388 2276 2485 2316 eos
2532 2260 2829 2332 culpabiles
2884 2276 3027 2328 esse,
3070 2259 3164 2333 qui
3197 2260 3345 2315 nulla
3385 2261 3724 2317 necessitate

2108 2349 2302 2413 coacti,
2320 2348 2551 2422 indigna
2564 2349 2638 2404 ibi
2655 2350 3016 2416 committunt,
3037 2350 3126 2405 vel
3144 2349 3264 2406 loca
3284 2358 3473 2406 sancta
3492 2350 3549 2404 in
3590 2351 3727 2405 hor-

2108 2453 2201 2494 rea
2215 2445 2269 2493 et
2286 2438 2577 2509 apothecas
2598 2445 2923 2495 convertunt
2955 2453 3119 2495 :cum
3140 2438 3197 2493 in
3236 2438 3544 2495 canonibus
3580 2453 3725 2509 quo-

2106 2541 2211 2598 que
2257 2526 2455 2597 saepius
2485 2526 2553 2581 sit
2570 2525 2942 2593 interdictum,
2990 2542 3061 2582 ne
3104 2526 3161 2581 in
3188 2526 3444 2584 ecclesiis
3473 2526 3731 2584 convivia

2107 2613 2195 2670 vel
2224 2613 2449 2687 prandia
2478 2613 2611 2671 ﬁant
2637 2614 2743 2670 nisi
2773 2613 2895 2687 quis
2922 2613 3135 2673 itineris
3163 2616 3496 2673 necessitate
3545 2630 3728 2688 coga—

2108 2698 2211 2760 ιω.

2699 2818 2924 2877 CAPUT
2990 2820 3113 2876 XII.

2291 2934 2369 2990 De
2396 2932 2625 2990 orandis
2652 2933 2838 2990 modis
2868 2950 2937 2992 ac
2971 2935 3254 2992 distantia
3283 2951 3503 2993 vocum.

2185 3072 2431 3142 Qualiter
2458 3079 2640 3130 autem
2669 3072 2937 3130 orandum
2970 3072 3038 3128 sit
3074 3073 3221 3129 idem
3258 3075 3416 3130 Pater
3456 3073 3726 3130 brevibus

2112 3170 2315 3242 verbis,
2347 3177 2401 3227 et
2429 3170 2665 3227 maxime
2692 3170 2812 3226 istis
2842 3171 3137 3241 concludit,
3170 3171 3360 3230 dicens
3392 3189 3406 3226 :
3442 3174 3637 3228 Brevis
3667 3176 3729 3228 et

2107 3278 2257 3335 pura
2286 3260 2443 3317 debet
2462 3277 2579 3317 esse
2594 3262 2773 3318 oratio
2798 3280 2817 3316 :
2834 3264 2890 3316 et
2906 3278 3021 3318 non
3042 3263 3106 3317 in
3122 3262 3506 3335 multiloquio,
3532 3261 3631 3317 sed
3660 3263 3728 3317 in

2111 3350 2365 3423 puritate
2395 3348 2595 3418 cordis,
2628 3353 2686 3405 et
2714 3352 3145 3422 compunctione
3178 3351 3588 3423 lacrymarum,
3622 3365 3729 3404 nos

2114 3437 2362 3495 exaudiri
2392 3437 2649 3504 sciamus,
2683 3445 2734 3493 et
2758 3454 2869 3493 non
2900 3438 2954 3493 in
2983 3437 3226 3494 clamosa
3255 3455 3409 3505 voce,
3443 3439 3545 3493 sed
3576 3438 3629 3492 in
3651 3439 3734 3493 la-

2114 3527 2317 3599 crymis
2348 3535 2401 3583 et
2453 3525 2750 3582 intentione
2781 3526 2983 3583 cordis.
3030 3528 3097 3582 Et
3126 3527 3277 3594 item,
3310 3526 3729 3583 consideremus

2115 3615 2346 3688 qualiter
2374 3615 2430 3670 in
2458 3623 2754 3686 conspectu
2783 3614 3096 3671 Divinitatis
3125 3623 3179 3671 et
3207 3624 3521 3672 sanctorum
3551 3632 3729 3688 ange—

2114 3704 2290 3762 lorum
2320 3720 2443 3760 esse
2471 3712 2732 3775 oporteat,
2766 3713 2820 3760 et
2866 3704 2945 3761 sic
2989 3713 3197 3760 stemus
3243 3703 3313 3760 ad
3351 3705 3723 3776 psallendum,

2116 3800 2175 3849 ut
2205 3809 2361 3849 mens
2391 3801 2577 3849 nostra
2602 3792 2902 3849 concordet
2934 3793 3053 3849 voci
3092 3801 3314 3849 nostras.
3339 3792 3726 3867 Intelligamus

2118 3897 2250 3956 ergo
2281 3881 2367 3936 his
2395 3879 2680 3953 exemplis,
2710 3879 2840 3954 quid
2863 3882 3129 3938 Dominus
3147 3882 3203 3936 in
3223 3881 3443 3953 templis
3470 3881 3585 3937 suis
3605 3880 3727 3937 fieri

2117 3970 2264 4037 velit,
2297 3970 2383 4026 vel
2413 3970 2543 4042 quid
2572 3970 2875 4041 prohibeat.
2909 3969 3015 4040 Qui
3059 3978 3113 4027 et
3139 3968 3281 4026 ﬁlios
3327 3970 3449 4026 Heli
3496 3978 3730 4042 propter

2118 4059 2331 4116 scelera
2362 4058 2505 4115 circa
2535 4058 2945 4115 tabernaculum
2973 4059 3268 4116 commissa
3294 4059 3523 4132 punivit,
3544 4067 3595 4115 et
3614 4062 3730 4114 An-

406 4163 643 4236 pertinet
693 4159 927 4216 docendi
958 4158 1217 4216 officium.
1248 4160 1317 4214 Et
1347 4158 1551 4229 publici
1597 4157 2023 4215 declamatores-
2119 4163 2265 4215 nam.
2316 4155 2547 4203 matrem
2593 4146 2739 4203 beati
2786 4146 3090 4215 Samuelis.
3136 4147 3193 4202 in
3243 4155 3459 4204 ⁵801³6ῐο
3519 4147 3724 4217 cordis:

408 4268 477 4309 ac
506 4250 782 4322 sapientes
802 4248 1078 4305 dictionun
1110 4248 1526 4319 compositores,
1546 4256 1796 4303 oratores
1825 4263 2024 4303 vocan'

2118 4245 2268 4293 motu
2297 4243 2506 4292 tantum
2535 4236 2823 4305 labiorum,
2856 4236 2973 4293 sine
2994 4235 3222 4308 strepitu
3249 4236 3420 4304 vocis,
3453 4245 3726 4303 orantem,

405 4348 510 4396 tur.
546 4338 878 4411 Baptismum
910 4352 1129 4408 quoque
1180 4335 1256 4390 ibi
1303 4335 1821 4392 convenientissime
1866 4336 2017 4393 cele-
2047 4327 2175 4411 hin
2228 4324 2324 4381 ﬁlii
2375 4324 2635 4396 Ρθῐίῐίοηθ
2688 4324 2983 4394 θκαυάίνίῑ,
3043 4324 3332 4397 ipsumque
3389 4326 3727 4396 Samuelem,

406 4388 771 4500 bratur,rquia
800 4388 1364 4481 antejtabjernaculum
1394 4424 1624 4492 labrum,
1658 4432 1714 4480 et
1743 4433 1870 4481 ante
1889 4433 2022 4480 tem-
2047 4388 2099 4450 D
2120 4414 2243 4488 quia
2271 4413 2505 4470 ﬁdeliter
2531 4413 2587 4469 in
2617 4414 2781 4470 domo
2810 4412 3028 4469 Domini
3056 4413 3398 4485 ministravit,
3429 4415 3731 4486 reprobate

405 4519 560 4592 plum
582 4533 734 4573 mare
764 4531 829 4573 ac
860 4515 1056 4571 decem
1091 4514 1293 4570 lateres
1325 4514 1532 4586 positos
1562 4514 1816 4588 legimus,
1843 4515 1899 4569 in
1928 4513 2022 4586 qui
2120 4520 2271 4570 sene.
2304 4502 2359 4557 in
2396 4503 2738 4575 prophetam,
2790 4502 3131 4592 Sacerdotem
3161 4511 3233 4592 ret
3277 4503 3475 4559 ducem
3521 4502 3720 4592 elegit.

405 4608 509 4663 bus
539 4616 593 4663 et
619 4604 859 4662 oblaturi
890 4604 1230 4668 sacerdotes,
1264 4612 1317 4658 et
1346 4603 1688 4660 victimarum
1717 4620 1912 4659 carnes
1941 4603 2024 4659 1a-

2121 4594 2201 4649 De
2230 4592 2385 4661 cujus
2409 4598 2582 4647 matre
2610 4590 3036 4658 modestissima,
3073 4598 3127 4647 et
3154 4591 3212 4647 in
3241 4592 3488 4648 oratione
3508 4591 3732 4649 discen-

408 4704 687 4754 varentur.
736 4693 937 4765 (Exod.
988 4708 1150 4759 xxx;
1203 4693 1282 4749 III
1326 4696 1452 4766 Reg.
1506 4693 1628 4764 vn).
1678 4694 1748 4748 Et
1793 4693 2023 4765 dignum
2122 4681 2193 4738 da
2224 4689 2305 4737 est
2335 4679 2593 4736 instantia
2622 4680 2856 4751 humilis,
2891 4688 2945 4735 et
2972 4687 3097 4752 post
3126 4680 3431 4737 orationem
3457 4697 3732 4752 perseve-

406 4785 651 4859 profecto
681 4791 782 4852 est,
816 4790 874 4839 ut
904 4782 961 4837 in
991 4781 1192 4839 Christi
1222 4782 1426 4854 templo
1456 4779 1753 4837 Christiani
1783 4797 2020 4855 regene-

412 4884 621 4933 rentur.

1029 4986 1255 5043 CAPUT
1297 4986 1397 5041 XI.

772 5107 915 5175 Quid
943 5109 1083 5163 item
1129 5106 1259 5177 ﬁeri
1286 5122 1402 5163 non
1451 5105 1664 5162 debeat.

484 5223 605 5280 Alia
633 5235 763 5279 vero
782 5221 1145 5294 negotiorum
1174 5220 1476 5277 carnalium
1506 5219 1561 5275 in
1592 5220 1709 5276 Deo
1738 5233 2027 5276 consecra-

410 5314 478 5371 tis
507 5309 754 5369 tediticiis
785 5326 950 5381 opera
976 5308 1092 5366 ﬁeri
1136 5326 1246 5366 non
1283 5310 1507 5376 debere,
1558 5317 1617 5364 ut
1664 5325 1775 5364 non
1822 5308 2020 5377 dicam,

411 5421 534 5479 qua:
560 5414 830 5472 nusquam
863 5398 1027 5454 licent
1061 5416 1073 5453 :
1108 5399 1208 5453 sed
1238 5406 1291 5455 et
1320 5399 1569 5472 quaedam
1599 5398 1724 5467 alia,
1759 5414 1879 5470 quae
1896 5397 2027 5464 alibi

408 5492 684 5550 interdum
712 5487 997 5546 venialiter
1026 5496 1368 5554 exercentur,
1401 5487 1528 5543 inde
1559 5503 1683 5544 esse
1729 5486 2022 5548 movenda,

2121 4770 2298 4826 rantia
2326 4769 2597 4825 salutaris.
2630 4769 2854 4843 Legitur
2881 4768 3154 4842 siquidem
3182 4770 3251 4825 de
3290 4769 3380 4824 illa
3432 4770 3563 4843 quia
3612 4769 3735 4825 vul-

2121 4869 2210 4916 tus
2235 4859 2382 4914 illius
2411 4873 2521 4915 non
2550 4866 2676 4915 sunt
2723 4858 2957 4930 amplius
2998 4858 3053 4912 in
3095 4858 3317 4914 diversa
3358 4858 3573 4915 mutati.
3626 4858 3739 4928 Qui

2122 4948 2269 5005 enim
2296 4955 2388 5003 aut
2416 4947 2471 5003 in
2502 4947 2746 5004 oratione
2775 4947 2923 5003 aliud
2971 4963 3133 5020 quam
3180 4948 3362 5015 debet,
3415 4947 3587 5020 petit;
3638 4955 3736 5003 aut

2122 5038 2230 5094 alio
2258 5038 2426 5094 modo
2454 5053 2619 5110 quam
2645 5035 2909 5110 magister
2954 5036 3271 5094 humilitatis
3317 5036 3577 5106 insinuat,
3626 5037 3733 5093 de-

2121 5136 2398 5200 precatur,
2429 5127 2518 5184 vel
2547 5142 2707 5183 orare
2733 5126 2932 5194 nescit,
2984 5126 3073 5183 vel
3115 5127 3297 5184 minus
3341 5143 3506 5200 quam
3553 5126 3738 5199 potuit

2123 5215 2361 5289 proficit.
2395 5216 2502 5287 Qui
2529 5231 2663 5274 vero
2700 5224 2928 5289 peracta
2974 5216 3228 5273 oratione
3271 5215 3359 5274 vel
3407 5217 3477 5272 ad
3525 5216 3738 5273 malam

2125 5305 2595 5374 consuetudinem,
2627 5305 2716 5362 vel
2743 5305 2814 5361 ad
2841 5321 2983 5361 nova
3012 5306 3280 5373 tacinora,
3313 5304 3433 5362 sine
3472 5313 3738 5377 respectu

2125 5410 2253 5452 mox
2279 5394 2516 5467 prosilit,
2548 5393 2784 5452 fructum
2813 5394 3076 5451 orationis
3102 5395 3301 5467 perdit.
3333 5395 3475 5450 Nam
3508 5394 3738 5467 quidam

2127 5484 2183 5541 in
2212 5484 2457 5541 oratione
2487 5492 2679 5556 pectus
2704 5484 2907 5558 pugnis
2945 5484 3337 5556 pavimentant,
3383 5491 3551 5555 caput
3594 5499 3738 5540 con-

414 5582 681 5641 Dominus
710 5578 829 5654 ipse
861 5575 1118 5645 ostendit,
1152 5592 1275 5632 cum
1305 5576 1422 5635 zelo
1451 5576 1646 5634 domus
1678 5575 1781 5633 Dei
1807 5576 2022 5643 ductus,
2127 5573 2380 5643 tundunt,
2413 5589 2582 5631 voces
2611 5573 2868 5630 muliebri
2904 5573 3208 5647 gracilitate
3239 5572 3567 5629 submittunt
3595 5582 3649 5630 et
3678 5573 3743 5629 in
