4002 6184
354 221 463 278 933

1492 220 1587 278 DE
1619 217 1844 277 REBUS
1872 212 2451 277 ECCLESIASTICIS.

3554 214 3660 275 934

368 358 622 431 proximo
676 358 765 414 vel
809 358 993 414 verbis
1019 358 1107 414 vel
1136 357 1295 415 factis
1341 358 1478 414 alios
1523 358 1873 424 conturbare,
1907 364 1961 411 et
1988 341 2046 401 Α
2064 368 2289 431 peccata
2317 361 2471 417 urbis
2522 360 2752 427 excidio,
2786 359 3027 416 auditam
3052 358 3221 415 fuisse
3252 360 3538 417 custodum
3569 361 3660 416 in-

360 448 691 519 semetipsos
718 463 829 503 non
857 454 1102 504 metuunt
1139 447 1441 519 culpabiles
1468 447 1745 503 exhibere.
1780 447 1845 501 Hi
1875 445 1964 501 ni-

359 536 563 592 mirum
592 544 781 592 contra
796 535 1061 606 judicem,
1085 552 1248 608 quem
1277 536 1488 592 orando
1515 537 1804 601 honorant,
1838 551 1963 591 mo-

352 626 509 681 ribus
528 633 795 697 pugnant.
820 626 901 681 De
921 640 1115 681 vocum
1138 633 1320 681 autem
1339 623 1643 681 differentia
1671 624 1965 681 dicendum

359 714 515 770 illam
545 730 670 770 esse
715 714 915 771 divinis
942 712 1193 769 laudibus
1220 721 1420 784 aptam,
1446 731 1568 786 quae
1592 713 1962 785 ‘qualitercun-

360 819 473 875 que
500 801 763 870 sonuerit,
797 819 863 857 ex
890 802 1036 857 bono
1067 804 1323 858 thesauro
1353 802 1537 859 cordis
1565 800 1834 874 profecta,
1872 802 1961 855 in-

356 898 529 947 ternae
573 890 857 947 intentioni
887 891 1206 947 concordat.
1252 892 1393 946 Nam
1423 898 1476 946 et
1507 890 1561 945 in
1590 890 1734 945 bono
1764 880 1963 965 legitur

361 996 469 1035 vox
496 978 625 1045 alta,
657 980 787 1035 dum
817 979 1034 1047 dicitur,
1066 979 1122 1033 in
1151 970 1495 1036 dedicatione
1516 978 1700 1050 templi
1718 978 1961 1033 Salomo-

352 1067 463 1137 nis,
496 1084 606 1125 νοω
635 1068 990 1124 sacerdotum
1012 1072 1068 1124 et
1099 1069 1422 1125 Levitarum
1436 1070 1501 1124 in
1523 1068 1700 1124 turbis
1720 1071 1778 1123 et
1804 1068 1961 1139 hym-

354 1160 450 1214 nis
472 1156 930 1213 exclamantium
958 1157 1061 1228 (III
1085 1159 1209 1229 Reg.
1243 1158 1408 1229 vnn),
1440 1156 1656 1229 longius
1686 1155 1956 1223 sonuisse,

354 1253 410 1301 et
430 1245 607 1301 sancti
634 1253 906 1316 martyres
935 1245 1039 1300 sub
1068 1260 1164 1299 ara
1185 1245 1285 1299 Dei
1314 1260 1448 1302 voce
1468 1260 1669 1316 magna
1689 1242 1960 1300 clamasse

351 1335 612 1406 leguntur
641 1335 831 1407 (Apoc.
864 1333 965 1405 Vl).
999 1333 1101 1390 Ubi
1121 1334 1371 1405 quamvis
1390 1333 1623 1406 intelligi
1656 1334 1848 1404 possit,
1886 1332 1962 1388 si-

346 1430 437 1478 cut
467 1429 519 1478 et
551 1422 607 1476 in
636 1422 759 1477 aliis
788 1421 974 1476 multis
1021 1421 1178 1488 locis,
1210 1422 1355 1476 illam
1378 1439 1500 1478 esse
1547 1437 1807 1494 magnam
1855 1438 1959 1477 vo-

345 1527 469 1568 cem
499 1527 640 1582 quae,
675 1510 927 1583 quamvis
977 1511 1045 1565 sit
1076 1527 1212 1567 sono
1243 1511 1484 1580 humilis,
1523 1527 1589 1566 ex
1618 1511 1764 1566 bona
1793 1511 1961 1567 devo-

352 1599 501 1654 tione
548 1599 816 1671 procedit,
852 1599 988 1655 sicut
1028 1598 1096 1654 ad
1125 1600 1349 1671 Moysen
1396 1598 1527 1655 dicit
1572 1600 1720 1654 Deus
1757 1617 1770 1653 :
1817 1599 1959 1668 Quid

2065 448 2360 505 visibilium
2391 465 2583 507 vocem
2603 450 2672 505 de
2694 448 3038 505 interioribus
3059 448 3247 520 templi
3280 449 3661 505 :Transeamus

2064 554 2130 591 ex
2159 538 2243 593 his
2277 539 2518 594 sedibus.
2564 539 2759 611 Neque
2785 554 2917 595 vero
2947 553 3105 594 sacra
3133 538 3253 594 loca
3278 537 3386 592 illis
3409 547 3656 609 prosunt,

2063 625 2153 697 qui
2215 627 2557 683 sanctitatem
2592 627 2906 699 projiciunt,
2957 626 3094 683 sicut
3141 642 3243 682 nec
3290 626 3410 681 loca
3442 626 3661 681 horrida

2062 714 2261 770 obsunt
2307 715 2394 771 his
2425 716 2517 787 qui
2566 715 2782 771 Domini
2822 715 2995 787 gratia
3024 704 3405 788 proteguntur.
3436 702 3574 770 Nam
3605 722 3659 770 et

2060 802 2117 858 in
2146 803 2406 874 praadicta
2436 804 2779 860 Hierusalem
2811 804 3189 874 subversione,
3221 803 3471 858 omnibus
3502 803 3660 858 malis

2063 891 2262 959 attriti,
2310 891 2546 949 suﬂ’usos
2608 893 2866 965 lacrymis
2929 892 3116 948 oculos
3163 892 3542 948 retorbuentes
3588 892 3660 948 ad

2060 981 2322 1053 templum
2347 1025 2360 1050 ,
2405 982 2625 1037 liberari
2689 997 2800 1037 non
2846 988 3159 1037 meruerunt
3212 980 3349 1036 sicut
3398 980 3662 1052 scriptum

2060 1076 2143 1124 est
2175 1086 2189 1122 :
2228 1070 2651 1137 Clamaverunt,
2685 1086 2789 1127 nec
2818 1074 2944 1127 erat
2971 1071 3067 1143 qui
3099 1071 3280 1126 salvos
3318 1071 3660 1141 faceretmd

2058 1158 2381 1225 Dominum,
2431 1175 2536 1215 nec
2565 1159 2787 1216 audivit
2826 1176 2915 1215 eos
2947 1159 3062 1229 (Ps.
3109 1159 3272 1229 xvu).
3306 1158 3661 1232 Subjungitur

2059 1246 2203 1301 enim
2251 1246 2308 1302 in
2353 1247 2547 1303 eodem
2594 1247 2845 1319 psalmo,
2879 1263 2987 1319 quo
3033 1247 3275 1303 merito:
3308 1247 3442 1303 Filii
3483 1248 3662 1304 alieni

2058 1335 2296 1392 mentiti
2323 1340 2462 1392 sunt
2489 1337 2652 1402 mihi,
2677 1344 2730 1392 et
2760 1335 2988 1408 reliqua.
3023 1334 3205 1407 (Ibid)
3226 1336 3658 1408 Prmsumptores

2058 1423 2203 1478 enim
2232 1430 2286 1480 et
2327 1423 2671 1497 negligentes
2708 1424 2764 1480 in
2788 1425 2923 1481 locis
2973 1424 3178 1481 sanctis
3220 1424 3569 1495 mulctantur,
3601 1433 3660 1481 ut

2055 1511 2253 1567 Nadab
2283 1520 2337 1568 et
2366 1513 2526 1580 Abiu,
2580 1512 2871 1570 offerentes
2912 1514 3097 1587 ignem
3125 1513 3360 1569 alienum
3390 1514 3538 1586 (Lev.
3574 1516 3657 1586 Χ).

2056 1600 2191 1656 Item
2238 1601 2378 1657 Core
2423 1618 2549 1658 cum
2596 1601 2868 1658 seditiosis
2915 1610 3039 1658 ante
3086 1603 3500 1658 tabernaculum
3528 1603 3657 1677 igne

356 1688 575 1743 clamas
607 1688 682 1743 ad
726 1704 817 1743 me
861 1687 1061 1758 (Exod.
1095 1688 1240 1758 xxv),
1290 1702 1414 1744 cum
1472 1703 1584 1743 non
1638 1687 1855 1759 legatur
1882 1687 2028 1758 ibiB
2056 1689 2157 1745 Dei
2201 1690 2496 1747 devoratur
2553 1691 2743 1762 (Num,
2777 1691 2920 1763 xvr).
2982 1691 3102 1748 Heli
3149 1692 3409 1748 sacerdos
3450 1692 3505 1747 in
3533 1692 3657 1748 loco

348 1775 556 1847 aliquid
587 1776 894 1842 clamasse;
929 1784 1108 1831 tamen
1143 1776 1343 1831 bonum
1376 1783 1475 1847 est,
1509 1784 1563 1832 et
1590 1776 1738 1832 omni
1769 1776 1952 1848 quieto
2056 1786 2246 1835 sancto
2275 1777 2460 1836 fractis
2489 1779 2792 1836 cervicibus
2822 1780 3119 1851 exspiravit
3147 1779 3213 1851 (Ι
3224 1784 3352 1852 Reg.
3376 1781 3476 1849 ιν).
3495 1781 3658 1836 Beth—

345 1864 772 1936 praaferendum,
802 1864 859 1919 in
887 1864 1105 1920 laudem
1134 1863 1233 1920 Dei
1262 1865 1522 1921 decenter
1550 1873 1603 1921 et
1633 1864 1952 1936 simpliciter
2057 1867 2265 1923 semita:
2310 1868 2365 1923 in
2412 1876 2711 1940 conspectu
2757 1885 2899 1926 arca:
2944 1870 3273 1925 damnantur
3301 1868 3352 1942 (Ι
3392 1872 3517 1943 Reg.
3552 1869 3653 1941 γι).

342 1953 622 2010 laborare.
680 1953 925 2025 Cumque
953 1969 1114 2009 omne
1161 1968 1336 2025 genus
1375 1953 1699 2009 laudationis
1730 1953 1947 2024 divinaz,
2055 1956 2214 2011 Juxta
2255 1973 2407 2011 aram
2438 1956 2722 2027 perimitur
2749 1957 2886 2012 .loab
2917 1958 2993 2028 (II
3019 1960 3148 2029 Reg.
3181 1962 3279 2027 u);
3305 1957 3461 2026 juxta
3488 1957 3656 2014 altare

353 2043 658 2099 secundum
702 2041 971 2099 rationem
1014 2042 1286 2110 exhibita,
1330 2041 1398 2097 sit
1444 2041 1793 2111 laudandum,
1817 2042 1951 2098 illud
2055 2044 2376 2101 trucidatur.
2437 2043 2636 2112 Ozias,
2704 2044 3065 2101 sacerdotium
3106 2045 3331 2119 indigne
3385 2062 3657 2117 usurpans

350 2131 697 2204 probabilius
725 2139 809 2188 est
837 2131 1129 2188 dicendum
1160 2131 1306 2203 quod
1334 2131 1584 2187 habuerit
1614 2132 1866 2189 vanitatis
1897 2140 1950 2188 et
2048 2132 2204 2204 lepra
2247 2132 2592 2205 perfunditur
2635 2133 2713 2205 (II
2752 2136 2886 2190 Par.
2918 2134 3108 2205 xxvi.)
3164 2136 3401 2191 Econtra
3427 2134 3658 2191 humiles

347 2219 945 2292 jactantiaejminimum.
969 2220 1116 2294 Lege
1137 2219 1307 2275 libros
1327 2219 1745 2277 Confessionum
1777 2221 1951 2278 sancti
2053 2239 2106 2285 et
2149 2232 2325 2286 Deum
2367 2231 2623 2287 timentes
2667 2231 2723 2287 in
2782 2231 2919 2288 locis
2964 2228 3192 2286 infirmis
3253 2239 3307 2288 et
3349 2232 3654 2288 exitialibus

349 2308 665 2383 Augustini,
699 2316 750 2364 et
779 2308 1024 2365 invenies
1067 2316 1322 2381 quantum
1353 2308 1447 2365 ille
1468 2310 1797 2380 judicaverit
1823 2326 1948 2366 esse

342 2397 579 2470 periculi
606 2397 665 2453 in
691 2397 1089 2455 cantilenarum
1119 2414 1244 2454 cum
1270 2397 1510 2454 melodia
1531 2398 1837 2454 dulcedine.

915 2581 1143 2638 CAPUT
1188 2582 1341 2638 XIII.

457 2723 664 2792 Quibus
688 2724 873 2797 prosit
898 2725 1088 2781 cultus
1119 2724 1366 2794 divinus,
1400 2728 1457 2781 et
1475 2725 1671 2798 quibus
1700 2742 1835 2783 non.

2046 2318 2253 2389 justitia
2316 2328 2533 2386 tuente,
2565 2319 2865 2376 salvantur.
2916 2320 3119 2391 Ioseph
3162 2320 3219 2375 in
3272 2320 3506 2377 cisterna
3544 2336 3654 2377 non

2046 2408 2268 2480 perit,in
2296 2423 2518 2465 carcere
2540 2425 2649 2465 non
2686 2408 2973 2464 dimittitur
3002 2410 3164 2481 (Gen.
3197 2424 3400 2464 xxxvn
3431 2413 3487 2465 et
3515 2410 3653 2482 xu).

2046 2497 2270 2569 Moyses
2299 2496 2356 2552 in
2398 2496 2563 2553 ﬂuvio
2607 2512 2719 2553 non
2762 2505 2986 2553 necatur
3016 2498 3216 2569 (Exod.
3248 2497 3345 2568 n);
3376 2498 3545 2554 Iacob
3586 2498 3655 2554 de

2047 2584 2387 2658 sterquilinio
2442 2585 2669 2656 erigitur
2727 2585 2864 2657 (Job.
2898 2585 3070 2657 xui);
3113 2585 3384 2641 Jeremias
3424 2586 3494 2641 de
3533 2585 3655 2643 lacu

2047 2688 2269 2729 coenoso
2299 2673 2600 2741 sustollitur
2619 2676 2753 2744 (Jer.
2780 2676 3055 2746 xxxvm).
3089 2673 3284 2730 Daniel
3311 2674 3453 2730 inter
3466 2675 3656 2732 leones

2047 2767 2155 2817 tres
2199 2762 2353 2832 pueri
2401 2763 2542 2818 inter
2590 2763 2776 2836 ignem
2815 2762 2973 2819 illaesi
3001 2770 3288 2818 servantur
3313 2763 3480 2833 (Dan.
3511 2780 3566 2820 v.
3601 2769 3659 2821 et

420 2856 715 2913 Sciendum
746 2871 878 2911 sane
906 2856 982 2910 ita
1026 2856 1246 2911 demum
1295 2856 1622 2928 templorum
1652 2864 1706 2913 et
1735 2856 1946 2914 ofﬁcio-
2040 2865 2120 2905 ιιι.
2170 2851 2365 2906 Petrus
2421 2851 2694 2907 liberatur
2721 2851 2789 2908 de
2826 2867 3052 2908 carcere
3089 2851 3236 2923 (Act.
3292 2853 3417 2924 xu),
3453 2852 3649 2910 Paulus

346 2961 472 3000 rum
521 2960 802 3001 sacrorum
849 2946 965 3000 Deo
991 2986 1005 3014 ,
1039 2944 1417 3001 universorum
1450 2946 1722 3014 creatori,
1771 2946 1946 3005 cuiius
2041 2939 2223 2994 evadit
2275 2939 2344 2996 de
2374 2939 2516 2995 mari
2541 2941 2694 3011 (Act.
2731 2940 2938 3013 xxvn).
2960 2940 3029 2995 Et
3057 2941 3187 3013 quid
3219 2940 3456 3012 amplius
3471 2940 3653 2998 dicam

344 3050 469 3090 esse
498 3042 771 3105 acceptos,
801 3033 848 3087 si
873 3033 1153 3105 hominum
1183 3042 1428 3104 pectora,

346 3121 465 3160 sam
511 3104 647 3161 haec
678 3105 782 3159 sibi
814 3104 1059 3159 exhiberi
1106 3104 1369 3175 permittit
1418 3104 1503 3160 vel
1543 3106 1731 3176 jubet,
1782 3107 1952 3178 ipsius

345 3192 744 3249 inhabitatione
778 3192 980 3249 fuerint
1007 3192 1193 3265 digna.
1226 3194 1285 3248 In
1316 3209 1519 3248 vanum
1549 3195 1691 3248 enim
1722 3194 1872 3267 ligna
1901 3203 1954 3250 et

344 3282 559 3353 lapides
587 3282 816 3354 poliunt,
852 3282 945 3353 qui
995 3296 1180 3336 mores
1209 3297 1318 3337 non
1347 3291 1697 3354 componunt.
1729 3283 1953 3338 Frustra

358 3370 508 3427 dona
536 3378 591 3426 et
642 3371 910 3442 pecunias
944 3377 1323 3441 comportant,
1355 3371 1448 3442 qui
1490 3371 1717 3427 interius
1756 3372 1953 3429 divina:

347 3459 665 3514 subtilitatis
714 3458 931 3515 oculum
979 3474 1089 3514 non
1134 3458 1370 3529 placant.
1424 3460 1566 3515 Nam
1624 3460 1752 3532 quia
1777 3461 1953 3516 Judaet

348 3548 648 3604 Dominum
703 3548 935 3603 interius
982 3563 1093 3603 non
1123 3548 1429 3618 audierunt,
1465 3549 1735 3604 exteriora
1763 3565 1953 3605 eorum

347 3636 677 3708 contempsit
706 3645 760 3692 et
788 3637 988 3707 abjecit
1010 3679 1024 3703 ,
1046 3652 1149 3707 per
1175 3638 1497 3708 pr0phetam
1539 3638 1728 3694 dicens
1760 3656 1774 3693 :
1806 3640 1954 3695 Reli-

345 3728 446 3800 qui
473 3727 702 3783 domum
721 3743 928 3794 meam,
965 3724 1159 3783 dimisi
1187 3728 1579 3784 hereditatem
1605 3744 1792 3783 meam
1814 3729 1947 3798 (Jer.

348 3815 482 3886 xu).
509 3816 577 3871 Et
606 3831 709 3886 per
739 3815 980 3886 seipsum
1016 3835 1028 3871 :
1064 3820 1433 3891 Relinquetur
1460 3816 1608 3872 vobis
1622 3817 1819 3873 domus
1840 3833 1953 3872 ves-

354 3908 449 3959 tra
468 3903 694 3960 deserta
713 3904 936 3975 (Matth.
967 3906 1153 3978 xxm).
1176 3907 1325 3979 Ergo
1361 3913 1582 3976 prOpter
1598 3913 1822 3976 peccata
1856 3904 1954 3961 ho-

346 3992 554 4047 minum
593 3992 714 4047 loca
752 4008 906 4048 sacra
938 4010 969 4048 a
1004 3994 1120 4050 Deo
1158 3994 1386 4068 negligi,
1425 3993 1581 4049 testis
1617 4002 1697 4048 est
1735 4009 1861 4050 arca
1882 3994 1953 4049 ab

348 4078 660 4152 Allophylis
689 4088 846 4152 capta
876 4080 929 4153 (Ι
948 4084 1075 4155 Reg.
1109 4084 1212 4155 ιν),
1236 4081 1497 4153 templum
1526 4082 1686 4137 toties
1706 4098 1955 4138 eversum

345 4168 434 4224 vel
488 4168 858 4240 profanatum,
900 4177 954 4225 et
1000 4170 1184 4226 multae
1230 4170 1663 4226 Christianorum
1708 4170 1956 4228 ecclesia:

344 4272 496 4312 nunc
524 4272 557 4311 a
588 4257 839 4312 barbaris
867 4265 1090 4315 vastata
1118 4258 1205 4315 vel
1236 4260 1532 4325 subversae,
1563 4274 1708 4315 nunc
1736 4259 1956 4334 ignibus

345 4344 439 4400 vel
470 4343 787 4401 fulminibus
819 4346 1093 4415 desolatae,
1126 4364 1273 4404 nunc
1294 4356 1455 4403 terrae
1469 4347 1707 4403 motibus
1737 4348 1824 4403 vel
1844 4357 1954 4403 tur-

1501 3051 1692 3115 υφτειω
1727 3035 1798 3115 ob
1818 3051 1945 3115 ειμι·
1967 3052 2016 3115 o

2045 3026 2300 3099 iniquitas
2327 3027 2398 3085 de
2427 3029 2568 3086 coelo
2598 3028 2829 3103 angelos
2859 3028 3076 3099 dejecit,
3104 3029 3312 3099 justitia
3340 3029 3410 3085 de
3437 3028 3649 3087 inferno

2050 3117 2300 3173 homines
2319 3116 2584 3174 liberavit.

2618 3224 2862 3281 CAPUT.
2900 3224 3048 3281 XIV.

2046 3321 2242 3377 Justus
2261 3320 2570 3379 oblationes
2588 3325 2644 3378 et
2662 3323 2843 3393 magis
2863 3323 3106 3378 virtutes
3132 3338 3304 3394 quam
3328 3324 3650 3396 corporalia

2429 3426 2673 3466 munera
2710 3412 2889 3467 Deum
2916 3411 3257 3467 desiderare.

2123 3523 2407 3578 Postremo
2434 3524 2761 3579 admonendi
2792 3541 3070 3580 sacrarum
3111 3533 3408 3583 structores
3438 3528 3638 3583 aedium

2052 3611 2139 3666 vel
2168 3620 2471 3678 ornatores,
2504 3620 2563 3666 ut
2585 3630 2699 3668 suae
2726 3613 3031 3669 devotionis
3058 3613 3314 3670 aﬁectum
3330 3615 3497 3671 rebus
3506 3616 3652 3685 juste

2052 3699 2335 3771 acquisitis
2365 3702 2657 3757 ostendant
2690 3743 2703 3768 ,
2737 3699 2865 3772 quia
2908 3700 3171 3756 Dominus
3200 3718 3301 3772 per
3327 3705 3650 3774 prophetam

2060 3796 2309 3858 testatur,
2342 3805 2401 3845 se
2430 3790 2551 3846 odio
2580 3790 2779 3845 habere
2808 3791 3074 3862 rapinam
3089 3791 3153 3847 in
3171 3791 3492 3848 holocausta
3513 3793 3646 3862 (Isa.

2051 3876 2192 3949 ιιι).
2226 3878 2294 3932 Et
2325 3877 2455 3933 alibi
2486 3877 2746 3950 scriptum
2775 3885 2858 3934 est
2889 3896 2904 3934 :
2939 3879 3045 3946 Qui
3085 3878 3250 3950 offert
3274 3879 3564 3936 victimam
3583 3882 3651 3938 de

2051 3963 2259 4035 rapina
2284 3963 2573 4036 pauperis,
2606 3964 2768 4037 quasi
2812 3965 2908 4037 qui
2936 3967 3150 4020 mactet
3172 3963 3359 4034 ﬁlium
3387 3969 3522 4021 ante
3550 3983 3650 4038 pa-

2055 4053 2203 4106 trem
2241 4050 2465 4121 (Ezech.
2516 4051 2816 4122 xxxrv.)Et
2845 4052 2901 4107 in
2930 4052 3240 4107 Proverbiis
3271 4068 3284 4108 :
3316 4053 3522 4109 Hostia
3547 4055 3657 4110 im-

2052 4149 2275 4220 piorum
2287 4148 2705 4219 abominabiles,
2720 4151 2853 4223 quia
2863 4150 3185 4221 o/feruntur
3204 4152 3450 4208 ascelere
3461 4152 3646 4223 (Prov.

2051 4237 2200 4307 xxi).
2225 4237 2469 4308 Itemque
2494 4253 2507 4293 :
2535 4239 2749 4295 Honora
2765 4238 3070 4295 Dominum
3089 4237 3156 4294 de
3174 4240 3289 4295 tuis
3300 4240 3476 4311 justis
3500 4241 3648 4297 labo-

2051 4325 2229 4394 ribus,
2254 4334 2306 4381 et
2335 4326 2546 4398 reliqua
2577 4326 2607 4398 (
2625 4329 2788 4384 Prov.
2822 4329 2925 4398 ιιι).
2956 4327 3259 4383 Meminerit
3288 4329 3449 4383 etiam
3476 4329 3650 4386 David

347 4432 571 4489 binibus
593 4434 802 4491 dirutaa.
831 4436 988 4491 Unde
1019 4412 1365 4492 et’Dominus
1393 4453 1495 4508 per
1519 4436 1807 4492 Jeremiam
1824 4412 2019 4509 pec-D
2048 4430 2240 4509 reg?!"
2280 4414 2521 4509 “Plui”?
2563 4415 2812 4509 accipe“?
2841 4430 3022 4509 πέδω
3053 4417 3552 4509 AreuPa_’eb“S€Bi.
3579 4418 3650 4474 ad

346 4524 522 4579 catori
586 4523 794 4595 p0pulo
858 4523 1241 4581 confidentiam
1288 4525 1377 4582 vel
1422 4525 1713 4581 maximam
1752 4525 1946 4598 aufert,

344 4611 541 4668 dicens
574 4629 587 4666 :
621 4612 804 4669 Nolite
824 4613 1104 4683 conﬁdere
1132 4617 1196 4670 in
1216 4615 1395 4671 verbis
1426 4615 1729 4682 mendacii,
1752 4616 1949 4671 dicen-

349 4704 435 4757 tes
461 4718 474 4756 :
502 4701 795 4775 Templum
824 4703 1067 4771 Domini,
1095 4704 1368 4777 templum
1396 4704 1643 4773 Domini,
1676 4712 1780 4759 etc.
1808 4704 1945 4774 (Jer.

343 4790 471 4861 vn).
502 4790 629 4845 Non
658 4790 834 4846 solum
871 4799 1053 4847 autem
1083 4792 1183 4847 Dei
1213 4786 1624 4864 protectionem,
1657 4793 1753 4847 sed
1784 4793 1949 4848 etiam

342 4878 670 4952 angelorum
718 4879 1021 4935 custodiam
1069 4889 1123 4937 et
1167 4889 1477 4936 sanctorum
1519 4895 1707 4936 curam
1754 4897 1784 4935 a
1812 4881 1948 4938 locis

349 4966 629 5039 quondam
664 4968 872 5025 sanctis
917 4969 1225 5038 discedere,
1256 4985 1382 5026 cum
1423 4969 1576 5042 prius
1614 4969 1948 5027 habitatores

347 5054 437 5111 vel
458 5055 700 5113 cultores
720 5056 965 5114 locorum
987 5074 1020 5113 a
1042 5060 1158 5115 Deo
1178 5059 1551 5127 discesserint,
1576 5075 1642 5114 ex
1656 5075 1721 5115 eo
1736 5068 1947 5116 certum

346 5151 434 5200 est
461 5144 607 5217 quod
634 5145 813 5201 omnis
842 5146 1030 5202 militia
1061 5155 1377 5204 sanctorum
1408 5147 1543 5204 solio
1571 5148 1675 5203 Dei
1693 5149 1897 5204 assistit
1929 5167 1944 5206 :

347 5241 401 5290 et
431 5232 526 5289 ubi
555 5234 704 5291 Deus
734 5250 849 5291 non
882 5234 1063 5305 fuerit,
1097 5236 1173 5291 ibi
1203 5253 1326 5293 esse
1348 5254 1458 5293 non
1476 5246 1723 5308 possunt.
1748 5238 1947 5295 Secun-

345 5322 479 5377 dum
509 5323 697 5397 gratiae
726 5324 1096 5381 ostensionem
1124 5325 1267 5392 dico,
1288 5342 1398 5383 non
1427 5327 1720 5382 secundam
1748 5327 1946 5384 divinae

344 5412 605 5483 potentiae
659 5411 1075 5470 immensitatem
1099 5458 1113 5481 ,
1167 5415 1295 5488 quia
1339 5431 1519 5487 neque
1588 5414 1943 5472 infernalibus

342 5498 501 5556 deest
529 5499 623 5573 qui
653 5501 852 5557 coelum
875 5502 1063 5573 implet
1091 5519 1153 5558 ac
1180 5510 1403 5560 terram.
1453 5501 1652 5559 Scribit
1681 5504 1825 5559 enim
1844 5505 1943 5560 Jo-

338 5589 551 5662 sephus
572 5589 661 5662 (de
673 5591 827 5649 Bello
853 5591 1058 5661 Jud.,l.
1083 5607 1180 5663 vn,
1197 5607 1246 5651 c.
1263 5592 1374 5666 17),
1393 5590 1708 5649 imminente
1717 5603 1945 5666 propter

2050 4501 2429 4559 aediﬁcandum
2457 4504 2623 4560 altare
2652 4504 2905 4569 Domino,
2924 4504 3045 4575 ipso
3068 4504 3238 4578 gratis
3254 4504 3385 4560 dare
3404 4505 3641 4575 volente,

2050 4591 2156 4647 nisi
2212 4592 2450 4665 primum
2489 4592 2623 4662 justi
2675 4590 2836 4663 pretii
2893 4593 3221 4664 rependeret
3292 4596 3647 4667 quantitatem

2050 4689 2130 4761 (II
2151 4692 2277 4754 Rea.
2310 4691 2475 4761 xxxv)
2509 4706 2522 4745 :
2546 4698 2600 4745 et
2626 4706 2820 4746 revera
2848 4697 3058 4746 nonest
3082 4691 3384 4747 remedium
3412 4695 3640 4765 peccati,

2049 4785 2095 4841 si
2125 4794 2435 4858 contempto
2465 4786 2652 4842 salutis
2692 4797 2985 4860 praecepto,
3016 4788 3186 4859 ipsius
3209 4790 3368 4863 signa
3397 4799 3645 4847 contem-

2048 4891 2173 4954 ptus
2215 4883 2439 4953 objicias
2480 4884 2824 4956 praceptori.
2870 4885 3081 4941 Deinde
3110 4885 3202 4958 qui
3243 4886 3387 4955 juste
3422 4888 3644 4959 quidem

2048 4971 2223 5039 offert,
2256 4972 2353 5027 sed
2382 4972 2588 5042 majora
2617 4980 2670 5028 et
2698 4972 2912 5028 utiliora
2955 4973 3095 5048 legis
3124 4975 3380 5030 mandata
3408 4984 3641 5049 postpo-

2047 5060 2145 5129 nit,
2175 5060 2325 5116 audit
2353 5076 2477 5117 cum
2512 5061 2648 5117 Cain
2679 5079 2693 5117 :
2725 5063 2846 5118 Non
2875 5078 2948 5118 ne
2976 5064 3028 5118 si
3046 5052 3211 5121 recte
3237 5064 3458 5135 offeras,
3489 5069 3643 5125 recte

2046 5140 2240 5205 autem
2269 5167 2386 5207 non
2422 5150 2657 5217 dividas,
2697 5151 3222 5224 peccasti?quiesce
3240 5153 3402 5225 (Gen.
3425 5170 3503 5224 ιν,
3526 5172 3636 5214 sec.

2044 5239 2217 5310 LXX).
2238 5237 2497 5308 Qualibus
2530 5239 2765 5295 salvator
2791 5238 2920 5295 dicit
2953 5256 2967 5295 :
3006 5242 3090 5297 Va:
3116 5242 3261 5299 vobis
3282 5244 3377 5318 qui
3397 5243 3642 5302 decima—

2049 5328 2120 5383 tis
2148 5329 2444 5384 mentham
2464 5331 2521 5385 et
2551 5332 2763 5395 rutam,
2796 5331 2853 5384 et
2881 5345 3045 5386 omne
3073 5331 3199 5389 olus
3232 5347 3244 5387 :
3278 5336 3335 5391 et
3362 5351 3484 5406 qua:
3513 5351 3643 5389 ara-

2043 5417 2197 5473 viora
2218 5420 2357 5473 sunt
2378 5418 2511 5488 legis
2531 5418 2840 5490 praeteritis
2874 5420 3343 5486 misericordiam,
3355 5421 3641 5493 judicium

2044 5508 2102 5561 et
2120 5506 2418 5561 veritatem
2439 5506 2661 5577 (Matth.
2697 5507 2886 5579 χχιιι).
2908 5508 3038 5566 Haec
3066 5518 3244 5566 autem
3259 5509 3507 5576 dicimus,
3532 5524 3644 5565 non

2045 5608 2154 5665 quo
2168 5592 2544 5652 aediﬁcactium
2559 5603 2612 5652 et
2627 5596 2938 5653 ornantium
2952 5597 3073 5656 loca
3094 5605 3282 5655 sancta
3296 5596 3641 5655 devotionem
