4002 6184
365 234 469 297 935

939 236 1350 304 WALAFRIDI
1371 245 1617 304 STRABI
1639 249 1838 306 FULD.
1869 248 2023 305 MON
2051 247 2202 305 OPP.
2237 249 2414 306 PARS
2444 246 2466 303 Ι
2496 280 2564 289 -
2584 247 3059 305 THEOLOGICA.

3571 250 3674 302 936

369 367 671 438 culpemus,
707 369 806 424 sed
837 386 944 441 quo
991 372 1284 428 doceamus
1315 373 1720 446 eleemosynam
1749 375 1805 429 in
1831 391 1969 446 pau-
1999 376 2056 436 Α
2076 391 2184 429 non
2215 391 2322 429 una
2370 373 2682 447 dignatione
2729 381 3015 444 suscepta,
3051 372 3179 445 quia
3226 371 3433 442 dispari
3465 371 3678 427 fuerant

369 473 530 528 peres
561 457 685 514 huic
715 458 1136 528 praeferendam.
1177 460 1342 531 Quia,
1380 471 1438 517 ut
1483 463 1672 519 beatus
1707 463 1980 535 Hierony-

373 562 496 600 mus
523 547 631 600 ait:
663 568 686 598 cc
731 548 1140 618 Superstiosum
1184 559 1265 604 est
1312 551 1553 623 parietes
1584 568 1718 608 auro
1747 553 1978 626 fulgere,

370 635 754 707 Christumque
773 645 896 691 ante
906 638 1100 706 januas
1130 637 1274 694 fame
1303 647 1355 694 et
1389 641 1633 696 nuditate
1659 642 1924 713 torqueri.
1953 661 1976 691 ι

378 724 501 794 Ipse
532 723 676 779 enim
707 724 783 778 ibi
812 741 912 780 nos
935 725 1088 794 jubet
1114 727 1501 786 thesaurizaro
1523 731 1618 786 ubi
1640 747 1818 803 neque
1837 747 1983 786 aeru-

375 828 458 883 go,
491 829 596 869 nec
627 813 783 868 tinea
831 814 1140 871 demolitur
1169 832 1182 870 :
1217 817 1312 873 ubi
1357 820 1514 888 fures
1561 835 1678 876 non
1707 819 1984 891 e/fodiunt

374 917 478 956 nec
509 903 783 971 furantur
812 901 1031 972 (Matth.
1066 903 1164 973 v1).
1200 906 1268 960 Et
1297 905 1352 960 in
1364 906 1572 974 judicio
1595 907 1842 975 veniens,
1874 923 1985 963 non

372 996 551 1043 utrum
593 989 854 1045 ecclesias
898 991 1344 1061 mdiﬁcassemus,
1380 996 1479 1051 sed
1507 1004 1690 1051 utrum
1721 996 1984 1052 membris

374 1077 491 1146 ejus
532 1077 771 1134 minimis
809 1080 1599 1157 profuissemus,inquisiturus
1647 1094 1729 1141 est
1757 1085 1981 1156 (Matth.

374 1167 538 1238 xxv).

444 1256 571 1310 Haec
602 1256 824 1326 quidem
854 1267 1174 1314 ornamenta
1205 1264 1473 1317 sanctum
1499 1263 1772 1318 saeculare
1805 1264 1986 1333 Apos-

365 1338 522 1399 ‘tolus
543 1345 789 1400 nominat
818 1346 1001 1416 (Hebr.
1036 1347 1142 1419 ix),
1171 1349 1298 1419 quia
1329 1358 1454 1404 sunt
1481 1350 1586 1405 alia
1615 1351 1769 1421 quasi
1801 1359 1987 1406 sancta

378 1433 642 1502 caelestia,
676 1433 836 1491 sicuti
859 1444 982 1490 sunt
1011 1446 1332 1492 ornamenta
1372 1430 1693 1494 animarum.
1721 1438 1854 1508 Quae
1881 1455 1988 1512 quo

377 1522 558 1576 minus
586 1525 729 1594 apud
784 1525 1035 1580 homines
1082 1527 1281 1581 habent
1323 1527 1652 1598 splendoris,
1688 1536 1836 1583 tanto
1865 1528 1988 1599 plus

380 1612 525 1682 apud
571 1613 864 1668 Dominum
910 1614 1110 1668 habent
1156 1616 1335 1670 meriti
1367 1624 1420 1671 et
1445 1617 1735 1672 mercedis.
1769 1617 1992 1690 Legitur

382 1699 527 1793 enim
557 1702 626 1756 de
680 1702 842 1793 beato
872 1702 1138 1793 Gregorio
1185 1719 1329 1775 papa
1381 1707 1525 1776 quod
1572 1722 1682 1761 non
1729 1706 1869 1761 sicut
1898 1705 1990 1760 alii
2005 1734 2058 1793 Β

381 1788 437 1843 in
466 1790 833 1846 exstructione
865 1791 1223 1847 ecclesiarum
1253 1793 1608 1861 laboraverit,
1641 1795 1739 1850 sed
1769 1795 1822 1848 in
1856 1795 1988 1850 doc-

381 1880 526 1935 trina
555 1886 608 1934 et
636 1879 1109 1950 eleemosynarum
1135 1880 1383 1951 largitate
1419 1901 1432 1936 :
1466 1898 1630 1953 quam
1662 1899 1772 1938 non
1802 1883 1979 1938 solum

385 1977 531 2048 apud
580 1992 729 2042 suos,
763 1993 956 2031 verum
995 1977 1156 2031 etiam
1189 1980 1334 2048 apud
1382 1979 1547 2052 longe
1597 1987 1649 2034 et
1696 1981 1752 2034 in
1783 1981 1986 2036 exteris

382 2064 680 2137 provinciis
707 2065 936 2136 positos,
971 2081 1230 2121 exercere
1252 2067 1479 2123 curavit.
1516 2068 1572 2124 Si
1601 2085 1736 2141 ergo
1766 2068 1821 2122 in
1852 2085 1984 2124 con-

385 2153 581 2208 dendis
610 2153 697 2209 vel
727 2153 988 2208 ornandis
1021 2153 1192 2210 sacris
1222 2153 1467 2211 adiﬁciis
1500 2173 1709 2210 summa
1731 2157 1990 2214 sanctitas

389 2250 571 2312 esset,
621 2242 925 2297 debuerunt
971 2244 1289 2298 earumdem
1334 2245 1718 2300 studiosissimi
1771 2263 1986 2314 rerum,

389 2330 511 2387 aliis
541 2330 634 2403 qui
672 2330 852 2384 minus
882 2331 967 2384 his
1016 2330 1282 2386 faciendis
1312 2331 1636 2402 institerunt,
1671 2335 1992 2390 meritorum

386 2418 747 2490 praeeminere
776 2419 1052 2474 distantia.
1087 2419 1196 2475 Sed
1228 2419 1352 2491 quia
1379 2421 1614 2494 legimus
1644 2425 1886 2494 Moysen,
1917 2432 1995 2479 ta-

389 2507 668 2564 bernaculi
713 2515 1062 2573 Structorem,
1096 2509 1165 2563 ad
1193 2524 1394 2580 aquam
1425 2511 1866 2568 contradictionis
1884 2514 1993 2568 Do-

387 2596 521 2651 mini
577 2595 873 2652 offendisse
931 2597 1102 2668 (Nam
1148 2598 1298 2664 XL),
1344 2607 1397 2655 et
1438 2599 1632 2655 idiciro
1689 2601 1762 2656 ad
1789 2609 1992 2656 terram

389 2684 832 2757 repromissionis
851 2701 960 2741 non
981 2686 1299 2756 pervenisse
1331 2705 1343 2741 :
1379 2687 1727 2744 Salomonem
1749 2706 1988 2762 quoque,

394 2781 520 2845 post
566 2774 908 2847 singularem
966 2775 1150 2845 templi
1196 2775 1463 2831 mirabilis
1518 2778 1944 2834 exstructionem
1976 2820 1990 2847 ,

392 2863 680 2918 mulierum
711 2864 994 2920 seductum
1034 2879 1242 2931 amore,
1276 2864 1492 2919 Domini
1520 2865 1788 2922 incurisse
1819 2866 1992 2922 offen-

394 2968 509 3007 sam
567 2952 673 3022 (III
721 2954 848 3024 Reg.
885 2952 1007 3023 x1);
1040 2952 1185 3007 unde
1242 2960 1295 3007 et
1342 2953 1521 3024 regni,
1558 2962 1782 3009 eatenus
1837 2955 1991 3024 uniti,

392 3040 637 3111 potentia
663 3057 696 3096 a
726 3040 933 3095 semine
963 3040 1080 3110 ejus
1111 3040 1361 3108 discissa,
1383 3042 1434 3094 in
1465 3042 1630 3096 aliam
1649 3043 1855 3097 tribum
1877 3061 1997 3114 per-

395 3129 607 3185 niciosa
653 3129 920 3185 divisione
950 3128 1151 3200 partim
1181 3129 1453 3184 concessit
1490 3147 1503 3184 :
1537 3130 1910 3203 intelligimus,
1943 3141 1997 3187 et

399 3219 547 3274 omni
576 3216 880 3289 postposita
921 3217 1198 3271 dubietate
1243 3217 1494 3285 fatemur,
1528 3218 1605 3273 ita
1631 3221 1999 3276 constructio-

396 3323 521 3363 nem
551 3322 832 3362 sacrarum
859 3305 1054 3361 aedium
1085 3321 1152 3361 ex
1181 3306 1445 3379 religiosa
1466 3307 1754 3363 devotione
1775 3309 2002 3365 laudan-

398 3396 542 3461 dam,
575 3403 633 3449 ut
663 3402 846 3449 tamen
875 3395 1124 3462 virtutes,
1160 3411 1287 3466 quae
1317 3403 1442 3450 sunt
1470 3395 1739 3468 spiritales
1768 3406 2004 3455 structu-

397 3507 496 3560 rae,
547 3498 601 3546 et
627 3490 932 3546 animarum
962 3491 1018 3545 in
1067 3491 1444 3562 quibus,Deus
1485 3493 1688 3549 habitat
1715 3503 2003 3551 ornament

397 3581 679 3653 perennia,
729 3579 814 3635 his
843 3580 1071 3635 multum
1107 3582 1382 3652 praelatas.
1418 3581 1554 3650 Quia
1584 3591 1806 3640 terrena
1832 3601 2003 3642 orna-

396 3677 577 3725 menta
610 3669 951 3742 quantalibet
979 3669 1316 3726 formositate
1345 3670 1644 3744 ﬁngantur,
1677 3673 1795 3728 sine
1824 3673 2002 3729 virtu-

396 3759 541 3814 tibus
572 3759 688 3814 Deo
707 3759 996 3815 vilescunt.
1020 3758 1259 3816 Virtutes
1297 3775 1429 3816 vero
1460 3776 1594 3832 quas
1624 3769 1678 3816 et
1706 3762 1764 3816 in
1791 3763 2004 3836 angelis

399 3849 514 3904 suis
545 3847 739 3920 diligit,
765 3848 929 3903 etiam
953 3847 1070 3903 sine
1091 3848 1354 3904 materiali
1374 3849 1769 3920 compositione
1790 3867 2006 3923 semper

401 3937 506 3992 sibi
533 3936 754 4008 placere
783 3937 1143 4003 demonstrat,
1174 3936 1364 3992 dicens
1408 3953 1510 4009 per
1555 3939 1840 3996 Michaeam
1869 3957 2004 4011 pro-

398 4027 623 4097 phetam
657 4043 670 4078 :
705 4025 964 4082 Indicabo
1017 4026 1137 4095 tibi,
1171 4041 1201 4082 ο
1229 4026 1409 4095 homo,
1439 4027 1574 4098 quid
1605 4030 1683 4083 sit
1711 4028 1918 4085 bonum
1948 4033 2006 4085 et

401 4115 534 4188 quid
553 4114 825 4171 Dominus
846 4118 1069 4187 quaerat
1088 4132 1121 4169 a
1151 4117 1206 4170 te
1239 4131 1251 4168 :
1284 4117 1478 4188 utique
1497 4118 1687 4186 facere
1697 4117 2002 4188 judicium,

401 4204 461 4256 et
507 4200 740 4272 diligere
783 4199 1234 4256 misericordiam
1262 4204 1322 4255 et
1356 4201 1671 4257 sollicitum
1715 4203 2008 4259 ambulare

400 4306 532 4346 cum
563 4290 672 4346 Deo
703 4291 801 4344 tuo
832 4288 1020 4359 (Mich.
1057 4289 1158 4358 vi).
1193 4289 1351 4344 Unde
1379 4288 1580 4344 multos
1614 4299 1924 4347 sanctorum
1955 4300 2008 4347 et

399 4386 524 4434 ante
551 4394 710 4432 usum
740 4376 1064 4447 templorum
1093 4391 1376 4432 sacrorum
1395 4376 1669 4448 placuisse
1689 4379 1839 4448 Deo;
1872 4381 2010 4436 alios

2027 3094 2075 3158 Ο

2083 463 2288 518 ratione
2336 462 2538 531 oblata,
2591 462 2742 516 testis
2773 470 2855 517 est
2898 461 3070 516 divini
3099 476 3334 516 censura
3372 469 3674 530 respectus,

2081 559 2136 606 et
2161 551 2451 606 invidentis
2480 551 2731 605 fraternae
2761 549 3005 605 felicitati
3037 550 3169 605 Cain
3201 566 3377 621 usque
3406 549 3476 603 ad
3510 549 3682 603 homi-

2081 640 2209 697 cidii
2253 648 2460 695 reatum
2506 639 2760 710 prolapsa
2807 639 3100 694 dementia.
3138 640 3255 694 Noe
3295 654 3517 710 quoque
3564 646 3683 708 post

2082 728 2326 783 dilivium
2369 728 2438 783 de
2484 727 2701 783 mundis
2731 727 3097 782 animantibus
3142 726 3336 783 obtulit
3365 726 3604 782 Domino
3632 726 3684 780 in

2083 817 2308 873 odorem
2355 817 2636 872 suavitatis
2682 817 2840 886 (Gen.
2893 818 3059 887 vm.).
3107 817 3383 871 Abraham
3432 815 3598 871 etiam
3635 821 3687 870 et

2083 906 2269 973 Jacob,
2303 913 2355 962 et
2383 905 2653 976 patientiae
2681 906 2786 960 Job
2820 904 3116 976 exemplar,
3149 904 3419 960 sacriﬁcia
3449 912 3504 958 et
3532 903 3684 958 holo-

2085 1003 2274 1051 causta
2321 994 2553 1050 Domino
2595 994 2909 1050 immolasse
2965 995 3239 1066 leguntur.
3288 995 3408 1048 Jam
3451 1008 3589 1048 vero
3635 993 3689 1048 in

2085 1083 2208 1156 lege
2239 1099 2402 1155 quam
2432 1083 2748 1154 multiplicia
2778 1083 2887 1137 sint
2913 1082 3252 1138 oblationum
3288 1090 3589 1153 praecepta,
3622 1097 3685 1136 ex

2087 1173 2220 1243 ipsis
2249 1172 2402 1227 libris
2429 1172 2747 1227 discendum
2786 1180 2885 1227 est.
2921 1172 3024 1227 Ubi
3063 1171 3480 1243 quadrupedum
3510 1178 3563 1224 et
3595 1185 3687 1224 vo-

2087 1261 2295 1317 lucrum
2349 1277 2540 1317 carnes
2597 1269 2650 1317 et
2682 1261 2924 1332 sanguis,
2985 1263 3356 1332 temetruges
3389 1268 3441 1314 et
3474 1259 3687 1314 fructus

2088 1351 2360 1417 arborum,
2395 1350 2628 1404 diversis
2677 1350 2855 1404 modis
2886 1347 3073 1404 offerri
3094 1348 3376 1418 jubentur.
3399 1346 3539 1416 Quae
3569 1363 3690 1401 om-

2090 1439 2199 1504 nia,
2233 1455 2358 1494 cum
2386 1437 2646 1510 legalium
2668 1438 3109 1494 Observationum
3125 1437 3349 1505 umbris,
3373 1436 3502 1491 licet
3522 1437 3695 1491 Evan-

2090 1527 2220 1600 gelii
2237 1527 2517 1582 veritatem
2534 1543 2629 1581 sua
2644 1526 3114 1599 praeﬁguraverint
3133 1525 3487 1592 exhibitione,
3513 1533 3694 1579 tamen

2090 1615 2306 1670 inﬁrmo
2345 1624 2398 1670 et
2425 1616 2581 1686 quasi
2614 1631 2837 1671 carnem
2866 1624 2919 1670 et
2953 1615 3274 1687 sanguinem
3313 1614 3550 1684 sapienti
3595 1630 3693 1684 po-

2089 1703 2219 1776 pulo
2251 1704 2500 1775 imposita
2531 1712 2654 1758 sunt
2681 1711 2902 1759 eatenus
2931 1704 3291 1768 observanda,
3327 1703 3506 1758 donec
3537 1702 3696 1756 veni-

2087 1801 2168 1848 ret
2197 1793 2462 1848 Dominus
2483 1791 2624 1863 legis
2655 1801 2707 1846 et
2735 1793 3142 1864 prophetarum,
3177 1800 3230 1847 et
3258 1791 3443 1848 omnia
3473 1807 3596 1862 quae
3627 1790 3695 1844 de

2089 1898 2148 1936 se
2192 1881 2410 1936 fuerant
2449 1881 2650 1952 apertis
2690 1881 2776 1937 vel
2805 1880 3049 1953 mysticis
3097 1880 3257 1936 dictis
3302 1879 3689 1952 praenuntiata,

2087 1971 2173 2027 vel
2203 1970 2538 2042 imaginariis
2580 1969 2941 2040 victimarum,
2990 1968 3382 2025 sacriﬁciorum
3413 1976 3468 2023 et
3497 1968 3698 2022 solem-

2087 2059 2315 2114 nitatum
2363 2059 2557 2113 ritibus
2592 2059 2943 2130 praesignata,
2980 2057 3280 2129 compleret
3314 2076 3328 2110 :
3357 2058 3431 2111 ita
3462 2071 3597 2110 sane
3618 2064 3693 2124 ut,

2088 2147 2441 2204 illucescente
2468 2146 2756 2219 Evangelii
2787 2147 3033 2215 veritate,
3064 2161 3167 2202 nec
3196 2146 3484 2202 credentes
3513 2161 3582 2199 ex
3609 2147 3698 2199 Ju-

2089 2237 2222 2292 daeis
2252 2237 2318 2291 ab
2363 2236 2468 2289 illis
2511 2235 2890 2302 observandis,
2927 2236 3083 2307 quasi
3137 2235 3300 2290 rebus
3330 2234 3616 2304 sacrilegis
3649 2241 3701 2287 et

2089 2324 2337 2396 profanis
2382 2324 2844 2396 prohiberentur;
2877 2341 2978 2380 nec
3008 2325 3080 2379 de
3122 2325 3377 2398 gentibus
3419 2323 3493 2378 ad
3541 2322 3703 2377 ﬁdem

2089 2415 2393 2483 venientes,
2426 2413 2496 2468 ad
2531 2429 2594 2469 ea
2625 2413 2996 2486 suscipienda,
3021 2414 3176 2486 quasi
3194 2412 3353 2468 saluti
3369 2411 3707 2468 Christiano-

2091 2520 2210 2560 rum
2257 2502 2586 2570 necessaria,
2637 2511 2988 2574 cogerentur.

2662 2645 2907 2700 CAPUT.
2953 2643 3101 2699 XVI.

2094 2752 2171 2807 De
2202 2752 2498 2820 sacriﬁciis
2528 2752 2669 2808 Novi
2721 2752 3082 2815 Testamenti,
3115 2753 3171 2805 et
3197 2765 3302 2805 cur
3330 2753 3560 2806 mutata
3581 2750 3701 2806 sint

2517 2853 2622 2910 per
2657 2837 2944 2893 Christum
2971 2835 3274 2905 sacriﬁcia.

2167 2952 2354 3024 Itaque
2396 2939 2672 3019 Christus,
2726 2952 2819 3024 qui
2863 2951 3215 3008 credentibus
3257 2949 3381 3005 ﬁnis
3425 2958 3510 3005 est
3540 2951 3704 3023 legis,

2099 3041 2289 3097 carnis
2312 3041 2780 3112 dispensationem
2811 3041 3053 3106 subiens,
3073 3040 3212 3112 legis
3241 3048 3459 3106 statuta,
3492 3049 3555 3094 ut
3582 3048 3710 3111 pote

2101 3145 2133 3184 a
2165 3131 2302 3195 Deo,
2337 3146 2444 3185 non
2475 3131 2714 3201 respuit;
2736 3130 2866 3201 quin
2894 3129 3074 3201 potius
3101 3129 3154 3182 in
3186 3145 3264 3197 se,
3284 3137 3343 3183 ut
3363 3129 3707 3195 terminaret,

2102 3218 2355 3289 explevit.
2414 3219 2555 3276 Novi
2603 3235 2736 3274 vero
2782 3219 3117 3273 Testamenti
3156 3233 3295 3273 nova
3337 3217 3596 3288 mysteria
3625 3218 3700 3273 ad

2101 3307 2484 3362 instruendum
2542 3325 2744 3363 novum
2801 3307 3080 3363 hominem
3117 3306 3338 3361 tradidit
3385 3314 3486 3361 :et
3532 3315 3710 3363 morte

2102 3413 2198 3451 sua
2255 3405 2444 3452 vetera
2488 3396 2779 3468 perﬁciens
2799 3439 2814 3463 ,
2847 3396 3250 3453 resurrectione
3305 3412 3405 3450 sua
3432 3411 3580 3451 nova
3608 3393 3712 3448 ﬁr-

2101 3485 2284 3541 mavit.
2347 3486 2408 3540 In
2465 3502 2617 3541 omna
2675 3485 2946 3558 siquidem
3005 3499 3170 3556 quam
3200 3492 3324 3539 ante
3354 3484 3712 3540 traditionem

2102 3589 2255 3628 suam
2285 3573 2532 3628 ultimam
2588 3591 2711 3630 cum
2755 3573 3037 3646 discipulis
3080 3573 3295 3640 habuit,
3327 3581 3454 3643 post
3482 3573 3713 3628 Pascha:

2102 3661 2303 3717 veteris
2365 3663 2646 3729 solemnia,
2680 3663 2925 3734 corporis
2979 3669 3030 3717 et
3069 3661 3347 3733 sanguinis
3404 3661 3491 3716 sui
3520 3677 3713 3717 sacra-

2101 3760 2282 3807 menta
2327 3751 2385 3806 in
2417 3752 2571 3823 panis
2602 3761 2654 3808 et
2699 3752 2808 3808 vini
2857 3751 3156 3807 substantia
3186 3751 3391 3806 eisdem
3421 3749 3711 3822 discipulis

2105 3841 2348 3912 tradidit,
2405 3850 2457 3896 et
2487 3857 2555 3898 ea
2609 3841 2663 3895 in
2722 3841 3292 3896 commemorationem
3349 3840 3713 3896 sanctissima:

2107 3945 2220 3985 suae
2250 3929 2520 4000 passionis
2562 3928 2845 3986 celebrare
2895 3929 3198 4000 perdocuit.
3232 3928 3380 3983 Nihil
3409 3945 3546 3999 ergo
3579 3945 3710 3984 con-

2107 4018 2394 4088 gruentius
2425 4017 2510 4071 his
2541 4017 2830 4088 speciebus
2857 4017 2927 4072 ad
2969 4015 3382 4090 signiﬁcandam
3408 4017 3603 4088 capitis
3631 4025 3712 4071 at-

2106 4121 2209 4177 que
2238 4105 2607 4161 membrorum
2655 4106 2915 4161 unitatem
2943 4105 3116 4178 potuit
3162 4104 3394 4161 inveniri
3426 4124 3439 4159 :
3475 4106 3602 4177 quia
3633 4105 3714 4160 vi-

2107 4193 2323 4260 delicet,
2366 4195 2503 4251 sicut
2539 4195 2698 4266 panis
2737 4196 2806 4250 de
2834 4195 3018 4250 multis
3073 4194 3260 4268 granis
3291 4211 3446 4267 aqum
3475 4194 3712 4266 coagulo

2105 4282 2161 4336 in
2198 4299 2365 4337 unum
2400 4300 2600 4355 corpus
2641 4284 2928 4357 redigitur,
2951 4293 3003 4339 et
3023 4283 3206 4339 vinum
3246 4300 3310 4338 ex
3332 4283 3518 4337 multis
3539 4284 3713 4340 acinis

2110 4371 2446 4442 exprimitur,
2473 4374 2551 4429 sic
2571 4382 2832 4444 etcorpus
2854 4373 3054 4428 Christi
3075 4389 3140 4428 ex
3179 4372 3524 4427 multitudine
3546 4389 3714 4429 sanc-

399 4483 553 4534 vero,
615 4474 905 4538 postquam
951 4466 1068 4522 Deo
1113 4482 1215 4536 per
1256 4466 1380 4522 loca
1423 4466 1645 4523 diversa
1695 4456 2071 4526 sanctuariaD
2102 4468 2279 4516 torum
2297 4462 2596 4517 coadunata
2612 4462 2929 4533 completur.
2952 4462 3712 4533 Undeconsulteaprioribus

403 4565 528 4612 sunt
590 4556 922 4621 constituta;
954 4554 1010 4608 in
1075 4555 1311 4610 desertis
1361 4563 1413 4611 et
1459 4556 1836 4627 squalentibus
1881 4559 2016 4614 locis

399 4653 805 4703 commorantes
836 4686 850 4712 ,
913 4645 1116 4700 scimus
1174 4645 1530 4716 omnipotenti
1587 4645 1820 4702 Domino
1881 4647 2015 4703 solis

398 4734 691 4792 virtutibus
722 4733 1008 4789 militasse.

1029 4839 1255 4897 CAPUT
1290 4840 1412 4896 XV.

793 4931 868 4986 De
906 4930 1279 4986 oblationibus
1310 4934 1582 4986 veterum.

475 5013 603 5068 Haac
631 5013 700 5068 de
732 5029 1019 5069 sacrorum
1068 5011 1288 5068 fabricis
1317 5021 1370 5068 et
1414 5013 1603 5068 usibus
1633 5013 1882 5069 locorum
1909 5029 2011 5068 nos

408 5115 507 5169 pro
539 5100 756 5156 modulo
786 5102 1052 5158 tarditatis
1084 5110 1136 5157 et
1177 5101 1410 5175 ignaviae
1439 5111 1640 5158 nostra:
1669 5118 2010 5158 commemo-

405 5203 558 5243 rasse
590 5187 798 5244 suﬁicit.
833 5191 993 5248 Nunc
1021 5191 1089 5247 de
1121 5190 1405 5248 sacriﬁciis
1429 5199 1482 5248 et
1496 5192 1866 5249 oblationibus
1889 5209 2008 5265 quae

405 5276 462 5331 in
483 5276 562 5332 eis
581 5277 699 5331 Deo
719 5279 1060 5347 exhibentur,
1085 5281 1230 5352 quod
1241 5281 1358 5352 ipse
1376 5281 1610 5349 dederit,
1624 5283 2004 5354 adjungamus.

407 5366 547 5422 Abel
577 5373 631 5422 et
659 5365 794 5422 Cain
815 5367 973 5437 primi
1003 5371 1234 5426 Domino
1267 5386 1499 5427 munera
1528 5371 1792 5427 obtulisse
1823 5373 2008 5445 legun-

408 5463 532 5525 tur;
565 5457 657 5513 ille
705 5455 928 5529 quidem
976 5459 1044 5513 de
1075 5461 1408 5516 naturalibus
1451 5461 1635 5517 ovium
1659 5504 1673 5529 ,
1708 5477 1843 5533 quas
1872 5477 2006 5532 pas-

407 5547 583 5615 cebat,
608 5546 836 5615 fetibus;
869 5547 938 5604 de
992 5549 1224 5604 terrenis
1270 5551 1393 5618 iste,
1423 5567 1560 5622 quas
1591 5558 1708 5606 arte
1738 5559 1792 5606 et
1821 5550 2006 5606 labore

414 5636 720 5708 acquisivit,
742 5636 988 5711 frugibus
1031 5638 1194 5710 (Gen.
1229 5637 1330 5705 IV).
1363 5638 1472 5694 Sed
1520 5639 1666 5696 dona
1722 5639 2006 5696 amborum

2118 4558 2371 4605 statutum
2406 4560 2487 4606 est
2512 4568 2580 4607 ne
2608 4551 2792 4607 vinum
2827 4552 2880 4605 in
2916 4550 3182 4606 sacriﬁcio
3201 4551 3316 4605 sine
3338 4567 3496 4622 aquae
3514 4551 3718 4606 admis-

2113 4637 2259 4695 tione
2277 4638 2558 4705 offeratur,
2578 4648 2635 4695 ut
2654 4640 2908 4695 videlicet
2927 4656 3026 4712 per
3045 4639 3150 4695 hoc
3167 4640 3456 4709 indicetur,
3482 4640 3719 4712 populos

2115 4727 2227 4798 qui,
2281 4729 2580 4784 secundum
2622 4729 2890 4784 Joannem
2930 4723 3118 4801 (Apoc.
3180 4732 3343 4798 xvn),
3373 4746 3523 4801 aqua
3567 4737 3716 4798 sunt,

2113 4833 2144 4870 a
2181 4818 2396 4873 Christo
2420 4861 2434 4888 ,
2467 4818 2618 4886 cujus
2676 4817 2898 4889 sanguis
2928 4818 2984 4871 in
3013 4816 3184 4873 calice
3242 4825 3342 4884 est,
3378 4817 3548 4872 dividi
3605 4832 3718 4872 non

2112 4908 2331 4964 debere.
2364 4909 2513 4980 Ergo
2544 4922 2647 4962 nec
2699 4907 2881 4961 vinum
2910 4906 3026 4961 sine
3075 4923 3248 4978 aqua,
3282 4923 3382 4961 nec
3424 4922 3568 4979 aqua
3599 4906 3719 4960 sine

2111 4998 2238 5053 vino
2259 4996 2479 5053 offertur
2511 5015 2523 5049 :
2557 4995 2682 5068 quia
2712 5011 2813 5052 nec
2842 4996 3088 5052 Christus
3118 4996 3274 5050 aliter
3295 5012 3455 5067 quam
3487 5011 3587 5066 pro
3619 5011 3718 5066 po-

2111 5088 2240 5159 pulo
2273 5103 2372 5142 suo
2392 5102 2589 5157 passus
2607 5094 2708 5150 est,
2733 5101 2837 5141 nec
2855 5085 3010 5140 aliter
3026 5086 3258 5157 populus
3282 5100 3449 5157 quam
3473 5101 3576 5154 per
3592 5101 3720 5154 pas-

2111 5177 2319 5231 sionem
2358 5175 2556 5229 Christi
2599 5181 2779 5246 potest
2829 5173 3048 5229 salvari.
3101 5173 3242 5242 Quia
3287 5189 3418 5229 voro
3466 5173 3718 5227 Christus

2109 5265 2367 5323 sacerdos
2399 5280 2521 5320 esse
2561 5263 2759 5318 dicitur
2803 5263 3101 5318 secundum
3148 5261 3399 5318 ordinem
3426 5259 3720 5317 Melchise-

2112 5363 2252 5419 dech
2278 5407 2290 5431 ,
2322 5362 2469 5435 quod
2500 5359 2777 5434 apostolus
2833 5359 3034 5416 Paulus
3096 5357 3473 5432 copiosissime
3519 5347 3717 5413 astruit

2107 5460 2127 5532 (
2157 5461 2286 5516 Heb.
2311 5460 2433 5532 vn),
2468 5459 2615 5516 salva
2643 5457 3021 5529 multiplicium
3052 5457 3256 5512 ratione
3274 5455 3573 5527 ﬁgurarum
3593 5455 3715 5527 qui-

2105 5550 2209 5605 bus
2238 5549 2383 5606 idem
2419 5549 2694 5606 sacerdos
2724 5546 2824 5603 Dei
2856 5547 3054 5602 summi
3082 5548 3240 5602 Jesus
3269 5546 3514 5601 Christus
3545 5545 3716 5601 Filius

2105 5639 2241 5708 Dei,
2313 5639 2407 5711 qui
2489 5638 2840 5710 semetipsum
2899 5635 3044 5693 Patri
3088 5651 3188 5708 pro
3254 5635 3413 5691 nobis
3475 5633 3709 5704 obtulit,
