4002 6184
392 158 501 211 93⁸7

1509 151 1602 207 DE
1657 148 1879 207 REBUS
1916 143 2483 204 ECCLESIASTICIS

3605 150 3708 204 938

396 296 785 370 pronuntiasse
816 293 1205 369 cognoscitur:
1259 309 1562 367 congruum
1603 310 1777 367 genus
1810 289 2022 349 sacriﬁ—
2049 277 2214 363 Aqui
2244 305 2375 346 vero
2403 286 2733 345 medicinam
2761 286 2848 344 vel
2894 301 3004 343 non
3045 285 3207 343 habet
3254 288 3340 345 vel
3389 306 3452 346 ea
3490 291 3712 366 indigne

397 386 468 442 cii
499 385 766 442 Dominus
794 393 1002 454 noster,
1037 384 1293 441 sacerdos
1327 400 1506 449 verus,
1560 385 1617 438 in
1666 382 1912 454 corporis
1951 388 2006 436 et

399 475 684 546 sanguinis
715 475 796 530 sui
827 473 1148 545 mysterium
1180 473 1469 543 providere
1500 473 1754 545 dignatus
1789 479 1891 539 est,
1948 478 2006 526 ut

397 564 657 620 videlicet
689 562 827 619 sicut
854 562 1255 618 Melchisedech
1284 570 1406 616 ante
1437 561 1906 617 circumcisionem
1953 567 2006 614 et

400 652 544 725 legis
577 651 949 721 caeremonias,
982 651 1172 707 vivens
1201 667 1265 705 ex
1295 650 1419 719 ﬁde,
1479 666 1679 722 panem
1723 658 1776 705 et
1824 649 2007 705 vinum

404 741 610 814 legitur
636 741 934 796 obtulisse:
967 740 1040 795 ita
1067 740 1186 810 ipse
1213 740 1497 808 Dominus,
1544 738 1785 810 pontifex
1831 737 2007 793 factus

403 829 708 886 secundum
740 830 989 884 ordinem
1020 844 1129 884 non
1187 832 1388 897 Aaron,
1443 829 1540 884 sed
1583 827 2003 892 Melchisedech,

393 920 598 988 justus,
627 926 680 973 et
703 916 1009 986 justiﬁcans
1039 933 1165 972 eum
1200 917 1292 989 qui
1323 934 1387 973 ex
1410 916 1513 972 ﬁde
1536 925 1637 982 est,
1661 924 1785 987 post
1825 915 2007 986 exple-

401 1007 609 1063 tionem
638 1007 780 1078 legis
810 1007 1032 1062 easdem
1061 1007 1275 1079 species
1305 1006 1554 1062 sacriﬁcii
1583 1005 1834 1061 ﬁdelibus
1896 1004 2008 1059 suis

402 1097 644 1151 tradidit.
678 1097 791 1151 Nec
821 1096 1129 1152 dubitemus
1159 1112 1269 1150 non
1292 1095 1407 1150 sine
1427 1095 1686 1166 operibus
1703 1095 1840 1166 legis
1853 1093 2008 1162 justi-

400 1184 551 1241 ﬁcari
581 1201 677 1256 per
707 1184 890 1255 ﬁdem,
924 1185 1054 1240 dum
1085 1185 1208 1240 illos
1239 1185 1514 1239 imitamur
1538 1184 1786 1238 libertate
1808 1182 1933 1237 ﬁdei
1957 1190 2009 1237 et

401 1274 730 1340 devotionis,
761 1290 898 1346 quos
946 1275 1062 1328 sine
1115 1273 1376 1328 servitute
1427 1272 1566 1346 legis
1617 1271 1857 1328 coactiva
1892 1271 2009 1326 Deo

402 1364 789 1434 cognoscimus
820 1363 1093 1434 placuisse
1126 1379 1224 1433 per
1255 1361 1438 1416 ﬁdem.
1471 1363 1620 1433 Ergo
1672 1361 1802 1415 dum
1851 1367 2010 1414 notus

404 1461 553 1508 esset
582 1453 637 1507 in
666 1452 854 1507 Judaea
885 1454 1050 1517 Deus,
1087 1453 1326 1522 dumque
1353 1452 1408 1505 in
1441 1466 1548 1505 uno
1571 1449 1907 1504 tabernaculi
1926 1449 2012 1504 vel

367 1541 595 1613 .templi
625 1541 744 1596 loco
792 1540 1065 1605 sacriﬁcia
1109 1541 1374 1596 deberent
1423 1538 1627 1604 offerri,
1675 1546 2006 1610 praeceptum

2104 379 2288 447 utitur,
2320 378 2483 451 longe
2523 393 2582 434 se
2612 393 2643 432 a
2688 376 2902 433 medico
2949 392 3072 433 esse
3101 377 3414 450 languendo
3463 390 3707 441 testatur.

2105 469 2227 524 Non
2258 468 2402 524 enim
2432 467 2691 523 mentitur
2721 466 2813 538 qui
2843 466 2974 522 dicit
3007 482 3019 522 :
3053 468 3174 522 Nisi
3227 469 3711 530 manducaveritis

2107 574 2337 613 carnem
2349 557 2459 626 ﬁlii
2473 557 2737 622 hominis,
2754 559 2820 611 ut
2832 556 3080 612 biberitis
3093 559 3214 628 ejus
3226 561 3584 631 sanguinem,
3600 580 3714 620 non

2110 645 2379 701 habebitis
2411 647 2587 701 vitam
2619 646 2680 699 in
2704 646 2870 713 vobis,
2905 652 2957 700 et
2989 645 3218 716 reliqua.
3253 647 3544 705 Sciendum
3567 652 3713 708 enim

2109 749 2142 788 a
2172 734 2371 789 sanctis
2400 734 2647 788 Patribus
2682 733 2754 787 ob
2784 734 2890 788 hoc
2945 733 3031 789 vel
3086 735 3322 791 maxime
3365 740 3716 796 constitutum

2109 831 2166 876 ut
2217 822 2516 878 mortaliter
2584 830 2878 893 peccantes
2926 838 2956 877 a
3021 825 3370 880 sacramentis
3417 828 3716 886 Dominicis

2109 919 2416 980 arceantur,
2464 927 2532 967 ne
2578 911 2802 983 indigne
2852 926 2916 966 ea
2958 913 3324 984 percipientes
3385 916 3472 970 vel
3520 920 3714 989 majori

2110 1009 2263 1055 reatu
2292 1000 2655 1067 involvantur,
2689 1009 2745 1054 ut
2788 1000 2976 1068 ludas,
3034 1018 3199 1072 quem
3244 1011 3368 1075 post
3413 1021 3610 1075 panem
3629 1017 3714 1064 te-

2109 1105 2262 1144 mere
2295 1104 2327 1143 a
2356 1089 2620 1162 magistro
2650 1097 2983 1160 susceptum,
3011 1090 3263 1146 diabolus
3286 1092 3484 1149 dicitur
3503 1095 3717 1166 plenius

2109 1177 2397 1248 invasisse,
2421 1186 2476 1232 ut
2493 1179 2698 1234 crimen
2744 1178 3052 1248 quodprius
3089 1179 3360 1236 scelerata
3433 1187 3721 1254 premedi-

2111 1265 2315 1322 latione
2357 1275 2696 1337 conceperat,
2739 1267 2848 1335 jam
2902 1266 3342 1325 sceleratissimo
3375 1286 3722 1330 consumma-

2112 1363 2195 1410 ret
2225 1354 2420 1411 eﬁectu
2454 1373 2466 1410 :
2502 1356 2588 1410 vel
2619 1371 2686 1411 ne
2737 1356 2906 1426 (quod
2955 1357 3250 1428 Apostolus
3309 1360 3377 1415 de
3428 1363 3718 1431 corinthiis

2113 1443 2266 1520 dicit)
2300 1443 2666 1499 inﬁrmitatem
2690 1445 2939 1514 corporis
2961 1453 3014 1500 et
3037 1445 3484 1518 imbecillitatem,
3511 1452 3720 1523 ipsam-

2114 1549 2219 1603 que
2251 1541 2485 1588 mortem
2517 1541 2942 1603 praesumptores
2972 1534 3263 1592 incurrant.
3312 1539 3379 1593 Et
3425 1549 3482 1595 ut
3509 1557 3540 1596 a
3573 1557 3722 1599 com-

406 1639 508 1696 est,
541 1631 630 1686 vel
659 1630 834 1701 potius
867 1629 1194 1700 permissum
1229 1628 1562 1695 carnalibus,
1599 1628 1774 1683 varias
1796 1637 2010 1682 etsum-
2043 1640 2095 1700 Β
2116 1621 2373 1676 munione
2406 1622 2677 1693 suspensi,
2712 1630 2918 1678 terrore
2949 1625 3065 1693 ejus
3095 1625 3424 1683 exclusionis
3469 1637 3521 1685 et
3575 1648 3716 1703 quo-

405 1728 634 1792 ptuosas
661 1719 958 1773 ablationes
989 1719 1266 1784 exhibere,
1299 1727 1357 1773 ut
1389 1717 1607 1772 servilis
1658 1717 1855 1788 religio
1895 1733 2024 1788 gra-

405 1808 566 1864 vibus
593 1808 923 1863 desuaderet
951 1807 1255 1878 obsequiis.
1297 1809 1366 1861 At
1404 1821 1533 1862 vero
1549 1813 1836 1877 postquam
1859 1822 2026 1876 super

405 1913 626 1953 omnem
675 1904 869 1952 terram
926 1896 1198 1950 laudabile
1257 1910 1463 1950 nomen
1542 1894 1760 1949 Domini
1826 1894 2018 1960 illuxit,

408 1987 649 2059 dumque
676 1987 730 2040 in
761 1985 1013 2041 omnibus
1043 1984 1179 2040 locis
1209 1993 1261 2039 et
1291 1984 1558 2056 gentibus
1605 1999 1714 2038 non
1760 1983 2016 2054 speciale,

406 2076 507 2132 sed
536 2075 790 2147 generale
823 2075 1166 2130 sacerdotum
1195 2074 1423 2145 geritur,
1458 2073 1588 2128 itota
1627 2072 1867 2127 ﬁdelium
1899 2073 2018 2128 uni-

409 2173 518 2220 tate
547 2181 658 2219 non
687 2165 742 2219 in
771 2181 935 2218 unum
967 2165 1330 2234 corporaliter
1359 2163 1557 2231 locum,
1608 2163 1705 2216 sed
1753 2161 1808 2216 in
1858 2179 2018 2216 unam

409 2253 726 2324 spiritaliter
751 2251 916 2308 ﬁdem
946 2261 1329 2320 concurrente,
1364 2260 1623 2307 statutum
1651 2259 1735 2306 est
1765 2250 2018 2306 ﬁdelibus

409 2343 716 2398 oblationes
747 2342 1020 2413 simplices
1051 2342 1282 2397 Domino
1313 2356 1658 2406 consecrare,
1691 2357 1809 2412 quae
1828 2349 1881 2394 et
1916 2356 2015 2396 ve-

408 2432 625 2487 ritatem
672 2431 925 2503 mysterii
973 2431 1333 2496 continerent,
1388 2439 1438 2485 et
1507 2430 1648 2484 ﬁlios
1708 2429 2015 2500 adoptionis

408 2520 558 2576 nulla
592 2530 906 2591 sumptuum
937 2519 1250 2575 difﬁcultate
1283 2519 1726 2590 comprimerent.

481 2611 604 2666 Non
637 2618 719 2665 est
767 2617 943 2664 autem
994 2608 1400 2665 discutiendum
1450 2609 1656 2663 ratione
1703 2607 2014 2662 mortalium

409 2716 509 2756 cur
540 2699 658 2754 haec
688 2699 774 2754 vel
804 2699 912 2766 illa,
947 2698 1050 2752 isto
1079 2697 1166 2753 vel
1194 2697 1286 2752 illo
1317 2706 1582 2769 tempore,
1619 2697 1776 2768 quasi
1798 2697 2016 2751 diversa

408 2796 463 2843 et
494 2788 880 2859 discrepantia,
914 2787 1022 2853 ille,
1059 2786 1151 2858 qui
1183 2803 1403 2858 semper
1432 2787 1578 2841 idem
1610 2794 1691 2840 est
1725 2795 1776 2840 et
1816 2785 2016 2840 mutari

408 2892 521 2933 non
570 2886 768 2947 potest,
823 2876 1068 2931 statuerit
1112 2876 1199 2930 vel
1241 2876 1468 2943 jusserit
1520 2894 1532 2928 :
1581 2892 1704 2931 cum
1771 2875 2015 2946 ipsorum

2123 1711 2247 1764 dam
2278 1711 2746 1766 condemnationis
2786 1713 3128 1768 anathemate
3168 1716 3562 1788 compellantur
3608 1728 3715 1776 stu-

2123 1799 2327 1854 diosius
2381 1800 2713 1870 pcenitentiae
2785 1801 3244 1858 medicamentum
3293 1815 3581 1876 -appetere
3664 1818 3717 1866 et

2122 1887 2334 1944 avidius
2363 1881 2757 1960 recuperandae
2787 1889 2974 1944 salutis
3005 1890 3292 1948 desideriis
3341 1894 3568 1953 inhiare.

2680 2068 2905 2124 CAPUT
2956 2068 3154 2126 XVIII.

2439 2190 2588 2260 Quid
2617 2192 2966 2262 offerendum
2994 2195 3074 2251 sit
3101 2197 3166 2250 in
3196 2197 3393 2254 altari.

2189 2341 2445 2410 Quamvis
2489 2350 2671 2398 autem
2735 2344 3052 2400 eorumdem
3117 2358 3522 2407 sacramentum
3583 2369 3714 2412 usus

2114 2431 2182 2486 ab
2212 2431 2331 2502 ipso
2362 2431 2594 2487 Domino
2626 2433 2876 2502 traditus,
2932 2442 2984 2489 et
3031 2435 3096 2489 ab
3141 2439 3404 2507 apostolis
3451 2443 3714 2512 apostoli-

2115 2520 2302 2592 cisque
2357 2520 2489 2575 viris
2519 2520 2573 2574 in
2604 2529 2764 2576 totam
2789 2521 3054 2579 Ecclesiae
3071 2525 3351 2582 catholica;
3371 2527 3715 2589 latitudinem

2115 2609 2182 2663 sit
2214 2609 2583 2679 transmissus,
2617 2618 2800 2666 tamen
2827 2611 3017 2682 primis
3068 2615 3397 2686 temporibus
3451 2621 3715 2691 quosdam

2114 2697 2214 2752 alia
2265 2700 2514 2770 quadam
2573 2715 2775 2772 genera
2832 2700 3165 2758 oblationem
3230 2705 3426 2762 offerre
3504 2710 3712 2781 solitos,

2113 2786 2464 2860 intelligimus
2511 2804 2577 2842 ex
2621 2789 2937 2858 canonibus,
2989 2800 3039 2847 et
3067 2793 3302 2850 maxime
3325 2797 3711 2867 apostolorum,

2113 2876 2169 2930 in
2201 2892 2431 2960 quorum
2463 2877 2622 2932 tertio
2654 2879 2888 2949 capitulo
2917 2879 2989 2934 ita
3019 2882 3308 2939 scribitur:
3333 2906 3354 2935 tl
3383 2885 3440 2942 Si
3462 2888 3583 2959 quis
3604 2890 3713 2961 epi-

409 2966 662 3023 conditor
690 2973 741 3020 et
780 2966 1058 3021 ordinator
1107 2973 1413 3035 temporum
1459 2964 1724 3037 quidquid
1763 2965 1818 3017 in
1863 2973 2006 3018 tem-
2035 3000 2084 3065 C
2120 2981 2317 3036 scopus
2347 2951 2437 3020 aut
2480 2965 2770 3037 presbyter
2815 2976 3014 3038 prmter
3054 2971 3449 3030 ordinationem
3479 2951 3714 3035 .Domini

405 3071 546 3126 pore
575 3054 652 3121 ﬁt,
686 3071 794 3110 non
825 3054 1108 3125 temporali
1148 3053 1426 3124 sapientiae
1469 3070 1579 3108 sua
1633 3053 1860 3118 ratione,
1912 3053 2010 3108 sed

407 3152 630 3210 aeterna,
659 3145 823 3213 juste,
859 3143 1246 3199 convenienter
1277 3151 1330 3197 et
1361 3142 1578 3210 utiliter,
1613 3143 1863 3213 quamvis
1912 3159 2013 3198 sae-

408 3235 533 3304 pius
564 3234 792 3302 occulte,
826 3233 1099 3304 disponat.
1133 3232 1443 3287 Notandum
1476 3240 1653 3288 tamen
1707 3232 1853 3301 quod
1903 3247 2013 3286 non

407 3324 477 3379 de
509 3324 822 3392 majoribus,
869 3322 1196 3385 fortioribus,
1249 3321 1655 3389 sanctioribus,—
1681 3320 2010 3386 utilioribus,

407 3413 482 3467 ad
512 3413 741 3476 minora,
775 3411 1090 3476 inﬁrmiora,
1117 3410 1325 3476 viliora,
1367 3409 1643 3465 inutiliora
1690 3425 1866 3479 genus
1914 3411 2012 3464 hu-

407 3517 632 3556 manum
685 3501 959 3556 vocaverit
1012 3518 1024 3554 :
1068 3499 1166 3555 sed
1207 3499 1346 3554 sicut
1391 3514 1622 3570 persona
1673 3498 1792 3553 Filii
1839 3497 2012 3554 servis

406 3590 725 3662 prmmissis,
759 3590 844 3645 vel
875 3589 1086 3660 angelis
1117 3588 1386 3654 videlicet,
1422 3588 1507 3642 vel
1537 3587 1864 3652 horninibus,
1918 3604 2014 3642 na-

410 3688 548 3734 turae
578 3696 688 3734 suae
716 3679 994 3749 praeminet
1023 3679 1302 3747 majestate
1338 3695 1351 3744 ;
1387 3677 1464 3732 sic
1485 3677 1601 3748 ipse
1636 3677 1692 3731 in
1732 3690 1898 3732 carne
1945 3677 2015 3731 ad

409 3769 658 3833 veniens,
692 3768 798 3822 illis
845 3768 1048 3836 majora
1102 3767 1346 3831 instituit,
1401 3774 1452 3821 et
1499 3782 1528 3819 a
1576 3765 1890 3821 carnalibus
1945 3765 2014 3820 ad

409 3857 692 3929 spiritalia,
726 3874 756 3910 a
785 3858 1012 3912 terrenis
1041 3857 1112 3911 ad
1137 3855 1396 3921 cozlestia,
1432 3872 1464 3909 a
1495 3854 1883 3926 temporalibus
1945 3855 2014 3908 ad

409 3955 632 4013 interna,
667 3946 734 4001 ab
778 3945 1113 4017 imperfectis
1156 3946 1222 3999 ad
1265 3945 1526 4017 perfecta,
1582 3945 1650 3999 ab
1699 3945 1895 3999 umbra
1944 3944 2015 3999 ad

408 4050 632 4106 corpus,
663 4035 731 4090 ab
761 4035 1096 4108 imaginibus
1143 4034 1210 4090 ad
1260 4034 1540 4092 veritatem
1586 4033 1772 4090 docuit
1829 4041 2013 4090 trans-

416 4125 680 4181 eundum.

990 4256 1213 4314 CAPUT
1273 4257 1443 4313 XVII.

409 4367 488 4426 De
518 4368 728 4423 virtute
749 4369 1256 4431 sacramentorum,
1288 4369 1343 4420 et
1373 4381 1475 4420 cur
1505 4365 1570 4420 ab
1592 4365 1670 4420 eis
1701 4363 1997 4422 criminosi
2027 4364 2082 4425 D

991 4455 1435 4526 suspendantur.

485 4570 658 4642 Igitur
687 4585 810 4626 cum
841 4569 958 4640 ipse
988 4569 1154 4624 Filius
1184 4568 1284 4624 Dei
1313 4568 1456 4624 dicat
1490 4586 1502 4622 :
1539 4569 1675 4625 Caro
1714 4585 1840 4624 mea
1884 4584 2010 4626 vere

409 4665 496 4717 est
516 4661 670 4716 cibus
687 4663 741 4715 et
755 4661 986 4730 sanguis
1004 4675 1162 4713 meus
1177 4673 1300 4713 vere
1317 4661 1402 4713 est
1417 4661 1585 4729 potus
1599 4658 1784 4728 (Joan.
1804 4660 1914 4724 v1):
1930 4658 2005 4713 ita

405 4749 824 4820 intelligendum
853 4756 951 4813 est,
986 4747 1176 4804 eadem
1219 4747 1606 4817 redemptionis
1651 4754 1850 4802 nostra:
1885 4764 2008 4818 my-

410 4838 582 4893 steria
612 4846 663 4892 et
695 4854 822 4893 vere
853 4853 975 4893 esse
1007 4852 1205 4908 corpus
1236 4845 1287 4891 et
1318 4837 1642 4908 sanguinem
1665 4836 1900 4905 Domini,
1955 4844 2010 4892 ut

408 4927 558 4982 illius
606 4926 822 4980 unitatis
869 4924 1141 4996 perfectae,
1196 4942 1357 4997 quam
1405 4941 1530 4980 cum
1578 4925 1753 4996 capite
1820 4933 2009 4981 nostro

405 5018 519 5087 jam
549 5032 666 5086 spe,
698 5023 916 5088 postera
945 5031 1005 5069 re
1035 5015 1354 5081 tenebimus,
1388 5015 1623 5087 pignora
1653 5015 1875 5071 credere
1923 5015 2013 5070 de-

407 5105 624 5161 bemus.
659 5105 790 5160 Inde
821 5112 874 5159 et
905 5112 1249 5160 sacramenta
1278 5120 1309 5158 a
1341 5103 1765 5160 sanctiﬁcatione
1797 5105 1884 5160 vel
1917 5121 2009 5160 sc-

411 5203 558 5252 creta
589 5194 802 5259 virtute,
839 5194 1108 5249 dicuntur.
1140 5194 1292 5249 Unde
1325 5193 1484 5248 etiam
1515 5193 1797 5250 criminum
1847 5194 2008 5249 foedi-

411 5293 520 5339 tate
551 5283 860 5354 capitalium
891 5299 923 5338 a
950 5283 1211 5338 membris
1242 5282 1438 5337 Christi
1460 5283 1761 5351 deviantes,
1787 5283 1856 5337 ab
1878 5283 2010 5354 ipsis

410 5372 774 5430 sacramentis
804 5372 1174 5428 ecclesiastico
1208 5371 1617 5442 suspenduntur
1641 5371 1866 5440 judicio.
1905 5371 2009 5440 Qui

413 5463 560 5518 enim
591 5477 791 5533 corpus
821 5469 874 5517 et
904 5462 1226 5532 sanguinem
1256 5462 1472 5516 Domini
1511 5461 1676 5531 digne
1723 5461 2011 5516 manducat

415 5559 469 5608 et
499 5551 655 5619 bibit,
690 5551 944 5623 designat
973 5567 1033 5607 se
1063 5567 1186 5608 esse
1215 5551 1271 5607 in
1299 5552 1416 5608 Deo
1446 5559 1499 5608 et
1544 5551 1722 5607 Deum
1771 5550 1828 5606 in
1875 5566 1941 5607 eo
1993 5566 2008 5604 :

700 5661 942 5720 Panos.
976 5659 1166 5718 CXIV.

2117 3053 2218 3108 alia
2251 3054 2499 3124 quzedam
2529 3055 2582 3108 in
2614 3055 2884 3112 sacriﬁcio
2913 3056 3106 3113 offerat
3135 3077 3299 3132 super
3315 3063 3503 3133 altare,
3541 3067 3595 3121 id
3630 3076 3715 3124 est

2112 3151 2168 3196 ut
2198 3143 2325 3210 mel,
2360 3152 2448 3198 aut
2473 3143 2579 3212 lac,
2613 3154 2705 3199 aut
2734 3162 2833 3216 pro
2863 3147 2989 3202 vino
3033 3149 3287 3220 siceram,
3355 3154 3712 3228 confectaque

2114 3233 2385 3303 quaedam,
2419 3241 2509 3287 aut
2539 3233 2798 3301 volatilia,
2833 3243 2921 3290 aut
2951 3236 3207 3294 animalia
3237 3240 3435 3312 aliqua,
3487 3253 3578 3300 aut
3627 3246 3710 3302 le-

2112 3320 2355 3392 gumina,
2393 3330 2582 3376 contra
2612 3323 3050 3380 constitutionem
3082 3327 3297 3383 Domini
3326 3330 3551 3400 faciens,
3583 3351 3714 3392 con-

2115 3425 2254 3480 gruo
2287 3417 2533 3480 tempore
2563 3411 2882 3482 deponatur.
2923 3435 2944 3462 ι»
2980 3415 3047 3469 Et
3077 3416 3130 3470 in
3163 3427 3353 3488 quarto
3387 3439 3400 3475 :
3438 3444 3460 3472 α
3515 3422 3711 3482 Οίῖθῐτὶ

2117 3513 2229 3553 non
2260 3497 2419 3553 liceat
2468 3498 2671 3569 aliquid
2719 3501 2789 3554 ad
2838 3501 3027 3569 altare,
3079 3513 3278 3574 praeter
3316 3524 3484 3565 novas
3533 3514 3713 3583 spicas

2116 3593 2167 3640 et
2199 3601 2352 3650 uvas,
2391 3595 2444 3642 et
2474 3586 2652 3642 oleum
2686 3588 2755 3643 ad
2794 3588 3100 3660 luminaria,
3136 3600 3188 3648 et
3219 3595 3530 3667 thymiama,
3554 3601 3610 3657 id
3630 3612 3714 3660 est

2113 3674 2413 3744 incensum,
2447 3684 2691 3746 tempore
2723 3693 2828 3748 quo
2859 3687 3045 3735 sancta
3061 3681 3364 3739 celebratur
3400 3687 3626 3744 oblatio.
3685 3713 3707 3742 ιο

2115 3764 2257 3818 Dum
2287 3780 2420 3835 ergo
2451 3765 2701 3836 quaadam
2729 3767 3088 3837 prohibentur
3117 3770 3301 3827 offerri
3322 3777 3626 3833 ostenditur
3647 3796 3709 3835 ea

2115 3867 2150 3906 a
2176 3853 2502 3924 quibusdam
2535 3853 2663 3910 licet
2693 3857 3142 3928 extraordinario,
3168 3860 3530 3922 oblationibus
3549 3868 3710 3924 adhi-

2116 3941 2247 3996 bita.
2299 3943 2454 3998 Unde
2501 3943 2886 4017 Eutychianus,
2938 3947 3230 4004 vicesimus
3278 3960 3504 4010 octavus
3565 3959 3713 4017 sedis

2114 4029 2374 4088 Romanae
2404 4033 2621 4103 praesul,
2650 4035 2926 4090 constituit
2956 4035 3143 4109 fruges
3173 4056 3336 4112 super
3378 4043 3551 4101 altare
3595 4055 3713 4104 tan-

2111 4127 2224 4175 tum
2252 4119 2391 4175 fabae
2422 4130 2476 4177 et
2505 4139 2626 4180 uvae
2659 4123 2925 4180 benedici.
2958 4126 3025 4181 Et
3056 4128 3174 4184 haec
3201 4129 3435 4188 idicirco'
3477 4134 3712 4194 fortasse

2119 4209 2246 4281 quia
2274 4211 2401 4266 vino
2435 4213 2714 4284 sanguinis
2747 4215 3014 4272 Dominici
3043 4219 3360 4288 mysterium
3380 4223 3707 4295 celebratur,

2117 4297 2242 4354 faba
2275 4317 2403 4356 vero
2435 4301 2822 4358 abstinentium
2852 4304 3005 4361 cibus
3036 4314 3138 4363 est.
3167 4308 3316 4365 Alias
3337 4320 3518 4368 autem
3540 4315 3716 4378 diver.

2110 4404 2293 4446 sarum
2322 4391 2535 4461 species
2565 4409 2751 4447 rerum
2780 4401 3038 4450 statutum
3069 4403 3150 4450 est
3180 4397 3401 4457 ubilibet
3465 4403 3716 4467 benedici

2111 4493 2144 4567 a
2175 4480 2568 4549 sacerdotibus,
2599 4481 2685 4537 vel
2715 4482 2761 4536 si
2790 4482 2861 4538 ad
2890 4483 3058 4538 altare
3105 4485 3480 4547 benedicenda
3524 4499 3713 4567 quaen.

2111 4566 2203 4622 bet
2232 4568 2563 4640 deferantur,
2625 4571 2844 4641 speciali
2904 4572 3279 4631 benedictione
3333 4594 3363 4632 a
3421 4566 3706 4644 consecra-

2108 4655 2253 4712 tione
2284 4659 2694 4714 Dominicorum
2726 4670 3201 4731 sacramentorum,
3244 4667 3572 4729 omnimodis
3622 4678 3704 4732 di-

2112 4748 2419 4802 scernenda
2452 4766 2464 4801 :
2500 4756 2557 4803 ut
2588 4747 2724 4804 sicut
2753 4766 2851 4821 pro
2880 4750 3180 4807 innumeris
3230 4753 3370 4828 legis
3419 4763 3706 4837 mandatis,

2112 4835 2412 4891 breviatum
2434 4838 2718 4910 Evangelii
2747 4840 2973 4894 verbum
2995 4841 3258 4898 Dominus
3273 4844 3398 4902 fecit
3419 4865 3582 4922 super
3607 4835 3708 4912 ter;

2112 4925 2392 4996 ram'(Isa.
2426 4928 2508 4996 Χ),
2543 4927 2612 4981 ita
2642 4945 2738 4998 pro
2787 4929 3017 4985 diversis
3067 4931 3461 4994 sacriﬁciorum
3510 4941 3706 5003 ritibus

2110 5014 2339 5108 simplex
2369 5015 2575 5108 oblatio
2589 5018 2752 5108 panis
2780 5026 2832 5073 et
2861 5019 2972 5073 vini
3001 5019 3250 5078 ﬁdelibus
3301 5025 3552 5100 sufﬁciat,
3617 5052 3704 5108 qui

2108 5119 2217 5160 non
2247 5103 2300 5157 in
2331 5104 2671 5161 multitudine
2697 5109 3011 5164 umbrarum
3040 5112 3408 5182 appar-ituram
3455 5103 3704 5193 quaerunt

2109 5194 2410 5260 veritatem,
2445 5196 2542 5250 sed
2573 5211 2694 5250 eam
2737 5197 2791 5250 in
2838 5199 3274 5260 manifestatione
3340 5207 3606 5270 factorum
3655 5225 3706 5273 te

2108 5291 2238 5338 nent
2264 5283 2621 5354 perspicuam.
2655 5287 2809 5342 Unde
2866 5291 3224 5360 quorumdam
3253 5296 3576 5370 simplicium
3622 5321 3704 5360 er-

2110 5388 2202 5428 ror
2230 5373 2298 5428 de
2325 5373 2674 5430 Iudaicarum
2705 5378 3144 5447 superstitionum
3181 5388 3471 5446 seminario
3520 5401 3697 5461 natus,

2112 5469 2162 5518 et
2192 5462 2262 5517 ad
2291 5469 2475 5517 nostra
2503 5480 2675 5536 usque
2707 5473 2949 5538 tempora
2981 5473 3228 5542 quadam
3258 5479 3566 5534 vestustatis
3597 5497 3698 5537 ex.

2111 5551 2338 5610 tendens
2368 5552 2610 5626 vestigia,
2649 5555 2761 5625 jam
2818 5573 2884 5614 ex
2931 5575 3132 5635 magna
3179 5572 3333 5636 parte
3380 5566 3699 5640 sapientium

3353 5675 3421 5729 30
