4002 6184
430 284 532 336 939

902 279 1306 336 WALAFRIDI
1336 271 1584 334 STRABI
1609 279 1808 334 FULD.
1843 277 1994 334 ΜΘΝ

2109 279 2201 332 PP.
2237 277 2413 334 PARS
2448 278 2490 332 Ι.
2525 305 2594 319 --
2623 275 3094 334 THEOLOGICA.

3655 280 3756 333 940

432 404 614 460 studio
643 421 992 475 compressus
1023 414 1124 460 est.
1160 407 1225 460 Et
1257 404 1429 459 sicubi
1457 404 1639 459 adhuc
1659 404 2036 474 perniciosum
2065 403 2121 465 A
2144 403 2427 459 municare
2471 403 2756 470 debemus,
2790 403 2920 475 quia
2949 402 3216 458 Dominus
3246 400 3553 472 completor
3594 400 3751 474 legis,

437 495 599 562 hujus
622 494 790 565 pestis
811 511 1038 567 germen
1060 495 1397 550 revirescere
1416 493 1578 549 fuerit
1598 493 2033 564 comprobatum,

432 598 697 639 mucrone
728 583 956 654 spiritali
987 583 1247 638 radicitus
1278 590 1359 638 est
1391 584 1786 654 amputandum
1813 601 1825 637 :
1885 583 2036 638 illum

431 672 557 728 dico
588 687 827 728 errorem
879 688 985 743 quo
1034 672 1254 744 quidam
1305 673 1431 745 agni
1463 688 1654 729 carnes
1696 673 1754 726 in
1803 673 2032 740 Pascha,

427 761 581 830 juxta
607 762 694 818 vel
722 762 823 816 sub
853 762 1009 816 altari
1039 778 1132 817 eas
1161 771 1447 833 ponentes,
1483 761 1866 817 benedictione
1899 778 2033 832 pro-

432 851 551 922 pria
581 840 994 916 consecrabant,
1031 859 1083 905 et
1114 851 1170 904 in
1198 851 1316 920 ipsa
1346 851 1760 906 resurrectionis
1789 851 1878 905 die
1908 858 2033 906 ante

432 947 663 996 caeteros
693 940 1007 1010 corporales
1037 940 1190 995 cibos
1220 940 1288 994 de
1321 940 1453 1010 ipsis
1485 940 1740 994 carnibus
1770 939 2035 1011 percipie-

429 1028 576 1082 bant.
611 1029 776 1096 Cujus
807 1028 1201 1083 benedictionis
1234 1028 1406 1082 series
1436 1028 1614 1084 adhuc
1645 1045 1678 1082 a
1716 1028 1898 1082 multis
1926 1029 2030 1082 ha-

424 1117 603 1172 betur.
625 1116 780 1186 Quod
814 1134 975 1188 quam
1007 1118 1074 1171 sit
1092 1126 1578 1187 supervacuum,et
1601 1133 1633 1172 a
1674 1117 2030 1172 sacramentis

424 1205 744 1261 Christiana
763 1206 1112 1277 perfectionis
1134 1207 1453 1272 abhorrens,
1476 1205 1632 1261 facile
1662 1207 1920 1277 perspicit
1939 1205 2030 1277 qui

425 1296 692 1350 veraciter
721 1295 971 1365 intelligit
1006 1295 1152 1366 quod
1173 1297 1391 1351 Pascha
1409 1300 1669 1351 nostrum
1701 1297 2029 1352 immolatus

425 1389 510 1440 est
544 1385 802 1441 Christus
833 1386 852 1456 (
882 1386 910 1439 Ι
929 1386 1049 1441 Cor.
1080 1387 1156 1454 v),
1191 1392 1244 1440 et
1287 1385 1400 1439 vult
1455 1385 1667 1454 epulari
1696 1400 1806 1439 non
1837 1385 1892 1438 in
1923 1383 2028 1439 fer-

421 1481 605 1527 mento
636 1473 830 1540 veteri,
865 1473 962 1529 sed
989 1473 1044 1527 in
1073 1473 1278 1544 azymis
1337 1473 1662 1528 sinceritatis
1711 1481 1764 1530 et
1783 1473 2026 1530 veritatis

428 1561 631 1634 (Ibib.).

1008 1687 1232 1744 CAPUT
1270 1687 1423 1744 XIX.

425 1823 544 1878 Non
591 1821 658 1876 ab
715 1822 848 1877 aliis
884 1838 1052 1893 quam
1092 1839 1127 1876 a
1177 1823 1399 1893 jejunis
1457 1820 2012 1876 communicandum.

493 1946 608 2000 Hoc
638 1960 852 2017 quoque
883 1945 1422 2000 commemorandum
1457 1945 1669 2000 videtur
1712 1945 1856 2017 quod
1902 1945 2017 2014 ipsa

424 2042 766 2090 sacramenta
831 2034 1049 2105 quidam
1129 2034 1398 2090 interdum
1456 2034 1646 2103 jejuni,
1745 2034 2015 2088 interdum

419 2123 606 2194 pransi
634 2123 949 2194 percepisse
977 2122 1249 2195 leguntur,
1282 2131 1339 2177 ut
1369 2123 1570 2195 legitur
1613 2124 1669 2177 in
1717 2123 2015 2178 canonibus

418 2211 635 2268 concilii
665 2211 926 2279 Africani,
960 2211 1198 2282 capitulo
1228 2219 1440 2279 octavo,
1489 2211 1573 2265 his
1603 2212 1787 2266 verbis
1820 2229 1833 2266 :
1877 2233 1898 2262 α
1950 2213 2015 2268 Ut

422 2308 770 2356 sacramenta
798 2300 985 2354 altaris
1016 2315 1123 2356 non
1150 2300 1253 2354 nisi
1285 2317 1317 2356 a
1340 2300 1540 2369 jejunis
1567 2301 1875 2355 hominibus
1923 2317 2012 2355 ce-

415 2389 717 2456 lebrentur,
750 2397 978 2460 excepto
1008 2405 1116 2445 uno
1145 2389 1232 2445 die
1281 2390 1653 2445 anniversario
1699 2405 1807 2461 quo
1855 2405 2014 2444 ccena

413 2478 631 2534 Domini
662 2478 984 2544 celebratur,
1023 2500 1046 2528 ν
1082 2487 1135 2533 et
1165 2478 1395 2550 reliqua.
1439 2479 1533 2533 Isti
1566 2478 1785 2550 quidem
1815 2494 1881 2533 eo
1925 2478 2013 2534 die

414 2576 538 2639 post
578 2568 868 2639 prandium
946 2568 1450 2623 communicandum
1509 2584 1632 2622 esse
1694 2567 2007 2635 censebant,

414 2657 539 2727 quia
587 2657 852 2712 Dominus
898 2673 998 2728 pos
1047 2658 1240 2728 legalis
1287 2659 1506 2728 paschae
1575 2674 1806 2725 coenam,
1873 2658 2012 2713 Novi

415 2746 744 2800 Testamenti
775 2754 1109 2801 sacramenta
1136 2746 1336 2818 legitur
1365 2747 1644 2816 discipulis
1692 2747 2006 2802 tradidisse.

412 2833 521 2890 Alii
548 2850 700 2902 vero,
751 2843 898 2891 secta
952 2835 1178 2906 quadam
1235 2835 1519 2908 singulari,
1579 2852 1686 2891 non
1735 2835 1907 2890 semel
1956 2836 2010 2889 in

407 2938 552 2979 anno
582 2923 718 2979 sicut
735 2923 1063 2994 superiores,
1097 2923 1195 2977 sed
1225 2923 1468 2979 crebrius
1515 2932 1636 2979 ante
1699 2940 2008 2980 sacramen-

406 3021 585 3068 torum
615 3012 1018 3083 perceptionem
1047 3011 1183 3066 cibis
1212 3013 1588 3082 corporalibus
1615 3012 1764 3068 refici
1809 3013 2008 3068 debere

2142 501 2334 549 auctor
2379 494 2595 566 gratia,
2627 493 2777 564 prius
2807 492 2984 565 legale
3015 493 3227 548 Pascha
3256 490 3510 563 perfecit,
3561 491 3754 546 deinde

2139 590 2482 636 sacramenta
2513 581 2834 652 evangelica
2863 581 3111 635 instituit.
3145 581 3296 637 Sicut
3327 595 3430 636 nec
3462 580 3616 651 prius
3631 595 3744 635 cor-

2137 671 2396 740 poraliter
2425 670 2673 743 cogimur
2703 669 3022 726 circumcidi
3071 677 3124 724 et
3174 670 3527 740 postmodum
3571 668 3748 740 bapti-

2137 767 2268 834 zari,
2303 784 2424 824 cum
2455 769 2690 824 sciamus
2722 767 3010 822 Dominum
3042 765 3289 823 nostrum
3309 767 3513 823 factum
3536 783 3602 821 ex
3643 783 3750 821 mu-

2134 857 2286 923 liere,
2321 857 2523 914 factum
2554 858 2656 912 sub
2687 858 2828 930 lege,
2862 857 3040 928 primo
3070 857 3374 913 secundum
3429 857 3575 929 legis
3630 864 3743 910 sta-

2134 953 2246 1000 tuta
2301 946 2701 1010 circumcisum,
2737 961 2801 1001 ac
2843 946 3103 1016 deinceps
3126 945 3197 1001 ad
3214 945 3580 1016 expletionem
3622 960 3742 999 om-

2133 1036 2217 1090 nis
2240 1036 2459 1105 justitiaa
2489 1035 2694 1089 lavacri
2748 1035 3004 1089 salutaris
3053 1034 3268 1090 subisse
3313 1034 3586 1105 nobisque
3608 1048 3742 1090 con-

2134 1140 2382 1179 secrasse
2412 1123 2732 1195 primordia.

2203 1233 2350 1303 Ergo
2377 1247 2409 1284 a
2432 1231 2633 1300 jejunis
2664 1247 2884 1301 semper
2912 1230 3180 1286 celebrari
3211 1230 3412 1286 debere
3431 1229 3627 1285 eadem
3649 1244 3733 1284 sa-

2131 1328 2429 1387 cramenta,
2465 1329 2518 1374 et
2559 1319 2836 1391 generalis
2867 1319 3043 1390 .totius
3087 1320 3200 1388 jam
3229 1319 3555 1389 comprobat
3604 1335 3734 1372 usus

2127 1407 2410 1474 Ecclesiae,
2469 1415 2522 1462 et
2583 1407 2726 1462 dicta
2775 1407 2968 1480 synodi
3016 1407 3371 1463 Bracarensis
3420 1407 3734 1462 ostendunt.

2130 1497 2233 1552 Ubi
2263 1497 2425 1551 etiam
2449 1512 2616 1567 supra
2645 1504 2941 1552 memorata
2971 1496 3025 1550 in
3067 1495 3156 1550 die
3209 1512 3383 1550 coenae
3431 1495 3732 1551 Dominicaa

2127 1585 2548 1641 communicatio
2590 1593 2715 1656 post
2763 1585 2999 1640 solutum
3041 1584 3306 1655 jejunium
3369 1584 3733 1638 anathematis

2126 1674 2539 1744 interpositione
2578 1674 2931 1730 abscinditur.
2985 1673 3042 1729 Si
3100 1675 3282 1745 itaque
3329 1673 3424 1728 illo
3492 1673 3584 1729 die
3612 1681 3732 1744 post

2049 1764 2102 1823 B
2125 1763 2413 1833 prandium
2443 1763 2846 1819 communicare
2876 1777 2985 1818 non
3014 1761 3160 1828 licet,
3193 1761 3280 1817 cui
3325 1769 3380 1816 et
3422 1762 3731 1832 exemplum

2116 1851 2339 1906 Domini
2369 1860 2422 1906 et
2451 1852 2814 1924 quorumdam
2862 1868 3122 1906 assensus
3176 1849 3470 1923 suﬂ'ragari
3535 1850 3734 1905 videba

2118 1947 2226 2008 tur,
2250 1940 2418 1994 multa
2444 1939 2623 1994 minus
2653 1940 2776 1995 aliis
2806 1939 3145 2010 temporibus
3177 1939 3327 2005 licet,
3376 1938 3578 2011 quibus
3622 1939 3727 1994 ho—

2116 2046 2238 2083 rum
2281 2037 2531 2083 neutrum
2581 2030 2934 2102 cognoscitur
2985 2029 3323 2084 attributum.
3370 2030 3487 2084 Hoc
3546 2037 3728 2083 autem

2112 2117 2189 2172 ita
2220 2117 2339 2172 fieri
2366 2134 2476 2174 non
2505 2117 2682 2172 solum
2712 2119 2968 2174 honestas
3015 2117 3356 2186 sobrietatis,
3406 2133 3510 2188 per
3565 2133 3731 2190 quam

2115 2207 2469 2277 receptacula
2497 2215 2779 2277 pectorum
2812 2215 2976 2262 tantae
3031 2207 3311 2262 sanctitati
3359 2206 3731 2278 percipiendae

2112 2295 2412 2366 praeparari
2439 2296 2711 2361 convenit,
2739 2313 2808 2351 ne
2839 2296 2884 2350 si
2914 2295 3138 2368 indigne
3170 2303 3439 2362 sumatur,
3475 2295 3530 2349 in
3573 2296 3717 2365 judi-

2114 2385 2257 2439 cium
2284 2393 2527 2440 transeat
2554 2384 2823 2441 medicina
2854 2403 2867 2439 :
2901 2386 2998 2440 sed
3019 2385 3183 2440 etiam
3232 2384 3372 2440 ratio
3418 2385 3719 2440 necessita-

2115 2473 2183 2527 tis
2211 2489 2416 2546 magna
2445 2475 2724 2545 poscebat,
2759 2473 2886 2546 quia
2915 2474 3185 2542 videlicet,
3219 2474 3561 2545 prandentes
3593 2482 3718 2530 ante

2114 2563 2686 2628 communicationem,
2736 2562 3072 2633 proficiente,
3107 2571 3164 2617 ut
3205 2563 3432 2627 asSolet,
3475 2563 3531 2618 in
3559 2564 3715 2635 pejus

2111 2651 2258 2706 mala
2289 2653 2697 2720 consuetudine,
2750 2652 2818 2706 de
2866 2651 3052 2722 parvis
3099 2651 3490 2708 refectionibus
3549 2669 3719 2725 usque

2111 2740 2180 2794 ab
2210 2740 2488 2796 ebrietatis
2517 2741 2812 2813 ingluviem
2832 2741 3100 2796 interdum
3132 2741 3424 2812 prolapsos
3460 2742 3722 2798 credibile

2111 2837 2211 2883 est.
2245 2831 2312 2884 Et
2344 2830 2473 2900 quid
2523 2839 2632 2884 tam
2683 2830 2978 2884 absurdum
3025 2846 3188 2902 quam
3231 2837 3362 2887 tunc
3413 2831 3715 2902 spiritalem

2109 2926 2268 2990 atque
2298 2919 2516 2974 vitalem
2547 2918 2826 2989 percipere
2855 2919 3076 2987 victum,
3136 2936 3259 2975 cum
3316 2936 3384 2975 ex
3436 2921 3715 2976 nimietate

2108 3007 2449 3079 ingestorum
2481 3024 2580 3062 nec
2611 3009 2920 3079 corporalia
2950 3009 3209 3064 alimenta
3239 3017 3418 3081 potest
3457 3010 3714 3081 crapula-

399 3102 732 3170 judicantes,
765 3108 887 3171 post
907 3099 1137 3170 prandia
1196 3109 1248 3154 et
1291 3102 1681 3170 plenitudinem
1724 3103 2006 3171 stomachi,
2030 3124 2078 3186 ρ
2106 3104 2193 3150 tus
2223 3097 2447 3152 honeste
2477 3099 2758 3153 tractare?
2785 3099 3080 3169 Apostolus
3109 3107 3288 3154 autem
3317 3100 3598 3169 praecepit,
3641 3099 3714 3154 di-

401 3189 559 3262 quasi
601 3188 926 3254 conﬁrmati,
981 3189 1148 3244 sacris
1196 3191 1356 3268 rebus
1405 3191 1727 3245 necessitate
1745 3207 2004 3262 corporea
2045 3185 2060 3186 ί
2107 3199 2237 3240 cens
2270 3201 2282 3240 :
2323 3185 2525 3241 Omnia
2547 3191 2729 3243 vestra
2757 3187 2984 3244 honeste
3016 3193 3070 3243 et
3108 3189 3412 3244 secundum
3451 3189 3707 3244 ordinem

402 3277 899 3344 communicabant,
935 3284 990 3332 ut
1017 3285 1247 3332 testatur
1277 3279 1530 3334 Socrates
1561 3280 1614 3333 in
1648 3280 1885 3335 Historia
1907 3269 2019 3335 sua.
2101 3275 2250 3343 ﬁant
2277 3274 2326 3345 (Ι
2357 3275 2476 3332 Cor.
2507 3278 2647 3348 xxv).
2683 3275 2816 3345 Quae
2849 3277 3296 3345 .moderationes,
3347 3277 3603 3348 quamvis
3657 3279 3710 3332 in

404 3365 782 3422 ecclesiastica
807 3367 979 3436 (Hist.
1022 3368 1284 3440 Tripart.,
1317 3367 1407 3422 lib.
1445 3384 1523 3434 lx,
1551 3385 1670 3439 cap.
1693 3371 1767 3440 3),
1820 3371 1911 3424 ubi
1932 3371 2000 3426 de
2101 3363 2338 3434 singulis
2372 3373 2685 3420 sanctorum
2715 3365 2974 3435 operibus
3006 3366 3341 3422 necessariae
3370 3366 3501 3434 sint,
3525 3374 3705 3422 tamen

396 3454 633 3509 diversis
656 3454 1026 3511 Ecclesiarum
1049 3457 1531 3512 consuetudinibus
1549 3457 1755 3512 faciens
1771 3461 2001 3514 mentio-
2099 3452 2263 3506 Etiam
2293 3460 2452 3524 atque
2483 3453 2644 3508 etiam
2673 3453 2727 3507 in
2758 3454 3089 3510 sanctissimi
3139 3455 3421 3527 sanguinis
3468 3465 3521 3511 et
3578 3471 3704 3512 cor-

399 3559 544 3608 nem,
578 3551 702 3614 post
730 3544 929 3598 multas
965 3545 1298 3613 jejuniorum
1338 3555 1390 3599 et
1441 3546 1844 3601 solemnitatum
1893 3563 1994 3601 νει-
2096 3541 2248 3610 poris
2279 3541 2498 3599 Domini
2535 3543 2892 3598 veneratione
2925 3544 3124 3599 debent
3156 3544 3431 3600 servariut
3453 3545 3710 3601 videlicet

399 3631 607 3700 ritates,
643 3633 758 3688 haec
789 3633 930 3688 inter
960 3641 1159 3688 caetera
1214 3635 1365 3705 ponit
1397 3653 1411 3689 :
1449 3656 1472 3685 α
1499 3635 1606 3690 Sed
1646 3636 1807 3690 etiam
1849 3636 1996 3692 circa
2095 3628 2342 3695 honeste,
2374 3631 2481 3711 hoc
2513 3639 2594 3686 est
2625 3632 2919 3699 humiliter,
2952 3649 3143 3703 pacem
3175 3650 3226 3688 et
3285 3633 3610 3690 charitatem
3651 3634 3704 3688 in

393 3720 768 3777 celebritatem
801 3722 1174 3790 collectarum,
1211 3724 1458 3794 quaedam
1506 3723 1796 3778 diversitas
1846 3725 1997 3780 inve-
2103 3719 2270 3774 60ΐάεὲ
2302 3727 2566 3786 tenentes,
2594 3721 2762 3790 jejuni
2794 3729 2846 3776 et
2880 3721 3048 3776 sobrii
3078 3739 3203 3779 Cum
3254 3723 3520 3777 munditia
3575 3739 3705 3779 cor-i

2091 3807 2241 3877 poris
2283 3817 2336 3862 et
2384 3810 2582 3874 cordis,
2632 3818 2890 3880 quantum
2935 3810 3053 3867 fieri
3101 3820 3296 3882 potest,
3339 3813 3461 3883 ipsa
3507 3829 3701 3869 sacra-

2089 3904 2274 3951 menta
2304 3899 2682 3969 contingamus
2717 3917 2729 3954 :
2763 3901 3064 3956 secundum
3113 3901 3360 3956 ordinem
3403 3911 3610 3968 autem,
3644 3911 3699 3956 ut

2090 3985 2577 4042 sanctificationem
2640 4005 2830 4044 eorum
2876 4005 2908 4044 a
2955 3990 3092 4045 cibis
3139 3991 3372 4058 caeteris,
3442 4001 3500 4046 ut
3571 3999 3696 4062 pote

2087 4075 2283 4130 animae
2312 4076 2477 4130 vitam
2511 4077 2952 4148 significantium,
2999 4079 3164 4153 longe
3195 4080 3397 4134 distare
3413 4081 3687 4146 sciamus;

2087 4172 2140 4219 et
2165 4164 2341 4235 primo
2389 4165 2582 4221 horum
2601 4168 2972 4223 consolatione
3022 4169 3228 4239 refecti,
3262 4169 3461 4224 deinde
3490 4184 3694 4240 corpo-

2084 4253 2157 4307 ris
2188 4256 2559 4311 sustentacula
2589 4257 2885 4326 capiamus.
2912 4256 3072 4326 Quod
3099 4249 3279 4312 autem
3312 4274 3491 4329 neque
3538 4267 3686 4324 ante,

2083 4358 2260 4414 neque
2295 4352 2417 4414 post
2459 4345 3002 4401 communicationem
3051 4347 3105 4400 in
3147 4346 3404 4402 Ecclesiis
3477 4347 3693 4404 sitcon-

2086 4431 2398 4498 vivandum,
2427 4442 2479 4488 et
2507 4450 2748 4490 canones
2778 4435 3016 4490 discrete
3038 4443 3091 4489 et
3121 4434 3410 4492 manifeste
3463 4435 3695 4510 loquun-

2091 4529 2196 4590 tur,
2234 4530 2286 4577 et
2313 4538 2422 4579 non
2449 4523 2696 4595 superius
2725 4524 3273 4580 commemoravimus
3304 4527 3453 4598 (cap.
3507 4528 3618 4594 Η).

388 3809 555 3864 nitur.
588 3811 725 3864 Nam
771 3811 899 3865 dum
948 3828 1048 3882 per
1092 3813 1373 3868 Ecclesias
1419 3813 1472 3865 in
1519 3812 1775 3868 universo
1821 3821 1993 3868 terra—

389 3913 508 3951 rum
542 3899 676 3954 orbe
707 3901 1029 3955 constitutas
1073 3902 1160 3955 die
1209 3901 1560 3956 sabbatorum
1604 3919 1704 3972 per
1749 3903 1991 3975 singulas

390 3986 768 4042 hebdomadas
799 3988 1063 4045 sacrificia
1089 3989 1452 4059 celebrantur,
1497 3993 1600 4046 hoc
1644 3992 1700 4046 in
1747 3992 1987 4047 Alexan-

389 4076 505 4130 dria
535 4085 584 4131 et
616 4078 789 4132 Roma
819 4077 1037 4148 quidem
1075 4079 1259 4148 prisca
1305 4079 1598 4134 traditione
1625 4096 1730 4134 non
1764 4079 1983 4137 faciunt.

390 4166 628 4236 Egyptii
659 4182 792 4221 vero
821 4166 1156 4221 Alexandriae
1186 4167 1369 4232 vic'ini,
1404 4177 1454 4222 et
1498 4169 1788 4224 Thebaidis
1835 4171 1987 4225 habi-

380 4261 586 4310 tatores
616 4256 839 4310 sabbato
871 4255 1089 4326 quidem
1121 4256 1379 4312 collectas
1409 4266 1596 4329 agunt,
1630 4258 1730 4313 sed
1751 4275 1880 4325 non,
1914 4260 1987 4315 si-

377 4352 468 4398 cut
496 4345 664 4400 moris
713 4353 813 4410 est,
865 4353 1200 4400 sacramenta
1253 4346 1574 4416 percipiunt.
1625 4348 1762 4402 Nam
1827 4358 1983 4420 post-

382 4449 546 4504 quam
576 4432 775 4488 fuerint
820 4434 1037 4504 epulati,
1090 4442 1142 4489 et
1190 4434 1326 4490 cibis
1388 4435 1640 4490 omnibus
1680 4437 1978 4508 adimpleti,

375 4522 521 4578 circa
550 4539 836 4594 vesperam
868 4523 1141 4579 oblatione
1174 4523 1317 4580 facta
1359 4525 1777 4581 communicant.
1839 4549 1860 4576 ιι
1909 4528 1980 4583 Et

377 4611 539 4682 paulo
569 4611 794 4666 inferius
829 4630 840 4666 :
872 4635 892 4663 ‹‹
921 4614 980 4667 In
998 4612 1285 4669 Antiochia
1314 4630 1447 4668 vero
1481 4614 1652 4685 Syriae
1680 4614 1849 4670 altare
1871 4632 1978 4680 non

378 4700 448 4755 ad
478 4701 743 4756 orientem
773 4701 1038 4769 ecclesim,
1075 4703 1171 4757 sed
1202 4703 1379 4776 magis
1401 4704 1466 4758 ad
1500 4704 1841 4760 occidentem
1887 4707 1979 4760 ha-

377 4790 524 4844 bent.
565 4811 586 4840 »
622 4792 702 4845 De
735 4807 840 4861 qua
871 4806 928 4845 re
950 4792 1113 4846 etiam
1143 4807 1244 4847 nos
1275 4791 1495 4863 quidem
1539 4794 1787 4864 superius
1809 4795 1978 4848 disse-

379 4879 584 4934 ruimus
614 4881 826 4952 (supra,
860 4898 983 4953 cap.
1017 4882 1092 4952 4).
1129 4903 1150 4930 α
1188 4882 1253 4935 Et
1283 4882 1337 4936 hi
1369 4882 1608 4953 quidem,
1641 4883 1831 4955 inquit,
1867 4883 1975 4937 sin-

378 4967 519 5037 gulis
548 4968 806 5033 sabbatis,
841 4969 926 5023 isti
957 4979 1078 5040 post
1108 4971 1395 5041 prandium
1429 4972 1514 5026 vel
1559 4988 1770 5027 ccenam
1819 4989 1974 5028 com-

380 5055 747 5112 municabant.
774 5059 888 5126 Qua
914 5059 1232 5115 auctoritate
1264 5059 1320 5114 id
1350 5060 1527 5115 facere
1551 5061 1838 5130 voluerint,
1864 5077 1972 5115 non

374 5142 512 5198 adeo
540 5142 726 5213 liquet.
765 5146 901 5200 Illud
931 5164 1057 5203 vero
1088 5149 1231 5220 quod
1261 5149 1568 5220 superiores
1601 5151 1653 5204 in
1712 5151 1971 5206 anniver-

374 5231 519 5287 sario
567 5247 738 5289 coenae
784 5235 1080 5292 Dominicm
1125 5238 1333 5307 pransi,
1385 5239 1804 5294 communicare
1850 5257 1971 5310 per-

372 5321 526 5376 missi
546 5330 689 5388 sunt,
733 5339 799 5378 ex
849 5325 1132 5380 occasione
1179 5342 1346 5397 supra
1391 5328 1634 5398 exposita
1678 5329 1971 5385 emersisse

368 5411 598 5466 videtur.
641 5433 663 5460 »
698 5411 806 5467 Sed
837 5428 866 5465 a
895 5415 1243 5482 sequentibus
1291 5417 1514 5470 honesta
1560 5424 1614 5471 et
1665 5417 1967 5472 rationabili

363 5500 751 5556 deliberatione
810 5508 1069 5555 statutum
1116 5518 1239 5557 esse
1309 5506 1656 5576 cognoscitur
1699 5515 1755 5561 ut
1823 5508 1968 5562 omni

361 5597 604 5662 tempore
647 5608 677 5646 a
714 5591 914 5660 jejunis
958 5600 1312 5647 sacrosancta
1386 5595 1693 5650 celarentur
1768 5606 1970 5667 myste-

362 5677 463 5736 ria.
498 5680 620 5736 Non
652 5681 797 5744 enim
830 5681 951 5740 ideo
982 5680 1133 5754 prius
1185 5681 1478 5752 prandere,
1502 5692 1760 5755 etpostea
1823 5701 1966 5743 como

2679 4719 2904 4776 CAPUT
2957 4721 3083 4776 XX.

2161 4843 2310 4910 Quod
2353 4843 2460 4897 alii
2498 4844 2707 4908 rarius,
2759 4845 2865 4900 alii
2902 4847 3171 4913 crebrius,
3215 4850 3320 4904 alii
3362 4851 3612 4922 quotidie

2471 4933 3008 4990 communicandum
3054 4937 3267 4992 dicant.

2147 5062 2285 5130 Quia
2314 5079 2445 5118 vero
2479 5071 2532 5118 et
2562 5063 2770 5120 ratione
2795 5077 3260 5124 sacramentorum
3320 5085 3500 5141 pauca
3549 5088 3679 5143 per-

2074 5151 2406 5221 strinximus,
2443 5152 2660 5208 videtur
2687 5155 3117 5211 subnectendum
3149 5158 3383 5230 qualiter
3403 5160 3474 5215 ad
3504 5162 3680 5233 quoti-

2071 5240 2287 5295 dianam
2321 5241 2741 5298 celebrationem
2773 5245 3085 5301 eorumdem
3117 5248 3505 5318 mysteriorum
3550 5267 3677 5305 usus

2069 5331 2398 5400 pervenerit.
2433 5333 2500 5387 Et
2531 5333 2788 5403 quoniam
2821 5334 3100 5405 multiplex
3132 5344 3214 5390 est
3243 5337 3360 5406 ejus
3392 5339 3473 5393 rei
3524 5340 3670 5410 apud

2068 5418 2320 5474 doctores
2351 5420 2557 5489 relatio,
2590 5422 2915 5493 colligamus
2946 5425 3253 5478 summatim
3303 5444 3424 5496 qua:
3471 5444 3670 5498 possu-

2067 5524 2209 5573 mus,
2245 5509 2318 5563 ita
2346 5518 2402 5564 ut
2443 5511 2667 5565 nomina
2716 5512 3055 5584 singulorum
3107 5523 3390 5571 auctorum
3438 5527 3668 5589 prepter

2066 5599 2429 5668 prolixitatem
2489 5616 2595 5655 non
2655 5616 2942 5671 ponamus.
3004 5603 3149 5658 Nihil
3210 5620 3342 5660 vero
3408 5621 3673 5663 conemur

2068 5693 2312 5743 estruere
2341 5688 2485 5760 quod
2517 5703 2626 5744 non
2657 5690 2743 5746 vel
2768 5690 2844 5747 ita
2891 5691 3142 5764 legimus,
3186 5693 3274 5750 vel
3322 5709 3388 5752 ex
3433 5694 3670 5752 lectione
