4002 6184
415 297 515 353 9H

1559 296 1652 351 DE
1712 295 1938 352 REBUS
1982 292 2558 352 ECCLESIASTICIS.

3614 312 3716 366 942

419 421 869 491 conjectavimus,
902 420 988 477 vel
1019 420 1292 477 veracium
1321 420 1507 476 verbis
1533 421 1898 493 percepimus,
1931 420 2019 476 vel

2130 437 2293 492 simus
2313 446 2499 494 sextus
2528 437 2789 510 praecepit
2817 453 2984 510 super
3020 454 3228 512 corpus
3260 441 3400 498 beati
3429 445 3573 502 Petri
3602 466 3724 520 apo-

418 528 525 566 usu
555 511 861 566 insinuante
889 511 1268 584 cognovimus.
1303 510 1428 577 Alii,
1451 519 1508 566 ut
1528 528 1594 567 ex
1625 512 1844 566 Patrum
1863 509 2027 566 colla-

418 600 662 656 tionibus
695 600 956 656 discimus
979 642 993 667 ,
1026 599 1195 656 semel
1224 599 1278 654 in
1323 615 1467 655 anno
1512 599 2025 656 communicandum

421 689 748 759 censebant,
779 698 836 744 ut
879 688 1132 745 videlicet
1162 689 1418 744 diuturna
1463 689 1864 761 przeparatione
1894 703 2024 745 cor-

422 796 527 851 pus
563 788 618 834 et
646 779 884 835 animam
922 777 1291 849 puriﬁcantes,
1341 779 1559 834 tandem
1588 779 1654 833 ad
1685 777 2025 835 communio-

419 885 549 924 nem
578 885 784 925 mensae
813 868 1053 924 ccelestis
1085 868 1251 941 digne
1281 868 1672 939 pertingerent.
1706 869 1775 924 Et
1805 866 2025 938 quidem

416 958 615 1013 horum
643 958 731 1013 alii
758 957 932 1028 ipsam
961 955 1387 1012 celebrationem
1417 972 1656 1014 annuam
1673 957 1728 1012 in
1749 956 1837 1012 die
1855 971 2025 1013 coenae

417 1046 720 1103 Dominicas
765 1045 1078 1115 faciebant,
1111 1052 1169 1100 ut
1206 1045 1278 1100 ibi
1322 1045 1496 1102 solum
1561 1053 2026 1102 sacramentorum

418 1137 602 1208 gratia
645 1135 930 1191 iteraretur
977 1134 1194 1190 illorum
1238 1133 1330 1189 ubi
1378 1135 1630 1206 primitus
1673 1143 1757 1191 est
1785 1141 2022 1190 ostensa.

421 1227 578 1281 Unde
623 1235 676 1282 et
703 1227 818 1297 ipsa
863 1225 950 1281 die
987 1225 1266 1280 solvebant
1301 1223 1584 1295 jejunium,
1621 1225 1760 1280 sicut
1789 1224 1844 1278 in
1873 1223 2025 1278 festis

421 1315 648 1372 actitare
679 1316 920 1372 solemus
940 1358 958 1383 ,
991 1322 1044 1370 et
1074 1319 1198 1368 ante
1228 1312 1513 1369 meridiem
1545 1314 1798 1371 collectas
1835 1312 2025 1384 eXple-

420 1404 570 1458 bant.
598 1403 757 1472 Quod
784 1405 838 1460 in
867 1402 1167 1459 canonibus
1195 1401 1394 1472 partim
1431 1403 1750 1472 ostenditur,
1785 1409 1835 1457 et
1867 1401 2024 1472 peni-

420 1501 508 1548 tus
537 1492 878 1564 prohibetur.
913 1495 1022 1550 Sed
1051 1495 1172 1551 aliis
1216 1492 1550 1552 cautioribus
1579 1492 1753 1548 visum
1783 1498 1868 1546 est
1892 1490 2027 1546 istos

420 1597 488 1636 eo
529 1582 868 1655 indigniores
896 1583 963 1638 ad
1005 1599 1240 1642 annuam
1288 1601 1402 1639 suae
1447 1579 1844 1637 observationis
1874 1579 2024 1635 cele-

423 1671 670 1727 britatem
701 1673 1006 1742 pervenire,
1041 1691 1149 1745 quo
1195 1690 1254 1730 se
1283 1672 1548 1746 putabant
1574 1669 1740 1742 longa
1771 1667 2026 1724 dilatione

2125 527 2248 581 stoli
2277 526 2393 582 fieri
2423 527 2638 582 missas.
2669 527 2764 582 His
2792 526 2862 582 ita
2895 528 3216 596 observatis,
3249 545 3529 604 coeperunt
3539 537 3718 605 junio-

2124 631 2214 671 res
2248 625 2487 688 tempore
2528 617 2775 688 sequenti
2817 615 2982 672 ferias
3007 617 3334 688 jejuniorum
3363 639 3588 696 augere,
3622 643 3720 682 ve-

2126 705 2322 760 raciter
2376 705 2742 779 intelligentes
2805 722 3001 778 panem
3049 707 3203 763 illum
3248 712 3618 782 quotidianum
3672 725 3726 771 et

2126 794 2366 866 quotidie
2393 795 2707 865 petendum,
2743 803 2795 850 et
2841 796 3079 867 quotidie
3107 798 3174 852 ab
3202 798 3311 854 illis
3341 801 3538 872 quibus
3567 819 3722 860 com-

2125 883 2294 954 petit,
2326 881 2660 940 oﬁ‘erendum
2694 892 2746 939 et
2794 885 3187 957 accipiendum.
3235 887 3374 958 Quia
3423 908 3555 948 vero
3594 895 3725 950 Mel-

2126 971 2350 1028 chiades
2373 1017 2386 1040 ,
2418 972 2729 1029 tricesimus
2774 975 2964 1030 tertius
3011 977 3201 1032 ordine
3250 979 3436 1036 Romae
3462 983 3724 1051 praesula-

2125 1067 2236 1116 tum
2295 1076 2488 1134 agens,
2523 1062 2705 1116 statuit
2761 1071 2817 1117 ut
2846 1063 2993 1120 nulla
3037 1065 3248 1122 ratione
3295 1068 3581 1126 Dominico
3637 1081 3726 1128 aut

2127 1149 2316 1220 quinta
2365 1149 2496 1205 feria
2538 1151 2802 1220 jejunium
2836 1152 2957 1224 quis
2988 1151 3226 1209 ﬁdelium
3269 1166 3493 1230 ageret;
3527 1162 3725 1231 pagani

2127 1237 2270 1292 enim
2320 1238 2406 1292 his
2449 1239 2642 1294 diebus
2693 1239 2848 1312 quasi
2873 1241 3078 1310 jejunia
3108 1241 3524 1316 frequentabant
3558 1265 3570 1304 :
3601 1249 3725 1307 ideo

2126 1326 2317 1381 beatus
2353 1327 2653 1400 Gregorius
2683 1330 3030 1400 supradictus
3059 1331 3114 1386 in
3144 1332 3500 1404 dispositione
3529 1337 3726 1395 ofﬁcio-

2127 1432 2249 1469 rum
2272 1417 2400 1470 anni
2428 1416 2564 1471 infra
2597 1418 3094 1492 quadragesimam,
3130 1422 3370 1492 quintam
3403 1423 3595 1481 feriam
3624 1445 3725 1483 va-

2127 1513 2337 1560 cantem
2360 1506 2586 1575 dimisit,
2617 1516 2672 1562 ut
2703 1507 2827 1578 quia
2858 1508 3049 1564 festiva
3080 1518 3198 1566 erat
3224 1513 3391 1568 veluti
3422 1516 3724 1585 Dominica,

2127 1594 2291 1648 etiam
2323 1594 2508 1650 ofiicio
2538 1596 2647 1651 diei
2676 1597 2978 1655 Dominicas
3007 1599 3240 1656 celebris
3260 1601 3574 1660 haberetur.
3597 1605 3730 1675 Quae

2125 1682 2309 1753 quinta
2356 1683 2530 1750 feria,
2565 1686 2821 1756 quoniam
2852 1689 3199 1758 postmodum
3231 1693 3394 1762 coepit
3422 1701 3477 1747 ut
3506 1702 3725 1754 cetera

421 1760 757 1830 defaecatos,
802 1762 1130 1836 quandoque
1174 1763 1244 1820 ad
1272 1776 1555 1818 sacrorum
1619 1758 2096 1842 perceptionemB
2118 1771 2356 1840 jejunius
2413 1773 2705 1843 applicari,
2770 1775 3068 1846 Gregorius
3123 1758 3334 1834 Junior-
3367 1782 3550 1838 statuit
3603 1800 3723 1840 eam

418 1849 550 1904 satis
579 1849 777 1921 dignos
808 1852 1072 1908 accedere
1108 1871 1120 1906 :
1153 1851 1456 1924 meliusque
1495 1848 1804 1913 credebant,
1831 1863 2022 1918 quam-

415 1939 501 1994 vis
531 1939 745 1995 animus
776 1939 1033 2013 indignus
1063 1941 1149 2007 sit,
1202 1940 1448 1998 crebrius
1479 1936 1659 1992 iterari
1691 1951 1814 2007 quas
1844 1943 2027 1992 sancta

415 2036 575 2094 sunt;
630 2029 758 2100 quia
823 2030 944 2084 talis
997 2039 1076 2085 est
1123 2031 1216 2084 illa
1281 2027 1540 2101 spiritalis
1570 2023 1846 2082 medicina
1890 2032 1947 2078 ut
1977 2032 2029 2080 et

413 2133 580 2173 sanos
622 2119 839 2187 adjuvet
893 2119 965 2175 ad
1011 2118 1472 2190 perseverantiam
1505 2115 1776 2180 sanitatis,
1810 2120 1863 2168 et
1891 2113 2011 2168 vul-

419 2207 626 2263 neratis
672 2207 956 2264 subveniat
1003 2208 1072 2264 ad
1117 2206 1637 2280 redintegrationem
1679 2202 1910 2260 virtutis.
1960 2203 2030 2256 Et

419 2312 488 2352 eo
520 2295 740 2368 dignius
769 2296 1068 2368 percipitur
1089 2314 1197 2369 quo
1227 2296 1612 2369 percipientes,
1643 2308 1744 2364 per
1759 2290 2029 2346 humilita-

421 2386 493 2439 tis
523 2385 825 2441 custodiam
855 2386 1135 2456 substrati,
1158 2401 1440 2458 nunquam
1469 2399 1529 2439 se
1556 2381 1625 2438 ad
1655 2381 1774 2451 ejus
1801 2396 2032 2452 percep-

422 2475 627 2530 tionem
659 2475 788 2530 satis
830 2475 1027 2547 dignos
1069 2475 1412 2530 arbitrantur.
1462 2472 1565 2543 Qui
1595 2478 1778 2528 autem
1822 2469 2029 2525 tardius

421 2564 724 2620 secundum
798 2563 1066 2634 judicium
1140 2563 1465 2634 spiritalium
1531 2561 1872 2618 medicorum
1927 2558 2031 2630 ipsi

421 2653 785 2708 admittuntur
850 2652 1079 2708 medelas
1108 2697 1125 2719 ,
1161 2654 1284 2709 ideo
1344 2652 1412 2707 ad
1484 2659 1698 2722 tempus
1755 2647 2029 2704 abstinere

422 2743 642 2808 debent,
674 2759 742 2798 ne
797 2757 1150 2814 prmpropere
1179 2757 1421 2815 congrua
1477 2739 1592 2795 suis
1633 2738 2030 2794 valetudinibus

419 2831 738 2904 ingerentes
774 2832 1168 2898 medicamina,
1201 2830 1427 2904 gravius
1457 2835 1725 2902 mgrotent
1759 2845 1772 2882 :
1804 2835 1858 2882 et
1885 2826 2030 2900 quod

421 2921 543 2975 aliis
565 2929 647 2976 est
677 2920 968 2992 reparatio,
1003 2921 1110 2976 illis
1138 2920 1231 2974 tiat
1275 2919 1573 2975 damnatio.
1608 2917 1714 2973 Alii
1745 2915 1893 2972 omni
1923 2918 2032 2971 Do-

421 3009 626 3066 minica
670 3010 754 3066 vel
799 3009 948 3066 omni
992 3010 1222 3065 sabbato
1270 3009 1414 3080 apud
1445 3009 1725 3064 Orientem
1756 3015 1809 3062 et
1831 3006 2029 3076 Hispa-

422 3108 541 3162 nias
588 3108 786 3163 missas
828 3107 1125 3177 facientes,
1157 3106 1732 3163 commemorationem
1761 3101 2030 3175 passionis

423 3197 725 3252 Dominicas
752 3197 900 3252 omni
933 3197 1233 3267 septimana
1264 3197 1310 3252 si
1337 3195 1594 3261 facerent,
1630 3193 1880 3250 sufﬁcere
1900 3207 2026 3249 cre-

423 3295 646 3350 debant.
683 3294 835 3349 Unde
885 3293 1046 3348 etiam
1093 3293 1390 3349 orationem
1420 3290 1778 3354 Dominicam,
1809 3305 1930 3360 qua
1959 3287 2028 3341 ab

423 3383 580 3454 ipsis,
614 3391 670 3437 ut
699 3382 992 3448 credimus,
1025 3381 1302 3453 apostolis,
1356 3379 1442 3437 vel
1489 3378 1862 3452 apostolorum
1892 3385 2028 3432 tem-

424 3471 672 3543 poribus,
703 3479 826 3527 ante
867 3471 1414 3527 communicationem
1445 3477 1499 3524 et
1526 3467 1680 3541 panis
1710 3466 2031 3523 fractionem

425 3561 712 3617 dicebatur
732 3602 746 3627 ,
779 3561 1000 3632 quidam
1031 3559 1123 3618 illo
1169 3568 1374 3615 tantum
1419 3567 1665 3630 tempore
1696 3555 2031 3612 recitandam

429 3650 780 3706 crediderunt
818 3666 925 3722 quo
970 3649 1236 3705 sacrificia
1266 3647 1637 3704 celebrabant.
1672 3645 1808 3714 Quia
1836 3660 2033 3716 panem

427 3740 604 3806 illum,
633 3739 723 3810 qui
751 3739 806 3793 in
843 3739 1036 3794 eadem
1081 3738 1325 3795 oratione
1359 3737 1576 3808 potitur,
1610 3735 2032 3805 supersubstan-

428 3828 616 3884 tialem
653 3828 919 3900 intelligi,
951 3845 1061 3884 non
1090 3827 1487 3898 quotidianum,
1520 3823 1821 3880 voluerunt.
1856 3823 1922 3877 Et
1951 3823 2031 3876 sic

426 3913 591 3968 ﬁebat
618 3919 675 3966 ut
703 3913 794 3982 qui
813 3912 983 3968 semel
1000 3928 1098 3984 per
1117 3910 1517 3966 hebdomadam
1535 3907 2027 3972 communicabant,

426 4001 597 4058 semel
620 4000 781 4056 etiam
812 4001 1113 4056 orationem
1157 3999 1498 4056 Dominicam
1529 4004 1900 4053 recenserent.
1933 3995 2036 4064 Cy-

428 4090 654 4162 prianus
683 4098 863 4145 autem
908 4089 1149 4160 quotidie
1193 4088 1478 4144 dicendam
1511 4103 1633 4142 esse
1664 4084 1917 4147 ostendit,
1949 4082 2037 4137 di-

429 4195 563 4235 cens
601 4198 613 4234 :
654 4201 676 4231 ι
716 4181 903 4252 Itaque
923 4179 976 4232 in
1001 4177 1248 4234 oratione
1265 4177 1546 4233 Dominica
1563 4192 1757 4247 panem
1775 4182 2036 4239 nostrum,

426 4268 483 4324 id
513 4278 596 4324 est
656 4269 949 4335 Christum,
984 4268 1103 4323 dari
1161 4266 1317 4322 nobis
1374 4267 1613 4338 quotidie
1670 4266 1904 4337 petimus
1935 4309 1949 4330 ,
1983 4271 2038 4318 ut

435 4358 528 4430 qui
561 4358 615 4413 in
648 4357 864 4413 Christo
894 4373 1179 4412 manemus
1206 4365 1259 4411 et
1274 4355 1524 4422 vivimus,
1557 4372 1588 4410 a
1617 4353 2041 4410 sanctificatione

437 4455 489 4502 et
547 4462 780 4518 corpore
845 4447 962 4515 ejus
1018 4461 1127 4502 non
1178 4445 1554 4501 recedamus.»
1591 4445 1725 4498 Item
1753 4441 2038 4497 Hilarius:

2128 1860 2310 1914 missis
2341 1869 2393 1915 et
2423 1863 2758 1918 orationibus
2785 1880 2909 1920 esse
2945 1865 3331 1938 solemnem,et
3359 1871 3722 1945 undecunque

2129 1948 2395 2022 colligens
2429 1993 2442 2016 ,
2477 1951 2722 2020 ejusdem
2759 1952 2866 2008 diei
2907 1957 3278 2027 augmentavit
3340 1957 3538 2016 oﬂicia.
3588 1962 3725 2018 Cum

2131 2060 2266 2116 ergo
2313 2045 2524 2101 Hebraei
2567 2047 2817 2104 carnales
2862 2065 2990 2104 suas
3039 2051 3342 2108 oblationes
3372 2055 3612 2126 quotidie
3659 2073 3727 2114 ex

2123 2133 2371 2201 jussione
2431 2136 2648 2191 Domini
2724 2137 3029 2194 celebrasse
3075 2140 3364 2214 legantur,
3409 2161 3576 2216 quare
3618 2161 3727 2202 non

2129 2222 2417 2277 Christiani
2461 2225 2666 2281 hostias
2713 2242 2842 2282 suas
2888 2229 3157 2298 spiritales
3207 2231 3448 2302 quotidie
3496 2233 3728 2291 offerant

2131 2318 2184 2366 et
2209 2311 2264 2366 in
2294 2313 2687 2369 monimentum
2719 2331 2830 2373 suae
2861 2316 3045 2372 salutis
3061 2317 3443 2390 frequentent?
3471 2323 3729 2395 Legimus

2129 2401 2346 2467 etenim,
2380 2401 2539 2457 beato
2570 2402 2842 2478 Gregorio
2891 2405 3068 2476 (cujus
3113 2423 3281 2479 supra
3310 2407 3538 2466 fecimus
3566 2427 3728 2470 men-

2130 2489 2355 2560 tionem)
2399 2497 2648 2560 testante,
2695 2493 2944 2549 Cassium
2985 2495 3348 2553 Narniensem
3387 2499 3723 2572 episcopum,

2129 2586 2252 2650 post
2288 2579 2680 2636 ordinationem
2726 2599 2877 2637 suam
2928 2584 3074 2640 omni
3109 2585 3197 2640 die
3240 2601 3415 2644 sacrae
3435 2588 3729 2647 oblationis

2130 2667 2361 2723 hostiam
2398 2660 2631 2726 Domino
2675 2671 2988 2728 immolasse
3011 2681 3064 2730 et
3093 2674 3274 2730 divina
3305 2675 3640 2748 dignatione,
3672 2688 3732 2736 ut

2130 2757 2302 2811 solitis
2331 2757 2555 2814 instaret
2586 2760 2864 2831 Operibus,
2897 2763 3283 2820 commonitum
3303 2782 3366 2822 ac
3387 2783 3586 2841 magna
3604 2784 3733 2842 pro-

2129 2846 2404 2904 missionis
2433 2848 2606 2921 gratia
2632 2851 2703 2905 ad
2733 2852 3195 2922 perseverantiam
3241 2855 3628 2914 confortatum.

2203 2982 2519 3038 Gennadius
2546 2993 2744 3055 autem,
2791 2986 3144 3044 Massiliensis
3171 2990 3472 3062 presbyter,
3506 2992 3561 3047 in
3591 2992 3730 3067 dog-

2131 3080 2275 3126 mate
2322 3073 2697 3130 ecclesiastico
2751 3075 2906 3147 quasi
2960 3076 3102 3132 inter
3132 3086 3346 3135 veteres
3389 3089 3442 3136 et
3479 3081 3728 3150 juniores

2061 3144 2111 3208 C
2135 3161 2346 3215 medius
2383 3161 2656 3230 existens,
2691 3163 2745 3218 id
2790 3173 2874 3218 est
2916 3181 3038 3220 cum
3081 3167 3256 3223 adhuc
3297 3168 3386 3222 alii
3425 3169 3727 3227 Dominicis

2131 3256 2336 3302 tantum
2364 3292 2376 3318 ,
2401 3250 2512 3318 jam
2542 3267 2757 3324 quoque
2802 3255 3046 3308 nonnulli
3108 3256 3454 3327 quotidianis,
3486 3275 3729 3316 commu-

2130 3336 2374 3392 nicarent
2416 3339 2645 3406 diebus,
2694 3341 3002 3409 hujusmodi
3060 3343 3349 3401 libramine
3403 3348 3731 3405 sententiam

2130 3443 2286 3480 suam
2315 3435 2616 3498 temperat,
2665 3437 2722 3483 ut
2768 3431 3142 3502 quotidianam
3198 3434 3556 3494 Eucharistiae
3597 3455 3732 3509 per-

2131 3526 2434 3594 ceptionem
2501 3542 2602 3581 nec
2647 3526 2897 3593 laudare,
2939 3545 3040 3585 nec
3085 3532 3394 3602 vituperare
3439 3551 3499 3589 se
3541 3536 3729 3592 dicat:

2132 3615 2278 3668 omni
2309 3631 2440 3669 vero
2468 3614 2750 3671 Dominica
2781 3619 3202 3686 communicare,
3236 3620 3283 3675 si
3313 3622 3566 3692 capitalia
3593 3641 3731 3696 pec-

2133 3711 2251 3758 cata
2295 3719 2405 3757 non
2451 3703 2808 3774 prohibeant,
2843 3713 2897 3762 et
2927 3723 3081 3761 mens
3109 3707 3164 3761 in
3206 3708 3565 3766 delectatione
3605 3729 3735 3783 pec-

2136 3792 2295 3846 candi
2315 3792 2490 3864 posita
2520 3809 2629 3847 non
2660 3792 2749 3860 sit,
2781 3794 3042 3850 hortatur.
3074 3796 3231 3868 Apud
3263 3796 3488 3854 Graecos
3518 3815 3735 3872 quoque

2135 3889 2211 3943 illi
2242 3891 2331 3961 qui
2381 3891 2514 3945 duas
2553 3891 2863 3947 Dominicas
2895 3893 2989 3949 vel
3024 3902 3136 3950 tres
3185 3895 3320 3951 sine'
3350 3898 3734 3955 communione

2136 3979 2482 4046 transierent,
2514 3981 2974 4038 excommunicari
3016 3983 3287 4040 dicuntur.
3321 3983 3459 4054 Quia
3485 4002 3614 4042 vero
3644 4004 3738 4043 ve-

2135 4069 2395 4122 nerabilis
2424 4086 2560 4141 papa
2591 4069 2872 4140 Silvester,
2921 4072 3228 4128 tricesimus
3258 4083 3481 4146 quartus
3513 4092 3545 4131 a
3572 4076 3734 4132 beato

2140 4158 2320 4223 Petro,
2354 4157 2515 4214 ferias
2571 4159 2774 4214 clerum
2817 4161 3020 4216 habere
3077 4163 3278 4233 docuit,
3313 4172 3370 4218 ut
3427 4165 3566 4221 sicut
3586 4166 3732 4236 apud

2139 4261 2384 4318 paganos
2411 4246 2560 4303 feriae
2602 4255 2807 4304 tantum
2839 4250 2958 4305 dies
3005 4251 3275 4326 aliquibus
3313 4253 3464 4308 festis
3491 4253 3737 4326 insigniti

2142 4335 2460 4391 dicebantur
2485 4337 2585 4407 (sic
2634 4338 2776 4393 enim
2806 4355 2906 4410 per
2951 4339 3174 4411 Moysen
3204 4342 3403 4398 dicitur
3436 4360 3449 4396 :
3485 4345 3578 4398 Ha:
3598 4348 3737 4400 sunt

2141 4425 2301 4492 feriae
2320 4427 2548 4481 Domini
2576 4425 2722 4498 [Lev.
2754 4427 2954 4500 xxxii];
2983 4429 3055 4484 ita
3076 4431 3410 4498 Christianis,
3435 4441 3488 4489 et
3505 4433 3736 4489 maxime

441 4557 465 4587 ι
499 4537 568 4591 Et
597 4507 720 4608 quia
775 4507 1092 4608 quotidiana
1143 4535 1315 4590 oratio
1369 4542 1483 4600 est,
1517 4532 1757 4604 quotidie
1815 4546 2031 4602 quoque
2061 4507 2368 4592 Dclericis,
2412 4539 2602 4579 omnes
2660 4524 2779 4580 dies
2809 4525 2864 4580 in
2913 4525 3080 4582 ferias
3127 4527 3488 4598 deputentur,
3522 4530 3736 4588 videtur

423 4625 587 4698 panis
635 4625 863 4689 vitant
911 4625 1104 4689 detur,
1139 4631 1338 4678 oratur.
1378 4644 1400 4673 ι
1436 4624 1664 4677 Sanctus
1694 4619 2030 4692 Augustinus

429 4714 562 4770 dicit
613 4731 629 4769 :
679 4736 703 4765 ι
745 4715 824 4770 De
874 4711 1204 4786 quotidianis
1250 4711 1538 4783 parvisque
1586 4709 1859 4781 peccatis,
1910 4708 2028 4764 sine

426 4811 624 4883 quibus
680 4811 790 4866 vita
844 4811 961 4866 haec
1020 4826 1128 4865 non
1185 4809 1422 4875 ducitur,
1483 4809 1796 4882 quotidiana
1851 4806 2028 4864 oratio

424 4909 670 4967 ﬁdelium
701 4909 958 4966 satisfacit
1002 4910 1199 4976 errori,
1232 4931 1253 4959 ι
1290 4909 1676 4981 Superioribus
1705 4907 1925 4980 quidem
1957 4907 2027 4961 ita

421 5017 480 5063 ut
510 5009 832 5079 praedictum
861 5016 963 5077 est,
999 5006 1328 5080 complacuit
1359 5025 1371 5062 :
1402 5007 1520 5062 aliis
1550 5023 1682 5063 vero
1711 5022 1819 5063 non
1850 5005 2026 5061 solum

422 5106 478 5160 in
511 5106 806 5162 Dominicis
851 5115 905 5162 et
939 5105 1092 5161 festis
1138 5105 1491 5178 generalibus
1512 5147 1526 5175 ,
1553 5113 1611 5160 ut
1658 5113 1780 5160 sunt
1809 5103 2025 5159 Nativi-

420 5213 527 5270 tas,
563 5204 882 5277 Epiphania,
914 5205 1139 5272 Pascha,
1188 5204 1451 5260 Ascensio
1481 5203 1716 5270 Domini,
1751 5211 1804 5257 et
1834 5204 2026 5257 Pente-

423 5309 595 5368 coste,
642 5319 832 5359 verum
876 5302 1035 5358 etiam
1066 5302 1120 5356 in
1163 5302 1418 5357 natalitiis
1447 5310 1775 5367 sanctorum,
1807 5300 2024 5356 divino-

421 5417 539 5456 rum
588 5417 876 5456 munerum
931 5401 1258 5456 celebranda
1303 5416 1424 5455 esse
1480 5399 1755 5470 mysteria.
1805 5398 2026 5469 Legitur

421 5498 566 5553 enim
599 5498 748 5554 Felix
781 5499 1074 5554 vicesimus
1114 5497 1374 5568 septimus
1430 5513 1568 5568 papa
1600 5495 1945 5552 constituisse
1967 5503 2023 5550 ut

423 5614 590 5668 super
641 5592 936 5654 memorias
1008 5605 1305 5668 martyrum
1361 5596 1543 5650 missae
1592 5594 2017 5651 celebrarentur.

428 5693 539 5752 Sed
576 5693 768 5753 beatus
819 5693 1118 5767 Gregorius
1155 5709 1296 5767 papa
1333 5693 1388 5750 in
1419 5692 1610 5750 ordine
1648 5691 2020 5764 sexagesimus

2133 4609 2341 4667 ratione
2369 4611 2743 4682 plenissimum
2791 4620 2846 4669 ut
2872 4631 2974 4685 per
3020 4615 3265 4688 singulos
3293 4618 3412 4674 dies
3443 4620 3610 4676 sacris
3639 4636 3733 4676 oc-

2130 4725 2390 4781 cupemur
2419 4709 2628 4766 ofﬁciis.
2651 4709 2719 4764 Et
2739 4718 2997 4782 quantum
3018 4712 3273 4787 [quando]
3295 4717 3493 4772 mentis
3515 4716 3600 4773 vel
3618 4733 3741 4774 cor-

2129 4808 2276 4879 poris
2303 4808 2589 4880 graviores
2618 4810 2842 4866 maculae
2871 4827 2980 4867 non
3001 4812 3290 4885 obsistunt,
3315 4831 3514 4887 panem
3536 4824 3589 4873 et
3605 4832 3730 4872 san-

2129 4907 2349 4977 guinem
2366 4907 2931 4982 Dominicum,quibus
2948 4909 3064 4966 sine
3086 4911 3269 4970 vivere
3291 4929 3401 4968 non
3411 4929 3725 4986 possumus,

2123 5005 2330 5078 jugiter
2357 5006 2656 5061 ambiamus
2687 5016 2739 5061 et
2767 5006 3042 5064 desiderio
3084 5008 3230 5064 illius
3274 5011 3517 5068 tuitionis
3546 5015 3726 5086 potius

2129 5119 2288 5173 quam
2319 5104 2741 5176 praesumptione
2773 5114 2972 5162 nostrae
2990 5106 3256 5179 puritatis,
3281 5125 3578 5180 sumamus,
3614 5112 3730 5168 imi—

2128 5209 2300 5258 tantes
2356 5204 2637 5275 primitivie
2667 5206 2931 5262 Ecclesia
2960 5205 3196 5263 studium
3231 5210 3488 5279 salutare,
3519 5212 3589 5269 de
3617 5229 3724 5286 quo

2125 5301 2181 5354 in
2210 5301 2432 5356 Actibus
2461 5303 2832 5373 apostolorum
2862 5306 2936 5359 ita
2979 5305 3239 5376 scriptum
3267 5318 3382 5363 est:
3408 5308 3588 5366 Erant
3616 5327 3723 5365 au-

2129 5403 2240 5453 tem
2263 5403 2686 5471 perseverantes
2709 5400 2772 5454 in
2792 5400 3051 5457 doctrina
3081 5405 3478 5474 apostolorum,
3508 5409 3566 5459 et
3583 5420 3726 5460 com-

2124 5497 2512 5552 municatione
2540 5497 2841 5568 fractionis
2870 5500 3040 5571 pan-is
3056 5501 3111 5554 et
3129 5498 3547 5571 operationibus
3566 5500 3716 5570 (Act.

2123 5594 2204 5664 ιι).
2239 5594 2307 5649 Et
2327 5592 2469 5648 infra
2504 5610 2514 5648 :
2551 5594 2808 5662 Quotidie
2851 5613 3060 5669 quoque
3102 5597 3478 5668 perd-urantes
3509 5601 3720 5655 unani-

2121 5694 2294 5750 miter
2304 5693 2367 5748 in
2381 5696 2530 5766 temp
2539 5693 2606 5762 lo,
2627 5698 2683 5752 et
2693 5697 3020 5766 frangentes
3037 5693 3190 5750 circa
3199 5693 3386 5750 domos
3397 5711 3719 5766 panem,su-
