4002 6184
374 262 476 317 943

861 253 1266 312 WALAFRIDI
1304 251 1548 308 STRABI
1586 248 1966 306 FULD.MON.
2007 247 2161 304 OPP.
2203 247 2380 304 PARS
2419 247 2459 302 Ι.
2493 277 2560 288 -
2598 245 3074 303 THEOLOGICA.

3570 245 3674 300 9“

378 405 606 462 mebant
635 402 820 459 cibum
849 416 981 456 cum
1009 398 1393 455 exsultatione
1413 401 1470 452 et
1485 395 1855 468 simplicitate
1876 377 2059 450 σον-Α
2091 407 2302 463 cunque
2347 391 2766 447 monstravimus
2787 434 2801 457 ,
2834 391 2961 446 hinc
3007 389 3076 445 de
3119 387 3293 445 oﬁicio
3319 386 3508 443 missa
3538 387 3681 459 quid,

380 495 485 560 dis,
513 492 813 548 laudantes
833 489 1164 557 Deum(Act.
1186 488 1274 556 II).
1294 485 1565 540 Etiterum
1583 503 1595 538 :
1611 485 1781 540 Omni
1792 487 1984 538 autem

378 583 467 639 die
497 584 561 638 in
585 581 788 652 templo
819 583 873 634 et
895 579 1045 634 circa
1074 577 1261 633 domos
1292 593 1406 631 non
1437 574 1748 638 cessabant,
1782 573 1983 628 docen-

382 676 464 728 tes
519 673 578 727 et
629 667 1080 738 euangelizantes
1140 665 1428 721 Christum
1481 665 1672 720 Jesum
1701 662 1846 733 (Act.
1899 664 1978 731 v).

371 762 510 816 Nota
542 757 686 830 quod
715 756 845 812 dicit
873 755 1026 826 prius
1057 770 1153 810 eos
1191 753 1424 826 fregisse
1447 768 1645 824 panem
1675 766 1741 807 ac
1775 749 1978 806 deinde

378 848 675 920 sumpsisse
712 845 912 902 cibum.

977 960 1202 1015 CAPUT
1239 959 1391 1013 XXI.

376 1079 573 1137 Utrum
597 1076 772 1132 semel
790 1075 873 1132 vel
904 1076 1108 1147 saepius
1138 1075 1202 1128 in
1219 1073 1306 1128 die
1345 1072 1543 1144 offerre
1579 1072 1879 1128 conveniat
1918 1074 1976 1126 et

952 1163 1391 1221 communicare.

449 1282 754 1338 Diversitas
779 1289 960 1336 autem
982 1279 1229 1351 quaedam
1260 1278 1400 1333 inter
1427 1276 1739 1333 sacerdotes
1769 1275 1974 1332 oboriri

370 1373 526 1430 solet.
563 1371 699 1440 Quia
729 1377 808 1426 est
838 1369 957 1424 talis
986 1368 1077 1441 qui
1120 1367 1290 1423 semel
1321 1375 1526 1421 tantum
1548 1367 1602 1420 in
1631 1366 1719 1420 die
1749 1366 1974 1419 missam

365 1463 644 1518 celebrare
681 1459 828 1524 velit,
880 1458 1135 1512 nimirum
1179 1457 1412 1512 credens
1457 1456 1602 1509 idem
1649 1454 1970 1525 mysterium

367 1550 638 1622 passionis
681 1548 879 1603 Christi
927 1554 1246 1602 cunctarum
1293 1543 1678 1600 necessitatum
1717 1559 1842 1597 esse
1875 1558 1972 1612 ge-

364 1639 553 1695 nerale
581 1638 901 1703 subsidium,
935 1636 1058 1707 quia
1089 1651 1248 1700 unus,
1288 1633 1380 1705 qui
1411 1633 1714 1688 dominator
1743 1639 1793 1686 et
1804 1631 1969 1699 judex

365 1738 448 1783 est
478 1729 725 1783 vivorum
755 1742 819 1783 ac
854 1733 1213 1790 mortuorum,
1247 1722 1416 1778 semel
1443 1738 1544 1793 pro
1575 1721 1810 1792 peccatis
1841 1736 1972 1774 nos—

367 1826 464 1880 tris
495 1833 738 1880 mortuus
787 1831 868 1878 est
910 1822 980 1877 ad
1011 1823 1301 1876 multorum
1332 1819 1698 1875 exhaurienda
1726 1826 1968 1889 peccata.

365 1914 518 1969 Alius
549 1928 676 1968 vero
708 1913 809 1980 bis,
848 1921 944 1977 ter,
979 1911 1065 1965 vel
1095 1909 1460 1981 quotieslibet,
1493 1908 1682 1963 eadem
1714 1906 1972 1978 mysteria

371 2003 425 2057 in
480 2002 568 2056 die
600 2002 797 2056 iterare
836 2015 1142 2072 congruum
1185 2006 1352 2068 putat,
1395 1997 1627 2052 credens
1666 2004 1814 2050 tanto
1851 2011 1971 2048 am-

371 2091 512 2162 plius
542 2092 716 2145 Deum
765 2098 814 2144 et
857 2087 1286 2143 misericordiam
1319 2086 1462 2140 flecti
1492 2092 1692 2156 quanto
1724 2083 1972 2140 crebrius

371 2180 557 2251 passio
589 2178 786 2233 Christi
818 2184 1294 2233 commemoratur.
1326 2175 1395 2228 Et
1417 2173 1648 2228 fortasse
1675 2182 1971 2228 consuetu-

370 2270 552 2325 dinem
566 2283 722 2322 suam
742 2267 867 2321 inde
884 2264 1310 2322 confirmandam
1327 2263 1613 2329 existimat,
1635 2263 1758 2334 quia
1775 2263 1973 2317 Roma-

361 2375 564 2414 norum
597 2373 728 2411 usus
759 2357 921 2410 habet
949 2355 1084 2409 duas
1131 2353 1217 2408 vel
1244 2362 1354 2407 tres
1384 2352 1656 2407 interdum
1688 2352 1846 2404 unius
1879 2367 1973 2405 so-

370 2447 664 2502 lemnitatis
693 2444 869 2500 facere
900 2444 1117 2512 missas,
1149 2451 1206 2496 ut
1235 2442 1289 2496 in
1318 2441 1610 2496 Nativitate
1631 2439 1848 2496 Domini
1870 2439 1975 2493 sal-

371 2536 572 2592 vatoris
600 2543 652 2591 et
682 2534 992 2605 aliquorum
1021 2531 1174 2586 festis
1205 2538 1534 2586 sanctorum.
1558 2529 1837 2600 Siquidem
1867 2529 1974 2582 Te-

369 2627 674 2696 lesphorus,
700 2639 876 2678 nonus
906 2623 962 2676 in
991 2620 1179 2677 ordine
1209 2621 1466 2676 Romana
1496 2618 1641 2674 sedis
1663 2618 1976 2699 episcopus,

368 2717 424 2769 in
452 2713 633 2770 Natali
665 2712 880 2768 Domini
912 2719 1075 2766 noctu
1105 2718 1214 2764 tres
1243 2709 1442 2764 missas
1472 2706 1741 2764 celebrari
1775 2707 1976 2762 consti-

371 2804 522 2858 tuita.
545 2803 612 2858 Et
628 2819 815 2856 revera
836 2816 944 2856 non
967 2817 1089 2856 esse
1111 2798 1406 2854 absurdum
1430 2795 1758 2853 crediderim
1781 2795 1824 2849 si
1847 2795 1976 2849 dum

369 2893 556 2964 plures
584 2891 638 2945 in
669 2906 771 2944 una
802 2889 888 2944 die
921 2889 1182 2943 facienda
1229 2895 1351 2942 sunt
1385 2887 1585 2951 missa,
1619 2902 1758 2939 unus
1789 2899 1975 2940 sacer-

368 2982 469 3037 dos
499 2981 634 3036 duas
661 2979 748 3034 vel
778 2987 908 3043 tres,
955 2977 1277 3032 necessitate
1327 2975 1412 3031 vel
1445 2975 1719 3029 voluntate
1748 2989 1975 3044 persua—

361 3071 554 3138 dente,
589 3069 828 3125 celebret
873 3068 1052 3138 potius
1102 3081 1263 3136 quam
1308 3064 1568 3136 quasdam
1601 3063 1853 3118 dimittat.
1890 3063 1970 3116 Ad

361 3160 466 3214 hoc
488 3157 697 3213 accedit
746 3155 890 3227 quod
929 3155 1092 3210 totius
1127 3170 1257 3207 usus
1292 3152 1557 3208 Ecclesia
1585 3152 1751 3206 habet
1773 3152 1969 3222 sapius

360 3247 558 3301 missas
587 3260 757 3317 agere
787 3258 886 3313 pro
915 3243 1082 3307 vivis,
1107 3257 1207 3313 pro
1227 3241 1514 3309 defunctis,
1535 3257 1637 3312 pro
1659 3241 1967 3311 eleemosy-

361 3335 448 3389 nis
477 3341 530 3388 et
559 3333 678 3387 aliis
708 3332 938 3387 diversis
969 3331 1168 3399 causis,
1210 3331 1355 3402 quod
1384 3331 1544 3386 etiam
1576 3329 1750 3384 ofﬁcia
1784 3330 1868 3384 his
1887 3337 1966 3382 at-

355 3423 555 3477 tributa
585 3427 866 3476 testantur.
898 3421 959 3474 In
989 3420 1182 3475 diebus
1212 3420 1390 3492 itaque
1412 3419 1627 3491 publica
1649 3419 1964 3474 celebritate

353 3510 664 3582 conspicuis
709 3518 798 3564 aut
840 3509 945 3564 illa
997 3509 1337 3564 diversarum
1383 3525 1565 3564 rerum
1611 3507 1964 3564 necessitates

354 3609 478 3656 sunt
505 3599 940 3666 intermittenda,
972 3606 1079 3653 autx
1108 3598 1555 3654 concurrentibus
1597 3597 1833 3652 siblimet
1863 3613 1962 3668 pu-

354 3691 493 3746 blica
538 3688 918 3745 observatione
948 3697 1000 3743 et
1047 3689 1254 3760 privata
1297 3687 1642 3751 necessitate,
1679 3687 1960 3757 utriusque

355 3779 591 3851 expletio
622 3779 734 3833 suis
767 3785 848 3834 est
893 3777 1258 3833 discernenda
1300 3775 1512 3845 ofiiciis,
1549 3775 1654 3841 vel,
1688 3775 1833 3847 quod
1870 3791 1962 3829 su-

352 3868 536 3940 perius
600 3866 1187 3937 commemoravimus,
1234 3881 1343 3921 una
1398 3865 1674 3920 oblatione
1723 3863 1958 3919 diversa

352 3981 530 4023 causa
564 3973 688 4021 sunt
707 3965 1009 4036 explenda.
1045 3963 1310 4020 Fidelium
1341 3963 1601 4019 relatione
1632 3963 1870 4018 virorum
1902 3962 1957 4015 in

353 4063 596 4112 nostram
627 4071 799 4126 usque
843 4054 1085 4125 pervenit
1113 4053 1355 4108 notitiam
1387 4053 1621 4108 Leonem
1649 4066 1867 4123 papam,
1891 4050 1960 4104 si-

353 4152 441 4200 cut
463 4144 580 4216 ipse
610 4144 900 4212 fatebatur,
931 4160 1035 4198 una
1066 4143 1153 4198 die
1187 4141 1389 4212 septies
1420 4141 1505 4196 vel
1537 4141 1724 4196 novies
1755 4140 1954 4194 missa-

354 4249 475 4288 rum
519 4232 784 4289 solemnia
827 4232 1024 4303 sapius
1054 4229 1404 4296 celebrasse;
1435 4229 1769 4285 Bonifacium
1799 4244 1949 4295 vero,

353 4321 819 4392 archiepiscOpum
849 4327 901 4375 et
927 4329 1247 4391 martyrem,
1281 4319 1450 4374 semel
1473 4325 1672 4372 tantum
1694 4331 1794 4388 per
1807 4316 1953 4371 diem

357 4411 555 4465 missas
584 4409 814 4466 fecisse:
836 4409 994 4481 quiet
1024 4424 1132 4463 non
1162 4408 1325 4481 longe
1362 4414 1486 4462 ante
1518 4415 1705 4461 nostra
1735 4405 1952 4459 fuerunt

2083 481 2302 553 quando
2332 489 2385 537 et
2413 497 2443 535 a
2471 480 2668 553 quibus
2718 488 2973 535 statutum
3005 479 3073 533 sit
3099 521 3112 550 ,
3147 485 3410 551 quantum
3441 477 3680 532 invenire

2080 570 2375 640 potuimus,
2411 585 2766 642 exponamus.
2799 568 2958 637 Quod
2987 583 3131 624 nunc
3157 568 3371 640 agimus
3400 565 3682 636 multiplici

2080 677 2383 732 orationum
2407 721 2420 742 ,
2452 676 2762 745 lectionum,
2811 675 3201 732 cantilenarum
3232 683 3285 730 et
3310 673 3681 730 consecratio-

2078 782 2206 820 num
2236 765 2432 833 ofﬁcio,
2467 773 2637 821 totum
2667 766 2770 820 hoc
2800 765 3052 835 apostoli,
3078 772 3131 819 et
3160 772 3282 835 post
3312 763 3464 834 ipsos
3493 762 3679 833 proxi-

2077 880 2197 918 mus
2221 905 2234 932 ,
2268 872 2326 918 ut
2355 863 2589 919 creditur
2612 905 2625 928 ,
2659 862 2998 918 orationibus
3047 869 3098 916 et
3159 859 3679 917 commemoratione

2076 952 2344 1022 passionis
2404 952 2739 1019 Dominica,
2775 951 2914 1007 sicut
2967 951 3085 1022 ipse
3119 951 3396 1021 praeepit,
3447 949 3682 1022 agebant

2077 1041 2411 1112 simpliciter.
2455 1041 2607 1097 Unde
2651 1041 2799 1096 circa
2833 1041 3054 1107 domos,
3090 1039 3386 1095 secundum
3433 1037 3681 1108 superius

2075 1138 2503 1187 commemorata
2538 1129 2844 1184 testimonia
2867 1171 2881 1198 ,
2916 1128 3242 1199 frangebant
3270 1143 3488 1198 panem.
3523 1125 3682 1194 Quod

2075 1221 2240 1274 etiam
2285 1220 2392 1275 alia
2432 1219 2698 1274 sententia
2753 1219 2929 1274 Lucas
2976 1217 3243 1284 declarat,
3275 1217 3466 1271 dicens
3501 1233 3516 1270 :
3555 1217 3674 1272 Una

2075 1314 2267 1364 autem
2297 1309 2668 1374 sal)bati,cum
2699 1309 3151 1364 convenissemus
3183 1305 3254 1360 ad
3281 1303 3670 1376 frangendum

2073 1415 2298 1469 partem,
2333 1407 2385 1453 et
2417 1397 2625 1468 reliqua
2656 1397 2800 1467 (Act.
2827 1398 2950 1466 xx).
2979 1396 3047 1450 Et
3078 1395 3270 1450 relatio
3300 1394 3568 1463 majorum
3595 1402 3676 1448 est

2073 1487 2145 1540 ita
2171 1486 2358 1556 primis
2388 1485 2729 1556 temporibus
2761 1485 2957 1539 missas
2991 1483 3106 1538 fieri
3126 1483 3334 1551 solitas,
3357 1483 3494 1537 sicut
3518 1482 3678 1538 modo

2071 1572 2128 1627 in
2183 1577 2480 1630 Parasceve
2546 1575 2765 1630 Pascha
2813 1574 2891 1644 (in
2941 1589 3048 1644 quo
3076 1572 3165 1627 die
3204 1572 3348 1643 apud
3403 1573 3676 1627 Romanos

2070 1663 2254 1719 missa
2300 1680 2406 1718 non
2445 1665 2700 1734 aguntur)
2745 1662 3291 1718 communicationem
3320 1659 3505 1716 facere
3536 1661 3678 1715 sole-

2011 1743 2061 1802 B
2089 1768 2241 1821 mus,
2276 1752 2331 1806 id
2361 1761 2443 1806 est
2489 1752 2772 1822 praemissa
2813 1752 3058 1806 oratione
3105 1749 3430 1817 Dominica;
3477 1757 3532 1804 et
3563 1750 3677 1804 sicu

2072 1842 2188 1912 ipse
2220 1842 2481 1896 Dominus
2511 1849 2699 1896 noster
2713 1841 2992 1912 pracepit,
3019 1837 3533 1894 commemoratione
3550 1853 3674 1909 pas.

2075 1930 2242 1985 sionis
2273 1931 2389 1998 ejus
2417 1929 2674 1994 adhibita,
2728 1944 2823 1984 eos
2853 1929 3069 1998 corpori
3095 1927 3380 1983 Dominico
3430 1943 3674 1983 commu-

2074 2020 2285 2074 nicasse
2315 2027 2367 2074 et
2406 2017 2675 2089 sanguini,
2709 2033 2846 2090 quos
2894 2018 3029 2072 ratio
3074 2017 3437 2089 permittebat.
3499 2015 3674 2070 Proﬁ-

2073 2108 2246 2163 ciente
2277 2108 2472 2162 dehinc
2494 2107 2755 2180 religione
2801 2107 3032 2178 amplius
3077 2114 3230 2161 aucta
3260 2115 3386 2160 sunt
3411 2120 3446 2161 a
3476 2105 3676 2161 Christi

2075 2192 2374 2247 cultoribus
2421 2191 2596 2248 officia
2627 2190 2918 2245 missarum
2939 2233 2953 2256 ,
2986 2190 3130 2261 quod
3187 2189 3271 2245 vel
3303 2206 3405 2260 pax
3434 2191 3676 2261 prastita

2075 2277 2229 2331 latius
2261 2276 2519 2332 terminos
2563 2276 2881 2348 propagavit
2928 2275 3218 2339 Ecclesia,
3243 2275 3330 2330 vel
3363 2283 3673 2331 sanctorum

2075 2366 2232 2436 COpia
2261 2382 2361 2419 usu
2390 2365 2529 2421 facta
2559 2374 2641 2420 est
2669 2364 3085 2420 convalescente
3116 2363 3476 2436 frequentior.
3516 2363 3675 2432 Quod

2075 2463 2126 2508 et
2157 2454 2209 2507 in
2241 2470 2514 2509 sacrarum
2555 2455 2754 2509 adium
2808 2453 3209 2508 constructione
3264 2452 3353 2507 vel
3397 2453 3673 2508 ornatibus

2074 2543 2146 2596 ita
2176 2544 2496 2612 provenisse
2515 2544 2630 2612 jam
2656 2543 2918 2607 diximus;
2951 2558 3062 2596 non
3091 2541 3236 2612 quod
3259 2541 3424 2612 aliqui
3441 2557 3675 2612 sequen-

2074 2632 2206 2685 tium
2237 2632 2495 2703 apostolis
2534 2631 2728 2687 fuerint
2757 2631 2979 2686 scientia
3011 2630 3095 2687 vel
3117 2630 3468 2702 religiositate
3497 2632 3670 2700 majo-

2074 2737 2183 2786 res,
2216 2722 2312 2776 sed
2342 2722 2468 2793 quia
2499 2721 2574 2775 illi
2614 2721 2847 2776 maxime
2877 2719 3136 2776 curabant
3166 2719 3234 2773 ab
3263 2718 3577 2775 inﬁdelitate
3604 2721 3672 2776 ad

2076 2809 2274 2879 fidem,
2311 2826 2342 2865 a
2388 2809 2626 2864 tenebris
2666 2810 2917 2866 homines
2949 2810 3016 2864 ad
3066 2809 3243 2864 lucem
3287 2824 3506 2875 vocare,
3540 2817 3592 2864 et
3619 2810 3673 2864 in

2076 2899 2303 2954 veritate
2347 2898 2570 2954 stabiles
2619 2899 2866 2966 reddere,
2917 2899 3035 2969 ipsa
3082 2897 3337 2954 facilitate
3365 2898 3666 2970 religionis,

2076 2987 2269 3042 melius
2301 2988 2446 3060 quod
2476 2987 2728 3044 volebant
2755 2987 2980 3042 rudibus
3009 2987 3336 3058 persuadere
3379 2995 3672 3058 potuerunt

2074 3077 2229 3133 Unde
2260 3077 2422 3132 etiam
2447 3118 2460 3144 ,
2493 3077 2630 3132 sicut
2657 3076 2855 3147 legitur
2875 3117 2888 3144 ,
2925 3077 3213 3132 credentes
3242 3076 3403 3146 primi
3431 3077 3502 3131 de
3534 3092 3673 3148 gen-

2072 3165 2214 3220 tibus
2243 3166 2497 3238 legalium
2525 3165 2766 3236 pondere
2806 3165 3183 3220 mandatorum
3219 3164 3452 3235 deprimi
3481 3165 3672 3222 volue-

2067 3263 2210 3309 runt.
2257 3255 2406 3309 Multi
2460 3255 2643 3326 itaque
2689 3255 2832 3326 apud
2877 3254 3098 3310 Gracos
3144 3261 3197 3309 et
3239 3255 3457 3310 Latinos
3486 3256 3669 3310 missa

2066 3343 2311 3398 ordinem
2353 3351 2410 3398 ut
2459 3343 2562 3398 sibi
2606 3343 2782 3399 visum
2829 3350 2912 3398 est
2953 3351 3276 3399 statuerunt.
3321 3344 3393 3398 Et
3418 3344 3668 3415 ,Βοωεηὶ

2067 3433 2286 3504 quidem
2315 3449 2474 3488 usum
2504 3432 2944 3488 Observationum
2976 3448 3010 3487 a
3038 3434 3204 3488 Beato
3233 3434 3390 3488 Petro
3419 3433 3667 3504 principe

2063 3522 2434 3592 apostolorum
2492 3522 2856 3592 accipientes,
2888 3521 3002 3576 suis
3057 3521 3257 3594 quique
3305 3521 3662 3592 temporibus,

2063 3628 2185 3682 qua
2213 3627 2453 3683 congrua
2476 3611 2718 3681 judicata
2748 3620 2889 3680 sunt,
2914 3610 3258 3666 addiderunt.
3284 3609 3528 3678 Quorum
3545 3625 3665 3666 mo-

2063 3717 2175 3755 rem
2230 3699 2354 3755 ideo
2396 3701 2452 3755 in
2480 3700 2652 3755 sacris
2696 3701 2858 3755 rebus
2886 3707 2996 3754 tam
3022 3699 3206 3755 multa
3234 3707 3427 3771 gentes
3457 3699 3666 3754 miran-

2061 3797 2166 3858 tur,
2199 3791 2324 3860 quia
2355 3797 2408 3845 et
2439 3789 2570 3844 tanti
2609 3789 2913 3860 magisterii
2945 3805 3010 3845 ex
3041 3789 3198 3860 apice
3227 3787 3528 3859 apostolico
3550 3788 3662 3859 pri-

2058 3877 2282 3933 mordiis
2327 3878 2553 3944 clarent,
2588 3887 2642 3934 et
2691 3878 2837 3934 nulla
2865 3894 2965 3950 per
3022 3877 3210 3932 orbem
3239 3877 3489 3934 Ecclesia
3515 3893 3668 3950 aque

2057 3975 2113 4021 ut
2145 3968 2387 4022 Romana
2443 3967 2512 4021 ab
2539 3967 2688 4022 omni
2745 3967 2880 4023 face
2936 3967 3222 4022 hareseon
3267 3966 3476 4022 cunctis
3518 3975 3662 4022 retro

2063 4057 2399 4127 temporibus
2428 4072 2567 4126 pura
2595 4055 2911 4127 permansit.
2939 4056 3264 4112 Ambrosius
3284 4071 3522 4128 quoque,
3554 4057 3664 4112 Me-

2055 4145 2404 4200 diolamensis
2434 4145 2726 4217 episcOpus
2745 4185 2759 4214 ,
2792 4154 2900 4201 tam
2927 4144 3111 4200 missa
3140 4161 3306 4218 quam
3346 4154 3663 4201 caterorum

2053 4234 2465 4305 dispositionem
2499 4234 2796 4290 officiorum
2831 4251 2942 4290 sua
2971 4233 3233 4290 Ecclesia
3265 4242 3317 4290 et
3351 4233 3475 4289 aliis
3504 4233 3666 4306 Ligu-

2052 4324 2202 4378 ribus
2249 4323 2562 4379 ordinavit:
2621 4340 2741 4395 qua
2796 4331 2851 4378 et
2893 4339 3067 4394 usque
3119 4323 3281 4379 hodie
3311 4323 3366 4377 in
3404 4323 3664 4378 Mediola-

2051 4413 2228 4468 mensi
2283 4420 2537 4468 tenentur
2566 4412 2833 4469 Ecclesia.
2870 4412 3041 4483 Igitur
3068 4411 3315 4468 ordinem
3344 4412 3529 4467 missa
3558 4413 3663 4467 Ro-

355 4508 622 4571 tempora,
646 4506 699 4554 et
727 4498 888 4553 ambo
918 4505 1026 4552 tam
1070 4469 1295 4553 scientia
1335 4511 1493 4568 quam
1541 4495 1715 4568 gradu
1744 4492 1944 4566 praci-
1970 4469 2020 4529 D
2064 4518 2256 4568 mana,
2289 4509 2347 4556 ut
2390 4516 2712 4572 possumus,
2765 4469 3145 4572 exsequamur.
3212 4501 3550 4571 Antiphonas
3595 4500 3660 4554 ad

358 4588 469 4658 pui.
532 4589 718 4660 Itaque
763 4587 1145 4660 unusquisque
1205 4587 1268 4641 in
1323 4601 1422 4641 suo
1477 4600 1647 4640 sensu
1705 4583 1953 4639 abundet

361 4681 540 4747 (Rom.
562 4675 707 4747 xxv),
743 4676 872 4731 dum
908 4675 1043 4731 fides
1078 4675 1344 4731 condocet
1375 4681 1430 4728 ut
1462 4689 1563 4729 nec
1595 4673 1794 4742 sapius
1825 4671 1961 4727 oﬂ'e-

358 4774 540 4822 rentes
582 4766 848 4821 astirnent
899 4764 1075 4821 Deum
1102 4764 1260 4819 aliter
1316 4762 1603 4834 petitiones
1647 4777 1756 4815 non
1798 4776 1960 4830 posse

358 4856 707 4923 discernere;
740 4869 842 4910 nec
876 4853 1045 4909 semel
1076 4852 1284 4908 hostias
1316 4867 1414 4923 per
1442 4851 1585 4906 diem
1616 4849 1959 4905 immolantes

361 4951 549 5014 putent
577 4959 690 4999 sua
744 4942 869 4997 fidei
912 4941 1262 4998 subtilitatem
1305 4939 1484 5012 potius
1513 4954 1676 5012 quam
1707 4937 1956 5011 superio-

361 5047 480 5084 rum
510 5031 852 5088 devotionem
881 5031 1077 5087 divinis
1121 5036 1420 5101 acceptam.

970 5146 1192 5202 CAPUT
1261 5145 1388 5200 XII.

571 5249 648 5304 De
678 5247 872 5304 ordine
905 5251 1090 5305 missae
1121 5254 1176 5305 et
1205 5247 1476 5320 afferendi
1506 5249 1744 5304 ratione.

431 5355 701 5427 Quoniam
732 5353 898 5426 igitur
939 5355 1171 5428 qualiter
1199 5357 1270 5412 ad
1316 5356 1738 5414 celebrationem
1770 5350 1954 5425 quoti-

357 5448 576 5504 dianam
620 5445 910 5502 missarum
953 5445 1219 5500 solemnia
1275 5446 1656 5518 pervenerint,
1691 5443 1953 5516 qualiter-

413 5623 557 5678 _',Sic
613 5623 817 5669 solitum
876 5620 983 5668 ﬂeri
1050 5619 1172 5666 olim
1233 5620 1472 5678 exemplis
1493 5627 1606 5674 qua
1643 5616 1951 5678 Walarridus

365 5675 584 5730 adducit,
625 5678 845 5734 apparet,
885 5679 942 5724 ut
981 5685 1116 5724 unus
1143 5670 1390 5723 sacerdos
1419 5670 1588 5728 plures
1635 5681 1690 5716 in
1713 5670 1795 5716 die
1825 5670 1944 5717 mis-

2063 4600 2336 4656 introitum
2389 4598 2574 4654 dicere
2637 4598 2961 4654 Calestinus
3014 4613 3157 4671 papa
3219 4598 3663 4671 quadragesimus

2064 4689 2282 4760 quintus
2326 4687 2572 4757 instituit,
2608 4687 2746 4742 sicut
2808 4688 3008 4760 legitur
3035 4688 3088 4742 in
3135 4687 3317 4742 Gestis
3346 4686 3661 4757 pontificum

2061 4777 2449 4844 Romanorum,
2481 4793 2602 4832 cum
2632 4776 2700 4830 ad
2733 4777 2848 4845 ejus
2878 4793 3052 4847 usque
3083 4783 3326 4848 tempora
3348 4785 3472 4831 ante
3493 4777 3662 4832 sacri-

2061 4865 2240 4936 ﬁcium
2289 4866 2449 4922 lectio
2492 4881 2600 4921 una
2642 4865 2889 4937 Apostoli
2951 4873 3161 4920 tantum
3205 4873 3256 4921 et
3299 4865 3658 4938 Evangelium

2059 4965 2353 5035 legeretur.
2408 4965 2628 5020 Litania
2671 4973 2855 5019 autem
2918 4980 3038 5036 qua
3098 4972 3431 5036 sequuntur,
3476 4963 3534 5019 id
3581 4971 3660 5020 est

2059 5065 2220 5133 Kyrie
2238 5064 2468 5131 eleison,
2498 5062 2717 5118 Christe
2753 5062 2985 5131 eleison,
3007 5076 3040 5116 a
3058 5061 3376 5117 Gracorum
3394 5078 3497 5116 usu
3515 5076 3657 5117 sum-

2056 5169 2163 5232 pta
2194 5161 2521 5228 creduntur,
2553 5159 2680 5231 quia
2711 5167 2761 5214 et
2807 5159 2998 5215 Graca
3027 5167 3152 5214 sunt
3179 5159 3351 5215 verba
3379 5166 3434 5215 et
3460 5175 3527 5215 ea
3558 5158 3658 5231 ipsi

2058 5259 2236 5315 Graci
2267 5258 2466 5331 sapius
2484 5257 2538 5312 in
2561 5258 2674 5313 suis
2691 5258 2744 5312 in
2761 5264 2934 5313 terant
2951 5257 3158 5312 missis.
3183 5258 3454 5328 Hymnum
3478 5265 3656 5312 autem

2057 5358 2360 5430 angelicum
2403 5358 2459 5412 in
2490 5374 2596 5431 quo
2641 5357 2829 5429 paucis
2858 5356 3038 5413 verbis
3067 5355 3317 5429 quadam
3348 5355 3419 5412 ab
3448 5356 3658 5428 angelis

2055 5574 2138 5611 sas
2157 5563 2434 5627 celebraret
2455 5580 2475 5627 ,ς
2498 5574 2554 5610 ac
2561 5563 2681 5627 jam_
2691 5574 2780 5627 ea__
2793 5563 3105 5627 consuetudo
3125 5561 3647 5627 ob‘graves‘rationes

2055 5621 2226 5680 merito
2257 5618 2500 5680 abrogata
2541 5618 2629 5665 est.
2665 5621 2720 5665 In
2739 5618 2904 5666 Natali
2947 5618 3144 5665 Domini
3184 5619 3288 5665 tres
3309 5619 3508 5665 tantum
3537 5625 3660 5664 mis-

2053 5683 2136 5721 sas
2156 5673 2326 5719 dicere
2345 5673 2556 5719 troitum.
