4002 6184
370 294 478 348 945

1525 288 1619 345 DE
1647 287 1870 347 REBUS
1897 286 2473 346 ECCLESIASTICIS.

3567 286 3671 343 9L6

369 418 523 474 circa
574 414 920 472 Nativitatem
977 413 1319 471 Dominicam
1348 414 1404 469 in
1429 413 1651 470 laudem
1707 413 1809 470 Dei
1848 421 1972 469 sunt
1991 416 2050 478 A
2077 414 2375 481 nentiores,
2406 413 2561 471 brevi
2590 412 2837 469 oratione
2881 426 3020 484 opus
3048 411 3392 469 concludere.
3427 411 3585 481 Quod
3616 421 3672 468 et

375 505 611 578 prolata,
672 512 965 577 sequentes
1022 504 1196 559 sancti
1252 503 1465 569 Patres,
1523 504 1593 557 ad
1635 518 1981 559 communem

380 604 584 671 sanctae
614 601 666 649 et
696 592 991 649 individuae
1030 592 1309 648 Trinitatis
1365 591 1752 657 laudationem,
1785 591 1987 647 dulcis-

381 684 552 740 simas
583 691 637 739 et
680 681 1204 755 congruentissimas
1256 680 1520 736 dictiones
1549 680 1893 747 addiderunt,
1928 688 1988 735 ut

379 773 522 830 sicut
566 772 685 841 ejus
740 770 1071 843 principium
1101 786 1133 826 a
1164 769 1478 826 coelestibus
1533 776 1615 826 est
1672 768 1983 825 ordinatum

382 860 666 929 ministris,
699 860 775 916 ita
826 859 991 916 etiam
1047 866 1157 916 tota
1186 859 1301 929 ejus
1359 858 1531 915 series
1587 857 1786 914 divinis
1840 864 1987 914 esset

375 951 543 1025 plena
572 949 865 1023 mysteriis.

460 1094 640 1161 Illum,
696 1093 940 1165 inquam,
999 1092 1261 1163 hymnum
1316 1098 1443 1148 ante
1500 1089 1825 1148 sacrificium
1878 1088 1987 1146 dici

284 1241 301 1245 _
380 1183 772 1255 Telesphorus,
806 1197 983 1236 nonus
1012 1182 1389 1237 Romanorum
1434 1180 1657 1252 praesul,
1685 1178 1981 1246 constituit,

376 1282 436 1328 ut
465 1274 536 1328 ad
566 1279 725 1326 tanta;
746 1269 1044 1352 sancti-tatis
1062 1269 1493 1326 celebrationem
1523 1275 1985 1341 congregatorum

376 1362 548 1418 animi
572 1360 838 1433 angelicae
866 1358 1255 1414 modulationis
1277 1357 1565 1414 dulcedine
1590 1358 1980 1413 mulcerentur.

380 1451 493 1507 Sed
522 1451 578 1505 in
600 1450 705 1506 hoc
734 1448 856 1505 loco
888 1448 1062 1520 quaeri
1089 1456 1270 1519 potest
1302 1465 1315 1502 :
1350 1448 1407 1503 Si
1438 1447 1588 1502 idem
1616 1448 1852 1518 hymnus
1883 1447 1985 1500 hu-

373 1542 467 1610 jus
496 1555 654 1611 papae
701 1538 1042 1609 temporibus
1088 1545 1211 1592 ante
1270 1535 1603 1592 sacrificium
1657 1535 1823 1607 coapit
1852 1534 1981 1600 dici,

382 1645 483 1686 cur
508 1629 676 1701 longo
705 1634 952 1697 tempore
979 1634 1102 1697 post
1132 1626 1233 1681 sub
1263 1625 1557 1680 leestino
1617 1625 1830 1697 legatur
1861 1631 1984 1678 tan-

379 1726 494 1773 tum
524 1724 649 1771 ante
680 1714 1009 1771 sacrificium
1038 1714 1324 1770 lectionem
1370 1713 1617 1785 Apostoli
1648 1720 1701 1768 et
1730 1714 1985 1784 Evange-

380 1806 516 1862 lium
544 1804 918 1877 praecessisse,
951 1811 1009 1858 ut
1034 1802 1125 1858 ille
1166 1803 1478 1859 necessario
1508 1802 1577 1857 de
1607 1801 1836 1873 psalmis
1865 1802 1979 1856 Da-
2002 1780 2056 1840 Β

378 1895 474 1951 vid
502 1894 830 1965 antiphonas
858 1908 980 1965 quae
1000 1899 1123 1948 ante
1142 1892 1290 1962 ipsas
1313 1891 1578 1946 lectiones
1611 1898 1980 1959 cantarentur,

382 1982 754 2056 praeposuisse
812 1980 1107 2036 videatur?
1137 1980 1240 2036 Ubi
1287 1980 1731 2050 respondendum
1787 1986 1869 2035 est
1900 1979 1987 2034 vel

384 2073 739 2129 constitutum
797 2070 1014 2141 quidem
1074 2068 1241 2124 fuisse
1271 2085 1302 2124 a
1340 2068 1674 2139 Telesphore
1728 2077 1785 2123 ut
1840 2068 1987 2123 idem

383 2163 624 2233 hymnus
654 2160 710 2214 in
740 2159 917 2230 capite
945 2159 1128 2213 missae
1176 2158 1472 2227 diceretur,
1506 2158 1602 2213 sed
1631 2158 1775 2228 apud
1805 2164 1989 2228 poste-

385 2267 479 2307 ros
509 2250 686 2322 ipsam
716 2250 835 2319 ejus
858 2247 1296 2304 constitutionem
1317 2246 1704 2313 intermissam,
1748 2246 1923 2301 donec
1957 2261 1990 2301 a

385 2339 746 2411 sequentibus
774 2337 990 2409 plenius
1008 2344 1152 2391 totus
1172 2336 1310 2391 ordo
1333 2336 1518 2390 missae
1535 2342 1987 2406 componeretur:

387 2430 477 2486 vel
537 2429 610 2483 ita
668 2434 924 2482 statutum
956 2426 1025 2480 ab
1056 2441 1121 2481 eo
1153 2433 1209 2479 ut
1238 2425 1355 2495 ipse
1401 2426 1635 2496 hymnus
1664 2424 1720 2479 in
1765 2424 1991 2479 summis

389 2517 777 2575 festivitatibus
806 2525 859 2571 et
890 2532 921 2571 a
953 2515 1084 2570 solis
1113 2514 1386 2585 episcopis
1435 2521 1809 2584 usurparetur,
1846 2514 1993 2584 quod

394 2609 558 2663 etiam
588 2607 641 2661 in
672 2605 848 2677 capite
878 2604 998 2658 libri
1026 2610 1493 2659 sacramentorum
1533 2602 1874 2673 designatum
1904 2602 1991 2657 vi-

390 2698 568 2764 detur,
604 2703 657 2751 et
687 2695 809 2749 ideo
840 2693 1099 2764 scriptum
1131 2708 1252 2747 esse
1297 2707 1471 2763 usque
1503 2691 1572 2746 ad
1602 2699 1845 2761 tempora
1878 2690 1993 2745 Cu:-

392 2786 575 2841 lestini
605 2793 727 2840 ante
759 2782 1085 2839 sacrificium
1114 2781 1377 2837 lectiones
1408 2789 1612 2836 tantum
1645 2781 1856 2835 habitas
1890 2798 1902 2834 :
1936 2788 1993 2835 ut

398 2874 863 2946 subintelligatur,
900 2871 1145 2944 quamvis
1174 2870 1265 2926 ille
1306 2871 1539 2942 hymnus
1567 2870 1837 2924 interdum
1867 2876 1994 2924 ante

395 2964 596 3020 missas
651 2963 938 3027 diceretur,
972 2969 1030 3015 ut
1059 2959 1425 3031 praediximus,
1459 2975 1570 3013 non
1600 2957 1767 3012 fuisse
1815 2965 1993 3012 tamen

396 3053 543 3126 quod
569 3052 775 3125 jugiter
800 3050 854 3104 in
875 3049 1126 3105 omnibus
1165 3048 1346 3103 missis
1367 3048 1436 3102 ab
1467 3048 1719 3103 omnibus
1746 3046 1996 3103 sacerdo-

395 3143 540 3197 tibus
570 3148 692 3196 ante
721 3140 984 3196 lectiones
1014 3145 1326 3209 poneretur,
1368 3145 1659 3208 antequam
1690 3137 1835 3191 idem
1867 3137 1995 3191 Cce-
2025 3140 2074 3202 Ο

394 3231 624 3286 lestinus
654 3229 976 3300 antiphonas
1004 3228 1074 3282 ad
1104 3227 1381 3281 introitum
1426 3226 1690 3281 dicendas
1720 3225 1948 3278 instituit
1977 3242 1991 3279 :

395 3321 484 3376 vel
515 3321 590 3375 ita
614 3318 784 3390 potuit
814 3317 1034 3372 evenire
1066 3324 1123 3370 ut
1154 3316 1299 3370 idem
1348 3314 1695 3379 Coelestinus,
1728 3315 1989 3380 Sanctus,

398 3413 653 3475 sanctus,
678 3411 930 3471 sanctus,
950 3406 1222 3461 Dominus
1242 3407 1409 3469 Deus,
1443 3412 1497 3458 et
1526 3402 1737 3474 reliqua
1766 3410 1891 3457 ante
1915 3417 2002 3457 sa-

394 3494 662 3550 crificium
692 3492 940 3553 docuerit
968 3492 1173 3557 dicere,
1219 3490 1362 3562 quod
1383 3488 1734 3543 nihilominus
1760 3489 1996 3558 hymnus

396 3583 680 3657 angelicus
736 3581 841 3637 dici
867 3588 1062 3652 potest,
1115 3578 1239 3651 quia
1294 3577 1624 3650 principium
1682 3577 1798 3645 ejus
1829 3576 1996 3631 Isaias

395 3673 665 3744 propheta
695 3671 858 3742 (cap.
891 3668 1005 3740 γι),
1036 3667 1312 3739 seraphim
1343 3666 1727 3737 pronuntiasse
1758 3680 1998 3720 comme-

396 3768 578 3817 morat
610 3776 622 3814 :
658 3760 755 3814 sed
784 3759 851 3812 ab
882 3758 1146 3828 imperitis
1202 3756 1535 3828 quibuslibet
1563 3754 1617 3808 in
1648 3754 1842 3809 eodem
1876 3753 1997 3809 loco

397 3850 491 3905 ubi
521 3848 888 3919 Telesphorus
918 3846 1118 3901 dicitur
1139 3846 1401 3916 hymnum
1419 3844 1728 3916 angelicum
1756 3850 1880 3897 ante
1902 3859 1996 3897 sa-

397 3938 668 3996 crificium
697 3936 965 4008 posuisse,
1012 3935 1254 3990 additum
1313 3934 1401 4000 sit,
1441 3934 1630 3990 Gloria
1660 3935 1722 3988 in
1752 3933 1995 3988 excelsis

399 4030 529 4093 Deo,
561 4025 873 4098 putantibus
903 4024 1110 4079 nullum
1154 4023 1318 4078 alium
1348 4022 1575 4095 intelligi
1603 4022 1864 4092 hymnum
1893 4036 1997 4075 an-

398 4117 638 4191 gelicum
668 4114 771 4169 nisi
798 4130 959 4187 quem
987 4112 1167 4183 angeli
1195 4120 1324 4167 nato
1373 4111 1604 4166 Domino
1659 4110 1993 4166 cecinerunt.

402 4206 538 4275 Qua:
556 4205 745 4269 verba,
763 4204 817 4259 id
839 4211 924 4258 est
949 4203 1135 4259 Gloria
1146 4203 1210 4257 in
1223 4202 1464 4257 excelsis
1476 4203 1602 4268 Deo,
1624 4199 1669 4254 si
1690 4215 1797 4255 non
1816 4207 1999 4255 essent

398 4295 574 4367 posita
603 4293 658 4348 in
685 4292 923 4364 capitulo
975 4289 1318 4361 Telesphori,
1351 4304 1458 4344 non
1490 4296 1814 4345 nasceretur
1843 4304 1998 4360 quae-

401 4384 506 4439 stio
537 4381 929 4454 suprascripta,
960 4389 1011 4435 et
1034 4380 1430 4453 intelligeretur
1456 4379 1690 4449 hymnus
1718 4377 2000 4450 angelicus

397 4472 491 4529 ille
525 4470 619 4543 qui
650 4479 776 4526 ante
832 4469 1103 4525 actionem
1164 4468 1251 4539 (id
1276 4475 1357 4522 est
1377 4467 1674 4537 canonem)
1732 4473 1996 4522 cantatur.

400 4561 540 4618 Huic
566 4559 853 4615 assertioni
882 4559 1092 4613 videtur
1110 4557 1244 4611 illud
1275 4555 1568 4628 suffragari
1601 4555 1745 4627 quod
1776 4554 1996 4627 legitur,

403 4650 795 4722 Symmachum
823 4647 914 4702 alii
944 4646 1017 4719 [f.
1053 4648 1158 4717 leg.
1194 4644 1340 4718 Llll]
1372 4646 1737 4702 Romanorum
1786 4659 2000 4715 praesu-

400 4739 514 4794 lem
570 4736 920 4794 constituisse
951 4744 1008 4791 ut
1063 4735 1211 4790 omni
1268 4734 1550 4789 Dominica
1606 4732 1692 4788 vel
1748 4732 2001 4787 natalitiis

386 4835 721 4883 sanctorum
786 4826 975 4883 Gloria
1007 4825 1071 4880 in
1099 4824 1341 4880 excelsis
1397 4826 1505 4879 Deo
1549 4821 1839 4877 diceretur.
1898 4823 2003 4876 Aut

403 4916 569 4985 enim,
603 4914 740 4972 sicut
794 4912 1167 4986 praediximus,
1213 4911 1364 4967 illum
1393 4912 1656 4983 hymnum
1708 4911 2004 4982 Telespho-

403 5021 497 5061 rus
524 5021 633 5061 non
662 5003 927 5076 apposuit,
962 5010 1054 5058 aut
1085 5002 1132 5058 si
1161 5000 1307 5068 fecit,
1369 5007 1625 5056 statutum
1661 4999 1806 5055 illius
1837 5000 2004 5073 longo

401 5111 648 5174 tempore
677 5100 1056 5173 imperfectum
1084 5099 1365 5156 remansit.
1404 5099 1694 5156 Orationes
1723 5116 1856 5172 quas
1886 5098 2003 5154 Col-

399 5201 571 5258 lectas
624 5199 876 5266 dicimus,
910 5199 1036 5272 quia
1066 5196 1409 5254 necessarias
1465 5212 1656 5252 earum
1719 5196 2006 5269 petitiones

398 5298 795 5372 compendiosa
850 5297 1113 5354 brevitate
1168 5296 1500 5370 colligimus,
1533 5296 1588 5351 id
1618 5303 1700 5351 est
1728 5295 2006 5352 concludi-

401 5416 543 5466 mus,
565 5398 771 5456 diversi
790 5405 1060 5464 auctores,
1085 5404 1362 5469 utcunque
1375 5395 1663 5451 videbatur
1678 5410 2002 5473 congruum,

404 5495 779 5553 confecerunt.
836 5493 1093 5549 Solebant
1147 5491 1290 5549 enim
1318 5507 1428 5548 non
1460 5491 1634 5545 solum
1663 5490 1804 5545 inter
1832 5488 2008 5547 officia

403 5596 610 5666 missae,
641 5610 835 5650 verum
865 5593 1031 5649 etiam
1062 5592 1117 5647 in
1147 5592 1269 5647 aliis
1299 5590 1637 5648 orationibus
1670 5589 2006 5646 convenien-

406 5693 553 5750 tibus
580 5699 636 5750 et
665 5690 1144 5759 collocutionibus,
1205 5705 1312 5764 quo
1341 5686 1552 5746 caeteris
1582 5687 1812 5744 aderant
1868 5686 2006 5744 emi-

2083 504 2140 559 in
2183 511 2490 560 sanctorum
2532 504 2749 558 Patrum
2791 502 3054 573 exemplis
3111 500 3481 574 agnoscimus,
3545 502 3674 556 dum

2083 593 2175 648 alii
2221 593 2358 648 alios
2401 592 2829 648 honorificentia
2876 607 3041 649 causa
3091 591 3368 646 orationes
3415 590 3673 662 colligere

2083 682 2444 754 postulabant.
2506 683 2573 737 Et
2599 680 2929 737 venerabilis
2985 680 3179 736 doctor
3232 678 3587 753 Augustinus,
3618 679 3674 734 in

2087 771 2412 843 quibusdam
2453 771 2797 826 sermonibus
2841 770 2954 825 suis
2983 770 3051 824 ad
3079 768 3358 841 populum,
3392 768 3467 823 ita
3496 769 3679 824 termi-

2085 867 2235 916 navrt
2290 859 2642 925 locutionem,
2677 867 2735 914 ut
2764 859 2970 915 diceret
3015 866 3278 928 extremo,
3316 858 3577 914 Conversi
3606 858 3679 913 ad

2086 951 2409 1007 Dominum.
2442 949 2547 1005 Ubi
2575 948 2896 1021 intelligitur
2949 947 3194 1003 oratione
3226 946 3399 1002 subita
3427 962 3676 1002 commu—

2087 1056 2212 1095 nem
2240 1038 2557 1111 petitionem
2588 1037 2657 1092 ad
2686 1038 2978 1093 Dominum
3007 1036 3274 1092 direxisse
3300 1054 3313 1090 :
3348 1035 3484 1091 sicut
3514 1036 3677 1092 etiam

2086 1145 2230 1184 nunc
2262 1128 2439 1183 solent
2469 1127 2816 1183 sarcerdotes
2845 1126 2902 1180 in
2930 1124 3370 1182 conclusionibus
3399 1132 3680 1182 nocturna

2086 1218 2173 1274 vel
2206 1217 2416 1273 diurnae
2464 1231 2756 1287 synaxeos,
2797 1215 3075 1270 orationes
3104 1214 3318 1284 breves,
3350 1214 3406 1268 id
3436 1221 3520 1269 est
3549 1214 3679 1270 Col-

2086 1306 2281 1373 lectas,
2341 1305 2694 1378 subjungere,
2756 1312 2879 1359 sunt
2925 1303 3069 1359 enim
3116 1303 3252 1359 tales
3294 1310 3353 1357 ut
3400 1318 3509 1359 non
3548 1303 3680 1359 alibi

2089 1410 2252 1466 quam
2286 1393 2432 1451 circa
2463 1393 2715 1449 sacrificii
2777 1392 3200 1449 celebrationem
3259 1392 3367 1448 sint
3413 1392 3678 1449 dicendae.

2090 1484 2226 1539 Sunt
2270 1499 2402 1539 vero
2450 1482 2570 1538 alia:
2618 1482 2812 1554 quibus
2843 1489 2896 1537 et
2924 1481 2981 1536 in
3010 1480 3187 1538 ofﬁcio
3229 1481 3430 1548 missae,
3479 1488 3533 1537 et
3570 1497 3680 1537 non

2087 1571 2267 1627 minus
2299 1571 2353 1626 in
2383 1571 2506 1627 aliis
2536 1570 2672 1627 locis
2703 1586 2995 1641 possumus
3019 1570 3095 1625 uti
3117 1610 3131 1625 .
3156 1570 3450 1626 Crescente
3479 1578 3676 1637 autem,
3704 1626 3710 1633 ,

2087 1662 2227 1718 sicut
2256 1660 2627 1732 praediximus,
2660 1660 2943 1732 religionis
2972 1659 3118 1717 cultu
3149 1659 3365 1727 divinae,
3398 1659 3681 1716 crescebat

2088 1749 2247 1805 etiam
2305 1750 2567 1820 paulatim
2623 1749 2931 1805 orationum
2973 1758 3026 1805 et
3072 1748 3375 1804 officiorum
3419 1748 3683 1805 Ecclesia

2088 1838 2431 1909 compositio,
2464 1837 2646 1893 multis
2677 1846 2729 1893 et
2759 1855 2823 1893 ex
2852 1854 3066 1892 summa
3105 1838 3348 1903 scientia,
3382 1844 3435 1893 et
3465 1854 3531 1893 ex
3559 1853 3681 1894 me-

2089 1927 2280 1993 diocri,
2315 1936 2367 1983 et
2395 1944 2462 1982 ex
2490 1926 2712 1981 minima
2743 1927 3067 1982 addentibus
3097 1943 3216 1998 quas
3247 1941 3494 1998 congrua
3524 1927 3685 1981 rebus

2091 2016 2429 2087 explicandis
2479 2016 2821 2071 videbantur.
2871 2016 3110 2086 Ideoque
3140 2015 3410 2071 credimus
3440 2014 3687 2071 conciliis

2090 2105 2508 2178 Carthaginensi
2555 2112 2607 2160 et
2653 2104 2964 2159 Milevitano
3013 2111 3273 2158 statutum
3321 2112 3379 2158 ut
3406 2119 3603 2175 preces
3633 2110 3687 2158 et

2090 2194 2369 2250 orationes
2391 2210 2423 2249 a
2446 2192 2776 2265 quibuslibet
2799 2192 3132 2263 compositaz,
3156 2192 3261 2247 nisi
3289 2192 3531 2264 probatae
3560 2191 3688 2247 fuis-

2091 2291 2211 2338 sent
2242 2284 2297 2337 in
2324 2282 2576 2349 concilio,
2623 2297 2733 2337 non
2773 2281 3105 2337 dicerentur.
3164 2283 3303 2337 Nam
3352 2290 3403 2337 et
3433 2280 3683 2343 Gelasius

2091 2388 2235 2444 papa
2282 2371 2337 2426 in
2377 2370 2569 2426 ordine
2618 2369 3103 2442 quinquagesimus
3150 2386 3292 2425 unus
3330 2369 3404 2424 ita
3432 2377 3544 2423 tam
3573 2385 3685 2424 ase

2092 2476 2254 2531 quam
2284 2460 2352 2513 ab
2382 2459 2500 2513 aliis
2549 2459 2877 2530 compositas
2918 2474 3112 2529 preces
3155 2458 3352 2513 dicitur
3381 2457 3682 2513 ordinasse.

2091 2550 2159 2604 Et
2189 2548 2486 2603 Galliarum
2531 2547 2795 2603 Ecclesiae
2825 2546 2938 2601 suis
2994 2546 3325 2602 orationibus
3375 2546 3681 2613 utebantur,

2094 2654 2213 2709 qua:
2242 2638 2418 2693 adhuc
2447 2653 2480 2690 a
2510 2635 2693 2690 multis
2738 2636 3019 2690 habentur.
3054 2636 3122 2690 Et
3151 2635 3277 2706 quia
3323 2642 3433 2689 tam
3463 2634 3685 2691 incertis

2094 2726 2405 2781 auctoribus
2434 2725 2601 2779 multa
2632 2724 2955 2780 videbantur
2985 2724 3196 2780 incerta
3228 2723 3344 2796 [Al.
3367 2722 3600 2796 inserta]
3629 2732 3682 2779 et

2095 2831 2289 2869 sensus
2343 2814 2712 2887 integritatem
2767 2829 2876 2869 non
2906 2812 3179 2881 habentia,
3243 2812 3449 2868 curavit
3497 2812 3688 2867 beatus

2096 2903 2397 2973 Gregorius
2427 2902 2765 2967 rationabilia
2796 2918 3025 2974 quaeque
3054 2901 3377 2971 coadunare,
3429 2909 3481 2956 et
3513 2902 3690 2956 seclu-

2096 2992 2172 3046 sis
2210 2992 2293 3046 his
2337 3009 2457 3063 quae
2502 2992 2589 3047 vel
2635 2991 2801 3046 nimia
2838 2991 2926 3047 vel
2969 2990 3294 3046 inconcinna
3343 2989 3683 3060 videbantur,

2099 3081 2401 3151 composuit
2432 3079 2630 3135 librum
2664 3079 2756 3152 qui
2795 3079 2993 3135 dicitur
3022 3080 3513 3145 Sacramentorum,
3549 3078 3688 3134 sicut

2103 3186 2169 3226 ex
2198 3170 2350 3224 titulo
2380 3169 2497 3238 ejus
2535 3169 2977 3224 manifestissime
3033 3168 3341 3223 declaratur
3374 3186 3385 3221 :
3419 3168 3472 3221 in
3507 3183 3612 3238 quo
3645 3167 3690 3221 si

2098 3259 2276 3332 aliqua
2332 3259 2681 3314 inveniuntur
2719 3259 2789 3313 ad
2837 3258 2980 3313 hunc
3039 3273 3260 3311 sensum
3312 3256 3687 3327 claudicanlia,

2098 3364 2209 3402 non
2239 3348 2308 3401 ab
2337 3348 2429 3403 illo
2459 3348 2685 3415 inserta,
2724 3348 2819 3402 sed
2851 3347 2921 3402 ab
2958 3346 3078 3401 aliis
3122 3346 3301 3400 minus
3339 3345 3691 3417 diligentibus

2099 3444 2291 3507 postea
2348 3436 2620 3492 credenda
2679 3444 2803 3490 sunt
2832 3435 3195 3508 superaddita.
3238 3435 3522 3491 Lectiones
3552 3451 3691 3506 apo-

2101 3524 2319 3580 stolicas
2348 3526 2435 3579 vel
2465 3524 2810 3596 evangelicas
2841 3524 2961 3596 quis
2989 3532 3113 3579 ante
3145 3523 3564 3580 celebrationem
3596 3540 3690 3579 sa-

2100 3612 2289 3669 crificii
2318 3613 2546 3684 primum
2578 3612 2842 3679 statuerit,
2876 3628 2984 3667 non
3014 3614 3151 3667 adeo
3180 3620 3390 3667 certum
3422 3620 3523 3667 est.
3558 3613 3693 3667 Cre-

2098 3702 2245 3757 ditur
2294 3710 2471 3756 tamen
2520 3717 2548 3754 a
2596 3701 2786 3771 primis
2848 3701 3262 3756 successoribus
3322 3701 3690 3771 apostolorum

2099 3791 2345 3846 eamdem
2374 3790 2837 3861 dispensationem
2874 3788 3093 3855 factam,
3126 3805 3191 3844 ea
3220 3790 3491 3860 prtecipue
3522 3804 3691 3844 causa

2099 3879 2225 3951 quia
2256 3879 2308 3933 in
2338 3878 2650 3950 Evangeliis
2680 3878 2869 3933 eadem
2908 3875 3172 3933 sacrificia
3200 3877 3469 3933 celebrari
3492 3877 3689 3946 juben-

2096 3977 2183 4023 tur
2214 3986 2226 4022 :
2261 3976 2314 4023 et
2344 3968 2397 4021 in
2428 3966 2686 4038 Apostolo
2716 3966 2944 4038 qualiter
2990 3965 3258 4022 celebrari
3295 3966 3551 4031 debeant,
3584 3965 3689 4021 do-

2099 4065 2249 4114 cetur
2275 4077 2289 4123 ;
2315 4065 2367 4112 et
2395 4064 2452 4111 ut
2481 4064 2603 4110 ante
2637 4056 2995 4111 sanctissimae
3024 4055 3254 4112 actionis
3279 4054 3367 4127 (id
3399 4062 3481 4110 est
3511 4070 3685 4111 cano-

2097 4147 2213 4218 nis)
2241 4145 2557 4217 mysterium
2588 4162 2652 4199 ex
2678 4144 2977 4217 Evangelio
3009 4144 3196 4200 salutis
3228 4153 3281 4201 et
3309 4143 3438 4199 ﬁdei
3467 4160 3578 4199 suae
3608 4161 3692 4199 re-

2099 4242 2489 4307 cognoscerent
2519 4233 2949 4301 fundamentum,
2977 4242 3032 4290 et
3058 4250 3123 4289 ex
3153 4233 3413 4305 Apostolo
3444 4232 3689 4302 ejusdem

2098 4322 2226 4379 ﬁdei
2257 4331 2309 4379 et
2335 4340 2545 4378 morum
2576 4324 2692 4379 Deo
2720 4323 3047 4395 placentium
3077 4330 3332 4394 caperent
3359 4321 3690 4377 instrumen-

2098 4421 2231 4469 tum.
2263 4412 2619 4484 Anteponitur
2646 4421 2825 4468 autem
2854 4413 2911 4467 in
2938 4412 3131 4468 ordine
3173 4411 3319 4483 quod
3349 4409 3575 4466 inferius
3607 4416 3690 4466 est

2014 4505 2065 4564 D
2095 4510 2382 4584 dignitate,
2414 4519 2471 4566 ut
2518 4527 2582 4566 ex
2632 4511 2936 4567 minoribus
2982 4510 3193 4565 animus
3234 4508 3571 4565 audientium
3619 4508 3691 4563 ad

2100 4609 2304 4678 majora
2362 4608 2644 4665 sentienda
2700 4606 2968 4681 proficiat,
2993 4614 3043 4663 et
3074 4606 3342 4680 gradatim
3371 4607 3439 4662 ab
3468 4605 3592 4661 imis
3621 4604 3692 4660 ad

2103 4721 2317 4762 summa
2337 4706 2685 4763 conscendat.
2737 4705 2934 4761 Statuit
2978 4713 3157 4785 autem
3198 4686 3521 4760 Anastasius
3549 4718 3691 4775 papa

2104 4804 2551 4878 quadragesimus
2612 4819 2774 4871 unus,
2823 4812 2881 4858 ut
2945 4802 3376 4875 quotiescunque
3445 4808 3693 4857 sanctum

2102 4902 2460 4978 Evangelium
2512 4900 2843 4969 recitaretur,
2895 4900 3206 4959 sacerdotes
3252 4913 3363 4955 non
3406 4898 3561 4966 recti,
3596 4898 3695 4955 sed

2104 5001 2258 5057 curvi
2302 5007 2527 5067 starent,
2555 5008 2614 5056 ut
2641 4999 2894 5056 videlicet
2937 4997 3315 5066 humilitatem,
3363 5013 3484 5071 quae
3513 5013 3548 5054 a
3577 4998 3695 5053 Do-

2105 5097 2252 5154 mino
2280 5099 2520 5171 docetur,
2546 5098 2704 5155 etiam
2735 5113 2968 5170 corpore
2983 5098 3440 5153 demonstrarent.
3473 5095 3699 5153 Videtur

2106 5205 2286 5252 autem
2323 5212 2430 5252 non
2471 5196 2605 5252 alias
2651 5195 2914 5253 lectiones
2957 5202 3081 5251 ante
3129 5194 3485 5269 Evangelium
3532 5193 3701 5249 fuisse

2108 5302 2234 5352 tunc
2263 5294 2493 5368 positas,
2526 5292 2632 5350 nisi
2662 5301 2870 5349 tantum
2898 5293 3128 5366 apostoli
3158 5293 3327 5360 Pauli,
3360 5308 3492 5365 quas
3522 5291 3696 5346 solum

2108 5392 2405 5449 nominavit
2432 5392 2523 5465 qui
2553 5391 2719 5448 Gesta
2774 5391 3093 5465 pontificum
3134 5391 3372 5464 scripsit,
3404 5405 3527 5446 cum
3557 5386 3699 5442 anti-

2108 5494 2414 5564 phonarum
2444 5490 2773 5546 mentionem
2804 5490 3093 5561 subjunxit.
3128 5480 3284 5559 Quod
3306 5494 3430 5543 ante
3462 5500 3570 5540 non
3602 5483 3695 5538 fie-

2108 5590 2219 5657 bat,
2252 5589 2357 5645 nisi
2388 5597 2593 5644 tantum
2631 5588 2879 5661 Epistola
2923 5588 3067 5645 beati
3094 5587 3247 5642 Pauli
3284 5582 3517 5655 apostoli
3544 5582 3697 5656 lege-

2109 5689 2286 5757 batur,
2321 5695 2374 5744 et
2404 5695 2645 5745 sanctum
2693 5687 3069 5761 Evangelium.
3104 5682 3262 5754 Quod
3292 5681 3451 5738 etiam
3479 5690 3701 5739 sanctue
