3998 6188
315 255 418 310 9L7

793 252 1197 310 WALAFRIDI
1229 252 1471 309 STRABI
1502 253 1701 310 FULD.
1734 251 1906 309 MON.
1932 249 2086 310 OPP.
2119 251 2295 309 PARS
2322 251 2363 308 Ι.
2395 277 2464 294 --
2490 248 2962 307 THEOLOGICA.

3500 256 3606 309 948

318 383 582 438 Damasus
640 394 797 450 papa,
860 380 929 434 ad
986 379 1373 451 Hieronymum
1444 380 1712 445 scribens,
1772 395 1913 450 pene
1942 379 2213 440 Anorum
2244 378 2460 433 venisse
2491 378 2716 442 dicatur,
2751 383 2934 432 tamen
2973 376 3093 450 quis
3115 375 3423 450 specialiter
3453 378 3612 434 addi-

321 469 529 526 eisdem
560 467 747 523 verbis
804 469 1058 523 ostendit.
1093 469 1160 523 Et
1192 468 1420 524 fortasse
1450 468 1716 539 imprimis
1747 467 1915 522 solius

319 558 470 614 Pauli
498 556 762 613 lectiones
806 573 871 612 eo
900 558 1019 612 loco
1075 557 1419 629 legebantur.
1481 559 1677 612 Postea
1735 567 1914 612 autem

323 648 576 704 omnibus
651 645 811 702 latius
885 645 1263 718 augmentatis,
1316 646 1437 701 aliae
1493 646 1753 701 lectiones
1807 663 1917 702 non

321 746 527 793 tantum
583 738 651 794 de
710 739 884 802 Novo,
944 751 1134 790 verum
1194 735 1352 790 etiam
1385 736 1453 790 de
1493 736 1695 802 Veteri,
1757 744 1918 807 prout

320 825 582 884 festorum
637 827 774 882 ratio
830 824 1107 896 poscebat,
1170 824 1490 881 intermixta:
1547 833 1669 880 sunt
1724 827 1916 880 Testa-

324 923 524 972 mento.

390 1033 505 1089 Nec
534 1031 731 1086 mirum
762 1031 936 1087 videri
965 1031 1124 1086 debet
1148 1032 1294 1102 quod
1325 1032 1579 1103 paulatim
1612 1039 1762 1087 aucta
1794 1048 1917 1086 nar-

322 1129 513 1176 rantur
542 1120 736 1190 officia,
771 1122 900 1176 dum
946 1121 1122 1175 adhuc
1178 1121 1346 1174 multa
1373 1122 1431 1175 in
1461 1122 1624 1176 rebus
1656 1137 1916 1178 necessa-

320 1211 417 1266 riis
448 1210 767 1266 defuissent.
805 1210 935 1265 Cum
969 1210 1246 1264 videamus
1277 1227 1450 1282 usque
1480 1211 1641 1266 hodie
1664 1219 1715 1266 et
1737 1211 1920 1267 lectim

316 1316 436 1366 nes,
470 1308 522 1355 et
553 1301 833 1364 collectas,
869 1307 920 1354 et
952 1299 1197 1354 diversas
1255 1299 1476 1354 laudum
1537 1300 1768 1371 species,
1808 1301 1919 1369 jam

323 1405 464 1461 pene
495 1389 896 1444 abundantibus
927 1389 1198 1457 omnibus,
1235 1389 1550 1459 superaddi,
1585 1399 1640 1443 ut
1661 1390 1782 1444 etin
1816 1391 1919 1445 hoc

325 1478 457 1533 illud
487 1478 867 1549 propheticum
912 1478 1157 1532 videatur
1203 1477 1457 1548 impleri:
1479 1479 1920 1534 Pertransibunt

324 1569 583 1640 plurimi,
605 1568 983 1640 etmultiplex
995 1569 1105 1622 erit
1127 1567 1546 1638 scientia(Da-n.
1568 1568 1692 1638 xu).
1720 1568 1826 1622 Sed
1848 1568 1922 1623 vi-

326 1657 564 1712 dendum
596 1665 700 1724 est,
738 1657 877 1712 sicut
906 1657 1097 1712 beatus
1125 1656 1459 1729 Augustinus
1489 1657 1580 1723 ait,
1613 1665 1670 1711 ut
1700 1673 1764 1712 ea
1795 1673 1920 1713 can-

2017 467 2157 521 derit
2186 467 2376 523 afliciis
2407 467 2609 522 nostris
2639 475 2824 536 aperte
2854 482 2964 521 non
2993 467 3247 537 legimus,
3285 467 3424 522 sicut
3455 476 3507 522 et
3536 468 3607 522 de

2019 556 2314 627 antiphona
2343 573 2463 628 quae
2493 556 2562 611 ad
2592 555 3030 611 communionem
3069 555 3284 621 dicitur,
3319 571 3612 625 possumus

2019 643 2177 700 fateri
2206 664 2218 700 :
2253 662 2376 702 cum
2406 662 2535 701 vere
2565 646 2852 699 credamus
2905 645 3104 716 priscis
3135 645 3474 716 temporibus
3505 647 3612 699 Pa-

2018 744 2128 790 tres
2185 742 2402 790 sanctos
2460 734 2675 790 silentio
2731 733 2993 789 obtulisse
3021 735 3107 788 vel
3152 734 3610 800 communicasse,

2019 825 2163 896 quod
2196 825 2354 879 etiam
2385 825 2646 879 hactenus
2675 823 2727 877 in
2759 824 2989 878 sabbato
3035 833 3222 879 sancto
3253 825 3478 878 Paschae
3508 824 3616 879 ob-

2020 929 2323 968 servamus.
2361 914 2486 979 Sed,
2523 915 2660 968 sicut
2693 913 3064 983 supradictum
3093 921 3194 982 est,
3229 913 3463 968 diversis
3488 928 3616 968 m0-

2019 1002 2104 1056 dis
2127 1012 2176 1058 et
2192 1003 2437 1074 partibus
2467 1018 2567 1073 per
2590 1011 2835 1073 tempora
2851 1002 3019 1057 decus
3042 1003 3308 1072 processit
3329 1002 3612 1070 Ecclesiae,

2021 1101 2072 1146 et
2100 1108 2272 1163 usque
2304 1092 2358 1145 in
2390 1091 2553 1146 finem
2584 1092 2775 1164 augeri
2795 1108 2904 1145 non
2919 1091 3150 1146 desinet.
3185 1091 3438 1145 Traditur
3468 1091 3620 1145 deni-

2021 1198 2126 1252 que
2156 1183 2371 1236 beatum
2416 1180 2763 1254 Gregorium,
2801 1180 2938 1236 sicut
2998 1180 3394 1235 ordinationem
3424 1180 3620 1234 missa-

2021 1288 2141 1325 rum
2173 1280 2224 1325 et
2247 1271 2740 1340 consecrationum,
2792 1271 2865 1325 ita
2930 1270 3089 1324 etiam
3137 1270 3422 1326 cantilenae
3455 1270 3620 1325 disci-

2019 1360 2243 1431 plinam,
2277 1360 2506 1414 maxima
2565 1376 2630 1415 ex
2688 1369 2840 1430 parte
2886 1359 2936 1413 in
2971 1376 3112 1428 eam,
3172 1376 3292 1430 quae
3348 1360 3617 1414 hactenus

2021 1451 2176 1521 quasi
2209 1449 2593 1506 decentissima
2651 1451 2993 1514 observatur,
3043 1448 3454 1519 dispositionem
3487 1465 3618 1519 per-

2021 1540 2261 1606 duxisse,
2318 1540 2454 1596 sicut
2486 1547 2537 1594 et
2568 1539 2624 1593 in
2655 1539 2828 1612 capite
2883 1538 3256 1613 Antiphonarii
3309 1554 3615 1595 commemo

2022 1637 2190 1683 ratur.

328 1754 507 1801 tentur
536 1763 657 1818 qua:
688 1747 885 1817 scripta
917 1755 1038 1800 sunt
1060 1754 1116 1799 ut
1145 1753 1449 1801 cantentur.
1485 1747 1848 1817 Responsoria
1873 1755 1925 1801 et
1953 1745 2005 1804 B
2100 1772 2390 1828 Sciendum
2445 1778 2628 1826 autem
2713 1771 2976 1843 quosdam
3033 1771 3337 1826 inordinate
3394 1770 3615 1839 oﬁ'erre’

329 1834 564 1890 Alleluia
592 1852 713 1906 quae
771 1843 896 1889 ante
948 1835 1305 1906 Evangelium
1365 1844 1667 1902 cantantur,
1726 1835 1923 1891 deinde

330 1924 588 1992 adjuncta
617 1924 888 1989 videntur,
924 1932 1215 1996 postquam
1263 1924 1573 1994 antipliona:
1604 1925 1672 1978 ad
1703 1925 1924 1997 ingres-

331 2028 452 2065 sum
501 2012 609 2067 dici
669 2013 1057 2083 exspirarunt;
1091 2030 1210 2083 qua:
1269 2021 1321 2068 et
1349 2013 1600 2068 videntur
1653 2014 1925 2083 prohibita

327 2100 631 2155 canonibus
660 2101 1050 2170 Hispanorum,
1077 2101 1168 2172 qui
1193 2102 1358 2174 longo
1388 2110 1509 2172 post
1537 2111 1780 2172 tempore
1804 2111 1927 2158 sunt

329 2189 625 2245 constituti.
661 2190 721 2243 In
749 2189 855 2243 illis
886 2189 1031 2244 enim
1087 2191 1308 2258 jubetur
1334 2207 1402 2244 ne
1437 2191 1635 2262 aliquis
1692 2193 1925 2262 hymnus

327 2279 472 2334 inter
502 2278 788 2334 lectionem
820 2279 1175 2348 apostolicam
1198 2288 1249 2333 et
1269 2280 1628 2351 Evangelium
1659 2280 1714 2334 in
1734 2281 1926 2336 ordine

331 2367 513 2424 missae
541 2376 792 2439 ponatur.
852 2369 932 2424 Ex
988 2384 1095 2440 quo
1125 2368 1443 2441 intelligitur
1473 2369 1528 2424 id
1558 2370 1772 2440 aliquos
1803 2379 1926 2425 ten-

334 2464 481 2512 tasse
538 2465 665 2514 tunc
719 2458 1000 2529 temporis,
1061 2459 1158 2512 sed
1211 2467 1437 2530 pr0pter
1491 2459 1789 2514 novitatem
1847 2460 1927 2514 rei

335 2546 572 2602 studium
639 2561 822 2603 eorum
887 2548 1125 2603 nondum
1182 2547 1350 2602 fuisse
1381 2562 1415 2602 a
1453 2547 1774 2618 quibusdam
1840 2565 1927 2604 re-

333 2643 568 2708 ceptum.
638 2635 799 2706 Quod
862 2645 1041 2692 tamen
1077 2645 1272 2709 postea
1309 2654 1412 2691 usu
1451 2638 1698 2693 Romano
1766 2653 1923 2694 com-

334 2725 668 2793 mendatum,
737 2726 805 2782 ad
871 2742 1063 2783 omnes
1129 2725 1444 2782 Latinorum
1511 2727 1761 2798 pervenit
1824 2728 1928 2784 Ec-

336 2814 550 2870 clesias.

411 2929 729 3002 Symbolum
787 2947 1001 3004 quoque
1041 2931 1166 2988 fidei
1205 2931 1483 2989 catholicae
1521 2939 1666 2988 recte
1705 2931 1762 2987 in
1798 2932 1928 2987 mis-

337 3035 522 3076 sarum
577 3019 856 3077 solemniis
886 3020 1068 3114 [post]
1099 3021 1459 3094 Evangelium
1489 3029 1809 3076 recensetur
1833 3041 1846 3088 ;
1874 3031 1930 3077 ut

2027 1861 2138 1931 qui,
2169 1861 2511 1915 attendentes
2541 1876 2823 1914 numerum
2851 1861 3185 1916 oblationum
3243 1861 3423 1930 potius
3455 1877 3619 1933 quam

2026 1951 2278 2005 virtutem
2338 1957 2821 2014 sacramentorum,
2885 1966 3029 2020 smpe
3060 1949 3112 2002 in
3143 1949 3250 2003 illis
3279 1958 3626 2005 transeunter

2025 2038 2256 2094 offerunt
2285 2038 2466 2092 missis
2497 2039 2566 2092 ad
2597 2053 2732 2109 quas
2775 2039 3066 2108 persistere
3097 2039 3304 2093 nolunt.
3366 2038 3624 2094 Rationa-

2026 2129 2185 2182 bilius
2217 2128 2483 2199 siquidem
2516 2137 2598 2182 est
2630 2126 2703 2181 ibi
2723 2127 2916 2182 offerre
2947 2129 3038 2182 ubi
3055 2128 3188 2182 velis
3219 2127 3532 2200 persistere,
3565 2136 3623 2182 ut

2026 2217 2115 2289 qui
2145 2234 2340 2271 munus
2397 2217 2627 2272 Domino
2679 2217 2938 2282 obtulisti,
3003 2217 3200 2272 offeras
3256 2218 3463 2288 pariter
3520 2233 3623 2288 pro

2028 2306 2221 2362 eodem
2251 2322 2478 2362 munere
2509 2306 2855 2376 suscipiendo
2898 2306 3314 2377 postulationem
3347 2307 3620 2362 devotam.

2026 2396 2149 2451 Non
2180 2397 2324 2451 enim
2379 2396 2575 2449 frustra
2607 2395 2662 2449 in
2692 2396 2904 2452 actione
2951 2396 3183 2452 dicitur:
3215 2398 3318 2465 Qui
3349 2397 3451 2451 tibi
3482 2397 3623 2468 offc-

2027 2490 2208 2553 runt;
2229 2501 2340 2540 non
2361 2484 2554 2540 dicitur
2585 2502 2599 2539 :
2640 2486 2742 2553 Qui
2785 2486 3129 2550 obtulerunt,
3164 2493 3220 2539 ut
3250 2484 3622 2555 intelligamus

2029 2591 2124 2629 eos
2151 2575 2447 2645 persistere
2477 2574 2679 2629 debere
2704 2575 2758 2628 in
2789 2573 3092 2640 offerendo,
3126 2574 3301 2630 donec
3331 2574 3518 2629 oblata
3549 2574 3621 2630 ad

2030 2664 2132 2720 hoc
2161 2663 2480 2733 perveniant
2523 2664 2590 2717 ad
2621 2664 2765 2734 quod
2823 2663 2998 2718 oblata
3029 2672 3171 2717 sunt.
3206 2663 3312 2718 Sed
3345 2670 3397 2718 et
3427 2663 3483 2716 in
3515 2664 3622 2719 hoc

2031 2768 2188 2807 error
2214 2768 2323 2808 non
2379 2752 2626 2808 modicus
2680 2752 2912 2817 videtur,
2974 2753 3119 2822 quod
3171 2751 3393 2823 quidam
3424 2768 3484 2806 se
3514 2768 3625 2806 non

2030 2857 2192 2912 posse
2222 2841 2380 2896 aliter
2399 2841 2614 2912 plenam
2637 2841 3208 2897 commemorationem
3227 2855 3419 2896 eorum
3442 2840 3626 2897 facere

2031 2947 2131 3002 pro
2161 2931 2358 3002 quibus
2415 2929 2666 2996 offerunt,
2727 2930 2833 2985 nisi
2891 2929 3132 3001 singulas
3188 2929 3496 2985 oblationes
3527 2947 3627 3002 pro

2033 3020 2263 3094 singulis
2294 3018 2541 3086 offerant,
2590 3020 2676 3074 vel
2704 3035 2806 3090 pro
2835 3018 2972 3074 vivis
3003 3027 3056 3073 et
3109 3018 3376 3074 defunctis
3402 3034 3514 3084 non
3547 3020 3628 3074 si-

325 3126 428 3181 per
485 3119 732 3166 sanctum
790 3108 1150 3181 Eva'ngelium
1181 3110 1346 3165 corde
1395 3110 1650 3166 credatur
1679 3109 1747 3164 ad
1774 3110 1930 3178 justi-
1959 3108 2008 3170 C
2026 3111 2136 3164 mul
2168 3109 2436 3164 aestimant
2455 3109 2838 3163 immolandam
2864 3127 2878 3175 -,
2902 3123 3028 3164 cum
3048 3124 3174 3163 vere
3197 3108 3434 3163 sciamus
3455 3126 3624 3164 unum

335 3199 485 3264 tiam,
517 3215 616 3270 per
645 3197 960 3269 Symbolum
987 3206 1167 3253 autem
1195 3213 1292 3253 ore
1325 3197 1596 3254 confessio
1625 3197 1712 3253 fiat
1742 3200 1811 3254 ad
1843 3216 1932 3255 sa-

336 3288 522 3342 lutem.
557 3288 624 3342 Et
651 3287 945 3343 notandum
995 3286 1220 3343 Graecos
1251 3287 1381 3342 illud
1415 3287 1749 3359 Symbolum,
1783 3289 1929 3360 quod

336 3390 438 3430 nos
467 3375 538 3431 ad
567 3375 922 3431 imitationem
952 3392 1140 3432 eorum
1183 3376 1328 3432 intra
1357 3377 1551 3432 missas
1581 3378 1925 3449 assumimus,

336 3465 518 3536 potius
545 3480 707 3536 quam
724 3465 825 3519 alia
844 3464 900 3519 in
919 3466 1200 3522 cantilenae
1229 3467 1572 3523 dulcedinem
1604 3468 1726 3524 ideo
1758 3476 1930 3524 trans-

338 3553 549 3622 tulisse,
583 3554 709 3628 quia
765 3555 1344 3626 Constantinopolitani
1402 3557 1618 3613 concilii
1647 3557 1930 3629 preprium

337 3649 441 3710 est,
477 3651 528 3700 et
558 3642 791 3700 fortasse
823 3645 1001 3716 aptius
1057 3645 1343 3701 videbatur
1375 3645 1612 3701 modulis
1670 3662 1930 3702 sonorum

339 3749 500 3805 quam
527 3733 830 3804 Nicaenum,
863 3734 1009 3806 quod
1038 3742 1283 3806 tempore
1314 3735 1466 3806 prius
1497 3743 1616 3802 est;
1641 3743 1771 3790 etut
1802 3751 1930 3792 con-

338 3829 421 3878 tra
451 3823 832 3880 haereticorum
889 3841 1119 3891 venena,
1154 3824 1208 3879 in
1237 3825 1370 3896 ipsis
1401 3825 1559 3880 etiam
1619 3840 1931 3881 sacramen-

338 3919 519 3967 torum
539 3912 1016 3984 celebrationibus,
1041 3915 1438 3970 medicamenta
1463 3914 1606 3985 apud
1636 3915 1803 3987 regiae
1820 3932 1932 3972 suae

257 4038 260 4042 -
337 4001 492 4056 urbis
522 4003 707 4058 sedem
766 4002 1014 4059 confecta
1067 4001 1305 4058 fidelium
1337 4003 1554 4058 devotio
1593 4004 1885 4074 replicaret
1916 4023 1930 4059 :

341 4091 410 4144 ab
441 4090 574 4160 ipsis
602 4107 739 4163 ergo
768 4092 837 4146 ad
868 4093 1142 4148 Romanos
1182 4092 1274 4148 ille
1305 4108 1434 4147 usus
1465 4093 1706 4148 creditur
1736 4109 1932 4164 perve-

339 4179 510 4234 nisse.
547 4179 655 4235 Sed
683 4180 828 4250 apud
858 4180 1042 4236 Gallos
1072 4190 1124 4236 et
1153 4181 1475 4247 Germanos,
1521 4189 1643 4252 post
1675 4183 1935 4251 dejectio-

342 4283 466 4323 nem
499 4268 694 4324 Felicis
724 4269 986 4335 haeretici,
1008 4270 1107 4325 sub
1129 4270 1526 4343 gloriosissimo
1549 4271 1743 4327 Carolo
1775 4273 1938 4328 Fran-

339 4370 530 4412 corum
588 4365 803 4414 rectore
859 4358 1117 4426 damnati,
1167 4358 1312 4414 idem
1343 4359 1661 4431 Symbolum
1690 4361 1851 4416 latius
1882 4369 1936 4417 et

2030 3215 2128 3271 pro
2157 3199 2409 3254 omnibus
2438 3207 2730 3267 mortuum,
2766 3206 2818 3253 et
2846 3214 3011 3252 unum
3038 3213 3236 3268 panem
3267 3214 3391 3253 esse
3422 3208 3475 3253 et
3508 3214 3631 3254 san-

2031 3289 2252 3361 guinem
2281 3303 2442 3359 quem
2495 3286 2816 3342 universalis
2874 3287 3120 3342 Ecclesia
3149 3286 3325 3342 offert.
3389 3286 3548 3357 Quod
3581 3289 3628 3343 si

2030 3378 2116 3434 cui
2145 3378 2322 3448 placet
2349 3393 2446 3448 pro
2478 3375 2706 3448 singulis
2737 3375 3046 3448 singulatim
3077 3374 3288 3444 offerre,
3321 3393 3425 3447 pro
3455 3376 3628 3432 solius

2031 3466 2336 3522 devotionis
2391 3465 2763 3536 amplitudine,
2815 3472 2866 3519 et
2894 3465 3192 3520 orationum
3249 3467 3629 3538 augendarum

2032 3556 2388 3612 delectatione
2418 3555 2472 3608 id
2501 3553 2678 3620 faciat,
2735 3570 2843 3608 non
2874 3563 3054 3609 autem
3112 3570 3211 3624 pro
3241 3554 3400 3608 stulta
3430 3556 3628 3626 opina-

2032 3645 2177 3700 tione
2207 3661 2312 3716 qua
2365 3651 2517 3714 putet
2572 3659 2737 3697 unum
2795 3642 2892 3698 Dei
2925 3651 3329 3698 sacramentum
3363 3660 3472 3699 non
3504 3661 3630 3700 esse

2031 3734 2294 3807 generale
2323 3733 2799 3790 medicamentum.
2834 3731 3248 3801 Quodammodo
3269 3733 3415 3788 enim
3435 3734 3489 3787 in
3519 3733 3630 3790 fide

2031 3822 2386 3894 imperfectus
2416 3831 2517 3891 est,
2551 3822 2643 3894 qui
2663 3829 2813 3893 putat
2833 3821 3124 3876 Dominum
3145 3838 3250 3877 non
3283 3822 3624 3890 discernere,

2035 3913 2252 3984 quando
2283 3929 2389 3966 una
2414 3911 2654 3980 petitone
2683 3927 2783 3982 pro
2813 3911 2992 3966 multis
3016 3919 3254 3982 rogatur,
3290 3911 3420 3982 quid
3441 3913 3527 3968 cui
3559 3915 3630 3968 sit

2033 4018 2261 4058 necesse
2285 4019 2297 4056 :
2321 4001 2408 4056 vel
2439 4000 2678 4056 fastidire
2701 4017 2824 4055 eum
2844 4001 3092 4067 aestimat,
3117 4017 3238 4056 cum
3264 4001 3455 4058 eadem
3476 4003 3630 4058 obla-

2034 4091 2106 4146 tio
2136 4107 2280 4147 nunc
2310 4105 2410 4160 pro
2442 4107 2568 4157 uno,
2619 4106 2760 4145 nunc
2788 4106 2890 4161 pro
2920 4090 3026 4145 alio
3056 4090 3363 4147 exhibetur.
3423 4091 3628 4147 Praefa-

2033 4181 2236 4236 tionem
2292 4179 2540 4249 actionis,
2573 4195 2678 4250 qua
2732 4179 2918 4250 pepuli
2975 4177 3200 4235 affectus
3229 4181 3296 4234 ad
3327 4181 3627 4252 gratiarum

2031 4270 2272 4326 actiones
2300 4269 2646 4334 incitatur,ac
2675 4268 2873 4324 deinde
2903 4269 3153 4324 humanae
3175 4269 3326 4325 vocis
3355 4271 3629 4341 supplica-

2035 4359 2109 4413 tio
2138 4357 2441 4414 coelestium
2469 4358 2726 4413 virtutum
2755 4357 3006 4412 laudibus
3052 4358 3259 4413 admitti
3289 4359 3628 4430 depascitur,

342 4445 590 4502 crebrius
619 4446 675 4501 in
702 4447 994 4502 missarum
1016 4448 1180 4518 ccepit
1237 4447 1426 4504 ofﬁciis
1457 4449 1658 4504 iterari.
1692 4450 1934 4506 Concilio
1959 4474 2013 4536 D
2035 4448 2121 4504 vel
2150 4448 2323 4519 ipsam
2372 4447 2660 4512 actionem,
2721 4463 2824 4519 qua
2880 4445 3162 4504 conficitur
3219 4458 3632 4506 sacrosanctum

341 4549 560 4606 quoque
589 4536 847 4592 Toletano
879 4545 1133 4591 statutum
1162 4545 1244 4592 est
1273 4538 1420 4592 omni
1478 4538 1760 4594 Dominica
1789 4539 1935 4595 idem

344 4624 660 4694 Symbolum
689 4625 988 4682 secundum
1018 4641 1226 4681 morem
1274 4625 1632 4682 Orientalium
1660 4629 1934 4684 Ecclesia-

341 4729 456 4767 rum
487 4713 726 4781 recitari,
755 4721 812 4769 ut
831 4714 1147 4786 priusquam
1168 4715 1455 4772 Dominica
1480 4717 1690 4772 dicatur
1721 4717 1928 4785 Oratio,

340 4799 478 4858 fides
534 4818 662 4858 vera
719 4803 1054 4858 manifestius
1113 4804 1478 4860 testimonium
1536 4806 1752 4874 habeat,
1788 4815 1840 4861 et
1865 4807 1933 4862 ad

339 4906 538 4963 corpus
567 4892 766 4948 Christi
797 4908 861 4950 ac
900 4893 1219 4966 sanguinem
1266 4893 1661 4965 praelibandum
1707 4903 1933 4966 pectora

341 4981 671 5051 populorum
698 4981 974 5052 puriﬁcata
1004 4982 1285 5038 accedant.
1316 4983 1374 5037 In
1396 4983 1639 5052 ejusdem
1670 4983 1775 5040 loci
1801 5000 1933 5040 con-

342 5069 466 5125 cilio
495 5077 748 5125 statutum
777 5079 858 5126 est
887 5079 945 5126 ut
970 5071 1134 5126 etiam
1177 5073 1408 5143 hymnus
1446 5072 1610 5127 trium
1641 5089 1931 5143 puerorum

336 5158 405 5212 ad
465 5157 686 5212 missam
742 5160 889 5214 omni
945 5159 1224 5215 Dominica
1254 5159 1310 5214 in
1337 5159 1544 5231 pulpito
1603 5170 1926 5219 cantaretur.

337 5245 496 5316 Quod
551 5248 782 5302 Romani
837 5257 1063 5320 prOpter
1120 5248 1566 5320 multiplicitatem
1633 5251 1930 5307 officiorum

335 5351 446 5392 non
501 5335 706 5392 faciunt
735 5336 839 5391 nisi
896 5344 1122 5408 quatuor
1175 5354 1275 5409 per
1305 5353 1507 5394 annum
1564 5339 1773 5407 diebus,
1837 5342 1928 5415 qui

333 5425 436 5481 bus
465 5425 758 5482 lectionum
790 5425 1075 5480 duodecim
1106 5443 1361 5483 numerus
1394 5428 1736 5500 adimpletur.

406 5568 753 5626 Oﬂ‘ertorium
785 5569 930 5642 quod
951 5569 1091 5625 inter
1108 5569 1448 5629 offerendum
1478 5581 1740 5645 cantatur,
1767 5592 1928 5647 quam

333 5657 414 5712 vis
444 5673 477 5714 a
503 5661 704 5733 prioris
732 5660 918 5735 populi
960 5662 1354 5719 consuetudine
1383 5664 1436 5720 in
1469 5681 1626 5720 usum
1658 5665 1927 5721 Christia-

2035 4537 2284 4609 corporis
2315 4545 2369 4592 et
2417 4536 2696 4610 sanguinis
2751 4537 3017 4593 Dominici
3073 4538 3394 4608 mysterium
3423 4539 3634 4611 (quam

2035 4643 2252 4699 quoque
2280 4627 2510 4684 Romani
2527 4626 2821 4694 Canonem,
2848 4634 2904 4681 ut
2933 4627 2988 4680 in
3007 4625 3409 4683 Pontiﬁcalibus
3431 4629 3634 4700 sepius
3672 4677 3674 4679 ,

2033 4716 2324 4782 invenitur,
2358 4715 2684 4788 appellant),
2719 4715 2840 4786 quis
2869 4715 3077 4787 primus
3107 4716 3443 4772 ordinaverit
3473 4719 3634 4774 nobis

2031 4806 2276 4879 ignotum
2301 4814 2400 4862 est.
2431 4807 2660 4861 Auctam
2679 4804 3044 4876 tamenﬁuisse
3075 4821 3184 4862 non
3201 4807 3391 4872 semel,
3410 4808 3510 4863 sed
3522 4825 3633 4863 sae-

2032 4895 2172 4965 pius,
2197 4912 2263 4950 ex
2282 4894 2523 4966 partibus
2543 4893 2740 4948 additis
2760 4892 3132 4965 intelligimus,
3157 4895 3279 4966 quia
3300 4903 3352 4950 et
3380 4896 3631 4966 praefatio

2031 4985 2086 5038 in
2118 4984 2442 5054 quibusdam
2465 4982 2614 5038 festis
2636 4981 2791 5037 aliter
2812 4998 2974 5054 quam
2995 4983 3185 5038 diebus
3206 4984 3536 5055 quotidianis
3557 4986 3635 5040 di-

2029 5080 2171 5136 citur
2193 5099 2206 5146 ;
2231 5088 2282 5136 et
2298 5080 2568 5135 interdum
2587 5094 2695 5136 non
2715 5079 3098 5150 ipsafmutatur,
3141 5080 3237 5136 sed
3249 5080 3563 5138 inseruntur
3579 5083 3635 5138 in

2028 5179 2208 5235 medio
2237 5178 2501 5250 speciales
2533 5179 2888 5250 quarumdam
2939 5195 3122 5234 rerum
3151 5182 3633 5236 commemoratio-
3669 5172 3672 5175 ’

2029 5293 2146 5332 nes.
2208 5276 2361 5331 Actio
2417 5291 2550 5331 vero
2619 5276 2732 5332 sive
2790 5276 2974 5332 Canon
3029 5293 3096 5331 ex
3155 5293 3221 5332 eo
3277 5279 3637 5350 cognoscitur

2028 5375 2264 5431 maxime
2293 5390 2393 5446 per
2420 5382 2606 5445 partes
2661 5375 3014 5446 compositus,
3051 5375 3196 5448 quod
3248 5367 3469 5431 nomina
3498 5394 3637 5433 san-

2029 5479 2261 5541 ctorum,
2295 5487 2524 5544 quorum
2557 5473 2632 5528 ibi
2664 5474 2975 5529 communio
2995 5481 3047 5529 et
3068 5473 3303 5529 societas
3334 5474 3631 5547 flagitetur,

2028 5571 2236 5626 duobus
2267 5570 2323 5626 in
2350 5572 2484 5628 locis
2512 5571 2691 5642 posita
2711 5573 3084 5643 reperiuntur.
3122 5572 3244 5627 Non
3267 5573 3414 5627 enim
3441 5590 3634 5629 verum

2031 5673 2132 5735 est,
2167 5667 2312 5740 quod
2349 5667 2571 5742 quidam
2631 5668 2836 5735 dicunt,
2872 5667 2998 5728 ideo
3027 5667 3166 5725 duos
3194 5666 3419 5726 ordines
3448 5669 3632 5726 nomi-
