4002 6184
405 233 511 288 949

402 621 469 676 lis
501 635 614 676 non
663 626 877 676 tantum
921 632 1110 689 parem
1161 625 1428 688 tempore,
1459 632 1652 672 verum
1682 624 1735 672 et
1762 617 2026 694 priorem;

405 707 742 780 Stephanum
772 722 905 763 vero
941 721 1153 778 parem,
1188 713 1240 761 et
1283 713 1568 779 utrumque
1599 713 1722 761 ante
1750 705 2026 777 apostolos

403 813 730 863 coronatum
761 823 775 872 ;
809 811 1042 861 caeteros
1077 819 1294 875 quoque
1345 803 1440 876 qui
1469 804 1524 858 in
1553 803 1802 875 sequenti
1829 803 2023 860 ordine

403 901 776 960 numerantur,
796 893 1005 949 eisdem
1039 891 1206 946 fuisse
1274 893 1620 964 temporibus
1649 893 1843 964 quibus
1870 892 2024 949 fuere

408 984 502 1056 qui
530 983 684 1055 prius
711 988 836 1037 sunt
860 981 1042 1053 positi.
1080 981 1234 1036 Unde
1267 989 1480 1037 constat
1511 989 1803 1054 sequentes
1827 982 2022 1037 Eccle-

405 1073 504 1128 sia
549 1071 806 1127 doctores
851 1071 1085 1143 antiquis
1109 1072 1326 1126 Patrum
1369 1071 1598 1134 statutis,
1633 1085 1753 1142 quae
1782 1087 2020 1141 congrua

402 1161 522 1217 visa
571 1169 727 1228 sunt,
763 1160 1059 1227 addidisse,
1090 1168 1147 1216 ut
1179 1160 1316 1214 sicut
1347 1159 1730 1232 religiosorum
1758 1168 1911 1216 aucta
1936 1168 2018 1216 est

406 1258 736 1325 multitudo,
769 1257 844 1312 ita
888 1265 940 1313 et
1000 1257 1283 1329 religionis
1342 1265 1652 1313 crescerent
1709 1256 1948 1311 instituta
1999 1275 2012 1311 :

405 1347 642 1420 primam
691 1362 821 1402 vero
869 1354 1088 1419 partem
1137 1345 1380 1402 Canonis
1428 1345 1670 1417 praedicti
1717 1362 1779 1400 ex
1831 1361 1896 1401 eo
1929 1346 2016 1402 vel

401 1437 640 1491 maxime
671 1435 949 1506 antiquam
969 1452 1092 1490 esse
1119 1434 1522 1505 cognoscimus,
1554 1435 1679 1506 quia
1696 1434 1751 1489 in
1782 1450 1848 1490 eo
1878 1436 2012 1491 ordo

404 1524 778 1598 apostolorum
808 1540 914 1579 non
946 1524 1017 1579 ita
1067 1532 1148 1579 est
1177 1524 1387 1595 positus
1419 1524 1556 1578 sicut
1587 1523 1643 1578 in
1671 1523 2009 1580 emendatio-

406 1615 580 1669 ribus.
649 1613 960 1686 Evangeliis
1016 1613 1304 1668 invenitur.
1366 1611 1526 1682 Quod
1583 1613 1707 1668 ideo
1777 1613 2009 1668 fortasse

406 1703 590 1759 evenit
673 1703 801 1774 quia
896 1718 1022 1772 pars
1108 1702 1199 1756 illa
1275 1701 1429 1772 prius

399 1817 580 1874 quam.
606 1799 901 1873 Evangelia
938 1800 1007 1854 ad
1035 1815 1155 1855 eam
1191 1798 1471 1855 veritatem
1501 1816 1626 1872 quae
1654 1815 1800 1854 nunc
1847 1799 2014 1855 habe-

402 1898 493 1945 tur
518 1889 660 1961 apud
709 1889 925 1945 Latinos
950 1933 963 1954 ,
1001 1888 1436 1960 corrigerentur.
1468 1889 1528 1943 In
1558 1888 1833 1960 prioribus
1864 1889 2009 1943 enim

405 1978 736 2035 editionibus
790 1979 868 2050 (ut
933 1978 1292 2049 Hieronymus
1339 1977 1492 2033 testis
1537 1980 1641 2044 est)
1684 1993 1794 2032 non
1835 1977 2008 2032 solum

404 2068 866 2140 evangelistarum
900 2074 1136 2122 mutatus
1165 2075 1248 2123 est
1275 2067 1407 2122 ordo
1427 2110 1441 2131 ,
1474 2067 1572 2122 sed
1607 2067 1763 2122 etiam
1807 2066 2007 2122 verbo-

403 2174 526 2212 rum
557 2164 610 2212 et
658 2156 1042 2211 sententiarum
1082 2163 1197 2211 erat
1243 2155 1469 2212 confusu
1516 2155 1843 2212 commixtio.
1876 2155 2005 2211 Ale-

405 2247 650 2312 xander,
692 2246 952 2316 septimus
997 2261 1134 2316 papa
1164 2245 1220 2299 in
1264 2260 1511 2310 numero,
1544 2245 1761 2300 miscuit
1787 2244 2005 2315 passio-

398 2352 528 2392 nem
559 2334 774 2391 Domini
806 2335 861 2389 in
891 2334 1207 2406 precatione
1237 2335 1600 2398 sacerdotum,
1633 2334 1850 2405 quando
1882 2334 2008 2388 mis-

402 2440 479 2480 sae
511 2423 875 2479 celebrantur.
910 2421 1065 2490 Quod
1095 2439 1218 2478 cum
1249 2423 1323 2477 ita
1353 2423 1420 2477 de
1443 2423 1579 2478 eoin
1600 2420 2003 2477 Pontificalibus

400 2513 666 2584 scriptum
695 2511 781 2579 sit,
815 2511 1037 2567 dubium
1066 2511 1276 2566 videtur
1320 2519 1495 2565 utrum
1527 2511 1615 2567 ille
1649 2527 1764 2566 eam
1793 2519 2003 2566 tantum

393 2610 609 2673 partem
649 2600 877 2657 actionis
915 2617 1019 2672 qua
1044 2600 1225 2671 passio
1257 2600 1474 2655 Domini
1507 2608 1987 2666 commemoratur,

397 2690 748 2758 ordinaverit,
782 2689 869 2745 vel
893 2697 1056 2744 totam
1073 2705 1103 2743 a
1122 2689 1296 2760 capite
1316 2705 1489 2761 usque
1506 2689 1572 2744 ad
1596 2689 1772 2760 ipsum
1795 2689 1996 2744 locum.

397 2779 506 2836 Sed
521 2779 643 2834 huic
661 2778 915 2834 secundm
930 2777 1274 2833 aestimationi
1288 2777 1494 2833 videtur
1511 2777 1835 2833 contrarium
1852 2778 1998 2850 quod

396 2867 451 2923 in
473 2884 539 2924 ea
556 2875 710 2939 parte
731 2867 902 2922 sancti
934 2866 1301 2932 nominantur,
1323 2866 1413 2938 qui
1437 2873 1489 2922 et
1505 2874 1626 2921 ante
1645 2865 1816 2931 illum,
1837 2874 1888 2921 et
1909 2866 1997 2938 qui

395 2964 520 3028 post
549 2956 693 3011 illius
740 2965 984 3027 tempora
1022 2956 1185 3027 longe
1214 2953 1466 3027 fuerunt;
1509 2954 1614 3010 nisi
1654 2955 1896 3010 dicamus
1927 2955 1996 3010 ab

393 3046 487 3102 illo
519 3062 614 3102 eos
643 3053 850 3100 tantum
881 3045 972 3117 qui
1006 3052 1131 3100 ante
1181 3044 1332 3100 illum
1373 3044 1591 3101 fuerunt
1611 3061 1999 3100 commemora-
2029 3078 2076 3140 Ο

392 3144 498 3200 tos,
532 3142 853 3192 caeterorum
881 3149 1012 3189 vero
1050 3133 1268 3190 nomina
1310 3133 1422 3188 suis
1472 3149 1700 3205 quaeque
1729 3133 1995 3205 tempori-

394 3225 498 3280 bus
540 3224 608 3278 ab
651 3222 771 3278 aliis
814 3222 1236 3294 superimmissa.
1286 3221 1440 3278 Unde
1480 3229 1533 3276 et
1588 3221 1756 3292 ipsius
1796 3238 1995 3278 nomen

391 3312 682 3367 Alexandri
735 3311 788 3365 in
834 3310 1082 3383 sequenti
1136 3309 1329 3366 ordine
1367 3309 1657 3381 reperitur.
1694 3309 1995 3381 Gregorius

393 3417 547 3466 vero,
581 3401 648 3455 de
694 3415 802 3472 quo
841 3399 1092 3471 superius
1139 3398 1335 3469 saepius
1381 3398 1602 3454 fecimas
1640 3398 1990 3464 mentionem,

390 3488 759 3561 augmentavit
787 3488 842 3543 in
874 3487 1185 3560 precatione
1216 3487 1448 3543 Canonis
1473 3503 1486 3542 :
1510 3487 1744 3559 Diesque
1774 3491 1995 3543 nostros

389 3579 455 3634 in
483 3583 584 3634 tua
621 3594 757 3650 pace
795 3577 1097 3650 disponas;
1131 3575 1223 3630 ubi
1270 3575 1485 3648 quidam
1529 3575 1716 3630 volunt
1760 3575 1996 3648 intelligi

387 3674 560 3723 totam
607 3666 672 3720 ab
716 3681 782 3721 eo
828 3664 948 3720 loco
1001 3665 1239 3720 Canonis
1283 3664 1760 3736 consequentiam,
1821 3680 1995 3736 usque

389 3756 446 3810 in
475 3754 639 3811 ﬁnem
678 3772 779 3826 per
822 3753 971 3809 illum
1039 3753 1206 3817 fuisse
1252 3753 1630 3823 compositam.
1681 3752 1778 3808 Cui
1809 3754 1993 3809 sensui

396 3860 707 3918 repugnare
748 3843 961 3898 videtur
989 3842 1131 3915 quod
1178 3842 1359 3913 passio
1391 3842 1626 3906 Domini,
1662 3858 1825 3914 quam
1859 3841 1992 3896 Ale-

389 3933 602 3988 xander
651 3931 828 3987 eidem
883 3929 1182 4002 precationi
1216 3929 1460 3994 inseruit,
1495 3938 1617 4000 post
1665 3930 1766 3986 hos
1799 3945 1993 3986 versus

389 4022 638 4076 habetur.
699 4020 854 4076 Unde
896 4019 1141 4075 nonnulli
1186 4018 1414 4074 credunt
1443 4035 1549 4074 non
1581 4019 1812 4090 amplius
1836 4018 1986 4074 Gre-

391 4111 611 4185 gorium
648 4125 811 4182 quam
859 4109 982 4164 illas
1028 4116 1139 4163 tres
1180 4108 1468 4180 petitiones
1489 4152 1502 4174 ,
1535 4108 1588 4163 id
1618 4117 1702 4164 est
1729 4124 1829 4179 pro
1857 4124 1991 4179 pace

386 4209 698 4271 temporum
755 4208 808 4254 et
853 4197 1130 4269 ereptione
1181 4198 1250 4251 ab
1279 4197 1499 4253 aeternis
1587 4197 1866 4268 suppliciis
1891 4240 1904 4264 ,
1937 4204 1992 4253 et

386 4288 665 4347 consortio
725 4296 1033 4343 sanctorum
1097 4285 1390 4342 obtinendo
1416 4329 1429 4352 ,
1476 4285 1748 4357 prioribus
1795 4302 1984 4358 super-

383 4377 666 4433 addidisse
695 4377 926 4432 statutis.
964 4377 1073 4432 Leo
1107 4391 1323 4448 quoque
1348 4420 1362 4442 ,
1395 4375 1809 4448 quadragesimo
1839 4383 1989 4431 sexto

380 4467 506 4523 loco
553 4467 696 4538 apud
745 4468 1017 4522 Romanos
1063 4439 1432 4536 pontificatum
1476 4439 1682 4538 agetis,
1714 4439 2059 4520 constituitD

382 4565 443 4613 ut
471 4556 613 4611 intra
642 4555 911 4612 actionem
931 4553 1182 4610 sacrificii
1203 4555 1492 4620 diceretur,
1520 4556 1794 4612 Sanctum
1813 4557 1989 4610 sacri-

383 4657 602 4726 ﬁcium,
638 4663 690 4709 et
711 4655 939 4727 reliqua.
966 4655 1047 4709 De
1076 4654 1179 4709 hoc
1209 4653 1371 4708 etiam
1401 4652 1570 4725 quaeri
1601 4659 1779 4724 potest
1808 4661 1989 4708 utrum

381 4752 452 4808 ab
471 4767 537 4808 eo
553 4751 673 4807 loco
704 4768 826 4823 qua
854 4758 1170 4822 sequuntur,
1204 4749 1494 4814 addiderit,
1530 4749 1615 4805 vel
1645 4750 1763 4821 ipsa
1783 4757 1988 4805 tantum

385 4850 576 4918 verba,
606 4847 662 4904 id
710 4857 824 4917 est,
853 4849 1130 4906 Sanctum
1177 4849 1524 4918 sacriﬁcium
1555 4849 1990 4905 immaculatam

386 4949 637 5004 hostium
657 4989 671 5015 ,
705 4962 771 5002 eo
819 4944 941 5002 loco
986 4946 1422 5004 intermiscuerit.
1469 4945 1629 5016 Quod
1661 4946 1784 5019 quia
1816 4947 1989 5001 mani-

382 5037 521 5094 feste
543 5051 653 5092 non
681 5035 936 5108 legimus,
962 5035 1214 5091 nolumus
1246 5036 1492 5092 definire.
1539 5037 1622 5092 Ex
1670 5036 1773 5092 hoc
1809 5044 1990 5091 tamen

382 5142 609 5207 apparet
656 5133 1024 5207 Gregorium,
1057 5135 1149 5206 qui
1213 5133 1377 5207 longe
1435 5142 1559 5206 post
1601 5136 1838 5191 Leonem
1871 5133 1986 5202 fuit,

380 5247 493 5288 non
524 5238 693 5287 totum
741 5231 1016 5287 Canonem
1057 5232 1127 5286 ab
1159 5246 1224 5287 eo
1276 5231 1396 5287 loco
1447 5247 1556 5304 quo
1597 5247 1693 5287 sua
1763 5230 1991 5286 inseruit

379 5344 557 5402 usque
597 5328 652 5384 in
695 5327 861 5384 finem
919 5328 1332 5400 composuisse.
1400 5328 1701 5399 Gregorius
1751 5327 1984 5419 deinde,

379 5427 572 5483 tertius
617 5427 860 5496 ejusdem
891 5426 1126 5482 nominis
1174 5442 1338 5498 papa,
1375 5425 1584 5483 faciens
1615 5427 1905 5482 oratorium
1936 5428 1990 5482 in

381 5523 608 5581 basilica
636 5525 781 5580 Beati
811 5525 952 5581 Petri
981 5525 1035 5579 in
1066 5527 1333 5581 honorem
1381 5526 1622 5581 omnium
1657 5535 1984 5598 sanctorum,

385 5632 438 5682 et
469 5623 780 5697 quotidiana
826 5623 1030 5682 ibidem
1059 5623 1238 5682 officia
1270 5640 1336 5681 ac
1367 5625 1568 5682 missus
1600 5625 1655 5681 in
1685 5641 1870 5682 eorum
1892 5642 1990 5683 ve-

1620 224 1712 282 DE
1744 222 1964 283 REBUS
2002 221 2579 281 ECCLESIASTICIS.

405 371 538 411 num
580 353 656 409 ibi
703 351 872 408 factos
898 394 910 417 ,
943 351 1066 424 quia
1095 351 1366 422 posterius
1397 350 1558 422 positi
1589 351 1826 406 nondum
1857 365 2010 406 coro-
2033 351 2090 412 A
2119 349 2459 404 nerationem
2501 348 2834 404 constituens
2896 349 3179 415 celebrari,

389 444 503 500 nati
537 443 788 505 fuissent,
825 456 952 496 cum
1025 439 1240 512 priores
1270 439 1327 494 in
1370 440 1464 494 illo
1495 440 1718 496 Canonc
1754 455 2032 512 poneren-

394 540 500 596 tur,
531 546 660 587 cum
689 529 930 586 sciamus
953 529 1223 606 (Joannem
1273 528 1590 599 Baptistam,
1639 528 1772 600 ipsis
1805 536 2030 600 aposto-

3618 232 3721 286 950

3256 353 3461 424 pariter
3500 355 3728 412 instituit

2134 438 2190 492 in
2219 439 2441 493 Canone
2461 453 2494 492 a
2525 438 2810 494 sacerdote
2827 439 3119 494 dicendum
3154 456 3166 495 :
3201 440 3447 507 Quorum
3467 446 3728 502 solemni-

2134 530 2221 583 tas
2252 527 2411 583 hodie
2439 529 2502 585 in
2533 532 2836 600 conspectu
2883 533 2993 584 tuae
3036 532 3357 601 majestatis
3387 533 3722 599 celebratur,

2130 618 2365 672 Domine
2394 619 2540 672 Deus
2586 621 2796 683 noster,
2829 621 2942 674 toto
2985 619 3048 674 in
3079 620 3204 674 orbe
3223 623 3547 688 terrarum;
3581 625 3728 694 quod

2130 705 2255 776 quia
2284 705 2598 776 specialiter
2634 706 2701 760 ad
2731 705 2880 760 illam
2923 707 3158 777 pertinet
3187 708 3582 776 celebritatem,
3616 727 3726 767 non

2127 801 2209 849 est
2237 795 2460 861 Canoni,
2485 795 2574 866 qui
2604 795 2935 866 generaliter
2964 795 3179 864 dicitur,
3204 797 3538 854 adnotatum.
3571 801 3724 857 Actio

2124 882 2320 938 dicitur
2351 883 2467 953 ipse
2517 885 2723 951 Canon,
2759 884 2882 956 quia
2926 883 2981 939 in
3012 901 3077 940 eo
3127 899 3466 942 sacramen'a
3494 887 3722 946 conﬁci-

2122 980 2285 1026 untur
2305 973 2608 1042 Dominica,
2643 973 2830 1027 Canon
2848 989 2980 1029 vero
3011 975 3201 1030 eadem
3219 976 3361 1032 actio
3391 977 3718 1048 nominatur,

2122 1062 2249 1133 quia
2281 1062 2336 1116 in
2379 1078 2442 1116 ea
2498 1070 2580 1117 est
2609 1062 2850 1134 legitima
2875 1071 2928 1117 et
2958 1063 3223 1134 regularis
3255 1074 3723 1122 sacramentorum

2119 1150 2407 1206 confectio.
2444 1151 2701 1224 Sequitur
2718 1150 2904 1207 Oratio
2926 1152 3224 1222 Dominica,
3251 1169 3373 1209 cum
3420 1155 3721 1226 appositio-

2117 1239 2279 1294 nibus
2311 1239 2594 1312 congruis.
2629 1241 2742 1295 Una
2773 1241 2917 1295 enim
2947 1243 3286 1312 praecedens,
3319 1259 3437 1298 eam
3470 1242 3723 1300 fiduciam

2115 1329 2381 1400 praedicat
2429 1345 2536 1401 qua
2582 1329 2872 1384 Dominum
2931 1339 3239 1386 creatorem
3284 1333 3494 1388 Patrem
3541 1334 3722 1390 dicere

2113 1433 2507 1488 prmsumamus
2541 1437 2554 1472 :
2585 1417 2751 1473 altera
2784 1419 3127 1490 subsequens
3176 1421 3411 1491 explicat
3448 1422 3722 1493 quomodo

2113 1514 2165 1561 et
2214 1523 2247 1561 a
2286 1507 2485 1578 quibus
2533 1507 2721 1574 malis,
2754 1523 2852 1578 per
2892 1508 3184 1564 Dominum
3213 1525 3313 1565 nos
3354 1509 3579 1566 liberari
3623 1527 3736 1582 pe-'

2113 1601 2308 1650 tamus.
2359 1594 2494 1664 Qua:
2532 1596 2704 1650 oratio
2743 1597 3044 1664 Dominica,
3083 1597 3210 1669 quia
3249 1598 3396 1670 prius
3424 1616 3584 1672 quam
3611 1616 3717 1657 cm-

1541 1701 1844 1773 composita
1924 1711 2004 1758 est
2039 1691 2227 1780 Btera
2281 1684 2335 1780 in
2390 1685 2800 1780 consecratione
2847 1685 3243 1780 sacrificiorum
3291 1696 3714 1780 assumptarest,

2113 1772 2167 1826 in
2216 1772 2521 1843 expletione
2570 1774 2813 1842 ejusdem
2862 1774 3242 1831 sacratissima
3279 1777 3506 1833 actionis
3549 1777 3717 1851 digne

2111 1861 2348 1932 ponitur,
2372 1869 2430 1916 ut
2443 1878 2543 1932 per
2557 1863 2696 1916 hanc
2710 1862 2975 1933 purificati
2993 1863 3084 1935 qui
3107 1865 3538 1921 communicatur
3568 1875 3711 1931 sunt,

2113 1967 2234 2021 quae
2264 1959 2447 2006 sancte
2493 1950 2744 2006 confecta
2779 1960 2902 2006 sunt
2951 1951 3116 2024 digne
3164 1953 3235 2008 ad
3265 1954 3493 2010 salutem
3523 1970 3714 2011 veram

2110 2049 2432 2120 percipiant.
2457 2049 2653 2105 Pacem
2683 2059 2810 2105 ante
2839 2051 3281 2107 communionem
3301 2052 3418 2107 dari
3449 2053 3717 2110 innocen-

2109 2137 2215 2192 tius
2244 2155 2384 2209 papa
2413 2139 2648 2195 decretis
2692 2139 2805 2194 suis
2852 2139 3113 2208 instituit,
3148 2141 3356 2197 scilicet
3393 2150 3452 2197 ut
3483 2143 3629 2214 quod
3658 2143 3715 2199 in

2109 2227 2356 2282 oratione
2385 2235 2580 2283 sancta
2611 2229 2712 2282 sub
2750 2228 3044 2299 sponsione
3079 2229 3417 2286 remissionis
3438 2232 3712 2302 promitti—

2105 2332 2245 2385 mus,
2280 2323 2504 2387 pacatos
2532 2333 2633 2372 nos
2663 2317 2782 2388 ipso
2813 2333 2980 2388 Opere
3029 2319 3487 2376 demonstremus.
3521 2322 3712 2392 Agnus

2104 2407 2205 2461 Dei
2232 2403 2288 2458 in
2317 2404 2691 2461 confractione
2712 2407 2960 2477 corposis
2978 2408 3193 2461 Domini
3210 2423 3242 2462 a
3262 2409 3414 2464 clero
3433 2416 3485 2464 et
3503 2410 3706 2480 pepulo

2102 2494 2379 2549 decantari
2425 2495 2669 2566 Sergius,
2697 2495 3068 2567 octogesimus
3109 2504 3293 2552 sextus
3337 2499 3708 2554 Romanorum

2103 2582 2348 2649 antistes,
2373 2584 2648 2639 constituit
2667 2591 2753 2648 ,ut
2768 2584 2899 2639 dum
2931 2594 3271 2656 praeparatur
3301 2585 3372 2641 ad
3418 2587 3708 2658 dispensa-

2102 2672 2230 2726 dum
2260 2687 2461 2743 corpus
2508 2673 2868 2738 Dominicum,
2919 2682 3114 2746 rogent
3161 2675 3472 2746 accepturi,
3510 2684 3703 2748 quate-

2101 2777 2202 2815 nus
2231 2759 2322 2816 ille
2353 2762 2445 2834 qui
2473 2778 2570 2832 pro
2601 2762 2680 2816 eis
2729 2762 2946 2818 oblatus
2978 2771 3061 2818 est
3090 2764 3378 2835 innocens,
3407 2764 3567 2821 faciat
3611 2780 3707 2820 eos

2101 2849 2388 2905 salubriter
2416 2850 2649 2923 pignora
2680 2851 2872 2907 salutis
2913 2859 3130 2908 mternaa
3176 2853 3480 2924 percipere.
3534 2855 3703 2910 Porro

2099 2939 2245 3010 quod
2274 2954 2513 2995 canones
2556 2939 2878 3012 praecipiunt
2923 2958 3048 2996 eum
3085 2942 3154 2997 ad
3183 2959 3376 3014 pacem
3405 2959 3514 2998 non
3543 2959 3701 3000 acce-

2095 3028 2227 3083 dere
2255 3028 2347 3100 qui
2375 3045 2485 3083 non
2512 3029 2897 3100 communicat,
2950 3030 3174 3102 quidam
3235 3033 3314 3088 sic
3369 3032 3700 3104 intelligunt,

2095 3117 2241 3188 quod
2273 3133 2380 3172 non
2410 3117 2606 3172 debeat
2631 3133 2825 3189 pacem
2871 3119 3124 3190 accipere
3160 3119 3286 3192 quis
3331 3121 3384 3175 in
3416 3121 3538 3175 aliis
3568 3122 3700 3176 mis-

2098 3205 2191 3273 sis,
2223 3206 2327 3261 nisi
2358 3205 2412 3261 in
2445 3207 2642 3278 quibus
2685 3207 3069 3264 communicat.
3117 3209 3222 3264 Alii
3251 3225 3384 3265 vero
3413 3210 3600 3265 volunt
3627 3210 3699 3264 il-

2096 3293 2210 3349 lum
2240 3302 2446 3350 tantum
2475 3312 2507 3349 a
2533 3312 2668 3367 pace
2696 3296 2989 3367 prohiberi,
3024 3297 3117 3369 qui
3139 3297 3344 3366 judicio
3375 3299 3700 3355 sacerdotali

2097 3398 2128 3436 a
2159 3383 2537 3440 communione
2584 3401 2882 3455 suspensus
2912 3395 3014 3442 est.
3040 3387 3200 3442 Illum
3229 3395 3412 3442 autem
3439 3388 3532 3461 qui
3561 3403 3701 3460 qua-

2096 3472 2226 3526 dam
2254 3473 2462 3528 ratione
2484 3473 2576 3528 illo
2597 3481 2838 3544 tempore
2857 3474 3204 3546 [temporum,
3228 3477 3337 3532 del.
3383 3476 3497 3550 illo]
3517 3475 3698 3533 differt

2098 3559 2662 3628 communicationem,
2697 3577 2822 3618 cum
2851 3570 3034 3619 tamen
3062 3580 3172 3619 non
3203 3565 3271 3619 sit
3317 3573 3472 3621 extra
3529 3582 3687 3622 com-

2096 3649 2430 3713 munionem,
2480 3666 2589 3706 non
2646 3651 2848 3706 debere
2905 3667 2936 3704 a
2980 3652 3134 3722 pacis
3165 3652 3338 3724 gratia
3409 3655 3692 3725 separari,

2095 3754 2164 3793 ne
2198 3738 2486 3804 humil;tas
2519 3755 2633 3808 ejus
2683 3740 2996 3812 graviorum
3039 3740 3327 3796 criminum
3383 3742 3694 3814 suspicione

2094 3843 2329 3891 notetur.
2355 3837 2421 3890 Et
2445 3836 2568 3909 quia
2599 3837 2668 3893 de
2697 3837 3134 3894 communicandi
3165 3838 3426 3895 varietate
3445 3841 3692 3912 quaedam

2093 3925 2454 3996 praemisimus
2483 3927 2701 3997 (supra,
2732 3943 2854 3998 cap.
2882 3928 2957 3996 9),
2978 3927 3082 3982 hoc
3106 3927 3418 3982 addendum
3455 3928 3688 3996 videtur,

2093 4011 2225 4068 esse'
2239 4014 2502 4085 quosdam
2533 4014 2625 4086 qui
2670 4015 2839 4070 semel
2854 4015 2908 4069 in
2931 4014 3019 4071 die
3035 4017 3460 4085 communicare,
3481 4018 3693 4073 etiamsi

2092 4102 2338 4173 pluribus
2366 4101 2704 4158 interfuerint
2731 4103 2933 4170 missis,
2960 4120 3058 4174 pro
3075 4104 3341 4178 dignitate
3368 4122 3689 4163 sacramen-

2093 4199 2270 4246 torum
2301 4192 2550 4248 sufficere
2581 4193 2839 4259 credant;
2874 4209 2996 4249 esse
3023 4210 3156 4249 vero
3185 4194 3323 4250 alios
3355 4196 3447 4266 qui
3479 4196 3618 4251 sicut
3639 4196 3693 4251 in

2091 4305 2214 4357 una,
2248 4291 2326 4346 sic
2356 4291 2412 4345 in
2441 4292 2692 4347 omnibus
2737 4293 2935 4364 quibus
2977 4292 3255 4349 adfuerint
3282 4293 3465 4349 missis
3496 4293 3549 4348 in
3579 4294 3686 4363 die,

2091 4389 2494 4445 communicare
2551 4389 2735 4445 velint.
2814 4389 3061 4460 Quorum
3121 4399 3348 4447 neutros
3393 4392 3694 4463 culpandos

2091 4487 2358 4557 existimo,
2395 4487 2541 4559 quia,
2567 4488 2705 4544 sicut
2740 4488 3076 4561 Augustinus
3104 4489 3179 4543 ait
3221 4489 3290 4544 de
3319 4490 3403 4544 his
3434 4490 3525 4561 qui
3555 4507 3691 4563 quo-

2089 4576 2220 4633 tidie
2249 4576 2668 4646 communicant,
2703 4585 2755 4633 et
2784 4577 2891 4632 illis
2923 4578 3014 4649 qui
3046 4578 3220 4632 rarius
3257 4595 3269 4632 :
3313 4601 3332 4631 σ
3364 4579 3502 4635 Istos
3532 4596 3689 4636 reve~

2090 4675 2264 4731 rentia
2292 4682 2604 4731 sanctarum
2632 4675 2856 4731 retrahit
2885 4691 3086 4744 rerum,
3111 4675 3234 4732 illos
3262 4693 3395 4733 vero
3425 4692 3576 4733 amor
3606 4695 3691 4732 sa-

2089 4773 2327 4828 lubrium
2364 4774 2551 4830 invitat
2594 4781 3079 4830 sacramentorum.
3121 4795 3143 4823 »
3195 4776 3332 4830 Nam
3365 4783 3417 4831 et
3445 4776 3564 4846 ipse
3595 4793 3686 4831 sa-

2088 4863 2319 4932 cerdos,
2346 4864 2568 4935 'quoties
2616 4863 2672 4917 in
2718 4863 2805 4918 die
2844 4863 3041 4919 missas
3083 4862 3246 4929 facit,
3281 4867 3687 4922 communicare

2089 4976 2197 5014 non
2223 4961 2438 5016 omittit.
2468 4961 2627 5028 Quod
2657 4961 2702 5016 si
2732 4977 2840 5017 non
2863 4961 3040 5029 faciat,
3065 4962 3330 5019 canonico
3373 4971 3455 5018 est
3492 4963 3686 5020 ferien-

2091 5049 2192 5103 dus
2217 5049 2440 5118 judicio.
2467 5051 2565 5120 (De
2595 5067 2771 5117 cons.,
2806 5051 2860 5105 d.
2895 5055 3003 5119 2,0.
3037 5051 3346 5122 Relatum).
3372 5053 3441 5107 Et
3456 5054 3559 5109 hoc
3578 5071 3689 5108 non

2089 5146 2170 5194 est
2199 5139 2396 5194 mirum
2441 5140 2512 5194 ita
2541 5139 2611 5195 de
2659 5142 2945 5196 sacerdote
2974 5139 3225 5213 intelligi,
3277 5157 3400 5197 cum
3441 5143 3685 5200 conciliis

2090 5237 2583 5308 Caesaraugustam
2614 5246 2666 5294 et
2712 5237 2968 5294 Toletano
3015 5240 3375 5296 communiter
3412 5241 3482 5296 sit
3511 5250 3682 5298 statu-

2089 5344 2202 5391 tum
2247 5337 2316 5391 de
2358 5337 2630 5406 omnibus,
2665 5346 2720 5392 ut
2750 5337 2841 5409 qui
2881 5339 3154 5411 acceperit
3184 5340 3599 5404 Eucharistiam,
3631 5347 3685 5393 et

2087 5448 2196 5488 non
2226 5435 2701 5506 sumpserit,quasi
2723 5437 3024 5509 sacrilegus
3059 5437 3374 5508 repellatur.
3395 5437 3491 5490 Est
3507 5442 3684 5489 autem

2091 5531 2392 5604 legitimum
2458 5541 2672 5605 tempus
2751 5534 3187 5592 communicandi
3268 5541 3390 5588 ante
3444 5532 3688 5587 ultimam

2089 5629 2416 5699 orationem,
2463 5647 2584 5705 quae
2634 5632 2831 5689 dicitur
2872 5633 2944 5690 ad
2971 5631 3384 5704 complendum,
3421 5630 3548 5703 quia
3578 5631 3693 5700 ejus
