3998 6188
329 310 426 365 951

922 301 1326 360 WALAFRIDI
1355 299 1599 358 STRABI
1628 298 1826 356 FULD.
1859 295 1955 353 ΜΟ

2065 295 2216 352 ΟΡΡ.
2245 293 2448 353 PARIS
2476 296 2516 350 l.
2550 321 2619 336 -ι
2652 292 3129 352 THEOLOGICA.

3525 296 3624 349 953

332 451 521 524 petitio
550 448 789 505 maxime
819 463 922 520 pro
952 448 1030 502 eis
1059 455 1140 502 est
1167 446 1259 519 qui
1289 444 1711 502 communicant.
1763 442 1918 500 Unde
1937 423 1993 484 Α
2023 421 2164 524 ξίοηθ
2194 421 2399 520 ωξιῖιάδ
2431 420 2701 524 sepultura
2732 429 2832 475 θεῖ·
2868 421 3062 520 νοξῑοδ
3093 420 3258 524 εῑίξιπξ
3308 419 3622 476 sacerdota-

331 540 494 597 etiam
526 554 714 595 eorum
748 539 841 610 qui
870 553 968 609 per
993 536 1237 609 singulas
1283 536 1479 590 missas
1528 532 1928 590 communicare

334 630 542 696 volunt,
585 627 812 686 accendi
857 627 1072 682 videtur
1113 625 1380 680 voluntas.
1433 623 1573 694 Quia
1618 639 1716 696 per
1761 629 1927 678 totam

335 719 562 774 missam
591 734 694 790 pro
724 717 802 772 eis
832 731 996 788 quam
1033 714 1264 770 maxime
1312 722 1366 770 et
1407 714 1564 786 quasi
1611 712 1931 769 nominatim

334 815 540 874 oratur,
572 807 664 878 qui
696 805 767 860 ibi
799 804 1034 861 offerunt
1076 812 1238 876 atque
1269 802 1688 860 communicant.
1726 803 1929 857 Possu-

337 913 458 952 mus
483 903 660 950 autem
692 902 744 950 et
773 893 1057 962 debemus,
1088 900 1144 948 ut
1174 894 1364 948 eadem
1403 899 1596 947 sancta
1641 891 1933 946 missarum

339 984 635 1042 celebratio
665 998 773 1038 non
798 983 1005 1054 paucis,
1041 983 1136 1038 sed
1167 981 1351 1037 multis
1380 981 1642 1053 prodesse
1663 981 1933 1044 credatur,

333 1074 531 1140 dicere,
566 1081 790 1130 caeteros
821 1073 877 1127 in
906 1072 1010 1127 ﬁde
1041 1081 1093 1128 et
1120 1072 1173 1126 in
1206 1072 1493 1127 devotione
1516 1069 1859 1126 oﬂ‘erentium
1881 1079 1937 1125 et

335 1162 848 1221 communicantium
877 1161 1254 1233 persistentes,
1287 1161 1535 1230 ejusdem
1573 1159 1863 1216 oblationis
1885 1169 1936 1216 et

335 1251 732 1307 communionis
761 1251 870 1307 dici
913 1259 964 1306 et
1005 1267 1127 1306 esse
1173 1250 1484 1322 participes.
1529 1249 1787 1320 Quamvis
1833 1265 1935 1305 au-

332 1347 460 1411 tem,
492 1355 615 1398 cum
647 1341 750 1396 soli
780 1341 1089 1396 sacerdotes
1119 1339 1316 1395 missas
1359 1339 1656 1406 celebrant,
1709 1338 1939 1411 intelligi

331 1431 506 1502 possit
535 1428 658 1485 illos
685 1429 929 1500 ejusdem
961 1429 1190 1486 actionis
1241 1445 1363 1484 esse
1410 1437 1791 1500 000peratores
1837 1445 1938 1501 pro

337 1518 536 1593 quibus
569 1527 696 1576 tunc
724 1519 844 1591 ipsa
875 1519 1218 1576 celebrantur
1246 1517 1441 1587 oﬂicia,
1476 1528 1528 1575 et
1560 1535 1792 1590 quorum
1820 1536 1940 1591 per-

334 1623 525 1665 sonam
556 1609 612 1664 in
649 1609 972 1681 quibusdam
1001 1608 1458 1681 responsionibus
1487 1609 1747 1664 sacerdos
1779 1625 1940 1664 exse-

334 1707 543 1779 quitur,
594 1715 771 1762 tamen
814 1706 1096 1762 fatendum
1145 1715 1228 1763 est
1276 1707 1425 1762 illam
1473 1723 1596 1762 esse
1644 1707 1941 1780 legitimam

334 1796 561 1852 missam
591 1797 677 1852 cui
697 1796 965 1851 intersunt
997 1797 1276 1862 sacerdos,
1309 1796 1664 1867 respondens,
1699 1795 1936 1852 offerens
1966 1788 2019 1847 Β

335 1892 496 1956 atque
525 1885 954 1949 communicans,
1000 1885 1138 1940 sicut
1184 1885 1300 1956 ipsa
1347 1885 1667 1956 compositio
1714 1900 1938 1956 precum

337 1973 577 2029 evidenti
606 1973 812 2029 ratione
842 1973 1196 2028 demonstrat.
1233 1973 1497 2028 Statutum
1528 1982 1609 2028 est
1639 1983 1817 2029 autem
1838 1978 1940 2030 Au-

338 2061 631 2117 relianensi
672 2061 905 2117 concilio
947 2069 1006 2116 ut
1054 2061 1287 2132 pOpulus
1331 2069 1454 2116 ante
1503 2063 1941 2119 benedictionem

341 2150 646 2207 sacerdotis
676 2165 787 2206 non
816 2150 1129 2223 egrediatur
1157 2150 1227 2205 de
1256 2151 1444 2206 missa.
1480 2149 1614 2220 Quae
1637 2152 1942 2209 benedictio

341 2238 661 2312 intelligitur
689 2238 782 2295 illa
813 2239 998 2295 ultima
1027 2238 1326 2296 sacerdotis
1355 2240 1549 2296 oratio.

917 2383 1140 2440 CAPUT
1170 2383 1374 2439 XXIII.

844 2493 921 2547 De
954 2495 1200 2565 tempore
1241 2493 1448 2548 missa.

416 2613 655 2682 Tempus
686 2614 868 2664 autem
897 2607 1080 2663 missae
1124 2604 1390 2662 faciendae
1435 2605 1733 2663 secundum
1782 2606 1948 2662 ratio-

347 2717 473 2757 nem
529 2697 932 2755 solemnitatum
987 2696 1266 2753 diversum
1323 2703 1425 2751 est.
1477 2691 1755 2751 Interdufn
1807 2696 1951 2751 enim

348 2797 474 2846 ante
504 2787 808 2854 meridiem,
844 2785 1116 2842 interdum
1145 2784 1290 2842 circa
1319 2800 1536 2851 nonam,
1570 2785 1861 2857 aliquando
1884 2786 1954 2840 ad

349 2894 653 2950 vesperam,
690 2875 962 2933 interdum
1000 2882 1164 2932 noctu
1209 2875 1535 2931 celebratur.
1583 2876 1720 2930 Nam
1762 2874 1954 2929 Teles-

348 2970 555 3040 phorus
583 2981 724 3040 papa
755 2964 1033 3022 constituit
1072 2973 1126 3020 ut
1158 2964 1306 3020 nullo
1355 2973 1597 3035 tempore
1644 2973 1767 3019 ante
1809 2964 1957 3019 horae

351 3056 520 3114 tertia:
550 3072 768 3112 cursum
798 3054 940 3110 ullus
972 3061 1327 3126 praesumeret
1364 3053 1589 3108 missam
1620 3053 1903 3108 celebrare
1937 3071 1951 3108 :

351 3161 460 3219 qua
486 3147 624 3202 hora
653 3145 918 3201 Dominus
948 3150 1136 3199 noster
1165 3142 1467 3198 secundum
1497 3140 1664 3197 Marci
1693 3143 1950 3213 Evange-

347 3235 481 3291 lium
510 3231 798 3291 cruciﬁxus
818 3231 1100 3288 asseritur.
1136 3232 1282 3286 Inter
1309 3231 1427 3286 haec
1448 3229 1742 3286 notandum
1773 3247 1950 3303 neque

342 3323 703 3394 jejunandum
732 3321 788 3376 in
816 3319 1114 3376 Dominicis
1137 3328 1189 3374 et
1218 3317 1368 3375 festis
1394 3319 1714 3389 majoribus,
1747 3319 1825 3375 uti
1846 3337 1956 3376 non

353 3412 502 3484 cogit
531 3409 848 3476 necessitas,
884 3409 1020 3465 sicut
1049 3416 1101 3465 et
1132 3424 1370 3465 canones
1401 3411 1692 3465 ostendunt
1724 3427 1737 3465 :
1771 3426 1871 3466 nec
1901 3409 1957 3464 in

352 3501 544 3557 diebus
567 3499 914 3570 jejuniorum.
950 3498 1047 3555 Vel
1072 3515 1308 3572 unquam
1340 3507 1462 3570 post
1479 3499 1783 3564 meridiem,
1809 3501 1961 3570 hym-

361 3607 492 3646 num
520 3589 848 3663 angelicum,
877 3588 930 3643 id
963 3595 1064 3656 est,
1100 3590 1289 3645 Gloria
1316 3590 1380 3643 in
1427 3591 1669 3646 excelsis
1717 3591 1826 3645 Deo
1874 3590 1960 3644 vel

357 3697 459 3754 pro
490 3678 560 3752 et]
592 3679 840 3736 Alleluia
869 3677 1158 3734 dicendum
1193 3677 1298 3732 nisi
1343 3678 1397 3732 in
1449 3679 1660 3733 duobus
1719 3678 1962 3734 sabbatis

355 3769 580 3826 Pascha:
635 3776 688 3824 et
734 3769 1099 3835 Pentecostes,
1149 3783 1270 3840 quae
1316 3767 1646 3838 specialibus
1692 3769 1965 3840 mysteriis

358 3859 710 3916 adornantur.

934 3963 1158 4020 CAPUT
1188 3962 1390 4018 XXIV.

736 4074 812 4130 De
840 4072 988 4129 vasis
1011 4075 1068 4128 et
1098 4071 1343 4127 vestibus
1375 4071 1575 4127 sacris.

438 4181 579 4236 Vasa
607 4195 822 4253 quoque
854 4178 1046 4252 quibus
1076 4177 1350 4250 praecipue
1398 4185 1587 4233 nostra
1632 4187 1974 4236 sacramenta

370 4271 724 4342 imponuntur
753 4277 806 4325 et
835 4276 1250 4333 consecrantur,
1283 4266 1486 4322 calices
1518 4275 1642 4322 sunt
1662 4275 1714 4323 et
1743 4277 1980 4340 patenas.

371 4359 522 4414 Calix
552 4359 746 4414 dicitur
775 4374 809 4414 a
839 4358 1031 4415 Graeco
1089 4357 1310 4412 nomine
1349 4355 1512 4426 κύλιξ,
1549 4365 1751 4428 patena
1799 4374 1832 4413 a
1876 4376 1981 4431 pa-

369 4456 554 4522 tendo,
589 4457 735 4528 quod
764 4455 946 4528 patula
977 4455 1062 4509 sit.
1095 4455 1364 4527 Ampulla,
1400 4455 1558 4528 quasi
1611 4472 1803 4527 parum
1851 4473 1973 4512 am-

369 4545 480 4618 pla.
511 4545 851 4616 Zephirinus,
886 4546 1163 4600 Romanus
1192 4544 1434 4616 pontifex
1451 4545 1740 4602 vicesimus
1771 4554 1972 4615 sextus,

371 4633 585 4706 patenis
641 4633 829 4689 vitreis
886 4634 1083 4688 missas
1138 4634 1411 4690 celebrare
1477 4635 1771 4690 constituit.
1842 4636 1977 4690 Tum

377 4723 574 4778 deinde
605 4723 878 4789 Urbanus,
912 4730 1136 4779 octavus
1166 4723 1414 4779 decimus
1443 4740 1606 4796 papa,
1646 4724 1828 4779 omnia
1869 4724 1976 4778 mi-

377 4812 564 4869 nistris
621 4819 836 4869 sacrata
889 4811 1016 4867 fecit
1080 4820 1357 4884 argentea,
1407 4822 1459 4868 et
1499 4822 1722 4884 patenas
1785 4813 1976 4887 viginti

378 4902 618 4974 quinque
649 4901 778 4974 [fon
811 4909 1060 4975 quatuor,
1093 4901 1242 4974 etc.].
1277 4903 1337 4958 ln
1367 4903 1471 4958 hoc
1501 4903 1637 4958 sicut
1679 4911 1731 4958 et
1761 4903 1815 4957 in
1845 4903 1976 4958 reli-

381 4992 502 5064 quis
534 4991 790 5060 cultibus,
822 4991 1003 5064 magis
1033 4999 1085 5046 et
1114 4991 1294 5064 magis
1323 5007 1421 5062 per
1451 4991 1790 5048 incrementa
1834 5000 1975 5047 tem-

379 5095 573 5151 porum
601 5079 771 5136 decus
799 5079 1069 5136 succrevit
1096 5079 1380 5137 Ecclesiae.
1411 5079 1721 5136 Bonifacius
1770 5089 1978 5152 martyr

381 5175 433 5225 et
464 5167 773 5238 episcOpus,
808 5168 1171 5242 interrogatus
1200 5169 1246 5224 si
1283 5169 1472 5226 liceret
1500 5169 1554 5224 in
1583 5169 1732 5224 vasis
1779 5169 1976 5241 ligneis

377 5263 721 5314 sacramenta
741 5253 1029 5323 conﬁcere,
1055 5257 1330 5330 respondit
1356 5277 1368 5312 :
1399 5279 1421 5310 ι
1442 5258 1730 5327 Quondam
1753 5258 1976 5315 sacerdo

378 5356 459 5404 tes
490 5344 645 5402 aurei
673 5344 869 5418 ligneis
897 5345 1160 5401 calicibus
1191 5348 1517 5415 utebantur;
1554 5363 1699 5404 nunc
1728 5363 1759 5404 e
1788 5355 1977 5403 contra

375 5436 545 5511 lignei
572 5434 889 5492 sacerdotes
905 5433 1086 5490 aureis
1106 5444 1329 5492 utuntur
1345 5436 1624 5493 calicibus.
1650 5457 1673 5488 ι
1700 5437 1978 5508 Sylvester

375 5541 516 5599 papa
543 5523 820 5584 constituit
849 5521 1178 5580 sacriﬁcium
1207 5525 1390 5580 altaris
1419 5541 1527 5582 non
1560 5527 1613 5581 in
1639 5525 1836 5596 serico,
1868 5543 1977 5582 non

374 5616 429 5670 in
459 5631 640 5686 panno
670 5615 836 5670 tincto
866 5611 1150 5682 celebrari,
1184 5613 1288 5668 nisi
1319 5623 1524 5670 tantum
1563 5615 1706 5672 lineo
1753 5633 1783 5672 e
1830 5624 1977 5671 terra

377 5712 670 5776 procreato
707 5721 718 5760 :
756 5703 893 5760 sicut
928 5696 1121 5776 corpus
1169 5702 1385 5759 Domini
1413 5703 1543 5760 Jesu
1559 5703 1756 5764 Christi
1787 5704 1975 5760 insin-

2029 512 2108 566 les
2137 528 2236 582 per
2263 511 2597 566 incrementa
2619 509 2688 564 ad
2708 526 2848 575 eum,
2875 510 2967 582 qui
2989 526 3130 566 nunc
3166 511 3413 576 habetur,
3459 518 3627 565 auctae

2033 609 2156 655 sunt
2205 606 2475 655 ornatum.
2537 600 2675 653 Nam
2723 599 2912 669 primis
2968 600 3302 670 temporibus
3359 599 3631 656 communi

2031 689 2348 744 indumento
2403 687 2585 744 vestiti
2645 687 2840 742 missas
2895 689 3150 760 agebant,
3194 689 3330 745 sicut
3361 689 3630 744 ethacte-

2032 795 2134 832 nus
2165 779 2388 850 quidam
2419 776 2777 832 Orientalium
2810 776 2990 832 facere
3021 778 3390 848 perhibentur.
3417 778 3636 848 Stepha-

2033 885 2134 922 nus
2165 875 2366 935 autem,
2398 866 2690 921 vicesimus
2724 874 2952 938 quartus
2985 865 3186 940 [papa],
3235 866 3512 922 constituit
3545 881 3633 920 sa-

2035 957 2284 1012 cerdotes
2316 964 2366 1011 et
2396 955 2588 1010 levitas
2631 955 2871 1010 vestibus
2923 955 3151 1010 sacratis
3201 956 3254 1009 in
3303 973 3404 1009 usu
3453 955 3633 1027 quoti-

2034 1045 2197 1100 diano
2229 1062 2337 1100 non
2369 1043 2462 1111 uti,
2496 1043 2601 1099 nisi
2633 1044 2688 1097 in
2719 1044 2953 1099 ecclesia
2984 1053 3218 1098 tantum.
3260 1045 3327 1098 Et
3375 1044 3636 1099 Silvester

2038 1134 2305 1188 ordinavit
2348 1142 2403 1188 ut
2432 1133 2647 1188 diaconi
2663 1132 2966 1186 dalmaticis
2988 1133 3042 1186 in
3064 1133 3314 1188 Ecclesia
3335 1140 3633 1204 uterentur,

2040 1231 2092 1277 et
2123 1222 2286 1294 pallio
2317 1221 2591 1277 linostimo
2621 1238 2807 1277 eorum
2843 1221 2982 1276 lteva
3012 1230 3303 1293 tegeretur.
3353 1223 3421 1277 Et
3470 1223 3641 1292 primo

2049 1312 2269 1384 quidem
2317 1311 2629 1367 sacerdotes
2658 1310 2962 1366 dalmaticis
2990 1319 3113 1365 ante
3145 1312 3458 1366 casularum
3491 1328 3642 1365 usum

2039 1401 2419 1470 induebantur,
2443 1409 2632 1471 postea
2664 1416 2814 1470 vero,
2849 1416 2972 1455 cum
2995 1401 3198 1456 casulis
3228 1401 3304 1454 uti
3329 1399 3642 1471 cmpissent,

2041 1490 2354 1546 dalmaticas
2412 1488 2730 1545 diaconibus
2780 1498 3194 1544 concesserunt.
3254 1490 3409 1559 Ipsos
3456 1498 3638 1544 tamen

2041 1578 2324 1652 pontiﬁces
2373 1579 2451 1634 eis
2498 1578 2575 1634 uti
2638 1577 2839 1632 debere
2888 1594 2953 1632 ex
3003 1594 3067 1633 eo
3117 1578 3327 1633 clarum
3372 1586 3455 1632 est
3504 1578 3646 1649 quod

2043 1667 2344 1742 Gregorius
2374 1667 2460 1722 vel
2490 1667 2581 1722 alii
2608 1668 2978 1722 Romanorum
3004 1668 3272 1738 praesules
3304 1667 3425 1722 aliis
3446 1667 3651 1738 episco-

2042 1758 2126 1829 pis
2171 1774 2359 1812 earum
2404 1774 2560 1812 usum
2609 1756 3000 1827 permiserunt,
3056 1757 3180 1811 aliis
3235 1755 3648 1811 interdixemnt.

2041 1847 2141 1904 Ubi
2170 1846 2492 1919 intelligitur
2521 1860 2630 1901 non
2667 1845 2919 1900 omnibus
2949 1853 3076 1901 tunc
3105 1845 3274 1901 fuisse
3305 1861 3644 1909 concessum,

2039 1937 2186 2008 quod
2215 1951 2358 1991 nunc
2391 1952 2531 2007 pene
2562 1951 2753 1990 omnes
2784 1934 3024 2006 episcOpi
3053 1942 3104 1989 et
3135 1934 3378 1989 nonnulli
3404 1934 3638 2005 presby-

2037 2035 2280 2082 terorum
2314 2024 2416 2079 sibi
2448 2025 2614 2080 licere
2643 2024 2978 2089 existimant,
3015 2024 3069 2079 id
3100 2031 3200 2092 est,
3236 2031 3294 2078 ut
3324 2023 3424 2078 sub
3470 2023 3651 2080 casula

2041 2115 2328 2171 dalmatica
2361 2115 2677 2170 vestiantur.

2118 2205 2384 2260 Statutum
2417 2212 2500 2258 est
2529 2211 2708 2258 autem
2737 2202 2969 2258 concilio
3017 2202 3343 2258 Bracarensi
3379 2219 3391 2256 ;
3426 2202 3509 2257 Ne
3559 2217 3652 2258 sa-

2047 2293 2243 2349 cerdos
2291 2293 2406 2348 sine
2439 2293 2620 2352 orario
2669 2292 2910 2347 celebret
2939 2291 3182 2346 missam.
3234 2291 3574 2346 Addiderunt
3603 2292 3656 2346 in

2047 2382 2276 2437 vestitus
2307 2383 2481 2437 sacris
2511 2381 2603 2436 alii
2645 2381 2769 2447 alia,
2818 2381 2902 2436 vel
2949 2381 3018 2435 ad
3068 2381 3426 2436 imitationem
3471 2396 3655 2436 eorum

2051 2471 2250 2544 quibus
2280 2480 2495 2526 veteres
2524 2471 2818 2525 utebantur
2848 2468 3178 2534 sacerdotes,
3210 2469 3297 2524 vel
3325 2469 3394 2524 ad
3417 2469 3658 2541 mysticae

2051 2559 2464 2630 signiﬁcationis
2496 2559 2926 2631 expressionem.
2964 2557 3103 2626 Quid
3137 2557 3279 2612 enim
3314 2558 3526 2629 singula
3557 2559 3656 2612 de-

2054 2649 2290 2720 signent,
2325 2649 2521 2720 quibus
2553 2648 2754 2702 utimur
2783 2661 2948 2712 nunc,
2981 2664 3010 2700 a
3040 2647 3314 2717 prioribus
3346 2647 3544 2701 nostris
3574 2662 3660 2700 sa-

2054 2737 2122 2792 tis
2152 2738 2450 2808 expositum
2484 2745 2583 2792 est.
2618 2738 2857 2792 Numero
2896 2737 3076 2791 auteni
3109 2753 3207 2790 suo
3257 2736 3493 2808 antiquis
3538 2752 3655 2790 res-

2054 2827 2295 2898 pondent
2329 2845 2342 2880 :
2374 2827 2500 2899 quia
2529 2827 2666 2882 sicut
2701 2827 2775 2880 ibi
2825 2826 3022 2894 tunica,
3073 2825 3538 2896 superhumeralis
3586 2825 3648 2879 li-

2056 2932 2178 2981 nea,
2215 2915 2680 2986 superhumerale,
2738 2915 3020 2976 rationale,
3075 2915 3305 2981 balteus,
3357 2913 3650 2979 feminalia,

2058 3006 2194 3060 tiara
2225 3014 2276 3059 et
2304 3005 2521 3073 lamina,
2573 3005 2650 3059 sic
2699 3003 2782 3058 hic
2827 3003 3131 3070 dalmatica,
3183 3003 3329 3068 alba,
3378 3003 3652 3074 mappula,

2059 3093 2315 3159 orarium,
2377 3093 2672 3166 cingulum,
2735 3092 2996 3158 sandalia,
3046 3093 3248 3158 casula,
3301 3100 3353 3146 et
3413 3091 3653 3162 pallium.

1967 3153 2016 3216 Ο
2051 3185 2205 3241 Unde
2237 3184 2374 3238 sicut
2399 3153 2616 3238 illorum
2650 3153 2894 3237 extremo
2927 3153 3029 3236 soli
3057 3153 3361 3252 pontiﬁces,
3413 3153 3494 3236 sic
3549 3181 3648 3235 ho-

2055 3289 2176 3328 rum
2205 3271 2390 3328 ultimo
2425 3271 2623 3326 summi
2654 3278 2858 3325 tantum
2885 3278 3138 3341 pastores
3179 3279 3418 3325 utuntur.

2630 3432 2854 3488 CAPUT
2903 3431 3079 3486 XXV.

2061 3542 2136 3596 De
2167 3539 2317 3597 horis
2347 3539 2636 3595 canonicis
2667 3541 2722 3594 et
2749 3554 2997 3609 genuum
3027 3539 3294 3607 ﬂexione.
3330 3538 3407 3592 De
3439 3537 3658 3608 hymnis

2206 3630 2344 3684 item
2373 3633 2427 3683 et
2458 3629 2766 3684 cantilenis
2814 3632 2870 3683 et
2900 3628 3272 3683 incrementis
3303 3642 3519 3682 eorum.

2137 3752 2440 3808 Prmmissis
2468 3751 2553 3806 his
2594 3767 2716 3824 qua:
2761 3752 2830 3806 de
2877 3751 3066 3806 ordine
3116 3751 3298 3806 missae
3344 3750 3665 3806 videbantur

2067 3842 2316 3908 dicenda,
2349 3843 2417 3896 de
2447 3841 2828 3896 canonicarum
2861 3841 3072 3895 statutis
3101 3842 3375 3909 horarum,
3407 3856 3532 3912 qua)
3564 3840 3666 3894 Do-

2069 3931 2248 3986 minus
2304 3931 2537 3996 dederit,
2595 3930 2977 4001 adjungamus.
3035 3930 3325 3985 Sciendum
3371 3938 3453 3984 est
3503 3929 3670 3983 multa

2070 4027 2193 4092 post
2220 4019 2608 4076 revelationem
2636 4018 2880 4090 Evagelii
2924 4027 3168 4089 tempora
3198 4018 3461 4074 transisse
3510 4026 3665 4073 ante-

2076 4124 2236 4181 quam
2267 4108 2341 4162 ita
2372 4107 2752 4162 ordinarentur
2779 4108 3135 4178 quarumdam
3179 4124 3276 4178 per
3303 4106 3450 4161 diem
3481 4114 3537 4161 et
3581 4121 3674 4161 no-

2076 4206 2217 4254 ctem
2265 4199 2517 4252 horarum
2565 4197 2826 4252 solemnia
2885 4197 3042 4254 sicuti
3089 4211 3234 4252 nunc
3282 4195 3568 4250 habentur.
3618 4196 3677 4250 In

2080 4285 2262 4342 Veteri
2309 4293 2490 4340 autem
2553 4286 2896 4341 Testamento
2957 4285 3188 4357 legimus
3235 4284 3437 4355 (Exod.
3511 4285 3676 4353 xxxx)

2081 4375 2344 4448 quasdam
2375 4383 2555 4431 certas
2585 4376 2848 4430 orationis
2879 4376 3058 4440 horas,
3093 4382 3149 4428 ut
3179 4383 3399 4444 tempus
3431 4372 3681 4428 matutini

2084 4473 2135 4520 et
2166 4463 2455 4534 vespertini
2485 4461 2755 4518 sacriﬁcii.
2791 4464 2856 4517 Et
2888 4463 3033 4534 quod
3063 4462 3253 4518 Daniel
3284 4462 3487 4534 legitur
3518 4469 3602 4517 ter
3631 4462 3684 4516 in

2079 4553 2165 4609 die
2196 4569 2340 4624 genu
2370 4553 2426 4607 in
2456 4553 2703 4607 oratione
2735 4552 2954 4608 ﬂexisse
2983 4553 3153 4624 (Dan.
3188 4553 3286 4621 γι),
3339 4565 3448 4606 non
3477 4549 3684 4623 absque

2079 4641 2287 4697 ratione
2317 4641 2513 4696 fecisse
2543 4641 2878 4696 credendum
2919 4648 3019 4696 est.
3052 4641 3111 4694 In
3140 4641 3296 4695 Novo
3328 4655 3547 4711 quoque
3578 4654 3684 4695 non

2079 4739 2285 4786 tantum
2313 4730 2520 4795 orandi,
2554 4730 2651 4784 sed
2689 4729 2854 4784 etiam
2903 4745 3086 4802 genua
3135 4728 3409 4794 ﬂectendi,
3457 4728 3684 4799 copiosa

2077 4818 2425 4890 reperiuntur
2455 4817 2719 4889 exempla.
2754 4820 2892 4874 Nam
2922 4817 3187 4873 Dominus
3233 4818 3390 4872 Jesus
3435 4815 3684 4871 Christus

2076 4917 2199 4963 ante
2229 4908 2541 4979 passionem
2571 4923 2742 4974 suam,
2793 4907 3088 4979 procidens
3131 4905 3188 4960 in
3237 4905 3435 4961 faciem
3488 4921 3643 4960 suam
3669 4948 3681 4971 ,

2075 4997 2320 5052 adoravit
2351 4998 2563 5052 Patrem
2587 4995 2744 5067 (Luc.
2779 4995 2945 5065 χχιι).
3005 4996 3073 5050 Et
3123 4995 3450 5064 Stephanus,
3493 4993 3688 5066 positis

2077 5086 2327 5156 genibus,
2352 5101 2450 5156 pro
2469 5084 2838 5156 lapidantibus
2874 5083 3115 5139 exoravit
3134 5084 3278 5154 (Act.
3305 5082 3428 5153 vn).
3453 5081 3537 5137 De
3557 5083 3686 5137 Bar-

2077 5175 2366 5230 tholomaeo
2390 5174 2550 5229 etiam
2579 5173 2784 5246 legitur
2811 5172 3068 5244 apostolo
3091 5171 3237 5243 quod
3257 5170 3466 5227 centies
3496 5169 3554 5226 in
3579 5171 3686 5238 die,

2076 5263 2282 5320 centies
2298 5262 2354 5317 in
2384 5269 2542 5319 nocte
2562 5261 2771 5318 ﬂexerit
2805 5275 3007 5334 genua.
3033 5259 3290 5330 Quamvis
3321 5268 3505 5314 autem
3529 5259 3686 5332 geni-

2077 5351 2360 5408 culationis
2388 5366 2596 5406 morem
2633 5357 2747 5405 tota
2779 5357 2958 5404 servet
3004 5349 3275 5414 Ecclesia,
3309 5355 3494 5403 tamen
3539 5363 3691 5420 prae-

2079 5441 2236 5512 cipue
2264 5439 2389 5496 huic
2419 5439 2569 5510 operi
2616 5439 2902 5494 Scotorum
2953 5437 3150 5493 insistit
3195 5437 3340 5492 natio
3391 5455 3406 5491 :
3458 5452 3691 5509 quorum

2077 5529 2231 5584 multi
2259 5529 2528 5601 pluribus,
2557 5528 2709 5583 multi
2741 5527 3109 5598 paucioribus,
3159 5527 3257 5582 sed
3289 5531 3470 5580 tamen
3517 5527 3685 5582 certis

2079 5614 2286 5669 vicibus
2315 5622 2368 5668 et
2402 5612 2760 5668 dinumeratis
2807 5629 2903 5683 per
2951 5611 3094 5666 diem
3143 5609 3228 5666 vel
3277 5618 3495 5666 noctem
3540 5626 3687 5682 genu

2078 5701 2379 5771 ﬂectentes,
2414 5719 2521 5758 non
2551 5702 2728 5758 solum
2779 5717 2877 5773 pro
2905 5699 3148 5773 peccatis
3179 5699 3557 5770 deplorandis,
3595 5697 3689 5754 sed
