3998 6188
305 333 408 385 953

305 631 648 703 temporibus
677 631 818 685 inter
848 631 1062 702 publica
1083 630 1259 687 officia
1282 631 1397 687 sine
1415 649 1656 703 genuum
1686 632 1917 688 ﬂexione

306 722 576 778 orandum
608 721 698 787 sit,
731 735 971 776 canones
1000 720 1312 792 loquentur,
1344 722 1400 777 id
1420 729 1502 777 est
1532 722 1588 776 in
1618 721 1916 778 Dominicis

305 821 360 866 et
400 810 555 866 festis
603 808 906 878 majoribus
954 818 1008 865 et
1045 808 1539 882 Quinquagesima,
1582 811 1731 880 juxta
1780 826 1918 882 quos

306 916 549 958 canones
578 899 796 969 publice
845 898 1172 970 poenitentes
1231 916 1452 971 semper
1481 916 1662 972 genua
1693 900 1917 956 ﬂectere

307 989 533 1066 debent.
569 989 726 1044 Horze
770 987 936 1059 igitur
965 989 1265 1056 canonicae,
1300 989 1552 1061 quamvis
1610 1005 1800 1044 omnes
1835 1006 1916 1043 ra-

305 1075 492 1133 tionali
522 1077 841 1132 auctoritate
872 1077 1234 1146 celebrentur,
1272 1087 1322 1132 et
1356 1078 1488 1132 nihil
1528 1077 1582 1132 in
1617 1077 1696 1133 eis
1722 1079 1915 1133 obser-

304 1176 461 1223 vetur
479 1166 624 1238 quod
655 1181 763 1220 non
794 1166 1044 1236 exempla
1073 1165 1159 1221 vel
1190 1166 1336 1222 dicta
1360 1174 1667 1223 sanctorum
1693 1167 1916 1222 Patrum

303 1255 647 1322 confirment,
681 1263 864 1310 tamen
898 1256 1143 1327 quzedam
1180 1255 1651 1329 manifestioribus
1683 1265 1805 1311 sunt
1827 1257 1918 1312 de-

303 1345 502 1402 dicatae
532 1344 890 1411 documentis,
927 1353 982 1399 ut
1025 1345 1205 1415 ipsum
1259 1345 1556 1400 Dominum
1585 1354 1830 1401 nostrum
1860 1345 1918 1401 in

306 1434 557 1490 oratione
603 1433 836 1506 legimus
892 1443 1242 1504 pernoctasse
1296 1436 1448 1506 (Luc.
1521 1437 1639 1506 v1);
1691 1435 1916 1490 Paulum

310 1539 530 1596 quoque
561 1533 612 1578 et
643 1523 811 1578 Silam
842 1523 1016 1578 noctis
1046 1524 1226 1579 medio
1258 1539 1447 1579 orasse
1478 1539 1696 1580 carcere
1735 1532 1917 1581 terrae-

306 1621 491 1668 motus
521 1613 758 1668 ostendit
789 1613 932 1681 (Act.
981 1613 1124 1684 xvi).
1169 1613 1322 1668 Circa
1360 1613 1574 1668 tertiam
1606 1613 1661 1667 in
1689 1621 1914 1685 aposto-

302 1704 386 1758 los
409 1711 628 1757 orantes
661 1701 889 1772 Spiritus
914 1709 1134 1757 sanctus
1163 1703 1446 1758 descendit
1475 1704 1620 1774 (Act.
1654 1704 1734 1774 ιι).
1770 1705 1915 1759 Hora

1515 327 1608 384 DE
1646 325 1870 385 REBUS
1931 322 2510 383 ECCLESIASTICIS.

308 455 479 510 etiam
508 468 610 524 pro
642 449 974 524 quotidianae
999 451 1308 524 devotionis
1341 453 1650 525 expletione
1683 453 1923 508 studium
1953 451 2009 512 A
2030 453 2345 509 sibnectitur
2407 453 2568 524 paulo
2627 453 2853 509 inferius
2905 472 2918 508 :

305 543 454 598 istud
483 542 834 614 frequentare
875 541 1108 597 videtur.
1164 541 1372 610 Quibus
1424 551 1602 598 autem
1650 543 1800 598 horis
1831 544 1920 600 vel

3521 335 3624 388 954

2984 453 3275 511 dicendum
3325 463 3508 513 tamen
3543 466 3628 514 est

2018 542 2162 597 unde
2193 543 2420 614 sumpsit
2447 543 2660 598 initium
2690 551 2747 598 ut
2774 543 2828 597 in
2878 544 3128 600 Ecclesia
3171 545 3487 616 antiphonas
3525 547 3626 602 de-

2015 637 2315 686 cantentur.
2361 632 2599 704 Ignatius
2652 632 2952 688 Antiochiae
3015 633 3215 704 Syriae,
3262 634 3458 689 tertius
3505 644 3630 706 post

2016 720 2320 791 apostolum
2351 722 2564 776 Petrum
2611 721 2920 793 episcOpus,
2973 722 3064 795 qui
3109 723 3271 778 etiam
3322 738 3449 780 cum
3493 723 3629 796 ipsis

2022 808 2258 881 degebat
2275 809 2557 881 apostolis,
2582 809 2713 866 vidit
2734 810 3051 881 angelorum
3069 811 3331 867 visionem
3356 813 3628 885 quomodo

2020 897 2345 968 antiphonas
2408 906 2611 954 sanctae
2661 899 2900 954 Trinitati
2955 899 3205 954 dicebant
3261 909 3314 955 et
3363 902 3615 972 hymnos.

2017 987 2178 1058 Isque
2208 987 2431 1042 modum
2461 987 2686 1042 visionis
2721 986 3088 1043 Antiochensi
3118 989 3410 1044 tradidisse
3439 989 3627 1060 proba-

2017 1084 2102 1129 tur
2131 1075 2412 1142 Ecclesiae,
2447 1083 2500 1130 et
2539 1092 2605 1132 ex
2646 1077 2752 1132 hoc
2779 1077 2847 1131 ad
2896 1087 3129 1132 cunctas
3167 1079 3413 1132 transivit
3433 1078 3629 1134 Eccle-

2017 1164 2150 1219 sias.
2188 1165 2511 1220 Notandum
2545 1167 2784 1237 hymnos
2805 1166 2912 1222 dici
2947 1183 3056 1222 non
3084 1175 3288 1223 tantum
3318 1167 3409 1238 qui
3440 1168 3631 1223 metris

2017 1252 2106 1308 vel
2133 1253 2398 1322 rhythmis
2425 1254 2740 1322 decurrunt,
2791 1257 2982 1327 quales
3025 1265 3448 1328 composuerunt
3495 1260 3630 1312 Am-

2017 1340 2252 1408 brosius,
2286 1341 2523 1396 Hilarius
2546 1351 2598 1398 et
2628 1344 2770 1398 Beda
2831 1344 3134 1417 Anglorum
3179 1345 3358 1412 Pater,
3405 1354 3458 1401 et
3493 1347 3630 1401 Pru-

2017 1430 2232 1485 dentius
2293 1431 2677 1503 Hispaniarum
2749 1434 3124 1502 scholasticus,
3195 1441 3248 1489 et
3277 1435 3369 1490 alii
3437 1435 3609 1504 multi,

2017 1535 2203 1574 verum
2238 1519 2400 1574 etiam
2428 1528 2653 1577 caeteras
2693 1521 3048 1589 laudationes,
3100 1540 3222 1593 quae
3270 1523 3450 1580 verbis
3493 1540 3624 1580 con-

2012 1607 2354 1664 venientibus
2399 1616 2452 1664 et
2508 1610 2656 1664 sonis
2719 1611 2966 1667 dulcibus
3029 1612 3390 1683 proferuntur.
3466 1613 3623 1670 Unde

2017 1705 2071 1753 et
2118 1697 2257 1754 liber
2319 1698 2656 1755 Psalmorum
2719 1703 2863 1772 apud
2927 1702 3190 1757 Hebrmos
3255 1703 3392 1759 liber
3455 1703 3617 1775 hym-

305 1796 473 1849 sexta
491 1794 694 1848 Petrus
726 1791 982 1848 ascendit
1022 1793 1456 1848 inccenaculum
1475 1796 1540 1848 ut
1558 1793 1911 1863 oraret(Act.
1945 1800 2209 1876 Bnorum
2238 1796 2475 1844 vocatur.
2508 1789 2575 1843 Et
2604 1790 2853 1862 quamvis
2899 1791 2953 1845 in
2992 1791 3321 1863 quibusdam
3371 1791 3621 1848 ecclesiis

305 1881 367 1953 x)
388 1901 402 1948 ;
421 1881 662 1953 itemque
679 1897 803 1936 cum
823 1880 1029 1936 Joanne
1048 1881 1101 1935 in
1121 1882 1465 1953 templumjad
1497 1882 1690 1937 horam
1717 1882 1914 1938 oratio-

311 1971 397 2025 nis
436 1985 635 2026 nonam
667 1971 811 2041 (Act.
848 1973 952 2040 Ill),
983 1971 1038 2024 in
1083 1987 1187 2042 qua
1235 1971 1392 2025 etiam
1444 1971 1614 2026 oranti
1661 1971 1914 2028 Cornelio

305 2060 536 2132 angelus
578 2059 846 2130 apparuit.
882 2059 1055 2114 Testis
1085 2060 1226 2114 enim
1258 2059 1420 2114 etiam
1449 2059 1603 2115 Philo
1631 2068 1655 2094 ³
1683 2060 1914 2131 primiti-

303 2165 426 2206 vam
457 2149 601 2220 apud
632 2148 1032 2204 Alexandrinos
1073 2148 1396 2218 Ecclesiam,
1449 2148 1588 2203 inter
1615 2149 1717 2205 alia
1748 2151 1910 2216 bona,

303 2240 538 2309 hymnos
573 2247 698 2293 ante
729 2237 856 2310 galli
889 2245 1079 2293 cantus
1108 2238 1332 2294 lucanos
1357 2238 1683 2293 celebrasse.
1717 2239 1801 2293 Ex
1830 2239 1914 2294 his

303 2329 488 2399 itaque
518 2335 571 2382 et
611 2327 878 2382 similibus
928 2326 1287 2400 intelligimus
1318 2327 1461 2398 apud
1490 2328 1690 2383 multos
1729 2329 1910 2396 horas,

306 2434 429 2489 quae
459 2424 513 2471 et
540 2432 682 2471 nunc
713 2415 1086 2472 celeberrimae
1116 2424 1259 2484 sunt,
1292 2417 1634 2480 observatas,
1669 2417 1766 2473 sed
1804 2434 1915 2474 non

307 2521 374 2562 ea
406 2505 780 2560 distributione
810 2506 1145 2577 psalmorum
1176 2506 1263 2560 vel
1303 2507 1602 2561 orationum
1635 2523 1740 2578 qua
1769 2523 1914 2564 nunc

306 2596 530 2651 utimur.
565 2593 739 2663 Quam
788 2602 840 2650 et
882 2595 1024 2650 circa
1053 2602 1296 2666 tempora
1342 2596 1636 2651 Theodosii
1682 2596 1914 2651 senioris

308 2685 641 2749 inchoatam,
672 2699 737 2739 ac
768 2683 1029 2754 deinceps
1059 2684 1346 2754 expletam,
1374 2685 1554 2738 multis
1576 2685 1914 2742 animadver-

308 2775 474 2829 timus
507 2772 706 2829 causis.
741 2773 1061 2828 Ambrosius
1098 2773 1242 2828 enim
1282 2774 1722 2844 Mediolanensis,
1774 2783 1830 2829 ut
1859 2776 1916 2829 in

310 2863 464 2917 libris
497 2862 909 2918 Confessionnm
957 2879 1176 2918 suarum
1220 2863 1408 2918 beatus
1455 2865 1790 2936 Augustinus
1838 2872 1914 2920 te-

309 2960 502 3021 statur,
550 2953 782 3022 hymnos
820 2951 1017 3007 divinze
1064 2951 1387 3007 laudationis
1435 2952 1638 3024 populo
1688 2968 1914 3023 compo-

307 3057 466 3109 nens,
524 3040 959 3111 persecutionem
988 3041 1210 3096 Justinze
1239 3044 1500 3113 Augusta:
1530 3057 1714 3096 rerum
1764 3042 1918 3097 novi-

307 3139 418 3186 tate
464 3129 670 3185 lenivit.
727 3129 846 3198 Quo
891 3130 944 3184 in
977 3136 1240 3200 tempore,
1303 3131 1440 3186 sicut
1488 3131 1650 3186 etiam
1693 3131 1747 3216 in
1797 3131 1916 3185 Vita

2019 1877 2204 1946 hymni
2229 1877 2439 1933 metrici
2469 1893 2578 1934 non
2605 1887 2910 1947 cantentur,
2945 1888 3122 1935 tamen
3150 1881 3206 1934 in
3242 1881 3496 1936 omnibus
3519 1897 3615 1953 ge-

2014 1965 2229 2021 nerales
2269 1967 2474 2038 hymni,
2523 1968 2576 2021 id
2615 1975 2697 2022 est
2730 1969 2941 2035 laudes,
2989 1969 3257 2025 dicuntur.
3319 1971 3630 2026 Cantandos

2015 2054 2176 2109 etiam
2197 2053 2320 2110 illos
2349 2056 2442 2128 qui
2471 2055 2715 2128 legitime
2743 2058 3413 2129 componuntur,Toletani
3440 2067 3619 2115 aucto-

2014 2143 2149 2198 ritas
2180 2144 2394 2200 concilii
2425 2146 2830 2212 ostendit,inter
2858 2148 2969 2202 alia
2997 2148 3075 2204 sic
3096 2148 3284 2204 dicens
3309 2166 3322 2203 :
3354 2150 3420 2203 Et
3441 2147 3563 2221 quia
3598 2164 3631 2203 a

2013 2233 2287 2288 nonnullis
2311 2250 2510 2308 magno
2541 2237 2718 2290 studio
2753 2236 2807 2290 in
2833 2237 3049 2292 laudem
3081 2237 3181 2293 Dei
3213 2245 3375 2310 atque
3405 2246 3618 2309 aposto-

2013 2322 2205 2386 lorum,
2275 2330 2328 2377 et
2391 2333 2690 2396 martyrum
2747 2325 3069 2396 triumphos,
3137 2325 3423 2397 compositi
3506 2343 3631 2382 esse

2013 2418 2330 2480 noscuntur,
2392 2413 2529 2468 sicut
2571 2421 2694 2468 sunt
2741 2414 2795 2468 hi
2840 2431 2979 2486 quos
3035 2414 3330 2470 beatissimi
3363 2415 3617 2471 doctores

2015 2499 2248 2555 Hilarius
2296 2509 2459 2573 atque
2509 2502 2830 2558 Ambrosius
2874 2503 3214 2559 ediderunt:
3267 2520 3405 2575 quos
3444 2513 3630 2561 tamen

2015 2589 2230 2662 quidam
2251 2590 2556 2662 specialiter
2587 2592 2898 2662 reprobant,
2933 2607 2998 2647 eo
3037 2593 3181 2664 quod
3226 2593 3294 2647 de
3340 2593 3623 2664 scripturis

2014 2688 2324 2734 sanctorum
2367 2696 2634 2734 canonum
2681 2681 2767 2735 vel
2811 2680 3110 2751 apostolica
3160 2682 3450 2738 traditione
3506 2699 3617 2740 non

2015 2768 2315 2824 exsistunt:
2348 2779 2606 2840 respuant
2637 2785 2769 2840 ergo
2799 2780 2848 2825 et
2876 2769 3026 2824 illum
3057 2771 3312 2841 hymnum
3336 2772 3403 2826 ad
3449 2773 3618 2828 omni-

2014 2857 2116 2912 bus
2135 2858 2492 2928 compositum
2523 2859 2998 2932 [comprobatum],
3035 2877 3198 2932 quem
3230 2861 3469 2932 quotidie
3501 2879 3607 2934 pu-

2016 2947 2159 3002 blico
2191 2946 2509 3020 privatoque
2539 2948 2714 3004 oilicio
2742 2948 2796 3002 in
2841 2947 2960 3003 fine
2995 2950 3234 3003 omnium
3281 2951 3620 3021 psalmorum

2014 3034 2247 3090 dicimus
2281 3054 2294 3089 :
2323 3036 2509 3092 Gloria
2531 3041 2586 3092 et
2619 3039 2794 3092 honor
2812 3037 2993 3103 Patri,
3019 3042 3073 3093 et
3105 3039 3268 3104 Filio,
3293 3043 3347 3094 et
3374 3041 3619 3111 Spiritui

2016 3129 2213 3180 sancto
2234 3126 2297 3179 in
2317 3127 2525 3181 Saecula
2540 3128 2898 3181 saeculorum.
2924 3127 3105 3182 Amen
3127 3146 3145 3194 ;
3166 3127 3263 3181 sed
3287 3135 3339 3182 et
3360 3127 3451 3183 ille
3468 3129 3625 3200 hym-

307 3219 480 3290 ipsius
510 3219 781 3274 Ambrosii
815 3219 1087 3286 scribitur,
1120 3220 1448 3290 antiphonze,
1507 3220 1692 3291 hymni
1720 3189 1788 3275 ‘et
1837 3221 1916 3276 vi-
1946 3189 1996 3252 Ο
2018 3229 2119 3268 nus
2153 3230 2316 3286 quem
2345 3222 2472 3269 nato
2492 3213 2548 3268 in
2578 3231 2745 3270 carne
2779 3213 2996 3270 Christo
3026 3215 3211 3287 angeli
3255 3217 3571 3272 cecinerunt
3603 3236 3616 3272 :

308 3309 456 3380 gilize
484 3309 538 3362 in
568 3308 817 3365 Ecclesia
862 3309 1253 3365 Mediolanensi
1303 3309 1567 3364 celebrari
1611 3318 1912 3380 coeperunt.

309 3397 549 3453 Hilarius
565 3414 782 3470 quoque
813 3398 1164 3454 Pictaviensis
1205 3399 1435 3469 hymnos
1483 3399 1807 3468 composuit.
1849 3399 1918 3453 Et

307 3487 376 3559 de
408 3486 628 3542 Gelasio
657 3502 799 3557 papa
829 3486 1086 3543 scribitur
1116 3487 1261 3558 quod
1315 3494 1574 3542 tractatus
1607 3494 1658 3543 et
1686 3488 1917 3558 hymnos

308 3577 365 3631 in
414 3591 622 3632 morem
666 3576 811 3631 beati
872 3576 1148 3631 Ambrosii
1213 3577 1600 3647 composuerit.
1649 3577 1917 3632 Damasus

309 3679 444 3721 vero
494 3665 768 3721 constituit
819 3673 876 3720 ut
915 3666 1109 3736 psalmi
1157 3665 1244 3720 die
1273 3675 1545 3737 noctuque
1594 3675 1920 3721 canerentur

309 3771 410 3826 per
438 3770 628 3809 omnes
660 3754 920 3810 ecclesias
949 3755 1036 3810 vel
1065 3755 1415 3823 monasteria,
1451 3763 1503 3809 et
1529 3754 1794 3826 pracepit
1813 3756 1918 3811 hoc

313 3844 586 3915 episcopis
613 3851 667 3898 et
712 3843 1068 3914 presbyteris.
1120 3844 1328 3899 Deinde
1375 3846 1615 3899 Joannes
1663 3843 1917 3916 [Chryso-

311 3932 540 4004 stomus]
587 3933 1214 4003 Constantinopolitanus
1272 3933 1481 4004 primus
1539 3933 1688 3988 auxit
1721 3932 1778 3986 in
1819 3949 1918 3988 no—

313 4022 518 4076 cturnis
541 4022 754 4093 hymnis
783 4021 1078 4089 orationes,
1111 4023 1181 4077 ob
1212 4024 1352 4078 hanc
1392 4022 1478 4078 vel
1507 4023 1739 4077 maxime
1782 4037 1916 4078 cau-

314 4127 481 4166 sam:
532 4110 717 4166 Ariani
767 4119 919 4166 extra
982 4111 1253 4166 civitatem
1302 4111 1556 4167 collectas
1605 4112 1839 4184 agebant
1898 4131 1912 4179 ;

311 4199 539 4255 sabbato
585 4208 763 4255 autem
794 4208 954 4272 atque
976 4199 1256 4257 Dominica
1296 4200 1432 4256 intra
1465 4207 1656 4272 portas
1699 4208 1751 4256 et
1781 4218 1914 4272 por-

309 4289 452 4345 ticus
483 4289 818 4362 congregati,
862 4290 1092 4360 hymnos
1135 4297 1186 4345 et
1227 4290 1556 4361 antiphonas
1601 4307 1667 4345 ex
1711 4290 1915 4345 Ariano

308 4379 570 4450 dogmate
616 4379 944 4450 compositas
979 4379 1339 4434 decantabant
1392 4397 1406 4446 ;
1452 4388 1504 4435 et
1534 4381 1639 4436 hoc
1680 4379 1917 4436 maxima

308 4468 488 4524 noctis
516 4476 668 4538 parte
698 4467 979 4533 facientes,
1012 4468 1248 4524 diluculo
1272 4485 1395 4524 cum
1440 4469 1571 4540 ipsis
1603 4470 1914 4540 antiphonis

2020 3303 2207 3358 Gloria
2229 3305 2290 3358 in
2314 3305 2555 3359 excelsis
2571 3306 2699 3370 Deo,
2732 3308 2789 3360 et
2813 3309 2966 3360 terra
2983 3321 3103 3376 pax
3123 3304 3440 3362 hominibus
3463 3308 3618 3363 bona:

2017 3393 2372 3458 voluntatis;
2419 3393 2633 3463 reliqua
2664 3409 2786 3464 quae
2817 3392 2895 3447 ibi
2926 3402 3230 3464 sequuntur
3261 3394 3622 3453 ecclesiastici

2017 3480 2272 3536 doctores
2320 3489 2747 3550 composuerunt
2782 3497 2943 3554 :ergo
2987 3497 3091 3538 nec
3122 3483 3226 3553 ipsi
3277 3484 3333 3538 in
3377 3485 3626 3542 ecclesiis

2017 3577 2249 3633 canendi
2280 3583 2424 3643 sunt,
2476 3577 2604 3649 quia
2653 3577 2708 3631 in
2747 3585 3062 3633 sanctarum
3093 3580 3500 3651 Scripturarum
3552 3584 3626 3638 li-

2017 3674 2130 3729 bris
2154 3690 2266 3729 non
2285 3673 2630 3729 inveniuntur
2658 3673 2684 3727 ‘l
2717 3673 3128 3746 Componuntur
3150 3676 3333 3733 missa:
3363 3679 3478 3735 sive
3500 3696 3627 3752 pre-

2020 3788 2112 3830 ces
2132 3771 2218 3828 vel
2248 3771 2540 3841 orationes,
2577 3771 2690 3828 sive
2718 3773 3238 3840 commendationes,
3288 3791 3386 3831 seu
3416 3792 3611 3834 manus

2018 3869 2413 3942 impositiones,
2448 3886 2513 3925 ex
2543 3869 2756 3942 quibus,
2790 3869 2836 3924 si
2855 3869 3008 3924 nulla
3042 3871 3403 3926 decantantur
3439 3873 3496 3928 in
3514 3875 3627 3931 Ec-

2020 3969 2206 4036 clesia,
2241 3977 2434 4024 vacant
2463 3969 2646 4024 omnia
2674 3967 2852 4023 otiicia
2871 3969 3264 4026 ecclesiastica.
3297 3972 3393 4026 His
3441 3974 3626 4030 verbis

2019 4066 2319 4123 ostenditur
2350 4067 2520 4122 multa
2549 4067 2605 4122 in
2632 4067 2883 4124 Ecclesia
2909 4069 3124 4124 noviter
3161 4072 3436 4142 componi,
3487 4088 3610 4144 quae

2019 4182 2129 4222 non
2179 4165 2305 4232 sint,
2347 4165 2452 4221 sia
2483 4164 2589 4222 ﬁde
2637 4166 2880 4223 veritatis
2914 4184 3022 4224 non
3070 4169 3417 4240 abhorreant,
3463 4172 3610 4241 abji-

2019 4264 2231 4319 cienda.
2265 4265 2430 4319 Porro
2469 4264 2657 4335 hymni
2705 4264 2915 4321 metrici
2972 4281 3038 4322 ac
3067 4268 3357 4338 rhythmici
3403 4269 3459 4324 in
3497 4271 3626 4324 Am-

2020 4362 2290 4418 brosianis
2322 4361 2512 4417 ofﬁciis
2540 4362 2813 4430 dicuntur,
2851 4381 2989 4436 quos
3022 4366 3179 4421 etiam
3201 4366 3367 4438 aliqui
3399 4366 3455 4422 in
3486 4367 3624 4422 mis-

2020 4476 2203 4514 sarum
2271 4460 2551 4516 solemniis
2612 4469 2839 4532 propter
2885 4463 3315 4534 compunctionis
3363 4465 3619 4537 gratiam,

307 4573 410 4628 per
458 4557 691 4611 mediam
742 4556 1031 4623 civitatem,
1083 4557 1320 4628 ingressi
1358 4566 1586 4629 portam,
1638 4559 1708 4612 ad
1755 4553 1979 4613 suamD
2011 4575 2132 4630 quae
2150 4575 2215 4614 ex
2242 4559 2530 4614 dulcedine
2571 4559 2842 4615 concinna
2871 4562 3413 4632 augetur,interdum
3459 4577 3619 4618 assu-

307 4645 602 4700 ecclesiam
632 4645 1048 4700 concurrebant.
1087 4645 1332 4718 Cumque
1376 4647 1479 4702 hoc
1510 4647 1726 4714 crebro,
1761 4648 1917 4719 quasi

309 4735 381 4788 ad
410 4733 865 4804 vituperationem
895 4735 1336 4799 orthodoxorum,
1371 4734 1550 4791 facere
1584 4752 1692 4790 non
1733 4753 1916 4792 cessa-

312 4831 436 4876 rent
500 4821 836 4893 (frequenter
879 4823 1022 4878 enim
1067 4824 1228 4878 etiam
1273 4825 1376 4879 hoc
1422 4825 1706 4880 cantabant
1758 4843 1770 4879 :
1815 4827 1917 4881 Ubi

310 4920 438 4966 sunt
470 4911 562 4982 qui
597 4910 782 4966 dicunt
828 4911 936 4965 tria
975 4912 1166 4968 virtute
1195 4930 1359 4968 unum
1376 4914 1447 4983 εν),
1487 4921 1613 4969 tunc
1652 4916 1912 4982 Joannes,

312 5017 382 5055 ne
426 4999 701 5071 simplices
733 5001 1038 5069 huiusmodi
1091 5001 1335 5058 cantibus
1364 5003 1727 5070 traherentur,
1761 5004 1920 5060 insti-

310 5089 413 5143 tuit
443 5105 606 5144 suum
635 5089 895 5160 populum
927 5098 984 5145 ut
1031 5099 1083 5146 et
1113 5091 1216 5162 ipsi
1259 5091 1538 5148 nocturnis
1569 5109 1916 5166 occuparen-

310 5185 398 5232 tur
427 5178 663 5249 hymnis,
698 5187 965 5250 quatenus
1003 5188 1056 5235 et
1100 5180 1318 5236 illorum
1346 5182 1729 5239 obscuraretur
1777 5200 1916 5256 opus

312 5282 365 5331 et
393 5274 636 5330 fidelium
655 5275 928 5346 professio
949 5276 1268 5334 firmaretur.
1303 5279 1548 5335 Studium
1584 5297 1716 5355 ergo
1745 5282 1916 5338 Joan-

314 5373 402 5428 nis
442 5373 605 5428 nimis
634 5374 763 5430 utile
795 5390 919 5431 cum
967 5377 1120 5431 turba
1146 5377 1509 5450 periculisque
1558 5378 1767 5435 {initum
1812 5388 1912 5436 est.

313 5471 443 5526 Haec
487 5471 541 5525 in
581 5470 795 5528 decimo
836 5473 976 5528 libro
1021 5473 1271 5530 Historiae
1327 5475 1732 5548 ecclesiastica,
1796 5495 1916 5550 quae

310 5567 604 5639 Tripartita
641 5569 857 5636 dicitur,
893 5569 963 5625 ita
989 5571 1298 5630 inseruntur
1330 5594 1342 5642 ;
1386 5574 1440 5629 in
1472 5576 1666 5646 quibus
1711 5584 1764 5632 et
1811 5577 1916 5633 hoc

367 5753 384 5776 ι
412 5745 538 5793 Vide
557 5746 764 5796 Eusebii
809 5747 933 5796 Hist.
957 5749 1076 5796 eccl.

2019 4674 2174 4714 mere
2227 4665 2644 4714 consueverunt.
2693 4657 2945 4712 Traditur
2989 4659 3258 4732 siquidem
3315 4661 3622 4731 Paulinum,

2017 4754 2444 4823 Forojuliensem
2497 4752 2884 4826 patriarcbam,
2933 4755 3153 4826 saepius,
3195 4764 3245 4811 et
3289 4757 3523 4814 maxime
3571 4759 3626 4814 in

2016 4851 2245 4924 privatis
2292 4852 2497 4918 missis,
2548 4851 2694 4908 circa
2762 4852 3190 4908 immolationem
3253 4863 3622 4913 sacramento-

2018 4967 2135 5008 rum
2164 4952 2395 5022 hymnos
2433 4950 2520 5006 vel
2549 4950 2615 5004 ab
2672 4950 2793 5005 aliis
2830 4950 2913 5006 vel
2945 4968 2975 5005 a
3006 4968 3066 5006 se
3099 4953 3432 5024 compositos
3466 4955 3613 5012 cele—

2017 5052 2224 5107 brasse.
2259 5052 2379 5122 Ego
2399 5067 2529 5106 vero
2548 5049 2910 5106 crediderium
2935 5058 3138 5106 tantum
3156 5059 3424 5127 tantaaque
3446 5054 3618 5112 scien-

2016 5148 2104 5204 tia:
2135 5148 2309 5203 virum
2338 5149 2441 5203 hoc
2472 5164 2575 5204 nec
2607 5148 2723 5204 sine
2763 5149 3100 5216 auctoritate,
3146 5167 3248 5208 nec
3293 5151 3411 5209 sine
3441 5155 3616 5212 ratio-
3680 5215 3686 5220 _

2017 5249 2101 5305 nis
2137 5247 2528 5320 ponderatione
2574 5246 2789 5304 fecisse.
2840 5248 2903 5302 In
2965 5248 3153 5306 ofﬁciis
3221 5268 3439 5327 quoque
3499 5270 3620 5327 quae

2014 5348 2204 5403 beatus
2224 5346 2548 5402 Benedictus
2577 5346 2767 5415 abbas,
2800 5347 2949 5403 omni
2976 5350 3260 5409 sanctitate
3289 5353 3618 5424 praecipuus,

2015 5444 2297 5511 ordinavit,
2351 5444 2535 5516 hymni
2590 5445 2842 5502 dicuntur
2892 5465 2993 5519 per
3060 5449 3223 5505 horas
3272 5450 3613 5506 cononicas:

2015 5560 2150 5617 quos
2181 5541 2566 5599 Ambrosianos
2608 5543 2726 5615 ipse
2773 5546 3079 5618 nominans,
3111 5547 3197 5604 vel
3235 5545 3359 5601 illos
3391 5547 3504 5602 vult
3532 5547 3617 5603 ἰη-

2013 5641 2184 5714 telligi
2215 5657 2352 5713 quos
2383 5642 2613 5699 confecit
2658 5644 3000 5712 Ambrosius,
3038 5646 3124 5701 vel
3166 5644 3302 5701 alios
3321 5644 3392 5699 ab
3441 5644 3616 5702 imita-

2013 5738 2216 5796 tionem
2256 5739 2742 5800 Ambrosianorum
2783 5740 3134 5814 compositos.
3184 5739 3478 5799 Sciendum
3524 5751 3603 5800 ta-
