4002 6184
372 252 476 307 955

919 247 1324 306 WALAFBIDI
1351 246 1594 304 STRABI
1623 246 1825 306 FULD.
1846 243 2022 303 MON.
2052 245 2205 304 OPP.
2238 245 2413 304 PARS
2444 246 2485 303 l.
2505 274 2573 289 --
2600 244 3072 304 THEOLOGICA.

3573 253 3678 307 956

378 391 505 432 men
541 374 742 433 multos
768 374 948 447 putari
981 375 1049 430 ab
1087 373 1380 430 Ambrosio
1406 374 1602 440 factos,
1636 373 1731 445 qui
1755 387 1970 445 nequa-
2003 368 2060 430 A
2082 371 2288 426 cultum
2317 388 2464 429 verae
2492 372 2911 440 observationis,
2944 380 3003 428 ut
3031 380 3084 427 et
3114 371 3317 429 clarior
3346 372 3546 446 religio
3582 388 3683 430 ac-

376 479 542 539 quam
571 464 642 519 ab
688 464 781 519 illo
828 471 950 519 sunt
992 463 1140 518 editi.
1188 462 1511 518 Incredibile
1559 461 1705 517 enim
1751 462 1964 517 videtur

372 553 526 609 illum
555 552 693 609 tales
721 553 933 624 aliquos
962 552 1375 624 fecisse,quales
1404 551 1566 606 multi
1597 552 1962 617 inveniuntur,

371 642 428 698 id
458 650 540 697 est
572 642 683 714 qui,
715 641 917 697 nullam
953 657 1146 696 sensus
1190 640 1634 714 consequentiam
1678 641 1963 709 habentes,

372 729 643 786 insolitam
672 729 962 785 Ambrosio
992 729 1048 783 in
1075 729 1212 801 ipsis
1252 728 1582 785 dictionibus
1611 730 1968 785 rusticitatem

369 819 762 875 demonstrant.
798 818 1103 874 Dicendum
1133 834 1265 874 vero
1302 819 1370 874 de
1399 820 1600 891 hymno
1633 819 1726 891 qui
1755 819 1827 874 ob
1864 821 1966 875 ho-

366 924 554 965 norem
585 916 784 965 sanctae
833 916 886 963 et
938 908 1113 964 unica:
1156 907 1432 962 Trinitatis
1476 908 1670 963 ofﬁciis
1716 908 1969 963 omnibus

366 997 721 1067 interseritur,
757 1014 883 1053 eum
904 1013 937 1052 a
968 997 1173 1053 sanctis
1204 997 1455 1053 Patribus
1485 998 1643 1052 aliter
1673 1006 1833 1069 atque
1863 997 1969 1052 ali-

364 1093 449 1141 ter
477 1087 803 1141 ordinatum.
838 1088 978 1142 Nam
1036 1087 1283 1157 Hispani,
1336 1087 1473 1142 sicut
1517 1086 1769 1157 superius
1812 1101 1967 1142 com-

364 1175 809 1245 memoravimus,
856 1176 932 1229 ita
962 1192 1085 1230 eum
1131 1175 1240 1230 dici
1276 1175 1606 1230 omnimodis
1659 1175 1963 1230 voluerunt.

364 1263 542 1321 Graeci
583 1272 782 1333 autem,
835 1265 1025 1321 Gloria
1076 1267 1261 1331 Patri,
1316 1270 1372 1320 et
1422 1266 1585 1333 Filio,
1636 1269 1692 1320 et
1731 1266 1971 1337 Spiritui

362 1358 585 1423 sancto,
606 1358 662 1409 et
681 1371 836 1410 nunc
857 1357 912 1410 et
941 1358 1242 1427 semper,et
1264 1356 1326 1408 in
1366 1355 1577 1410 saecula
1610 1354 1966 1409 saeculorum.

360 1442 560 1498 Amen.
595 1442 769 1497 Latini
792 1457 941 1508 vero,
975 1443 1170 1498 eodem
1201 1442 1393 1498 ordine
1438 1451 1491 1497 et
1540 1442 1748 1497 eisdem
1786 1442 1972 1497 verbis

361 1530 788 1601 hunc'hymnum
816 1531 1131 1597 decantant,
1156 1531 1421 1587 addentes
1439 1538 1649 1586 tantum
1679 1530 1732 1584 in
1752 1530 1968 1586 medio:

364 1620 523 1677 Sicut
553 1624 677 1675 erat
705 1622 770 1675 in
800 1620 1098 1693 principio.
1142 1621 1244 1675 Pro
1269 1620 1467 1691 quibus
1500 1620 1661 1674 etiam
1692 1618 1972 1690 particulis

2068 461 2377 516 cedentium
2424 462 2493 516 ad
2542 460 2705 517 ﬁdem
2752 462 2961 517 animos
3008 461 3281 528 invitaret,
3332 471 3385 517 et
3454 463 3671 518 auctior

2065 550 2242 604 cultus
2281 550 2528 606 veritatis
2558 551 2921 607 constantiam
2968 550 3359 607 catholicorum
3406 551 3677 606 adversus

2066 633 2321 694 inimicos
2368 640 2705 696 ostenderet.
2760 641 2820 719 In
2850 648 3060 694 tantum
3101 640 3337 712 denique
3368 640 3457 697 vel
3496 640 3676 695 canti-

2065 726 2222 796 lenae,
2256 728 2341 783 vel
2369 728 2690 800 psalmodiae
2708 729 3026 784 memoriter
3047 730 3373 786 exercendae
3392 745 3528 783 usus
3557 738 3679 784 erat

2066 831 2226 871 rarus
2253 817 2398 887 apud
2427 818 2661 889 priores,
2692 826 2750 872 ut
2770 818 2839 872 de
2868 817 3185 874 novissimis
3215 834 3356 889 pene
3390 818 3675 874 Romano-

2067 922 2189 961 rum
2231 907 2577 982 praasulibus,
2614 914 2664 961 et
2704 906 2797 979 qui
2844 923 2946 962 nec
2980 906 3229 962 ducentis
3276 907 3435 961 annis
3483 914 3679 961 nostra

2067 1007 2320 1070 tempora
2348 1004 2766 1067 praecesserunt,
2803 995 2959 1066 quasi
3005 995 3363 1050 memorabile
3410 995 3678 1069 quiddam

2069 1096 2121 1143 et
2155 1086 2434 1159 singulare
2482 1084 2757 1141 scribatur
2787 1084 2830 1138 si
2874 1084 2965 1157 qui
3007 1101 3199 1140 eorum
3228 1084 3282 1138 in
3316 1084 3484 1139 rebus
3524 1101 3680 1155 prm-

2067 1177 2226 1233 dictis
2273 1174 2662 1230 eminentiores
2721 1173 2939 1229 cmteris
2988 1174 3323 1228 viderentur.
3380 1174 3680 1228 Hormisda

2070 1266 2235 1329 enim,
2281 1265 2338 1318 in
2378 1263 2572 1318 ordine
2616 1261 3099 1334 quinquagesimus
3166 1269 3415 1334 quartus,
3466 1262 3682 1318 clerum

2069 1352 2375 1426 composuit
2430 1360 2484 1407 et
2526 1351 2754 1422 psalmis
2806 1351 3059 1406 erudivit.
3119 1351 3271 1417 Leo,.
3300 1352 3680 1422 octogesimus

2075 1443 2370 1508 secundus,
2405 1449 2458 1496 et
2486 1439 2810 1496 Benedictus
2838 1448 2961 1510 post
2992 1457 3117 1495 eum
3155 1439 3459 1511 proximus,
3508 1441 3679 1495 item-

2072 1549 2177 1604 que
2209 1530 2455 1604 Sergius,
2480 1529 2848 1599 octogesimus
2879 1537 3082 1595 sextus,
3110 1529 3426 1600 psalmodia
3447 1538 3501 1585 et
3538 1545 3681 1584 can-

2071 1622 2250 1676 tilena:
2270 1619 2497 1695 scientia
2525 1618 2776 1673 ﬂoruisse
2809 1618 3079 1673 dicuntur.
3115 1619 3195 1673 De
3244 1618 3520 1692 Gregorio
3567 1635 3678 1673 au-

363 1708 587 1782 quidam
615 1707 791 1764 Graeci
830 1709 1008 1763 minus
1049 1708 1344 1780 sapientes,
1392 1708 1631 1774 Latinos,
1690 1706 2041 1792 proximisB
2072 1718 2181 1765 tem
2203 1709 2362 1765 tertio
2408 1708 2553 1765 velut
2573 1706 2877 1761 inauditum
2922 1706 3182 1778 quiddam
3225 1715 3279 1762 et
3323 1723 3530 1763 novum
3579 1724 3677 1762 re-

366 1805 492 1853 ante
538 1813 641 1853 nos
708 1797 1063 1868 temporibus,
1115 1797 1402 1853 calumniis
1457 1797 1723 1868 impetere
1780 1797 1960 1852 conati

368 1894 512 1942 sunt.
537 1886 896 1957 Intelligimus
926 1894 1106 1941 tamen
1135 1902 1234 1941 nos
1254 1887 1309 1940 in
1332 1888 1437 1942 hoc
1466 1902 1577 1941 non
1605 1902 1804 1954 errare,
1841 1902 1966 1941 cre-

367 1974 482 2030 dita
508 1974 1046 2045 consempiternitate
1074 1975 1263 2046 gloriae
1283 1974 1479 2040 Patris,
1512 1982 1565 2030 et
1586 1974 1723 2040 Filii,
1757 1983 1810 2030 et
1839 1974 1962 2045 Spi-

366 2064 503 2120 ritus
530 2063 702 2119 sancti
738 2081 752 2117 :
784 2063 1100 2136 pariterque
1136 2064 1372 2119 scientes
1414 2063 1562 2135 quod
1624 2063 1855 2119 Romani
1888 2061 1973 2118 fir-

363 2153 596 2208 missimi
638 2150 765 2208 fidei
804 2161 1135 2219 servatores,
1177 2153 1397 2208 remotis
1431 2152 1643 2209 caeteris
1686 2152 1973 2223 composi-

361 2241 622 2308 tionibus,
656 2241 799 2297 hunc
828 2242 986 2310 hujus
1029 2242 1219 2312 hymni
1247 2250 1493 2297 tenorem
1524 2256 1632 2296 non
1678 2240 1843 2296 aliter
1876 2257 1972 2295 su-

362 2329 685 2402 scepissent,
718 2329 823 2384 nisi
851 2346 975 2386 eum
1005 2346 1201 2401 purum
1232 2330 1300 2385 ab
1331 2331 1479 2386 omni
1531 2344 1717 2385 errore
1760 2344 1971 2401 cogno-

362 2419 558 2475 verint.
619 2417 899 2474 Afﬁrmant
953 2419 1222 2492 siquidem
1272 2419 1424 2474 multi
1493 2421 1763 2490 hymnum
1810 2419 1973 2474 istum

363 2508 570 2564 Nicani
598 2508 814 2565 concilii
842 2508 1214 2565 sacratissima
1244 2508 1523 2565 sanctione
1570 2509 1867 2581 prolatum,
1914 2515 1973 2562 ut

362 2597 617 2653 omnibus
646 2596 837 2653 ofﬁciis
858 2605 909 2652 et
937 2597 1275 2653 orationibus
1304 2597 1666 2665 intermixtus,
1700 2606 1753 2652 et
1797 2595 1968 2651 fidem

365 2694 649 2744 coaeternaa
680 2686 955 2741 Trinitatis
985 2686 1232 2754 inculcet,
1266 2694 1319 2741 et
1360 2687 1418 2741 in
1466 2686 1698 2760 singulis
1743 2685 1969 2757 petitio-

366 2776 528 2833 dibus
557 2775 674 2848 ipsa
694 2775 967 2832 confessio
996 2776 1189 2832 melius
1208 2775 1453 2832 favorem
1490 2775 1689 2831 divinae
1732 2774 1962 2830 exaudi-

369 2865 536 2922 tionis
564 2865 826 2921 obtineat.
860 2867 1014 2922 Hunc
1041 2866 1225 2937 itaque
1255 2866 1519 2938 hymnum
1556 2864 1804 2941 nonnulli
1848 2879 1971 2919 om-

369 2955 527 3010 nibus
555 2970 696 3026 pene
724 2954 968 3026 psalmis,
1003 2962 1056 3010 et
1087 2954 1361 3009 interdum
1406 2953 1760 3009 incisionibus
1807 2952 1960 3023 psal-

368 3060 578 3101 morum
606 3051 873 3115 coaptant,
917 3042 1279 3114 responsoriis
1324 3058 1455 3098 vero
1501 3041 1861 3113 paucioribus,
1908 3050 1964 3095 ut

370 3133 448 3188 illi
485 3133 577 3206 qui
622 3141 814 3188 statuta
852 3131 1023 3186 Patris
1063 3130 1339 3186 Benedicti
1388 3129 1444 3183 in
1490 3130 1636 3185 horis
1670 3138 1965 3202 sequuntur

370 3222 667 3279 canonicis.
690 3219 918 3277 Romani
950 3235 1073 3274 eum
1102 3219 1157 3273 in
1177 3217 1401 3291 psalmis
1430 3217 1622 3285 rarius,
1655 3218 1710 3273 in
1741 3234 1967 3290 respon-

374 3310 533 3366 soriis
558 3309 799 3366 crebrius
828 3308 1039 3364 iterant.
1093 3307 1233 3363 Sane
1285 3323 1520 3374 versum,
1570 3307 1661 3380 qui
1699 3308 1754 3362 in
1793 3308 1967 3379 capite

374 3398 613 3457 omnium
643 3399 860 3470 (praeter
885 3396 1131 3468 missam)
1171 3395 1465 3452 ofﬁciorum
1511 3413 1630 3469 quae
1676 3396 1823 3451 horis
1870 3412 1965 3453 ca-

375 3487 586 3545 nonicis
615 3486 949 3551 exhibentur,
983 3485 1088 3542 dici
1118 3485 1274 3553 solet,
1305 3484 1361 3541 id
1404 3492 1506 3552 est,
1553 3488 1719 3555 Deus,
1751 3486 1816 3541 in
1862 3486 1967 3541 ad-

371 3578 653 3648 iutorium
670 3593 859 3632 meum
880 3575 1195 3642 intende,et
1211 3573 1625 3647 reliqua,Patres
1636 3573 1837 3646 antiqui
1854 3573 1968 3629 suis

375 3664 760 3722 Collationibus
814 3663 1159 3720 inveniuntur
1227 3663 1477 3718 statuisse
1536 3662 1806 3729 omnibus,
1858 3678 1969 3718 non

373 3761 576 3809 tantum
621 3752 837 3821 officiis,
878 3753 975 3808 sed
1024 3752 1183 3809 etiam
1229 3751 1483 3823 Operibus
1510 3750 1964 3823 praemittendum,

373 3852 429 3898 ut
460 3842 726 3900 invocatio
752 3842 950 3897 divinae
976 3840 1339 3912 opitulationis
1367 3839 1518 3896 initio
1569 3839 1853 3909 cujuslibet
1881 3855 1972 3895 ac-

373 3928 536 3984 tionis
560 3935 843 3999 assumpta
874 3925 1177 3982 faciliorem
1208 3924 1365 3981 faciat
1400 3933 1453 3981 et
1494 3924 1804 3996 postulandi
1846 3940 1972 3981 con-

374 4017 627 4073 stantiam
658 4024 712 4072 et
739 4014 1020 4072 obtinendi
1067 4014 1342 4071 virtutem.
1394 4015 1454 4069 In
1492 4013 1736 4087 Agendis
1786 4022 1971 4070 autem

373 4114 731 4175 mortuorum,
757 4112 811 4160 et
844 4103 993 4161 circa
1010 4103 1284 4175 passionis
1321 4101 1618 4158 Dominicaa
1649 4102 1970 4159 solemnita-

374 4204 504 4265 tem,
537 4194 914 4251 inchoationes
937 4201 990 4248 et
1018 4191 1355 4264 expletiones
1401 4190 1700 4247 ofﬁciorum
1757 4208 1868 4247 non
1914 4201 1973 4247 ut

373 4284 430 4340 in
461 4283 675 4342 caeteris
704 4282 855 4352 fiunt,
882 4282 1109 4337 tristitiae
1126 4280 1379 4337 videlicet
1400 4277 1769 4351 significanda:
1785 4296 1967 4348 causa,

370 4373 475 4428 nisi
503 4373 688 4446 aliquo
716 4371 959 4445 graviori
987 4371 1230 4427 decreto.
1264 4367 1403 4438 Quia
1423 4384 1556 4424 vero
1600 4376 1750 4424 tanta
1790 4378 1873 4425 est
1916 4369 1973 4423 in

1986 3092 2036 3156 C

2077 1799 2269 1864 fertur,
2317 1797 2463 1870 quod
2510 1812 2701 1851 omnes
2753 1796 2997 1866 psalmos
3052 1796 3367 1851 memoriter
3412 1796 3673 1851 tenuerit.

2077 1888 2185 1957 Ubj
2219 1886 2446 1957 intelligi
2493 1885 2653 1940 datur
2698 1900 2905 1956 paucos
2950 1884 3193 1955 priorum
3238 1884 3314 1940 ita
3352 1885 3681 1940 Psalterium

2075 1977 2354 2032 didicisse.
2388 1975 2648 2030 Solebant
2687 1974 2833 2029 enim
2876 1974 3136 2044 psalmos,
3170 1990 3327 2047 aeque
3353 1982 3412 2029 ut
3452 1983 3681 2030 caeteras

2077 2065 2405 2137 Scripturas,
2437 2070 2637 2135 partim
2668 2062 2833 2118 etiam
2864 2063 3176 2129 lectitando,
3220 2062 3331 2117 suis
3361 2063 3555 2119 ofﬁciis
3586 2065 3677 2117 in-

2076 2171 2281 2209 serere.
2315 2153 2473 2223 Quod
2503 2153 2548 2207 si
2568 2152 2861 2224 diligenter
2882 2152 3156 2218 advertas,
3191 2152 3375 2207 multis
3426 2152 3681 2224 Scriptu-

2074 2259 2261 2301 rarum
2289 2241 2631 2297 documentis
2666 2249 2915 2312 apparet.
2950 2239 3215 2296 Ordinem
3262 2249 3446 2296 autem
3499 2241 3678 2297 canti-

2075 2332 2233 2397 lenae,
2267 2331 2477 2386 diurnis
2508 2347 2603 2385 seu
2633 2329 2911 2386 nocturnis
2960 2330 3110 2385 horis
3154 2330 3423 2397 dicendae,
3481 2331 3678 2386 beatus

2076 2420 2387 2495 Gregorius
2419 2419 2669 2491 plenaria
2684 2419 2928 2475 creditur
2947 2418 3293 2475 ordinatione
3310 2419 3678 2486 distribuisse,

2076 2510 2215 2566 sicut
2274 2516 2327 2565 et
2373 2525 2537 2580 supra
2590 2509 2658 2563 de
2711 2509 3195 2564 Sacramentorum
3255 2508 3494 2563 diximus
3542 2508 3682 2563 libro

2074 2615 2200 2654 cum
2241 2598 2394 2652 multi
2442 2605 2569 2652 ante
2618 2597 2733 2653 sive
2772 2604 2896 2669 post
2947 2613 3070 2652 eum
3102 2597 3371 2662 oratione,
3422 2597 3681 2668 antipho-

2072 2704 2174 2743 nas
2204 2687 2291 2743 vel
2322 2686 2673 2758 responsoria
2699 2686 3127 2758 composuerint.
3168 2686 3311 2741 Nam
3357 2694 3411 2742 et
3438 2686 3509 2741 de
3538 2686 3682 2740 anti-

2071 2778 2376 2849 phonarum
2418 2776 2668 2832 inchoate
2699 2774 2952 2846 superius
3002 2774 3237 2830 diximus
3267 2777 3416 2847 (cap.
3458 2777 3575 2845 22).
3609 2776 3680 2830 Et

2071 2865 2420 2938 responsoria
2447 2866 2515 2919 ab
2546 2865 2690 2919 [talis
2728 2865 2961 2936 primum
2999 2864 3215 2921 inventa
3245 2864 3551 2931 traduntur,
3587 2865 3679 2921 vel

2066 2954 2360 3011 Ambrosio
2390 2953 2643 3009 videlicet
2671 2953 2759 3008 vel
2800 2953 2893 3008 alii
2922 2968 3060 3010 nova
3089 2953 3399 3008 divinarum
3443 2953 3667 3009 laudum

2072 3043 2514 3117 augmentatione
2544 3042 2899 3115 gaudenti.Et
2929 3042 3053 3113 quia
3084 3041 3369 3097 Gallicana
3398 3042 3674 3111 Ecclesia,

2065 3133 2198 3190 viris
2243 3148 2353 3188 non
2396 3132 2575 3187 minus
2620 3131 2965 3203 peritissimis
3020 3130 3306 3205 instructa,
3364 3146 3655 3186 sacrorum

2059 3220 2360 3278 ofﬁciorum
2406 3220 2760 3275 instrumenta
2788 3220 3027 3275 habebat
3058 3235 3169 3275 non
3205 3219 3448 3287 minima,
3483 3236 3551 3275 ex
3583 3221 3663 3275 cis

2061 3311 2239 3383 aliqua
2276 3312 2641 3367 Romanorum
2679 3307 2869 3364 ofﬁciis
2918 3307 3160 3363 immixta
3212 3308 3487 3377 dicuntur,
3544 3325 3664 3380 quae

2063 3400 2311 3471 plerique
2352 3406 2405 3455 et
2451 3398 2636 3454 verbis
2680 3406 2732 3453 et
2775 3413 2910 3453 sono
2958 3415 3019 3452 se
3068 3413 3101 3453 a
3146 3398 3360 3454 caeteris
3417 3398 3673 3453 cantibus

2067 3489 2378 3544 discernere
2406 3503 2569 3559 posse
2599 3486 2887 3542 fateantur.
2925 3486 3032 3542 Sed
3087 3486 3378 3559 privilegio
3417 3487 3678 3542 Romanze

2064 3578 2213 3633 sedis
2241 3577 2545 3646 observato,
2580 3583 2631 3631 et
2662 3576 3032 3646 congruentia
3082 3574 3397 3630 rationabili
3438 3574 3680 3646 disposi-

2063 3667 2270 3723 tionum
2299 3665 2443 3737 apud
2472 3681 2596 3719 eum
2625 3664 2892 3720 factarum
2933 3665 3316 3735 persuadente,
3366 3662 3571 3719 factum
3599 3673 3679 3720 est

2066 3763 2125 3809 ut
2152 3754 2209 3808 in
2237 3754 2489 3810 omnibus
2516 3770 2658 3825 pene
2686 3754 3001 3809 Latinorum
3033 3752 3278 3809 ecclesiis
3322 3754 3673 3809 consuetudo

2070 3852 2123 3899 et
2148 3843 2524 3916 magisterium
2553 3842 2799 3912 ejusdem
2830 3843 2978 3897 sedis
3008 3842 3328 3913 praevaleret
3375 3861 3390 3897 :
3426 3843 3553 3913 quia
3570 3859 3675 3899 non

2071 3940 2153 3987 est
2181 3933 2289 3987 alia
2318 3932 2535 3987 traditio
2572 3947 2727 4003 aeque
2759 3931 3059 4005 sequenda,
3094 3930 3180 3985 vel
3210 3931 3265 3985 in
3308 3929 3439 3987 fidei
3487 3932 3674 4006 regula

2073 4021 2158 4077 vel
2189 4021 2244 4075 in
2291 4020 2732 4077 Observationum
2763 4020 3028 4076 doctrina.
3074 4021 3174 4074 Est
3222 4019 3387 4075 etiam
3416 4019 3511 4076 ille
3546 4021 3675 4077 ordo

2074 4109 2373 4166 ofﬁciorum
2404 4110 2688 4175 laudabili,
2723 4126 2890 4182 quam
2922 4109 3115 4163 beatus
3160 4109 3316 4165 Pater
3354 4110 3677 4167 Benedictus

2071 4199 2359 4254 monachis
2412 4199 2693 4253 constituit
2736 4198 3161 4265 observandum,
3214 4197 3425 4253 scilicet
3473 4206 3536 4253 ut
3591 4197 3679 4271 qui

2066 4288 2348 4360 proposito
2395 4303 2428 4342 a
2475 4287 2690 4343 caeteris
2742 4288 3147 4353 discernuntur,
3193 4286 3356 4341 etiam
3406 4288 3677 4344 continuae

2077 4376 2352 4433 servitutis
2382 4392 2555 4448 penso
2584 4376 2793 4448 aliquid
2822 4375 3055 4447 amplius
3084 4375 3297 4431 caeteris
3352 4376 3676 4446 persolvere

370 4470 504 4542 ipsis
528 4468 821 4526 diversitas
840 4468 1051 4535 ofﬁciis,
1086 4482 1197 4523 non
1227 4466 1407 4522 solum
1436 4481 1539 4538 pro
1557 4465 1815 4523 varietate
1831 4484 1966 4539 gen-
1985 4458 2039 4519 D
2075 4474 2348 4529 studeant.
2383 4472 2561 4541 Quam
2590 4472 3006 4544 dispositionem
3044 4471 3169 4527 ideo
3198 4487 3232 4529 a
3261 4473 3581 4543 pastoribus
3600 4489 3682 4530 ec-

372 4568 505 4623 tium
533 4583 600 4624 ac
632 4567 962 4639 linguarum,
1008 4581 1199 4623 verum
1229 4564 1390 4620 etiam
1427 4564 1483 4619 in
1528 4580 1634 4620 una
1676 4571 1839 4639 gente
1884 4565 1972 4621 vel

372 4667 580 4750 lingua,
612 4682 711 4739 pro
741 4674 1049 4738 temporum
1086 4664 1399 4732 mutatione,
1449 4664 1537 4720 vel
1584 4664 1970 4738 magistrorum

376 4765 616 4822 studiosa
661 4764 994 4820 institutione
1029 4780 1041 4820 :
1090 4772 1147 4819 ut
1176 4763 1223 4819 si
1252 4763 1417 4820 velim
1463 4772 1655 4820 cuncta
1702 4764 1972 4836 replicare

378 4878 499 4933 quae
526 4863 594 4918 de
623 4863 721 4918 hac
750 4861 1141 4933 multiplicitate
1165 4861 1277 4931 jam
1315 4860 1569 4933 legimus,
1612 4859 1789 4933 magis
1833 4876 1971 4917 one-

375 4974 532 5014 rosus
552 4976 709 5032 quam
739 4959 1152 5032 profructuosus
1181 4959 1367 5016 videar
1395 4958 1658 5015 audituris
1683 4978 1697 5014 :
1728 4959 1972 5015 omittam

378 5056 539 5128 igitur
568 5073 688 5128 quae
714 5057 925 5113 infinita
953 5066 1096 5124 sunt,
1134 5058 1242 5114 hoc
1271 5066 1475 5113 tantum
1519 5057 1790 5114 afﬁrmans
1825 5059 1972 5131 quod

375 5152 653 5226 plenarius
691 5154 984 5211 ofﬁciorum
1030 5157 1188 5222 ordo,
1221 5156 1312 5229 qui
1352 5173 1495 5213 nunc
1530 5173 1629 5228 per
1667 5158 1970 5213 Romanum

377 5251 565 5308 orbem
612 5259 871 5320 servatur,
894 5262 1017 5323 post
1043 5253 1429 5326 .antiquitatem
1474 5253 1654 5309 multis
1709 5254 1971 5327 tempori-

370 5366 474 5425 pus
514 5348 779 5406 evolutam
844 5348 1081 5404 instiutis
1120 5359 1173 5406 et
1228 5352 1296 5406 ad
1333 5368 1553 5408 omnem
1619 5353 1969 5409 eminentiam

378 5458 581 5507 sanctae
609 5446 892 5522 religionis
923 5455 1004 5503 est
1032 5448 1300 5504 dilatatus.
1333 5450 1626 5506 Crescente
1662 5450 1807 5505 enim
1840 5449 1972 5506 fide-

378 5548 508 5602 lium
539 5562 786 5614 numero,
819 5554 872 5602 et
900 5544 1124 5601 hazrcsis
1153 5546 1457 5615 pestilentia
1494 5546 1843 5620 multiplicius
1872 5564 1973 5619 pa-

381 5660 502 5705 cem
569 5646 873 5705 maculante
946 5642 1280 5717 catholicam,
1342 5658 1568 5701 necesse
1630 5654 1747 5702 erat
1787 5646 1975 5721 augeri

2075 4570 2366 4627 clesiarum
2398 4586 2507 4625 non
2537 4570 2786 4625 interdici
2816 4577 3071 4642 putamus
3102 4569 3229 4642 quia
3258 4578 3311 4625 et
3359 4570 3546 4626 vicina
3594 4579 3674 4627 est

2072 4668 2378 4726 auctoritati
2408 4671 2682 4737 Romanae,
2700 4669 2750 4725 ei
2783 4669 2909 4742 quia
2926 4669 3127 4741 .beatus
3159 4667 3464 4739 Gregorius
3498 4670 3677 4726 Vitam

2074 4768 2300 4841 egregie
2330 4767 2503 4822 Patris
2532 4766 2812 4822 Benedicti
2841 4766 3181 4832 describens,
3212 4765 3499 4839 Regulam'
3522 4767 3592 4821 ab
3613 4782 3676 4823 eo

2073 4865 2458 4935 conscriptam,
2490 4864 2545 4918 is
2574 4878 2683 4936 qua
2720 4863 2866 4919 idem
2915 4861 3216 4919 ofﬁciorum
3244 4862 3383 4918 ordo
3413 4863 3666 4928 habetur,

2072 4962 2391 5019 collaudans
2421 4977 2521 5017 sua
2563 4960 2907 5027 auctoritate,
2958 4960 3173 5017 statutis
3210 4960 3331 5031 ejus
3375 4959 3565 5018 favere
3595 4961 3674 5017 vi-

2073 5060 2246 5115 detur.
2283 5059 2418 5114 Sunt
2446 5067 2625 5114 tamen
2664 5059 2780 5130 qui,
2831 5058 3017 5115 nescio
3070 5073 3179 5131 qua
3225 5058 3673 5130 praesumptione,

2073 5173 2183 5212 non
2210 5173 2275 5213 ea
2317 5156 2485 5213 velint
2532 5156 2915 5213 constitutione
2958 5157 3055 5224 uti,
3103 5157 3353 5213 volentes
3398 5157 3675 5231 pigritiam

2074 5255 2161 5311 vel
2191 5255 2593 5326 protervitatem
2624 5270 2776 5309 suam
2790 5254 2886 5309 illo
2914 5270 3175 5311 excusare
3196 5253 3491 5326 permissu,
3522 5254 3669 5327 quod

2074 5354 2448 5410 sanctissimus
2478 5355 2561 5409 vir
2590 5370 2690 5425 per
2720 5353 3038 5408 humilitatis
3087 5368 3201 5408 suae
3236 5352 3676 5427 magnitudinem

2074 5453 2290 5509 videtur
2316 5454 2641 5519 concedere,
2673 5459 2731 5506 ut
2779 5451 2824 5506 si
2852 5451 2939 5507 cui
2984 5450 3323 5522 displicuerit
3367 5451 3681 5507 distributio

2074 5552 2190 5621 ejus
2220 5567 2386 5622 quam
2414 5549 2544 5606 fecit
2572 5550 2923 5621 psalmorum,
2955 5550 3168 5605 ordinet
3197 5550 3243 5605 si
3281 5549 3442 5604 aliter
3484 5550 3682 5605 melius

2068 5647 2425 5718 judicaverit;
2473 5648 2627 5721 quasi
2658 5648 2919 5722 quiddam
2954 5647 3147 5706 melius
3179 5648 3412 5723 possint,
3466 5663 3676 5722 suoque
