4002 6184
331 271 436 324 957

1474 265 1567 325 DE
1624 266 1848 326 REBUS
1895 265 2471 326 ECCLESIASTICIS.

3542 281 3646 335 958

323 392 509 450 ordini
540 391 932 464 congruentius
972 392 1234 458 invenire,
1290 408 1452 466 quam
1497 393 1586 449 ille
1621 395 1713 466 qui
1745 393 2012 466 spirituA
2047 394 2250 467 legitur
2275 403 2327 450 et
2355 397 2620 452 Joannem
2653 397 2798 468 (Act.
2857 397 2998 468 vm).
3053 397 3186 468 Qum
3227 399 3558 458 continuatio
3605 411 3657 459 et

326 483 575 540 omnium
620 491 931 538 sanctorum
974 482 1172 538 dicitur
1219 483 1411 554 plenus
1454 483 1643 539 fuisse.
1692 484 1934 538 Psalmos

330 580 685 634 autem,cum
733 572 1034 628 secundum
1097 573 1245 626 LXX
1309 573 1639 644 Interpretes
1707 573 1937 629 Romani

329 662 512 717 adhuc
543 661 797 726 habeant,
828 660 971 715 Galli
1001 670 1052 715 et
1083 660 1482 716 Germanorum
1514 661 1678 733 aliqui
1739 677 1937 717 secun-

332 751 468 806 dum
513 749 953 805 emendationem
1002 766 1164 821 quam
1230 750 1589 820 Hieronymus
1657 752 1814 805 Pater
1873 751 1940 805 de

334 840 489 895 LXX
523 839 762 894 editione
791 839 1114 908 composuit,
1142 838 1463 892 Psalterium
1490 847 1727 894 cantant.
1765 838 1940 907 Quam

332 929 656 1001 Gregorius,
691 927 1024 983 Turonensis
1047 927 1356 998 episcopus,
1387 945 1417 981 a
1443 928 1693 983 Patribus
1743 930 1943 985 Roma-

333 1018 423 1072 nis
454 1025 772 1078 mutuatam,
808 1017 863 1070 in
893 1016 1195 1072 Galliarum
1227 1017 1424 1072 dicitur
1453 1017 1728 1073 Ecclesias
1759 1025 1944 1072 trans-

336 1107 550 1161 tulisse.
623 1105 921 1161 Cantilenze
986 1121 1118 1160 vero
1185 1106 1561 1176 perfectiorem
1637 1107 1942 1175 scientiam,

336 1212 508 1268 quam
537 1211 676 1266 pene
702 1195 817 1262 jam
848 1201 958 1249 tota
991 1194 1221 1250 Francia
1249 1195 1444 1265 diligit,
1472 1195 1780 1266 Stephanus
1808 1212 1951 1266 papa

256 1283 264 1294 “
340 1300 469 1340 cum
501 1285 571 1338 ad
603 1283 888 1352 Pippinum
919 1291 1130 1353 patrem
1180 1283 1359 1338 Caroli
1411 1284 1593 1356 Magni
1636 1283 1714 1353 (in
1755 1284 1946 1354 primis

335 1375 393 1427 in
417 1372 728 1441 Franciam)
760 1388 862 1441 pro
888 1371 1096 1440 justitia
1128 1371 1300 1428 sancti
1332 1373 1476 1428 Petri
1507 1387 1540 1427 a
1567 1373 1947 1445 Longobardis

337 1462 667 1532 expetenda,
701 1461 961 1527 venisset,
994 1477 1094 1530 per
1123 1475 1252 1516 suos
1283 1461 1533 1527 clericos,
1568 1470 1786 1532 petente
1849 1477 1953 1518 eo-

333 1551 463 1606 dem
524 1549 796 1620 Pippino,
849 1549 1069 1615 invexit,
1140 1549 1374 1621 indeque
1423 1567 1554 1605 usus
1616 1551 1735 1619 ejus
1780 1551 1945 1622 longe

336 1640 558 1712 lateque
591 1637 887 1694 convaluit.

915 1779 1139 1838 CAPUT
1164 1781 1364 1837 XXVI.

421 1920 494 1974 De
524 1915 789 1990 baptismi
812 1916 1164 1971 incremento
1186 1920 1242 1970 et
1266 1915 1568 1986 mersione,
1602 1921 1657 1973 et
1687 1919 1874 1974 causis

902 2004 1387 2076 baptizandorum.

422 2123 502 2178 De
547 2121 816 2193 baptismo
872 2121 1034 2176 etiam
1084 2120 1316 2176 dicenda
1364 2129 1486 2176 sunt
1537 2121 1740 2194 aliqua,
1803 2124 1949 2194 quod

339 2211 753 2285 prmﬁguratum
787 2211 840 2266 in
873 2210 1099 2266 transitu
1120 2210 1285 2264 maris
1307 2210 1474 2266 Rubri
1497 2211 1695 2278 (Exod.
1721 2212 1842 2282 xxv)
1865 2212 1951 2267 vel

339 2301 605 2356 Iordanis
635 2303 766 2371 (Jos.
802 2303 887 2366 tu)
930 2298 1236 2365 manifeste,
1286 2300 1550 2356 secretius
1594 2310 1772 2354 autem
1830 2301 1950 2356 aliis

343 2390 536 2446 multis
569 2389 756 2461 figuris
784 2389 1194 2462 prmﬁguratum
1224 2389 1593 2460 cognoscitur.
1632 2391 1744 2444 Hoc
1790 2389 1952 2444 Joan—

343 2496 450 2536 nes
485 2479 688 2550 primus
717 2478 870 2534 initio
900 2494 1056 2534 nova:
1088 2478 1280 2551 gratiae
1313 2477 1382 2531 ad
1405 2475 1568 2532 fidem
1599 2477 1798 2532 Christi
1829 2495 1954 2534 cou-

344 2569 530 2626 versis
563 2568 820 2635 ostendit,
871 2584 981 2622 non
1024 2583 1119 2622 sua
1167 2566 1567 2629 adiuventione,
1616 2567 1714 2622 sed
1771 2567 1952 2623 divina

348 2657 735 2714 constitutione
764 2657 1065 2729 provisum,
1101 2656 1238 2710 sicut
1277 2655 1393 2726 ipse
1441 2663 1674 2710 testatur
1721 2656 1949 2712 dicens:

353 2749 462 2816 Qui
493 2749 652 2803 misit
675 2763 759 2803 me
792 2748 1081 2819 baptizare
1099 2747 1160 2801 in
1182 2762 1345 2818 aqua,
1371 2753 1425 2799 et
1445 2744 1656 2816 reliqua
1677 2732 1859 2816 (Icari.
1887 2747 1949 2817 ι).

350 2836 652 2908 Baptizavxt
681 2843 860 2891 autem
892 2851 1002 2890 non
1047 2835 1102 2889 in
1150 2833 1528 2890 remissionem
1575 2841 1949 2906 peccatorum,

349 2925 502 2998 quod
533 2924 728 2980 Christi
760 2924 1029 2996 baptismo
1060 2923 1150 2997 agi
1181 2923 1484 2989 consuevit,
1535 2923 1632 2978 sed
1671 2923 1731 2978 in
1771 2923 1953 2994 ι)ωηὶ-

346 3014 596 3083 tentiam,
631 3014 819 3070 dicens
848 3013 902 3068 in
934 3029 1058 3069 eum
1090 3012 1182 3086 qui
1211 3020 1471 3068 venturus
1506 3020 1623 3068 erat
1653 3021 1712 3067 ut
1758 3012 1953 3068 crede-

2041 492 2168 540 tunc
2200 484 2268 539 ad
2300 485 2507 556 primos
2535 487 2800 543 Ecclesia:
2831 497 3084 560 pastores
3113 489 3396 561 pertinuit,
3429 500 3478 546 et
3509 509 3655 551 nunc

2037 573 2306 644 pertinere
2336 592 2446 630 non
2485 576 2763 632 dubitatur
2799 596 2811 631 :
2861 578 3012 632 unde
3063 577 3117 633 in
3166 579 3464 636 canonibus
3506 599 3652 654 saepe

2039 661 2379 718 interdicitur
2409 665 2738 736 presbyteris
2790 682 2858 721 ne
2903 667 3136 723 chrisma
3187 667 3498 737 conficiant,
3551 687 3647 726 ne-
3675 701 3704 714 κ

2044 763 2147 818 que
2181 746 2482 817 baptizatos
2514 749 2569 803 in
2598 750 2771 804 fronte
2803 751 3146 823 consignent,
3178 753 3324 824 quod
3356 754 3487 808 solis
3546 755 3648 811 de-

2044 841 2204 894 betur
2250 838 2540 912 episcopis.
2593 840 2880 894 Testantur
2928 840 3032 895 hoc
3083 841 3306 896 decreta
3351 843 3651 900 Innocentii

2047 947 2206 1002 papa:
2238 939 2290 985 et
2333 938 2531 984 statuta
2555 929 2820 996 Silvestri,
2869 929 2996 1000 quia
3033 938 3085 984 et
3128 930 3244 1000 ipse
3293 931 3524 986 instituit
3584 943 3641 988 ut

2047 1016 2340 1086 presbyter
2369 1015 2693 1084 baptizatum
2723 1013 3008 1068 chrismate
3053 1015 3224 1080 liniat,
3269 1025 3496 1086 propter
3538 1033 3641 1073 oc-

2049 1105 2325 1160 casionem
2358 1104 2618 1158 transitus
2650 1104 2861 1157 mortis.
2897 1102 3055 1172 Quod
3107 1104 3151 1158 si
3199 1120 3228 1157 a
3277 1105 3511 1161 diacono
3561 1107 3649 1161 vel

2051 1193 2328 1265 quodlibet
2357 1193 2461 1247 alio
2493 1193 2709 1247 homine
2758 1192 3078 1263 baptizatus,
3114 1208 3242 1248 casu
3293 1204 3414 1250 ante
3460 1195 3653 1250 contir-

2052 1283 2347 1337 mationem
2379 1282 2674 1346 transierit,
2708 1282 3040 1336 credendum
3060 1299 3167 1336 non
3189 1292 3270 1336 est
3288 1284 3469 1354 perire
3488 1301 3651 1356 prop-

2055 1376 2133 1421 ter
2160 1368 2264 1423 hoc
2287 1367 2410 1439 quia
2441 1367 2540 1421 sub
2573 1365 2678 1421 fide
2709 1383 2815 1438 qua
2845 1366 3070 1421 credidit
3117 1368 3313 1438 poterit
3362 1385 3484 1424 esse
3535 1369 3650 1423 sal-

2055 1474 2174 1522 vus,
2211 1457 2256 1510 si
2285 1473 2408 1511 eum
2448 1464 2568 1526 post
2599 1455 2890 1510 commissa
2921 1464 3144 1526 peccata
3193 1473 3301 1511 non
3360 1458 3648 1528 perimant.

2058 1546 2202 1616 Lege
2231 1545 2444 1600 concilii
2471 1545 2788 1600 Eliberitani
2819 1545 3057 1600 decreta.
3084 1545 3186 1600 Alii
3216 1547 3540 1603 addiderunt
3596 1549 3650 1605 in

2060 1634 2396 1704 baptismatis
2426 1643 2766 1690 sacramento
2797 1635 3152 1701 exorcismos,
3203 1635 3293 1689 alii
3349 1653 3647 1694 consecra-

1974 1761 2026 1821 B
2061 1723 2261 1778 tionem
2293 1723 2476 1789 fontis,
2500 1723 2587 1776 alii
2619 1723 2744 1778 salis
2794 1724 2877 1778 vel
2929 1723 3110 1779 salivas
3159 1723 3505 1794 infusionem,
3559 1727 3650 1783 alii

2049 1814 2564 1868 catechumenorum
2632 1813 2988 1867 ordinabilem
3053 1813 3486 1885 instructionem,
3553 1815 3644 1872 alii

2049 1901 2309 1957 scrutinia
2341 1901 2756 1972 diligentissime
2787 1904 2856 1956 ad
2890 1911 3094 1956 tantum
3145 1904 3464 1974 mysterium
3493 1921 3642 1974 prae-

2048 1985 2344 2056 parationis
2390 1993 2714 2040 statuerunt.
2769 1985 2875 2039 Sed
2939 1994 2991 2040 et
3055 1986 3224 2040 multa
3267 1986 3373 2040 alia
3419 2003 3539 2058 qua?
3595 1997 3650 2044 et

2051 2075 2322 2146 exemplis
2375 2074 2683 2129 divinorum
2740 2083 2917 2129 actum
2968 2075 3054 2131 vel
3113 2076 3379 2130 dictorum
3430 2077 3650 2133 inventa

2052 2171 2195 2232 sunt,
2228 2172 2280 2218 et
2312 2164 2822 2236 congruentissimis
2852 2163 3174 2236 spiritalium
3204 2164 3540 2235 perfectuum
3573 2165 3653 2220 si-

2052 2250 2494 2324 gnificationibus
2520 2251 2680 2322 plena
2709 2261 3024 2323 noscuntur,
3059 2252 3197 2308 sicut
3228 2254 3449 2324 copiosa
3501 2254 3648 2324 prio-

2053 2357 2173 2394 rum
2205 2340 2274 2394 de
2303 2341 2509 2396 eisdem
2539 2341 2699 2395 rebus
2730 2341 3054 2396 documenta
3074 2343 3466 2397 demonstrant.
3495 2343 3650 2398 Cele-

2054 2429 2241 2483 bratur
2272 2437 2450 2483 autem
2474 2430 2649 2500 ipsum
2682 2431 2949 2500 baptisma
2979 2447 3188 2495 verum,
3222 2447 3330 2485 non
3353 2431 3457 2484 nisi
3489 2432 3542 2485 in
3560 2447 3650 2486 no-

2052 2519 2197 2573 mine
2227 2535 2450 2574 summm
2481 2519 2777 2586 Trinitatis,
2813 2520 2956 2590 quod
2987 2527 3040 2574 et
3080 2519 3340 2574 Dominus
3387 2520 3504 2591 ipse
3561 2535 3652 2576 os-

2053 2608 2240 2673 tendit,
2275 2616 2326 2663 et
2356 2624 2594 2663 canones
2624 2609 2990 2679 apostolorum
3038 2608 3256 2664 docent.
3307 2609 3463 2664 Unde
3521 2609 3649 2681 qui-

2057 2707 2271 2764 cunque
2302 2693 2388 2747 vel
2419 2693 2490 2746 ab
2520 2692 2789 2747 harreticis
2823 2693 2875 2746 in
2923 2693 3183 2748 Trinitate
3229 2693 3643 2764 baptizantibus,

2055 2781 2142 2836 vel
2171 2781 2241 2834 ab
2272 2781 2378 2836 alio
2426 2781 2669 2852 quolibet
2717 2781 2936 2836 homine
2986 2781 3086 2835 sub
3134 2781 3459 2852 apellatione
3501 2782 3646 2856 legi-

2055 2868 2183 2923 tima
2213 2870 2457 2940 ejusdem
2488 2879 2690 2926 sancta:
2718 2870 2993 2925 Trinitatis
3014 2869 3176 2926 fuerit
3213 2871 3534 2941 baptizatus,
3559 2888 3646 2927 re-

2057 2953 2316 3024 baptizari
2345 2971 2452 3009 non
2483 2955 2667 3024 debet,
2698 2971 2766 3010 ne
2810 2955 3082 3010 invocatio
3113 2971 3338 3010 summae
3367 2955 3652 3026 dignitatis

2056 3043 2325 3097 annullari
2354 3043 2598 3098 videatur
2629 3065 2647 3110 ;
2679 3044 2776 3099 sed
2808 3042 3097 3100 chrismate
3119 3052 3170 3099 et
3198 3060 3393 3099 manus
3422 3045 3653 3116 imposi-

347 3105 636 3204 Tenfvuhofi
667 3112 747 3204 9‘5}
777 3102 831 3157 in
864 3103 1072 3204 Jesgm-
1107 3102 1187 3204 θεῖ
1211 3117 1324 3204 ξῖυο
1365 3101 1528 3204 “inf”
1586 3101 1952 3204 ξξῖδίίφθηίυω
1979 3121 2027 3185 C
2057 3132 2202 3187 tione
2223 3132 2368 3204 quod
2399 3101 2772 3202 imperfectum
2814 3141 2930 3188 erat
2977 3131 3164 3203 perfici
3207 3133 3390 3190 debet.
3432 3101 3546 3190 Hoc
3596 3134 3654 3191 in

349 3192 650 3265 perhibuit,
683 3192 872 3248 dicens
907 3209 920 3247 :
954 3195 1066 3264 Ego
1091 3191 1314 3264 quidem
1353 3206 1445 3246 vos
1469 3191 1689 3263 baptizo
1718 3191 1782 3246 in
1811 3208 1956 3263 aqua

351 3285 418 3338 in
444 3283 865 3356 paenitentiam.
904 3282 1009 3348 Qui
1037 3284 1230 3336 autem
1265 3283 1390 3352 post
1419 3296 1509 3336 me
1540 3283 1813 3336 venturus
1849 3284 1951 3345 est,

350 3373 559 3444 fortior
584 3387 672 3428 me
701 3375 789 3426 est
818 3389 836 3426 :
867 3372 1029 3438 cuius
1059 3386 1175 3426 non
1192 3386 1318 3425 sum
1341 3369 1545 3440 dignus
1566 3369 1956 3424 calceo-menta

347 3465 600 3535 portare,
633 3461 753 3533 ipse
797 3476 887 3516 vos
921 3458 1228 3532 baptizabit
1285 3460 1348 3512 in
1395 3458 1614 3530 Spiritu
1661 3461 1858 3514 sancto
1900 3461 1958 3514 et

352 3553 488 3622 igne
506 3550 723 3619 (Matth.
749 3548 852 3619 ιιι).
886 3549 954 3604 Et
981 3547 1144 3618 plane
1173 3547 1397 3619 dignum
1421 3546 1524 3602 erit
1545 3553 1600 3600 ut
1621 3545 1676 3601 in
1697 3561 1837 3601 nova
1858 3562 1955 3617 ge-

352 3637 504 3695 neris
525 3637 748 3692 humani
779 3653 879 3708 per
911 3637 1204 3692 adventum
1235 3636 1354 3689 Filii
1385 3635 1485 3690 Dei
1507 3634 1562 3689 in
1587 3651 1749 3690 carne
1769 3635 1953 3690 salva-

354 3729 524 3793 tione,
575 3742 777 3783 novum
806 3725 1135 3798 panderetur
1153 3722 1546 3796 purificationis
1585 3724 1902 3795 mysterium
1937 3742 1950 3779 :

357 3825 628 3890 quatenus
677 3815 816 3870 sicut
868 3815 1182 3871 sacerdotes
1236 3813 1454 3868 Levitici
1505 3813 1727 3886 generis
1782 3812 1953 3868 lavari

357 3912 758 3962 consueverant
787 3911 912 3959 ante
942 3902 1269 3966 oblationem
1295 3901 1597 3958 carnalium
1628 3901 1948 3968 hostiarum,

354 3995 425 4051 ita
449 4010 643 4051 omnes
672 3991 965 4048 Christiani
993 3992 1230 4046 nominis
1278 3991 1546 4060 haaredes,
1580 3991 1671 4064 qui
1701 3991 1954 4047 dicuntur

359 4086 548 4156 regale
577 4083 954 4140 sacerdotium
981 4083 1032 4152 (I
1047 4084 1198 4138 Petr.
1233 4082 1315 4151 ιι),
1349 4081 1568 4137 lavacro
1599 4081 1861 4152 spirituali
1921 4096 1955 4136 a

354 4180 709 4245 peccatorum
737 4171 860 4226 labe
890 4169 1154 4237 mundati,
1174 4169 1407 4226 offerant
1428 4171 1544 4225 Deo
1562 4170 1770 4225 hostias
1792 4169 1951 4241 spiri-

357 4263 497 4318 tales
527 4263 581 4316 in
612 4261 834 4317 odorem
866 4260 1164 4316 suavitatis.
1213 4259 1508 4315 Sciendum
1539 4267 1740 4326 autem,
1775 4260 1952 4331 primo

358 4351 681 4424 simpliciter
708 4351 763 4404 in
792 4349 968 4405 fluviis
998 4349 1084 4405 vel
1116 4348 1354 4405 fontibus
1386 4349 1683 4420 baptizatos
1714 4349 1950 4406 creden-

360 4451 463 4498 tes.
497 4443 622 4512 Ipse
649 4440 794 4496 enim
826 4439 1090 4496 Dominus
1110 4447 1296 4496 noster
1323 4440 1482 4494 Jesus
1512 4439 1776 4508 Christus,
1810 4447 1866 4493 ut
1896 4438 1953 4493 in

358 4529 521 4587 nobis
549 4531 696 4585 idem
723 4538 1068 4586 consecraret
1097 4528 1396 4596 lavacrum,
1429 4529 1485 4583 in
1513 4528 1748 4584 Iordane
1781 4527 1946 4599 bapti-

359 4627 510 4675 zatus
539 4627 620 4674 est
647 4635 681 4675 a
707 4620 916 4674 Joanne
941 4637 954 4684 ;
989 4626 1042 4673 et
1069 4619 1208 4674 sicut
1237 4617 1366 4673 alibi
1381 4617 1583 4691 legitur
1608 4634 1620 4672 :
1645 4619 1772 4672 Erat
1791 4618 1957 4672 Joan-

358 4726 458 4765 nes
477 4708 758 4780 baptizans
790 4708 843 4762 in
874 4708 1049 4763 xEnon
1071 4707 1222 4776 juxta
1254 4706 1440 4776 Salim,
1475 4706 1603 4778 quia
1632 4722 1790 4778 aquae
1818 4706 1957 4762 mul-

358 4808 426 4855 ta:
447 4805 602 4854 erant
623 4797 696 4852 ibi
725 4797 908 4867 (Joan.
934 4796 1038 4867 ιιι).
1073 4797 1141 4851 Et
1159 4796 1432 4868 Philippus
1463 4795 1800 4869 evangelista
1857 4813 1956 4852 eu-

359 4888 598 4944 nuchum
629 4885 919 4958 baptizavit
942 4885 998 4940 in
1026 4885 1174 4941 fonte
1197 4901 1357 4957 quem
1376 4885 1576 4957 reperit
1592 4885 1645 4940 in
1667 4886 1771 4940 via.
1808 4885 1953 4956 (Act.

360 4978 505 5047 vm).
542 4975 692 5031 Sicut
711 4985 893 5030 autem
917 4991 1079 5046 supra
1107 4974 1466 5042 ostendimus,
1500 4983 1784 5032 crescente
1821 4990 1956 5048 pro-

359 5081 521 5122 cessu
551 5072 872 5136 temporum,
906 5064 1184 5136 religionis
1213 5065 1418 5120 honore
1450 5063 1844 5120 institutionum
1869 5078 1958 5122 ec-

361 5153 795 5210 clesiasticarum
840 5170 1012 5225 usque
1063 5154 1134 5210 ad
1197 5153 1590 5225 plenitudinem
1627 5154 1795 5210 decus
1842 5169 1959 5210 cre—

356 5243 506 5299 visse
531 5260 544 5296 :
578 5243 650 5296 ita
668 5250 720 5298 et
740 5243 900 5312 hujus
928 5243 1142 5314 mystici
1160 5243 1384 5308 lavacri,
1410 5243 1676 5316 gradatim
1697 5260 1798 5315 per
1815 5252 1958 5299 tem-

357 5347 555 5403 porum
587 5339 900 5404 augmenta,
935 5332 990 5386 in
1021 5333 1193 5401 majus
1222 5331 1518 5388 celebratio
1566 5332 1755 5388 crevit.
1791 5333 1959 5388 Addi-

354 5421 557 5476 derunt
605 5420 696 5475 alii
735 5420 1039 5476 chrismatis
1082 5421 1412 5484 unctionem,
1467 5437 1629 5493 quam
1670 5437 1736 5476 ex
1791 5422 1958 5477 veteri

354 5517 627 5580 sumptam
659 5510 1053 5565 consuetudine
1073 5525 1236 5565 nemo
1264 5511 1355 5582 qui
1385 5510 1612 5576 dubitet,
1665 5526 1788 5566 cum
1838 5510 1957 5581 pri-

351 5599 458 5654 mis
507 5598 846 5671 temporibus
913 5599 1258 5672 impositione
1316 5615 1571 5655 manuum
1632 5599 1957 5672 baptismum

256 5720 310 5749 /
357 5687 671 5745 confirmari
699 5689 915 5755 soleret,
949 5689 1094 5763 quod
1124 5689 1180 5746 in
1209 5689 1457 5747 Samaria
1485 5688 1682 5748 fecisse
1740 5689 1960 5747 Petrum

2058 3221 2356 3277 canonibus
2386 3230 2440 3277 et
2469 3222 2705 3277 decretis
2733 3222 2952 3276 Patrum
2981 3219 3238 3294 frequens
3267 3222 3518 3279 habetur.
3545 3225 3650 3279 Le-

2057 3311 2204 3380 gitur
2234 3326 2447 3382 quoque
2477 3313 2532 3364 in
2564 3311 2751 3366 ultimo
2781 3311 3169 3367 ecclesiasticae
3203 3311 3455 3368 Historia:
3511 3311 3650 3368 libro

2056 3399 2202 3470 quod
2225 3399 2550 3454 Athanasius
2580 3401 2753 3455 adhuc
2783 3416 2922 3470 puer
2943 3399 3085 3454 inter
3113 3416 3330 3456 coaevos
3358 3401 3654 3473 baptisma-

2053 3488 2122 3542 tis
2143 3487 2547 3544 similitudinem
2577 3505 2677 3558 per
2705 3489 2890 3542 ludum
2923 3490 3249 3545 exercuerit.
3284 3491 3654 3546 Alexandrum

2057 3577 2219 3632 etiam
2247 3576 2592 3631 Alexandriae
2619 3577 2927 3647 praesulem,
2949 3577 3170 3650 cognita
3219 3579 3649 3652 interrogatione

2053 3665 2304 3737 baptista:
2345 3673 2399 3720 et
2445 3665 2803 3736 responsione
2863 3666 3281 3736 baptizatorum,
3329 3675 3382 3721 et
3441 3667 3653 3723 caeteris

2056 3773 2178 3827 quae
2207 3755 2455 3828 quamvis
2483 3771 2581 3825 per
2608 3755 2816 3822 ludum,
2864 3762 3046 3809 tamen
3077 3755 3234 3824 juxta
3277 3763 3518 3810 nostram
3557 3772 3653 3812 re-

2053 3844 2312 3918 ligionem
2355 3851 2512 3917 gesta
2546 3853 2688 3911 sunt,
2743 3859 2850 3899 non
2900 3843 3316 3915 rebaptizandos
3352 3844 3650 3914 judicasse,

2054 3934 2150 3989 sed
2180 3933 2388 3988 usitatis
2418 3933 2680 3990 Ecclesia:
2719 3931 3118 3989 confirmandos
3165 3933 3459 4005 mysteriis.
3499 3935 3647 3990 Con-

2052 4023 2175 4080 cilio
2215 4039 2428 4096 quoque
2468 4024 2799 4079 Eliberitano
2847 4023 3097 4079 ﬁdelibus
3127 4023 3348 4095 plenum
3379 4023 3644 4096 baptisma

2060 4113 2387 4168 habentibus
2465 4113 2521 4167 in
2577 4112 2902 4170 necessitate
2959 4113 3234 4184 baptizare
3303 4113 3646 4185 permittitur.

2051 4202 2236 4257 Victor
2283 4202 2463 4273 etiam,
2515 4203 2731 4275 quintus
2777 4202 3022 4259 decimus
3067 4205 3433 4259 Romanorum
3481 4203 3651 4274 ponti-

2047 4309 2158 4373 fex,
2209 4302 2484 4358 constituit
2531 4312 2606 4369 ut,
2672 4303 2998 4359 necessitate
3045 4302 3298 4373 faciente,
3351 4303 3510 4359 liceat
3558 4301 3651 4358 ubi

2052 4409 2326 4466 inventum
2356 4400 2565 4470 fuisset,
2600 4402 2714 4458 sive
2745 4402 2798 4456 in
2827 4402 3064 4469 ﬂumine,
3099 4402 3214 4458 sive
3245 4403 3299 4456 in
3326 4403 3484 4468 mari,
3525 4402 3642 4458 sive

1985 4489 2036 4551 D
2059 4499 2114 4554 in
2134 4497 2390 4570 fontibus,
2425 4499 2734 4556 christianae
2769 4501 3104 4556 credulitatis
3146 4499 3490 4557 confessione
3532 4501 3649 4557 cla-

2057 4599 2282 4666 rificata,
2317 4599 2626 4672 quicunque
2655 4615 2721 4655 ex
2762 4599 3066 4672 gentilitate
3113 4598 3362 4667 veniens,
3400 4599 3646 4671 baptiza-

2058 4705 2226 4753 retur.
2260 4698 2318 4752 In
2339 4699 2443 4753 hoc
2472 4704 2652 4752 tamen
2682 4705 2735 4751 et
2783 4695 3050 4751 similibus
3096 4712 3206 4752 non
3227 4695 3477 4752 tribuitur
3525 4697 3644 4769 qui-

2057 4796 2373 4869 buscunque
2405 4795 2711 4866 baptizandi
2739 4794 3029 4851 indiscreta
3061 4794 3296 4862 licentia,
3336 4811 3460 4851 cum
3519 4811 3651 4851 con-

2057 4895 2180 4951 cilio
2210 4893 2623 4967 Carthaginensi
2652 4892 2910 4948 mulieres
2931 4893 3320 4964 prohibeantur
3339 4892 3653 4965 baptizare:

2059 4994 2155 5050 sed
2185 4995 2584 5051 demonstratur
2613 5009 2708 5064 per
2735 4993 2853 5048 hac
2883 4992 2975 5047 ubi
3005 4991 3332 5048 inevitabilis
3353 4981 3657 5049 necessitas

2057 5093 2250 5166 poscit,
2282 5093 2477 5147 melius
2506 5090 2762 5162 baptizari
2789 5091 3094 5163 ubicunque
3142 5097 3196 5146 et
3241 5106 3276 5146 a
3317 5106 3644 5164 quocunque

2057 5193 2111 5249 in
2141 5191 2358 5248 nomine
2379 5190 2656 5246 Trinitatis
2688 5204 2851 5261 quam
2882 5189 3278 5260 periclitantem
3325 5190 3444 5246 sine
3474 5206 3655 5246 reme-

2058 5291 2147 5347 dio
2177 5289 2444 5363 deperire.
2469 5288 2622 5346 Unde
2665 5288 2829 5344 etiam
2871 5296 3112 5360 tempora
3163 5287 3468 5362 baptizandi
3516 5289 3656 5361 legio

2055 5390 2182 5444 tima
2216 5389 2271 5444 in
2299 5389 2494 5443 talibus
2514 5386 2929 5443 necessitatibus
2962 5387 3297 5444 observanda
3343 5402 3454 5442 non
3505 5393 3649 5451 sunt,

2056 5489 2154 5544 sed
2178 5489 2329 5556 juxta
2358 5487 2582 5542 decreta
2610 5485 2806 5541 Leonis
2849 5487 3194 5560 aegritudine,
3241 5481 3643 5557 persecutione,

2057 5585 2340 5641 obsidione
2386 5593 2436 5639 et
2478 5583 2761 5656 naufragio
2819 5584 3264 5656 periclitantibus,
3303 5594 3518 5651 semper
3571 5588 3656 5636 est

2056 5685 2526 5744 succurrendum:
2574 5692 2627 5740 et
2672 5684 2902 5744 concilio
2939 5679 3282 5740 Gerundcnsi
3338 5677 3498 5735 unius
3539 5677 3647 5736 diei
