3996 6184
444 304 547 360 959

942 300 1349 358 WALAFRIDI
1386 298 1630 356 STRABI
1666 297 1866 355 FULD.
1905 294 2080 354 MON.
2121 291 2275 351 OPP.
2316 292 2493 351 PARS
2530 293 2572 350 Ι.
2613 322 2683 336 -
2719 290 3193 350 THEOLOGICA.

3645 297 3758 351 960

454 427 654 499 infans,
688 426 734 482 si
775 427 832 483 in
873 425 1187 484 discrimine
1230 426 1317 493 sit,
1361 425 1625 497 baptizari
1655 425 1891 495 jubetur.
1941 424 2054 479 Eos
2079 422 2271 485 Amus
2301 420 2648 491 baptizatum.
2680 421 2799 477 Hoc
2826 419 2989 476 etiam
3010 419 3147 476 solet
3192 419 3416 475 evenire
3452 434 3579 477 cum
3632 436 3761 493 per-

451 525 634 573 autem
677 516 747 572 de
795 517 990 590 quibus
1038 517 1302 572 incertum
1362 523 1463 583 est,
1512 515 1569 570 id
1612 523 1714 582 est,
1761 515 1854 586 qui
1900 513 2048 569 nullo

453 606 764 663 testimonio
793 606 1030 677 probare
1061 612 1287 676 possunt
1332 621 1392 660 se
1437 620 1559 660 esse
1613 603 1933 675 baptizatos,
1982 620 2048 658 ex

452 695 684 752 concilio
727 694 1220 768 Carthaginensi‘et
1265 693 1497 750 decretis
1544 694 1741 749 Leonis
1785 693 2046 750 discimus

452 782 710 856 baptizari
737 783 959 839 debere.
993 783 1123 839 Illos
1151 798 1301 849 vero,
1336 782 1429 856 qui
1473 782 1773 853 baptizatos
1821 798 1880 837 se
1937 782 2047 855 qui-

448 874 575 930 dem
619 880 903 942 noverunt,
955 872 1053 927 sed
1098 872 1155 927 in
1213 888 1319 944 qua
1375 870 1718 944 professione
1763 871 2039 945 ignorant,

446 961 686 1031 ejusdem
719 961 915 1017 Leonis
949 977 1107 1033 papa:
1127 961 1345 1017 decreta
1365 962 1465 1016 sub
1486 978 1678 1016 manus
1699 960 2043 1031 impositione

446 1049 827 1122 suscipiendos
858 1050 1211 1106 constituunt.
1243 1052 1512 1121 Tempora
1530 1058 1708 1105 autem
1735 1048 2043 1122 baptizandi

446 1138 697 1212 legitima
726 1139 935 1195 Pascha
966 1146 1019 1195 et
1046 1140 1365 1195 Pentecoste
1404 1138 1777 1211 praefiguntur,
1839 1154 2041 1194 secun-

447 1227 576 1283 dum
607 1228 830 1284 decreta
862 1227 1061 1295 Siricii,
1092 1228 1289 1284 Leonis
1311 1228 1397 1283 vel
1416 1228 1621 1283 Gelasii
1639 1227 2038 1299 episcoporum,

443 1316 691 1389 quamvis
752 1316 982 1372 concilio
1042 1316 1386 1373 Gerundensi
1442 1317 1652 1372 Natalis
1715 1316 1933 1372 Domini
1991 1326 2045 1372 et

441 1406 647 1462 Pascha
677 1414 969 1477 ponantur.
1003 1405 1109 1461 Alii
1149 1422 1364 1478 quoque
1394 1405 1450 1460 in
1477 1405 1779 1477 Epiphania
1824 1405 2043 1462 Domini

443 1494 717 1567 baptizare
746 1495 1055 1559 voluerunt,
1092 1495 1218 1567 quia
1248 1510 1313 1550 eo
1340 1503 1585 1566 tempore
1619 1495 1909 1551 Dominum
1936 1510 2042 1550 no-

441 1591 613 1638 strum
642 1583 876 1639 traditur
905 1583 1256 1654 baptizatum,
1290 1584 1435 1655 quod
1482 1591 1536 1640 et
1582 1584 1759 1655 ipsum
1806 1584 1875 1638 ab
1922 1583 2041 1638 aliis

439 1673 781 1745 prohibetur.
806 1672 943 1742 Quia
971 1689 1104 1729 vero
1134 1673 1435 1730 secundum
1452 1672 1767 1744 Apostolum
1796 1672 1850 1727 in
1866 1680 2042 1728 morte

438 1762 736 1819 Salvatoris
767 1762 1103 1833 baptizamur
1133 1762 1310 1831 (Rom.
1364 1762 1461 1834 vi),
1516 1769 1567 1817 et
1614 1762 1731 1833 ipse
1777 1761 2113 1848 DominusB

436 1851 735 1907 intraturos
764 1866 996 1922 regnum
1026 1851 1289 1907 caelorum
1317 1867 1385 1906 ex
1429 1866 1575 1922 aqua
1620 1859 1674 1907 et
1716 1850 1918 1921 Spiritu
1962 1866 2041 1907 re-

436 1939 589 1995 nasci
652 1940 855 1995 debere
901 1947 1284 2011 praemonstrat
1327 1940 1491 2009 (Joan
1550 1939 1655 2012 lli),
1705 1955 1951 2013 congrue
2006 1954 2041 1994 a

432 2028 757 2101 praesulibus
804 2029 1173 2085 Romanorum
1217 2029 1335 2085 haec
1364 2029 1473 2084 duo
1521 2036 1763 2099 tempora
1806 2028 1924 2083 sola
1967 2029 2039 2084 ad

438 2116 865 2173 celebrationem
928 2115 1144 2188 praefixa
1194 2125 1318 2172 sunt
1379 2117 1735 2188 baptismatis,
1809 2116 1865 2172 id
1931 2125 2033 2186 est,

434 2206 648 2262 Pascha
683 2214 737 2261 et
767 2207 1089 2262 Pentecoste
1123 2223 1137 2261 :
1170 2222 1402 2279 quorum
1425 2222 1554 2272 uno,
1588 2205 1775 2277 passio
1818 2205 2035 2262 Domini

431 2303 486 2350 et
513 2295 840 2352 resurrectio
874 2296 1104 2362 ;altero,
1136 2295 1401 2351 adventus
1450 2295 1753 2351 celebratur
1798 2295 2034 2367 Spiritus

431 2384 621 2440 sancti.
652 2384 760 2440 Alii
787 2384 985 2439 trinam
1016 2384 1422 2440 immersionem
1451 2384 1655 2451 volunt,
1691 2383 1746 2438 in
1776 2384 2031 2439 similitu-

428 2472 613 2529 dinem
657 2473 917 2530 triduanaa
961 2473 1277 2546 sepulturae,
1326 2482 1384 2530 ut
1429 2473 1485 2529 in
1534 2473 1835 2530 canonibus
1900 2489 2033 2545 apo-

432 2562 696 2619 stolorum
753 2571 1006 2619 statutum
1062 2563 1295 2619 habetur
1323 2571 1376 2619 et
1397 2563 1767 2619 Romanorum
1798 2578 2030 2619 consue-

427 2652 558 2707 tudo
586 2652 861 2708 observat.
896 2652 1000 2707 Alii
1026 2668 1187 2707 unam
1234 2659 1461 2723 propter
1509 2651 1805 2706 divinitatis
1853 2651 2029 2707 unita-

425 2748 536 2796 tem
564 2741 917 2807 contendunt,
948 2748 1005 2796 ut
1037 2741 1093 2795 in
1125 2740 1358 2797 concilio
1404 2741 1666 2796 Toletano
1710 2741 2027 2812 plenissime

428 2829 709 2886 habetur:
758 2830 852 2886 ubi
891 2830 1055 2886 etiam
1108 2839 1564 2887 commemoratur
1631 2830 1778 2902 quod
1834 2830 2026 2885 beatus

425 2919 730 2993 Gregorius
773 2919 1132 2993 interroganti
1197 2935 1360 2990 super
1416 2921 1521 2975 hoc
1585 2920 1833 2975 Leandro
1886 2919 2026 2974 inter

422 3016 623 3065 caetera
666 3008 738 3063 ita
782 3009 1144 3080 responderit,
1212 3008 1342 3079 quia
1384 3007 1437 3061 in
1470 3022 1578 3062 una
1609 3005 1718 3062 fide
1764 3007 1899 3062 nihil
1943 3007 2023 3063 of-

419 3095 530 3153 ficit
554 3096 821 3153 Ecclesiae
852 3096 1192 3153 consuetudo
1222 3096 1462 3152 diversa.
1510 3097 1624 3151 Nos
1655 3103 1831 3151 autem
1878 3098 2020 3168 quod

419 3185 584 3241 tertio
609 3186 933 3256 mergimus,
969 3184 1235 3240 triduana:
1265 3184 1560 3254 sepulturae
1588 3193 1926 3240 sacramenta
1958 3184 2025 3240 si-

419 3289 678 3349 gnamus,
713 3282 771 3328 ut
800 3275 930 3329 dum
959 3274 1120 3329 tertio
1150 3274 1221 3329 ab
1256 3273 1414 3345 aquis
1443 3272 1625 3328 infans
1681 3276 1928 3342 eductur,
1955 3291 2033 3330 re-

418 3362 686 3420 surrectio
715 3362 942 3418 triduani
974 3362 1233 3434 temporis
1267 3362 1622 3435 exprimatur.
1655 3362 1814 3433 Quod
1835 3364 1881 3418 si
1902 3364 2025 3436 quis

418 3450 556 3507 forte
588 3450 751 3507 etiam
781 3468 883 3522 pro
912 3467 1140 3507 summae
1171 3451 1449 3507 Trinitatis
1473 3452 1823 3509 veneratione
1845 3452 2029 3508 existi-

416 3548 531 3598 met
559 3538 694 3610 fieri,
728 3557 907 3613 neque
941 3541 1011 3595 ab
1040 3541 1147 3597 hoc
1167 3540 1373 3614 aliquid
1403 3541 1615 3596 obsistit
1642 3541 2028 3612 baptizandum
2112 3576 2119 3579 -

417 3630 587 3686 semel
615 3630 670 3685 in
700 3630 858 3703 aquis
887 3646 1161 3702 mergere,
1196 3630 1321 3704 quia
1358 3631 1488 3686 dum
1531 3631 1588 3686 in
1638 3631 1810 3687 tribus
1842 3631 2027 3687 subsi-

413 3719 625 3775 stentiis
654 3735 764 3775 una
795 3720 1096 3775 substantia
1128 3727 1242 3787 est,
1268 3720 1698 3792 reprehensibile
1719 3737 1843 3778 esse
1862 3720 2029 3775 nulla-

414 3817 570 3865 tenus
598 3808 796 3880 poterit
823 3809 1089 3865 infantem
1124 3810 1458 3881 baptismate
1474 3818 1558 3865 ter
1584 3810 1673 3866 vel
1701 3810 1872 3866 semel
1890 3826 2031 3866 mer-

412 3913 562 3970 gere,
587 3899 807 3971 quando
838 3906 891 3954 et
920 3899 976 3953 in
1024 3898 1201 3955 tribus
1254 3899 1619 3955 mersionibus
1667 3915 2021 3970 personarum

406 3987 658 4056 Trinitas,
693 3994 746 4043 et
775 3986 830 4041 in
869 4002 978 4042 una
1006 3995 1185 4058 potest
1219 3987 1517 4042 divinitatis
1550 3987 1900 4059 singularitas
1934 3989 2024 4045 de-

407 4075 637 4149 signari.
670 4074 806 4145 Quae
844 4076 1141 4149 singularis
1201 4076 1425 4143 mersio,
1476 4077 1726 4148 quamvis
1772 4085 1900 4134 tunc
1950 4077 2027 4133 ita

400 4158 658 4237 Hispanis
687 4163 1047 4236 complacuit,
1082 4164 1390 4221 dicentibus
1415 4182 1427 4220 :
1451 4165 1667 4221 Trinam
1695 4166 2023 4224 mersionem

400 4253 527 4310 ideo
556 4253 667 4310 vita
692 4254 859 4309 ndam
894 4253 1016 4326 quia
1063 4252 1307 4309 haeretici
1350 4253 1568 4326 quidam
1622 4254 1914 4312 dissimiles
1968 4256 2025 4312 in

404 4342 665 4398 Trinitate
696 4341 1027 4397 substantias
1086 4342 1451 4414 dogmatizare
1482 4342 1598 4397 ausi
1634 4343 1757 4411 sint,
1793 4344 1862 4400 ad
1903 4359 2029 4401 con-

405 4430 908 4487 substantialitatem
945 4446 1042 4486 san
1055 4439 1160 4488 ctm
1190 4430 1465 4487 Trinitatis
1495 4432 1822 4504 negantiam,
1848 4441 2028 4489 tamen

406 4520 683 4593 antiquior
711 4537 844 4575 usus
873 4520 1157 4593 prevaluit
1187 4527 1239 4577 et
1266 4520 1404 4577 ratio
1436 4521 1765 4593 supradicta.
1801 4522 1858 4577 Si
1878 4520 2093 4581 enimD

408 4609 591 4665 omnia
611 4610 915 4666 deserimus
946 4625 1067 4683 quae
1102 4609 1332 4668 heretici
1352 4610 1406 4665 in
1424 4626 1581 4666 suam
1601 4610 2013 4683 perversitatem

406 4719 705 4779 traxerunt,
729 4711 864 4767 nihil
892 4711 1052 4768 nobis
1082 4711 1329 4781 restabit,
1370 4727 1495 4768 cum
1525 4711 1604 4768 illi
1630 4712 1687 4767 in
1715 4712 1836 4784 ipso
1893 4712 2011 4768 Deo

407 4820 676 4879 errantes,
712 4811 895 4868 omnia
924 4828 1043 4884 quae
1076 4810 1146 4866 ad
1174 4812 1293 4882 ejus
1323 4810 1527 4867 cultum
1557 4810 1838 4882 pertinere
1894 4811 2014 4867 visa

407 4915 550 4974 sunt,
584 4907 698 4964 suis
726 4906 1006 4964 erroribus
1032 4906 1191 4980 quasi
1238 4907 1460 4980 propria
1502 4906 1846 4979 applicarint.
1905 4907 2015 4963 No-

410 5004 631 5060 tandum
660 5013 838 5062 autem
866 5021 979 5062 non
1024 5005 1202 5061 solum
1248 5005 1567 5080 mergendo,
1616 5021 1807 5061 verum
1850 5003 2011 5062 etiam

407 5100 646 5173 desuper
673 5101 969 5171 fundendo,
1003 5104 1203 5160 multos
1234 5104 1538 5176 baptizatos
1584 5102 1775 5171 fuisse,
1817 5110 1871 5159 et
1912 5104 2010 5160 ad-

407 5199 519 5256 huc
547 5214 710 5273 posse
738 5200 809 5257 ita
837 5203 1099 5275 baptizari
1129 5204 1175 5260 si
1204 5203 1507 5261 necessitas
1537 5202 1624 5273 sit,
1659 5203 1796 5260 sicut
1817 5203 1874 5259 in
1889 5220 2007 5276 pas-

413 5295 568 5355 sione
595 5296 742 5353 beati
785 5298 1061 5356 Laurentii
1104 5301 1396 5374 quemdam
1430 5315 1598 5358 urceo
1643 5300 1807 5357 allato
1864 5299 2009 5376 legi-

455 5513 474 5539 ⁸
501 5509 612 5555 Non
649 5508 727 5554 est
757 5505 965 5554 dubium
1007 5508 1126 5564 quin
1193 5509 1370 5564 primis
1421 5510 1658 5557 Ecclesia
1695 5509 2011 5567 temporibus

407 5580 550 5627 multi
586 5580 692 5636 iam
727 5578 884 5625 adulti
928 5580 979 5625 et
1010 5580 1275 5635 διοικιενὶ
1315 5582 1582 5638 interdum
1615 5582 2002 5639 baptizarentur-

402 5651 507 5697 imo
525 5650 755 5698 nonnulli
777 5660 934 5708 pravo
954 5660 1094 5698 more
1114 5650 1418 5708 baptismum
1438 5664 1600 5708 usque
1630 5654 1690 5700 ad
1719 5654 1870 5701 tinem
1891 5655 2010 5701 vita

403 5720 719 5772 diderebant.
742 5724 802 5770 At
823 5731 936 5772 esse
965 5723 1309 5781 apostolorum
1345 5723 1664 5773 traditionem
1682 5725 1745 5773 ab
1776 5726 1901 5783 ipsis
1922 5728 2012 5776 Ec-

2152 509 2431 565 fectiorum
2474 509 2755 583 granditas
2797 525 3091 580 corporum
3137 509 3195 565 in
3241 509 3548 567 minoribus
3604 512 3757 568 vasis

2148 599 2426 655 hominem
2454 599 2589 672 tingi
2618 615 2728 654 non
2756 599 2976 670 patitur.

2215 739 2529 796 Notandum
2559 748 2585 775 ι
2615 740 2763 811 quod
2791 739 2980 811 primis
3010 739 3346 811 temporibus
3387 740 3498 796 illis
3540 740 3757 799 solum-

2145 829 2310 884 modo
2340 828 2598 899 baptismi
2627 828 2856 902 gratiam
2890 828 3012 884 dari
3042 828 3257 885 solitam
3288 829 3384 903 qui
3418 838 3472 886 et
3502 832 3758 903 corporis

2146 925 2197 973 et
2226 916 2423 973 mentis
2470 917 2777 990 integritate
2819 917 2933 987 jam
2979 918 3049 972 ad
3091 918 3199 974 hoc
3241 928 3634 990 pervenerant,
3694 929 3760 977 ut

2145 1006 2288 1062 scire
2325 1013 2380 1062 et
2432 1005 2742 1079 intelligere
2800 1013 3027 1077 possent
3087 1006 3219 1078 quid
3275 1007 3637 1064 emolumenti
3694 1010 3757 1065 in

2143 1094 2416 1166 baptismo
2464 1095 2933 1168 consequendum,
2984 1094 3115 1167 quid
3156 1094 3527 1152 conﬁtendum
3582 1106 3757 1170 atque

2144 1184 2496 1250 credendum,
2530 1184 2660 1256 quid
2689 1193 2964 1255 postremo
3003 1185 3209 1239 renatis
3239 1185 3297 1239 in
3339 1185 3559 1241 Christo
3602 1197 3756 1243 esset

2144 1273 2493 1330 servandum.
2526 1272 2708 1329 Refert
2754 1272 3022 1345 siquidem
3056 1273 3382 1331 venerabilis
3417 1275 3582 1331 Pater
3630 1278 3752 1332 Au-

2142 1362 2394 1435 gustinus
2421 1361 2491 1416 de
2519 1361 2703 1432 seipso
2732 1360 2789 1422 in
2836 1360 2988 1416 libris
3037 1360 3455 1419 Confessionum
3518 1380 3753 1421 suarum

2144 1450 2288 1523 quod
2308 1466 2449 1521 pene
2474 1466 2648 1522 usque
2678 1451 2749 1505 ad
2779 1449 2971 1522 viginti
3002 1450 3242 1523 quinque
3270 1466 3543 1507 annorum
3605 1463 3751 1509 asia-

2142 1548 2253 1594 tem
2282 1540 2703 1595 catechumenus
2727 1538 3072 1611 perdurarit;
3105 1547 3159 1594 et
3192 1555 3257 1595 ea
3289 1540 3547 1597 videlicet
3565 1543 3751 1598 inten-

2142 1629 2287 1684 tione
2318 1636 2377 1683 ut
2402 1644 2502 1699 per
2520 1629 2663 1684 hanc
2691 1628 2954 1699 temporis
2983 1643 3213 1694 moram,
3244 1629 3313 1684 de
3336 1630 3571 1703 singulis
3604 1632 3750 1688 edo-

2143 1726 2281 1785 ctus,
2311 1718 2378 1772 ad
2400 1717 2711 1790 eligendum
2742 1717 3023 1789 quodlibet
3058 1716 3233 1773 libero
3261 1718 3561 1775 duceretur
3607 1722 3749 1777 arbi-

2142 1806 2263 1873 trio,
2314 1815 2367 1863 et
2414 1805 2913 1862 defervescentibus
2953 1804 3180 1862 lubricze
3228 1807 3403 1863 aetatis
3448 1808 3743 1877 incendiis,

2140 1895 2332 1950 melius
2361 1895 2505 1968 quod
2535 1894 2873 1967 sequendum
2902 1902 3018 1949 erat
3046 1910 3269 1950 servare
3299 1896 3589 1966 potuisset.
3628 1899 3747 1956 Sed

2138 1992 2469 2057 augescente
2507 1983 2704 2039 divinae
2749 1982 3033 2057 religionis
3073 1982 3374 2054 diligentia,
3422 1986 3747 2060 intelligen-

2138 2080 2223 2128 tes
2252 2072 2543 2127 Christiani
2572 2071 2847 2145 dogmatis
2875 2081 3149 2127 amatores
3174 2081 3464 2142 peccatum
3484 2076 3622 2131 Adae
3638 2078 3741 2132 ori-

2138 2161 2323 2234 ginale
2354 2178 2463 2216 non
2494 2161 2641 2217 solos
2672 2176 2767 2216 eos
2788 2170 2976 2216 tenere
3006 2161 3273 2216 obnoxios
3309 2163 3399 2233 qui
3430 2164 3548 2219 suis
3595 2180 3736 2237 0pc-

2135 2251 2285 2305 ribus
2313 2250 2819 2322 praevaricationem
2849 2257 3132 2315 auxerunt,
3168 2250 3267 2305 sed
3301 2251 3464 2307 etiam
3496 2269 3595 2309 eos
3652 2255 3743 2327 qui

2135 2338 2252 2393 sine
2284 2338 2397 2393 suis
2446 2338 2797 2395 commissis:
2849 2339 2996 2412 quia,
3017 2339 3317 2394 secundum
3373 2341 3739 2411 Psalmistam,

2137 2427 2193 2483 in
2219 2427 2587 2500 iniquitatibus
2618 2428 2867 2499 concepti
2894 2436 2947 2484 et
2983 2426 3097 2483 nati
3141 2436 3266 2482 sunt
3295 2430 3473 2501 (Ps-al.
3508 2432 3584 2503 ι),
3625 2433 3734 2488 im-

2131 2533 2325 2572 munes
2355 2534 2385 2572 a
2424 2525 2647 2588 peccato
2696 2534 2818 2573 esse
2866 2534 2976 2572 non
3022 2525 3269 2588 possunt,
3318 2518 3447 2574 dum
3491 2521 3563 2577 de
3611 2522 3739 2595 pol-

2127 2605 2240 2661 luta
2263 2606 2445 2662 radice
2476 2607 2778 2677 procedunt
2812 2625 2827 2675 ;
2858 2615 2915 2661 ut
2944 2608 3140 2665 merito
3158 2610 3227 2664 de
3247 2610 3502 2665 omnibus
3522 2610 3740 2667 dicatur

2130 2710 2234 2766 per
2264 2694 2584 2765 Apostolum
2609 2713 2622 2749 :
2659 2695 2861 2752 Omnes
2878 2704 3274 2770 peccaverunt,
3299 2704 3356 2756 et
3376 2705 3545 2771 egent
3555 2702 3740 2773 gloria

2134 2786 2252 2851 Dei,
2278 2784 2589 2856 justi/inuti
2608 2786 2789 2857 gratis
2802 2802 2907 2858 per
2929 2789 3178 2859 gratiam
3208 2789 3384 2861 ipsius
3405 2791 3584 2856 (Rom.
3634 2791 3734 2861 ιιι).

2131 2872 2201 2928 Εῑ
2232 2873 2302 2928 de
2333 2872 2508 2928 Adam
2542 2893 2560 2929 :
2594 2874 2659 2929 In
2690 2891 2793 2946 quo
2822 2890 3016 2932 omnes
3032 2881 3409 2949 peccaverunt
3441 2878 3626 2949 (Rom.
3657 2880 3734 2949 v).

2126 2962 2239 3017 Hoc
2271 2977 2407 3035 ergo
2457 2963 2756 3018 sentientes
2805 2979 2954 3019 sana:
2971 2963 3098 3020 ﬁdei
3128 2974 3445 3033 sectatores,
3482 2984 3555 3022 ne
3582 2967 3734 3039 peri-

2127 3060 2248 3106 rent
2278 3051 2492 3122 parvuli
2525 3052 2570 3106 si
2603 3052 2721 3106 sine
2754 3053 2998 3108 remedio
3043 3056 3477 3126 regenerationis
3537 3057 3733 3129 gratia

2064 3139 2664 3217 Cdefungerentur,eos
2683 3142 3038 3212 baptizandos
3059 3144 3113 3198 in
3128 3144 3510 3201 remissionem
3524 3161 3722 3217 pecca-

2136 3237 2311 3283 torum
2344 3228 2736 3302 [censuerunt].
2768 3232 2892 3286 Non
2922 3232 3058 3287 sicut
3075 3233 3311 3289 haeretici
3332 3234 3579 3306 quidam,
3602 3251 3724 3308 gra-

2132 3318 2220 3373 tiae
2251 3319 2349 3373 Dei
2381 3327 2766 3391 repugnantes,
2800 3321 3201 3378 contendebant
3238 3322 3384 3377 nulla
3404 3324 3734 3380 necessitate

2132 3408 2388 3478 parvulos
2420 3408 2696 3480 baptizari,
2730 3409 2855 3481 quia
2875 3411 3116 3465 nondum
3132 3420 3453 3483 peccassent
3480 3430 3495 3467 :
3514 3414 3662 3485 quod
3684 3414 3727 3468 si

2131 3513 2321 3552 verum
2353 3504 2517 3565 esset,
2538 3497 2625 3552 vel
2648 3513 2753 3551 non
2772 3497 3080 3570 baptizandi
3097 3509 3272 3567 erant,
3294 3501 3381 3556 vel
3403 3501 3448 3555 si
3466 3511 3619 3557 extra
3640 3519 3731 3558 ne-

2130 3585 2441 3642 cessitatem
2473 3586 2900 3657 baptizarentur,
2931 3587 3309 3659 imperfectum
3337 3598 3391 3645 et
3411 3606 3525 3646 non
3541 3607 3732 3648 verum

2130 3674 2185 3728 in
2214 3674 2293 3729 eis
2324 3683 2441 3729 erat
2473 3675 2729 3746 baptismi
2760 3684 3181 3744 sacramentum,
3208 3678 3357 3750 quod
3388 3678 3443 3734 in
3465 3680 3725 3751 Symbolo

2129 3763 2453 3821 conﬁtemur
2481 3765 2598 3820 dari
2628 3764 2685 3820 in
2724 3765 3104 3822 remissionem
3153 3775 3525 3838 peccatorum.
3579 3771 3725 3844 Ergo

2129 3854 2256 3925 quia
2283 3869 2476 3909 omnes
2505 3870 2642 3925 quos
2671 3854 2849 3927 gratia
2879 3855 2981 3911 Dei
3009 3872 3120 3911 non
3176 3856 3389 3927 liberat,
3422 3867 3654 3929 pereunt
3672 3859 3727 3915 in

2126 3943 2381 4016 originali
2410 3942 2629 4013 delicto,
2662 3943 2824 3999 etiam
2854 3945 2947 4016 qui
2978 3945 3061 3999 sui
3093 3945 3317 4002 sceleris
3338 3962 3449 4002 non
3508 3948 3725 4016 adjece.

2128 4040 2252 4087 runt
2283 4040 2596 4103 augmenta,
2630 4033 2940 4089 necessario
2957 4035 3170 4105 parvuli
3190 4035 3552 4107 baptizantur.
3572 4035 3727 4106 Quod

2125 4130 2179 4177 et
2209 4128 2427 4178 sanctus
2460 4121 2796 4195 Augustinus
2823 4122 2877 4176 in
2899 4121 3037 4179 libro
3065 4123 3134 4179 de
3158 4125 3432 4195 Baptismo
3458 4123 3720 4197 parvulo-

2124 4225 2244 4265 rum
2277 4210 2530 4277 ostendit,
2566 4218 2618 4265 et
2638 4209 2889 4266 Africana
2917 4219 3182 4267 testantur
3218 4213 3468 4279 concilia,
3505 4221 3557 4270 et
3601 4216 3724 4271 alio-

2124 4316 2244 4355 rum
2276 4300 2488 4355 Patrum
2516 4300 2839 4356 documenta
2887 4301 3301 4373 quamplurima.
3350 4303 3434 4358 Ex
3478 4304 3579 4360 hac
3617 4304 3722 4377 igi-

2125 4397 2209 4444 tur
2237 4388 2526 4445 occasione
2557 4388 2835 4444 inventum
2867 4398 2950 4445 est
2992 4397 3052 4445 ut
3091 4390 3290 4461 patrini
3337 4391 3426 4448 vel
3481 4392 3723 4449 matrinze

2126 4478 2506 4547 adhibeantur,
2543 4478 2849 4549 suscepturi
2876 4478 3136 4550 parvulos
3167 4479 3236 4535 de
3262 4480 3501 4547 lavacro,
3544 4490 3599 4537 et
3623 4498 3720 4554 pro

2124 4568 2203 4624 eis
2224 4568 2596 4638 respondeant
2625 4567 2804 4621 omnia
2833 4584 2955 4640 quas
2983 4568 3091 4639 ipsi
3119 4584 3221 4639 per
3251 4569 3429 4625 aetatis
3487 4568 3719 4625 inﬁmi-

2115 4663 2284 4712 tatem
2314 4654 2563 4712 confiteri
2592 4671 2702 4711 non
2726 4663 2979 4728 possunt.
3014 4657 3334 4729 Pariterque
3361 4657 3531 4714 debet
3559 4659 3716 4730 spiri-

2111 4745 2237 4801 talis
2267 4753 2427 4816 pater
2454 4744 2541 4801 vel
2572 4753 2744 4799 mater
2774 4746 2823 4800 ei
2846 4762 3008 4818 quem
3029 4745 3097 4801 de
3115 4745 3262 4802 fonte
3283 4749 3717 4819 regenerationis

2114 4834 2367 4905 suscepit,
2402 4850 2525 4889 cum
2555 4834 2624 4888 ad
2661 4833 3060 4908 intelligibilem
3117 4836 3433 4906 pervenerit
3483 4846 3713 4903 aetatem,

2110 4915 2391 4978 insinuare
2422 4921 2830 4979 confessionem
2862 4938 3023 4996 quam
3049 4939 3147 4994 pro
3196 4939 3264 4979 eo
3307 4923 3456 4993 fecit,
3514 4934 3574 4981 ut
3630 4924 3717 4998 qui

2111 5011 2292 5067 aliena
2320 5010 2685 5079 confessione,
2720 5010 2861 5068 sicut
2893 5012 3229 5084 paralyticus
3250 5012 3359 5069 fide
3386 5015 3715 5086 portantium

2112 5101 2270 5174 (Luc.
2305 5101 2385 5171 v),
2419 5100 2615 5156 meruit
2642 5117 2673 5155 a
2693 5108 3054 5173 peccatorum
3088 5101 3227 5157 solvi
3255 5102 3540 5174 languore,
3600 5112 3714 5159 stu-

2110 5201 2236 5257 deat
2265 5200 2425 5256 saluti
2453 5200 2708 5273 praestita;
2736 5201 2922 5257 vivere
2955 5216 3066 5257 non
3123 5201 3369 5275 indigne,
3401 5210 3455 5259 et
3503 5219 3603 5259 sua
3626 5204 3717 5272 im,

2109 5299 2258 5373 pleat
2286 5299 2634 5357 exsecutione
2662 5299 2809 5373 quod
2839 5299 3059 5357 illorum
3100 5298 3390 5356 confessus
3420 5308 3504 5357 est
3524 5317 3641 5369 ore,
3672 5303 3714 5360 si

2108 5516 2277 5565 cissis;
2302 5517 2587 5574 primordiis
2632 5527 2832 5575 semper
2862 5521 3154 5576 usurpatam
3201 5518 3260 5563 de
3300 5518 3619 5575 baptizandis
3648 5521 3716 5567 in.

2109 5590 2336 5636 fantibus
2374 5591 2492 5637 ante
2537 5600 2684 5637 usum
2726 5592 2949 5646 rationis.
2984 5591 3267 5638 communis
3305 5594 3385 5638 est
3414 5593 3717 5640 orthodoxo-

2108 5672 2219 5708 rum
2244 5661 2469 5708 assertio.
2486 5662 2600 5710 Vide
2623 5664 2736 5720 post
2772 5663 2895 5711 alios
2916 5663 3101 5711 Baliais
3122 5663 3279 5718 inum,
3302 5661 3386 5711 lib.
3407 5674 3495 5721 vix,
3518 5664 3583 5711 de
3603 5667 3717 5722 Bap-

2115 5733 2277 5789 tismo,
2307 5742 2415 5791 cap.
2440 5738 2485 5781 8.
