3998 6188
318 249 419 305 961

1508 237 1603 296 DE
1667 237 1890 296 ΚΕΒῠὸ
1940 235 1944 238 ’
1969 232 2548 294 ECCLESIASTICIS.

3519 229 3626 286 962

324 387 437 428 non
497 369 613 427 vult
674 365 976 425 salvatione
1039 380 1232 423 carere
1262 378 1427 436 quam
1464 363 1681 420 illorum
1720 361 1920 419 meruit
1941 364 1992 427 A
2024 376 2151 417 nem
2183 378 2198 428 ;
2229 365 2283 416 et
2312 367 2371 415 ut
2391 372 2589 414 munus
2609 354 2798 428 populi
2811 353 2868 410 in
2888 350 3263 427 quotidianam
3292 349 3627 408 oblationem

322 460 451 517 ﬁde.
501 460 627 516 Non
669 465 852 514 autem
894 464 1054 529 pater
1100 454 1262 511 debet
1291 453 1380 511 vel
1412 462 1590 510 mater
1642 452 1713 508 de
1773 450 1922 508 fonte

325 565 483 606 suam
512 547 793 620 suscipere
823 545 1087 613 sobolem,
1119 552 1176 600 ut
1197 545 1266 600 sit
1294 544 1547 600 discretio
1576 542 1716 599 inter
1754 543 1921 615 spiri-

324 639 490 696 talem
519 637 930 711 generationem
958 643 1120 708 atque
1149 634 1442 692 carnalem.
1495 632 1653 702 Quod
1698 631 1746 687 si
1788 647 1922 688 casu

321 728 583 795 evenerit,
614 743 726 784 non
757 726 1036 782 habebunt
1065 724 1304 787 carnalis
1319 723 1530 795 c0pulm
1560 722 1821 794 deinceps
1850 720 1922 777 ad

319 819 556 875 invicem
585 816 938 883 consortium,
971 815 1065 887 qui
1109 815 1167 870 in
1214 812 1490 870 communi
1537 809 1648 868 filio
1693 826 1919 881 compa-

321 907 596 964 ternitatis
626 906 870 978 spiritale
900 903 1173 962 vinculum
1194 910 1574 975 susceperunt.
1607 899 1921 973 Baptizandi

319 1006 446 1053 sunt
472 998 657 1068 itaque
688 1011 798 1051 non
827 994 1005 1050 solum
1033 1010 1136 1065 per
1164 1001 1380 1049 aetatem
1419 991 1708 1064 loquentes
1738 997 1792 1046 et
1830 989 1919 1045 in-

325 1085 635 1159 telligentes
662 1101 784 1157 quae
810 1092 1068 1158 aguntur,
1102 1083 1201 1139 sed
1234 1082 1399 1138 etiam
1425 1080 1668 1136 nondum
1711 1094 1813 1150 per
1859 1094 1921 1135 se

323 1175 412 1232 vel
438 1190 541 1246 pro
570 1190 631 1230 se
658 1173 962 1246 loquentes.
997 1173 1149 1229 Sicut
1190 1172 1355 1227 etiam
1402 1170 1644 1242 synodus
1683 1168 1918 1225 Cartha-

321 1263 569 1336 ginensis
598 1261 955 1335 baptizandos
986 1261 1173 1317 statuit
1201 1268 1459 1335 aegrotos,
1493 1258 1585 1332 qui
1609 1258 1725 1328 jam
1769 1256 1920 1330 loqui

322 1368 436 1409 non
481 1359 733 1424 possunt,
784 1367 909 1408 cum
951 1350 1252 1407 voluntatis
1308 1364 1497 1405 eorum
1550 1345 1920 1403 testimonium

322 1442 407 1497 sui
433 1441 687 1508 dixerint,
735 1449 828 1496 aut
855 1440 958 1511 ipsi
1013 1440 1283 1512 aliquibus
1331 1438 1503 1509 signis
1560 1435 1918 1507 comprobare

318 1531 614 1603 potuerint.
648 1530 868 1586 Mortuis
897 1546 1030 1585 vero
1060 1528 1327 1599 baptisma
1359 1527 1447 1583 vel
1493 1525 1914 1591 Eucharistiam,

321 1620 442 1677 dari
464 1620 764 1692 supradicti
793 1619 898 1675 loci
917 1618 1236 1690 prohibetur
1250 1616 1501 1682 concilio,
1527 1614 1773 1687 quamvis
1802 1613 1917 1685 pri-

2022 450 2255 507 Domino
2286 448 2617 515 immoletur,
2637 460 2869 514 necnon,
2907 442 3208 500 secundum
3240 449 3434 497 statuta
3452 454 3626 497 cano-

2022 540 2162 608 nica,
2196 539 2254 594 in
2299 537 2745 594 sustentationem
2808 549 3113 607 pauperum
3170 540 3221 588 et
3270 529 3626 587 restauratio-

2022 645 2150 686 nem
2178 628 2534 685 ecclesiarum
2578 624 2847 699 proficiat.
2912 622 3160 692 Quatuor
3214 621 3359 677 enim
3414 626 3623 691 partes,

2016 720 2172 789 juxta
2220 732 2479 782 canones,
2529 714 2644 772 fieri
2697 715 2768 770 de
2815 712 3057 769 ﬁdelium
3110 709 3476 768 oblationibus
3522 708 3625 763 de-

2022 808 2170 875 bent,
2203 816 2259 862 ut
2291 822 2402 862 una
2428 806 2497 861 sit
2544 804 2807 877 episc0pi,
2856 803 3028 859 altera
3073 802 3420 866 clericorum,
3462 796 3626 854 tertia

2020 912 2345 969 pauperum,
2396 904 2592 970 quarta
2652 891 3034 950 restaurationi
3096 890 3449 947 ecclesiarum
3506 902 3627 944 ser-

2020 994 2192 1043 vetur.

2553 1126 2779 1184 CAPUT
2815 1124 3078 1181 XXVIII.

2527 1282 2603 1337 De
2638 1280 2860 1336 litaniis
2881 1276 3135 1351 agendis.

2077 1438 2347 1509 Litanias;
2360 1438 2415 1493 id
2444 1446 2528 1495 est
2571 1438 2883 1510 rogationes
2912 1436 3160 1508 publicas
3203 1434 3361 1505 (quas
3383 1431 3623 1501 majores

2018 1532 2299 1600 vocamus)
2328 1528 2559 1584 Romani
2608 1544 2711 1583 una
2758 1528 2847 1582 die
2891 1524 3259 1589 denominata,
3307 1521 3363 1576 id
3403 1528 3487 1575 est
3540 1516 3624 1574 'vn

2020 1617 2143 1673 Kal.
2176 1618 2301 1672 Maii
2329 1617 2601 1672 annuatim
2631 1615 2811 1673 facere
2859 1616 3036 1671 solent
3081 1632 3095 1669 :
3129 1627 3263 1684 quas
3320 1608 3623 1682 Gregorius

320 1709 425 1764 mis
452 1707 854 1780 praedicationis
884 1706 1216 1789 evangelicae
1246 1706 1581 1777 temporibus
1620 1704 1754 1758 tanti
1801 1702 1916 1759 fer-
1946 1722 2161 1789 Bpapa
2204 1707 2356 1762 initio
2403 1706 2760 1762 ordinationis
2805 1720 2920 1760 sum
2974 1703 3219 1771 instituit,
3277 1705 3428 1775 dum,
3498 1713 3623 1776 post

320 1798 467 1854 voris
496 1797 715 1869 quidam
742 1797 797 1852 in
827 1786 1012 1852 divina
1032 1795 1353 1853 credulitate
1384 1792 1696 1849 referuntur
1725 1791 1915 1860 fuisse,

319 1894 378 1942 ut
407 1902 508 1958 pro
539 1886 863 1958 quibusdam
894 1884 1253 1951 charissimis,
1290 1891 1417 1939 ante
1456 1880 1918 1937 annuntiationem

316 1976 559 2032 veritatis
588 1976 676 2032 vel
704 1975 956 2047 baptismi
985 1974 1392 2046 perceptionem
1417 1971 1704 2039 defunctis,
1736 1970 1917 2041 bapti-

315 2065 426 2120 zari
456 2066 755 2121 studerent.
788 2064 947 2135 Quod
978 2063 1257 2136 apostolus
1314 2062 1507 2117 Paulus
1538 2062 1607 2116 ad
1663 2068 1915 2115 astruen—

322 2154 451 2211 dam
480 2154 900 2209 resurrectionis
930 2152 1094 2209 fidem
1123 2158 1510 2209 commemorat
1538 2150 1589 2221 (Ι
1620 2150 1742 2207 Cor.
1765 2150 1864 2217 xv)
1899 2166 1914 2217 ;

318 2242 447 2315 quia
474 2244 581 2298 nisi
611 2243 966 2300 crederentur
992 2241 1375 2307 resurrecturi,
1407 2238 1629 2296 stultum
1658 2245 1774 2294 erat
1815 2251 1917 2308 pro

319 2332 401 2388 eis
430 2332 651 2405 quijam
680 2348 790 2390 non
809 2332 1133 2390 exsisterent
1161 2345 1342 2386 orare.

869 2527 1095 2583 CAPUT
1124 2525 1352 2582 XXVII.

818 2653 893 2708 De
923 2652 1162 2708 decimis
1202 2650 1425 2706 dandis.

367 2797 626 2854 Decimas
655 2797 774 2853 Deo
802 2803 856 2851 et
882 2795 1253 2852 sacerdotibus
1282 2794 1383 2850 Dei
1404 2791 1613 2849 dandas
1642 2790 1917 2848 Abraham

318 2886 480 2943 lactis
530 2886 693 2958 (Gen.
733 2888 877 2955 xiv),
928 2885 1096 2941 Jacob
1124 2882 1409 2956 promissis
1463 2881 1702 2938 insinuat
1751 2880 1911 2951 (Gen.

315 2977 540 3045 xxviii),
564 2974 763 3031 deinde
776 2974 864 3030 lex
894 2973 1081 3029 statuit
1110 2974 1255 3045 (Lev.
1287 2987 1479 3039 xxvu;
1512 2973 1678 3028 Nam.
1724 2970 1911 3042 xvm),

313 3074 366 3121 et
393 3081 585 3121 omnes
614 3065 869 3121 doctores
899 3063 1075 3120 sancti
1104 3069 1554 3120 commemorant.
1578 3061 1645 3116 Et
1666 3059 1913 3133 profecto
1934 3094 1983 3159 Ο

309 3155 536 3229 dignum
567 3161 772 3210 eratut
810 3154 1068 3208 Israelita
1095 3152 1340 3208 decimas
1395 3166 1655 3221 pecorum
1692 3158 1747 3206 et
1794 3149 1914 3205 fru-

311 3260 463 3317 gum,
497 3253 550 3299 et
578 3243 819 3299 omnium
846 3242 1199 3313 pecuniarum
1234 3240 1466 3295 Domino
1505 3238 1714 3304 darent,
1740 3238 1832 3310 qui
1858 3246 1917 3293 ut

313 3348 409 3388 eos
437 3332 716 3399 liberaret,
750 3332 943 3388 decem
971 3331 1150 3404 plagis
1194 3327 1467 3401 percussit
1510 3326 1815 3398 Egyptios,
1863 3333 1916 3381 et

310 3420 366 3476 in
396 3421 696 3477 novissima
723 3420 888 3493 plaga
917 3420 1281 3493 primogenita
1328 3424 1649 3474 cunctorum
1696 3415 1913 3486 disper-

311 3509 467 3576 didit,
501 3510 837 3583 gratiamque
868 3510 982 3564 suis
1002 3508 1271 3581 praestitit,
1307 3514 1366 3562 ut
1394 3504 1696 3577 impetratis
1738 3519 1913 3576 pecu-

310 3598 414 3654 niis
444 3599 737 3670 spoliarent
766 3599 1077 3670 Egyptum.
1112 3598 1192 3653 De
1214 3595 1411 3668 quibus
1454 3594 1681 3651 decimis
1718 3597 1912 3667 Augu-

312 3688 484 3743 stinus
513 3688 705 3744 doctor
732 3686 1179 3758 mirabilisdicit:
1218 3707 1239 3736 α
1258 3685 1497 3740 Decimae
1509 3700 1574 3740 ex
1603 3682 1788 3738 debito
1817 3699 1910 3739 re-

311 3777 615 3849 quiruntur.
647 3776 793 3847 Quid
821 3776 867 3831 si
887 3776 1096 3832 diceret
1123 3776 1292 3840 Deus,
1340 3789 1538 3843 nempe
1571 3790 1584 3827 :
1627 3773 1781 3828 Meus
1828 3788 1908 3840 es,

311 3882 344 3922 ο
370 3866 555 3933 homo,
589 3882 710 3922 mea
734 3874 817 3922 est
844 3873 989 3921 terra
1018 3880 1177 3936 quam
1207 3863 1363 3929 colis,
1394 3878 1516 3917 mea
1547 3869 1671 3917 sunt
1705 3859 1911 3918 semina

311 3972 433 4027 quae
464 3955 702 4029 spargis,
733 3971 852 4010 mea
912 3953 1166 4009 animalia
1196 3968 1316 4024 quae
1371 3950 1581 4023 fatigas,
1643 3966 1799 4005 meus
1829 3956 1913 4004 est

311 4044 461 4100 calor
490 4044 643 4111 solis,
666 4052 720 4099 et
776 4059 900 4100 cum
927 4042 1107 4099 omnia
1162 4057 1288 4098 mea
1319 4041 1445 4109 sint,
1491 4049 1547 4095 tu
1594 4040 1687 4111 qui
1731 4038 1910 4094 minus

306 4132 891 4199 accommodas,solam
908 4132 1178 4188 decimam
1191 4130 1493 4186 merebaris
1515 4129 1543 4184 ?
1563 4129 1670 4185 Sed
1691 4144 1910 4185 reserva

307 4222 405 4278 tibi
434 4238 654 4293 novem,
686 4222 758 4278 da
785 4222 917 4277 mihi
958 4222 1248 4278 decimam.
1282 4220 1338 4275 Si
1359 4235 1472 4276 non
1507 4218 1725 4275 dederis
1753 4217 1908 4275 deci-

308 4327 457 4366 mam
483 4311 616 4367 mihi
652 4311 892 4367 auferam
936 4326 1155 4367 novem.
1188 4310 1247 4365 Si
1297 4307 1518 4364 dederis
1562 4307 1697 4362 mihi
1752 4306 1907 4363 deci-

2019 1811 2280 1868 aquarum
2311 1795 2719 1851 inundationem
2752 1794 3045 1861 insolitam,
3077 1794 3381 1866 inguinaria
3438 1804 3493 1852 et
3533 1796 3623 1852 in—

2018 1886 2173 1940 solita
2201 1885 2339 1951 lues,
2374 1884 2552 1956 primo
2581 1884 2806 1956 Pelagio
2839 1899 2980 1955 papa
3029 1884 3296 1940 exstincto
3358 1884 3621 1957 populum

2017 1982 2247 2030 vastaret
2278 1974 2600 2030 Romanum.
2650 1972 2789 2041 Quia
2805 1980 2934 2027 tunc
2982 1987 3047 2027 eo
3094 1973 3258 2028 modo
3342 1982 3624 2045 septenam

2016 2062 2282 2118 ordinavit
2344 2062 2605 2128 litaniam,
2655 2061 2792 2117 sicut
2828 2060 3027 2115 Paulus
3075 2060 3131 2115 in
3182 2062 3366 2117 Gestis
3408 2063 3620 2136 Longo-

2017 2152 2312 2207 bardorum
2334 2158 2723 2207 commemorat
2745 2151 2833 2219 (In
2854 2151 3116 2208 Mauritio
3136 2152 3275 2224 imp.
3296 2151 3333 2222 ),
3360 2159 3417 2206 ut
3436 2166 3626 2223 preca-

2016 2249 2164 2296 turos
2194 2240 2483 2295 Dominum
2516 2240 2568 2294 in
2621 2246 2829 2310 septem
2858 2246 3064 2293 turmas
3095 2239 3462 2309 distribuerat,
3515 2255 3625 2313 quo

2018 2330 2275 2401 pietatem
2306 2328 2524 2384 Domini
2553 2327 2905 2398 multiplicius
2934 2327 3310 2399 implorarent.
3347 2329 3407 2383 In
3444 2328 3624 2399 primo

2018 2420 2183 2475 choro
2214 2419 2312 2473 fuit
2339 2419 2540 2485 clerus,
2592 2417 2648 2473 in
2698 2417 2939 2472 secundo
2983 2417 3209 2473 abbates
3259 2433 3451 2474 omnes
3496 2433 3622 2476 cum

2016 2508 2295 2563 monachis
2329 2508 2463 2574 suis,
2495 2508 2550 2561 in
2583 2506 2741 2562 tertio
2770 2522 2962 2561 omnes
2989 2506 3264 2562 abbatisse
3312 2521 3437 2563 cum
3482 2522 3621 2564 con-

2017 2596 2423 2670 gregationibus
2453 2595 2587 2661 suis,
2610 2594 2664 2650 in
2699 2603 2891 2667 quarto
2922 2610 3113 2651 omnes
3141 2595 3317 2667 pueri,
3336 2596 3393 2649 in
3434 2596 3621 2668 quinto

2016 2702 2207 2741 omnes
2262 2685 2408 2751 laici,
2466 2685 2523 2739 in
2580 2692 2732 2739 sexto
2788 2700 2981 2740 omnes
3036 2684 3234 2751 viduae,
3277 2684 3331 2738 in
3388 2684 3620 2756 septimo

2017 2791 2207 2830 omnes
2238 2774 2499 2829 mulieres
2528 2773 2855 2847 conjugatm.
2888 2774 3176 2829 Triduanae
3198 2780 3378 2829 autem
3399 2773 3617 2840 litanias,

2017 2882 2137 2937 quae
2156 2865 2418 2936 proximis
2438 2863 2629 2919 diebus
2651 2870 2779 2918 ante
2800 2863 3190 2919 Ascensionem
3210 2862 3426 2917 Domini
3441 2878 3620 2919 annue

2015 2969 2117 3024 per
2146 2969 2338 3009 omnes
2369 2952 2664 3008 Galliarum
2695 2952 2781 3008 vel
2812 2951 3122 3008 Germanim
3153 2951 3427 3008 Ecclesias
3465 2951 3617 3008 cele-

2017 3043 2263 3109 brantur,
2286 3042 2340 3097 in
2373 3041 2561 3097 Galliis
2592 3049 2714 3096 sunt
2759 3042 3081 3098 constitutae.
3133 3041 3492 3113 Temporibus
3535 3041 3615 3096 si-

2017 3132 2236 3205 quidem
2265 3131 2523 3187 Clodovei
2553 3130 2699 3202 regis
2747 3131 3097 3199 Francorum,
3150 3130 3396 3203 quicum
3449 3139 3613 3204 gente

2016 3239 2114 3277 sua
2168 3222 2375 3293 primus
2432 3213 2765 3276 Christianus
2797 3219 3021 3275 effectus
3077 3227 3179 3286 est,
3237 3219 3366 3273 dum
3425 3220 3615 3276 civitas

2014 3310 2410 3365 Viennensium
2495 3309 2691 3366 crebro
2765 3316 3079 3364 terrmmolu
3153 3309 3501 3377 subrueretur
3564 3317 3618 3365 et

2015 3397 2316 3453 bestiarum
2354 3397 2696 3454 desolaretur
2734 3398 2976 3464 incursu,
3028 3405 3250 3453 sanctus
3302 3399 3612 3468 Mamertus,

2014 3488 2258 3556 ejusdem
2318 3486 2549 3543 civitatis
2580 3487 2892 3557 episc0pus,
2954 3501 3049 3540 eas
3081 3485 3280 3557 legitur
3330 3502 3429 3558 pro
3459 3487 3615 3542 malis

2014 3592 2135 3647 qua:
2162 3575 2550 3646 praemisimus,
2582 3574 2891 3629 ordinasse.
2926 3572 3075 3641 Quas
3090 3574 3499 3630 Aurelianensis
3516 3592 3611 3648 sy-

2011 3664 2189 3719 nodus
2221 3672 2274 3718 et
2305 3678 2372 3718 eo
2402 3671 2643 3733 tempore
2670 3662 2828 3732 jubet
2856 3659 2991 3727 fieri,
3018 3669 3069 3716 et
3099 3662 3170 3717 ab
3201 3678 3366 3734 opere
3403 3664 3608 3731 servili,

2011 3761 2068 3807 ut
2094 3752 2307 3824 plenius
2333 3752 2697 3821 celebrentur,
2751 3766 2942 3806 omnes
2969 3766 3182 3806 vacare.
3233 3751 3458 3823 Hispani
3507 3768 3610 3807 au-

2010 3849 2141 3907 tem,
2174 3848 2400 3914 propter
2429 3841 2534 3897 hoc
2565 3841 2712 3914 quod
2743 3840 3006 3911 scriptum
3045 3848 3127 3895 est
3161 3857 3175 3894 :
3208 3840 3329 3897 Non
3366 3846 3609 3914 possunt

2008 3932 2118 4001 ﬁlii
2163 3932 2354 4005 sponsi
2388 3932 2595 4003 lugere,
2629 3929 2883 4004 quandiu
2933 3945 3063 3985 cum
3092 3930 3214 3984 illis
3251 3932 3337 3985 est
3374 3946 3611 4002 sponsu:

2010 4021 2232 4094 (Matth.
2251 4022 2359 4093 ιχ),
2382 4019 2522 4076 infra
2545 4018 3067 4092 Quinquagesimam
3084 4018 3309 4075 Pascha;
3347 4034 3609 4076 recusan-

2008 4118 2091 4166 tes
2115 4110 2379 4180 jejunare,
2413 4108 2628 4164 litanias
2659 4124 2786 4163 suas
2809 4116 2933 4179 post
2975 4109 3355 4164 Pentecostem
3400 4124 3606 4180 posue-

2006 4208 2149 4265 runt,
2192 4199 2398 4271 quinta,
2434 4207 2585 4256 sexta
2615 4206 2667 4254 et
2697 4197 2924 4269 septima
2952 4195 3104 4252 feriis
3136 4197 3607 4267 ejusdemhebdo-

2005 4289 2201 4355 madis,
2227 4305 2321 4344 eas
2350 4288 2629 4345 facientes.
2652 4287 2757 4342 Alii
2780 4302 2970 4342 eorum
2990 4286 3175 4342 Idibus
3209 4286 3607 4343 Decembribus

305 4415 476 4470 mam,
507 4400 881 4471 multiplicabo
928 4415 1145 4455 novem.
1185 4420 1208 4449 ι
1243 4398 1380 4453 Cum
1412 4398 1595 4469 itaque
1649 4395 1907 4452 Iudaicus
1932 4459 1980 4471 κ
2006 4378 2313 4471 ῐνίάιξθηξιῐη
2362 4385 2661 4471 ξῑξιίυειᾫηῐ
2705 4375 3021 4471 ἓθὶιωίυῐῐξ)
3054 4375 3145 4471 θξῆ
3183 4374 3445 4431 Kalendis
3491 4358 3607 4433 Πέ-

302 4459 542 4561 populus
570 4459 904 4561 praiseptum
935 4489 1274 4544 decimarum
1296 4495 1443 4542 tanta
1473 4459 1754 4559 diligentia
1800 4483 1904 4540 ob-
1932 4459 1986 4521 D
2008 4468 2341 4561 (ξξῖῐῖῖξιξίδυε-
2376 4467 2687 4561 Νοίδυάωη
2715 4473 2895 4561 ante?
2951 4464 3167 4520 litanias
3223 4480 3335 4520 non
3392 4472 3599 4521 ῑθῐιῐυῐῐι

307 4586 578 4647 servaret,
612 4586 671 4634 ut
700 4578 768 4634 de
797 4578 1036 4633 minimis
1093 4577 1400 4650 quibusque
1448 4574 1733 4641 olusculis,
1782 4582 1906 4629 ruta

304 4667 579 4734 videlicet,
610 4669 833 4724 mentha
859 4675 912 4722 et
941 4666 1177 4739 cymino,
1207 4675 1265 4721 ut
1294 4666 1411 4736 ipse
1442 4663 1706 4720 Dominus
1734 4669 1904 4719 testa-

303 4762 396 4811 tur
425 4756 647 4825 (Matth.
693 4756 879 4828 χχιιι),
913 4755 1160 4813 decimas
1214 4756 1391 4821 daret,
1425 4769 1525 4809 cur
1579 4769 1689 4808 non
1716 4751 1905 4822 majori
1934 4764 1947 4773 ‘

301 4844 483 4901 studio
510 4845 667 4917 plebs
695 4845 1013 4917 evangelica
1044 4844 1290 4900 eamdem
1322 4843 1548 4914 impleat
1575 4842 1899 4912 jussionem,

302 4934 396 4990 cui
424 4941 478 4989 et
507 4934 680 5004 major
709 4942 791 4990 est
832 4950 1092 4989 numerus
1144 4932 1494 4989 sacerdotum
1540 4938 1593 4989 et
1637 4931 1903 4987 sincerior

303 5018 484 5079 cultus
513 5031 979 5079 sacramentorum
998 5024 1026 5078 ?
1057 5023 1187 5078 Ideo
1216 5038 1348 5095 ergo
1377 5021 1575 5077 dandae
1604 5028 1728 5076 sunt
1748 5019 1900 5076 deci-

300 5127 428 5173 mae.
460 5120 517 5167 ut
549 5112 654 5168 hac
682 5112 969 5168 devotione
1016 5113 1164 5168 Deus
1194 5111 1465 5182 placatus,
1498 5109 1705 5183 largius
1759 5122 1901 5181 prae-

301 5207 410 5256 stet
438 5216 562 5273 qua:
589 5200 902 5257 necessaria
932 5208 1076 5268 sunt,
1111 5200 1250 5257 sicut
1271 5199 1522 5272 superius
1540 5198 1895 5255 ostendimus.

297 5292 380 5346 Ac
409 5297 467 5344 ut
497 5290 809 5346 sacerdotes
836 5298 891 5345 et
919 5290 1154 5345 ministri
1180 5289 1465 5356 Ecclesiae,
1499 5304 1629 5345 cura
1659 5295 1713 5344 et
1743 5286 1898 5343 solli-

295 5378 537 5436 citudine
565 5379 952 5435 necessitatum
992 5379 1357 5451 corporalium
1385 5377 1581 5451 quibus
1612 5376 1730 5433 sine
1781 5376 1901 5433 haec

296 5466 408 5523 vita
435 5468 665 5541 transigi
692 5484 802 5525 non
831 5476 1032 5540 potest,
1065 5467 1314 5535 relevati,
1348 5467 1629 5524 liberiores
1659 5465 1792 5521 fiant
1829 5464 1898 5522 ad

295 5556 704 5615 meditationem
732 5557 929 5615 divinae
974 5557 1138 5631 legis,
1175 5566 1231 5616 et
1257 5556 1516 5615 doctrinae
1545 5554 1896 5612 administra-

299 5644 529 5719 tionem,
558 5654 724 5721 atque
754 5646 1011 5721 spiritalis
1030 5645 1239 5707 servitii
1265 5645 1624 5707 voluntariam
1642 5643 1899 5720 explatio-

2006 4556 2114 4612 dici
2143 4555 2292 4611 illam
2324 4555 2698 4611 recitationem
2730 4553 3010 4609 nominum
3039 4568 3143 4626 qua
3172 4553 3345 4609 sancti
3375 4553 3427 4607 in
3455 4553 3610 4624 adju-

2006 4645 2206 4701 torium
2263 4652 2527 4700 vocantur
2583 4641 2915 4698 infirmitatis
2959 4643 3231 4709 humanas,
3295 4642 3393 4698 sed
3447 4643 3605 4699 etiam

2007 4742 2200 4790 cuncta
2229 4750 2351 4807 quae
2376 4731 2860 4805 supplicationibus
2913 4730 3047 4785 ﬁunt
3078 4731 3391 4802 rogationes
3420 4732 3607 4804 appel-

2005 4822 2124 4879 lari.
2158 4824 2361 4878 Litania
2392 4831 2571 4878 autem
2606 4829 2912 4877 sanctorum
2942 4819 3223 4876 nominum
3248 4828 3438 4892 postea
3474 4836 3603 4878 cre-

2004 4913 2150 4967 ditur
2177 4913 2231 4966 in
2258 4929 2416 4967 usum
2448 4920 2725 4982 assumpta
2755 4924 2919 4983 quam
2959 4910 3323 4981 Hieronymus
3350 4911 3601 4984 Maryro-

2004 5000 2228 5074 legium,
2262 5009 2476 5058 secutus
2506 5000 2806 5056 Eusebium
2863 5000 3287 5071 Caesareensem,
3318 5015 3421 5071 per
3469 5001 3598 5057 anni

2004 5089 2261 5146 circulum
2316 5090 2661 5160 conscripsit,
2723 5105 2785 5145 ea
2858 5087 3146 5144 occasione
3204 5089 3270 5142 ab
3328 5089 3603 5163 episcopis

2002 5178 2311 5235 Chromatio
2340 5187 2393 5235 et
2421 5179 2711 5235 Heliodoro
2737 5176 2869 5232 illud
2897 5193 3034 5248 opus
3092 5185 3315 5250 rogatus
3372 5194 3603 5251 compo-

2000 5262 2129 5325 nere
2160 5286 2175 5323 :
2209 5269 2336 5341 quia
2363 5267 2699 5325 Theodosius
2747 5266 3034 5338 religiosus
3060 5265 3353 5339 imperator
3381 5269 3436 5325 in
3465 5284 3602 5326 con-

2000 5357 2125 5413 cilio
2155 5358 2535 5430 episcoporum
2563 5356 2799 5412 laudavit
2827 5355 3159 5428 Gregorium
3190 5357 3603 5413 Cordubensem

2000 5447 2315 5519 episcOpum
2346 5447 2489 5520 quod
2538 5445 2685 5503 omni
2727 5445 2815 5503 die
2844 5445 3039 5501 missas
3080 5446 3357 5518 explicans
3409 5461 3602 5503 eorum

1999 5553 2316 5619 martyrum,
2348 5562 2579 5620 quorum
2607 5543 2840 5603 natalitia
2865 5550 3069 5617 essent,
3106 5544 3328 5602 nomina
3372 5541 3601 5616 plurima

2002 5652 2480 5706 commemoraret.
