3998 6188
398 265 500 318 963

997 387 1221 444 CAPUT
1258 388 1412 444 XXI.

914 497 990 552 De
1011 514 1156 569 aqua
1181 498 1510 569 sponsionis.

479 631 694 702 Aquam
733 629 1027 701 sparsionis
1051 645 1173 686 cum
1204 631 1318 688 sale
1341 632 1611 699 benedici,
1659 639 1711 688 et
1757 632 1813 688 in
1855 633 2014 689 habi-

408 719 604 776 taculis
635 718 873 775 ﬁdelium
921 719 1131 793 spargi,
1165 721 1476 777 Alexander
1520 738 1661 793 papa
1711 723 2010 780 constituit.

409 809 557 864 Sicut
591 808 734 864 enim
759 807 994 880 populus
1024 810 1194 879 prior,
1245 810 1514 881 legalibus
1534 812 1789 867 institutis
1821 812 2013 869 deser-

409 897 584 965 viens,
627 899 894 970 sanguine
924 897 1255 953 lustrabatur
1283 900 1481 971 (Exod.
1516 901 1701 972 xxiv),
1737 901 1805 956 ita
1839 919 2014 957 novus

410 986 837 1041 Christianorum
867 987 1118 1058 populus,
1153 989 1407 1059 baptismi
1456 998 1800 1046 sacramento
1855 1007 2014 1047 rena-

409 1082 514 1136 tus,
548 1075 714 1147 digne
744 1092 886 1148 aqua
919 1076 1206 1133 benedicta
1238 1079 1564 1149 aspergitur,
1615 1088 1669 1134 ut
1719 1080 1858 1136 sicut
1891 1097 2013 1135 san-

409 1165 532 1235 guis
569 1165 698 1238 agni
721 1165 774 1219 in
804 1166 1047 1236 postibus
1079 1167 1147 1222 ad
1202 1168 1578 1238 repellendum
1625 1185 2011 1239 percussorem

407 1254 716 1325 ponebatur
747 1255 946 1326 (Exod.
986 1261 1111 1326 xu),
1145 1257 1216 1311 ita
1246 1257 1563 1329 mysterium
1596 1275 1752 1330 aqua
1781 1275 2013 1332 corpora

407 1351 459 1398 et
488 1343 607 1400 loca
638 1345 846 1399 muniat
874 1353 1208 1400 renatorum.

994 1499 1218 1555 CAPUT
1249 1500 1429 1554 XXX.

860 1608 936 1661 De
981 1607 1365 1663 benedictione
1396 1609 1562 1664 cerei.

909 261 1314 319 WALAFRIDI
1351 262 1595 322 STRABI
1632 261 1830 324 FULD.
1871 263 2047 324 MON.
2087 263 2241 324 OPP.
2282 267 2456 325 PARS
2495 267 2537 324 Ι.
2579 297 2648 315 --
2685 269 3156 328 THEOLOGICA.

3594 277 3696 330 965

2044 391 2197 453 Aris
2240 394 2492 450 omnibus
2540 394 2952 452 anteferendum
3005 397 3324 453 ostenditur.
3385 399 3494 454 Sed
3540 408 3718 470 potest

2117 482 2281 537 trium
2315 483 2563 540 locorum
2609 486 2905 541 eminentia
2949 486 3021 541 ad
3051 502 3214 541 unam
3258 486 3581 560 dignitatem
3629 503 3717 543 re-

2116 570 2264 639 ferri,
2299 573 2424 645 quia
2443 573 2497 628 in
2533 574 2744 631 duobus
2776 576 2973 631 horum
3008 575 3124 647 ipse
3157 577 3348 631 Petrus
3390 577 3527 632 sedit
3561 598 3576 644 ;
3611 587 3719 634 ter-

2115 660 2248 717 tium
2277 662 2646 729 nihilominus,
2679 664 2733 718 id
2766 673 2846 720 est
2876 665 3282 734 Alexandriam,
3333 682 3434 737 per
3481 667 3723 724 Marcum

2116 747 2284 805 filium
2319 769 2478 806 suum
2507 761 2560 808 et
2596 753 2973 826 Evangelium,
3027 755 3170 826 quod
3220 770 3285 809 ex
3314 770 3411 810 ore
3443 757 3563 824 ejus
3603 757 3720 828 ipse

2116 839 2333 896 Marcus
2364 841 2754 912 descripserat,
2790 859 2941 897 suam
2972 840 3226 898 effecerat
3259 843 3465 898 sedem.
3509 844 3720 899 Simili-

2115 936 2201 984 ter
2255 929 2672 1003 intelligendum
2735 931 2801 986 de
2855 931 3243 1002 principatibus
3300 931 3506 1000 szeculi,
3576 936 3723 1006 quod

2116 1019 2362 1090 quamvis
2393 1019 2447 1072 in
2467 1020 2701 1074 diversis
2733 1019 2882 1075 orbis
2914 1021 3161 1091 partibus
3189 1038 3289 1092 per
3329 1029 3582 1093 tempora
3630 1041 3724 1080 sua

2115 1105 2386 1174 fulserint,
2423 1117 2602 1163 tamen
2632 1109 2699 1163 ad
2723 1109 2812 1178 jus
2850 1110 3171 1176 Romanum,
3197 1111 3350 1181 quasi
3387 1128 3557 1166 unum
3601 1114 3724 1184 api-

2115 1213 2256 1264 cem,
2289 1205 2563 1268 postremo
2593 1214 2783 1254 omnes
2815 1215 2956 1269 pene
2987 1199 3140 1254 relati
3173 1208 3315 1254 sunt.
3361 1201 3726 1272 Comparetur

2115 1302 2251 1359 ergo
2276 1301 2421 1358 papa
2450 1289 2721 1342 Romanus
2751 1287 3008 1360 Augustis
3039 1296 3090 1343 et
3121 1288 3443 1357 Cmsaribus,
3494 1291 3726 1360 patriar-

2111 1375 2232 1431 cha:
2263 1391 2394 1431 vero
2427 1376 2696 1447 patriciis,
2753 1376 2841 1448 qui
2887 1377 3050 1448 primi
3098 1385 3220 1447 post
3250 1378 3495 1433 Caesares
3526 1378 3586 1432 in
3617 1380 3725 1433 im-

2113 1463 2283 1535 periis
2328 1463 2494 1520 fuisse
2539 1465 2832 1520 videntur:
2866 1465 2938 1520 ita
2980 1474 3031 1520 et
3080 1465 3193 1532 isti,
3244 1467 3336 1537 qui
3379 1467 3510 1521 satis
3565 1469 3728 1539 pauci

2115 1560 2257 1618 sunt,
2293 1553 2454 1625 primi
2492 1562 2618 1625 post
2648 1555 2807 1609 trium
2852 1555 3062 1611 sedium
3113 1556 3376 1626 praesules
3419 1556 3714 1614 habentur.

2113 1641 2324 1697 Deinde
2400 1643 2858 1714 archiepiscopos,
2929 1644 3020 1716 qui
3091 1643 3224 1714 ipsis
3285 1646 3722 1716 metropolitanis

466 1721 696 1776 Cereum
727 1728 906 1776 autem
936 1721 1186 1778 benedici
1235 1738 1345 1777 nou
1393 1723 1569 1778 solum
1615 1722 1669 1777 in
1703 1721 2010 1794 principali-
2045 1731 2488 1815 Bpraaeminent,
2542 1733 2764 1805 regibus
2833 1733 3196 1789 conferamus.
3274 1735 3723 1806 Metropolitanos

405 1809 510 1865 bus
541 1810 807 1876 ecclesiis,
841 1811 938 1865 sed
958 1811 1119 1865 etiam
1149 1811 1204 1864 in
1242 1812 1530 1882 parochiis,
1573 1811 1820 1867 Zozimus
1867 1827 2007 1883 papa

407 1899 704 1954 constituit.
739 1899 897 1968 Quod
929 1899 1106 1970 ipsum
1138 1901 1369 1956 concilio
1400 1901 1662 1956 Toletano
1683 1901 2005 1968 ostenditur,

409 1989 678 2058 quosdam
740 1989 1099 2059 Hispanorum
1166 1989 1510 2056 observasse,
1582 1990 1848 2061 quosdam
1907 2007 2008 2046 ne-

411 2076 668 2146 glexisse.

981 2203 1204 2259 CAPUT
1233 2203 1442 2259 XXXI.

601 2327 955 2400 Comparatio
1003 2329 1518 2384 ecclesiasticarum
1565 2327 1826 2384 ordinum

978 2437 1034 2490 et
1057 2436 1441 2491 saecularium.

477 2558 633 2615 Circa
677 2559 870 2614 harum
895 2558 1100 2616 calcem
1129 2576 1312 2615 rerum
1344 2559 1519 2630 placet
1549 2559 1790 2615 inserere
1821 2575 2015 2632 quam-

411 2646 535 2702 dam
567 2647 908 2704 saecularium
958 2657 1118 2720 atque
1175 2648 1667 2704 ecclesiasticarum
1726 2664 2017 2719 compara-

410 2736 618 2792 tionem
638 2737 981 2810 dignitatum,
1019 2737 1269 2808 quamvis
1299 2753 1407 2792 non
1438 2738 1679 2793 nesciam
1720 2737 2019 2792 ordinatio-

407 2841 508 2882 nes
558 2833 888 2896 potestatum
928 2834 980 2881 et
1029 2825 1325 2881 ofﬁciorum
1366 2834 1513 2880 tanta
1561 2826 1875 2882 diversitate
1921 2843 2019 2897 pro

413 2915 676 2971 varietate
708 2915 972 2988 gentium,
1011 2914 1261 2971 locorum
1289 2923 1340 2970 et
1370 2923 1674 2985 temporum
1705 2915 2017 2986 perplexas,

406 3012 465 3060 ut
503 3005 572 3060 de
613 3004 692 3059 eis
736 3005 826 3058 vix
873 3003 1089 3075 aliquid
1137 3004 1273 3059 certi
1329 3004 1502 3073 possit
1545 3003 1761 3074 exponi.
1813 3003 2022 3072 Quotus

2119 1829 2299 1875 autem
2322 1821 2549 1876 ducibus
2580 1838 2984 1892 comparemus.
3016 1821 3155 1892 Quia
3174 1822 3309 1879 sicut
3329 1824 3496 1879 duces
3528 1824 3722 1898 singu-

2107 1908 2282 1964 larum
2314 1918 2438 1964 sunt
2468 1911 2901 1982 provinciarum,
2936 1911 3006 1966 ita
3036 1919 3089 1966 et
3127 1912 3208 1966 illi
3237 1912 3290 1966 in
3321 1913 3556 1984 singulis
3597 1930 3722 1985 pro-

2109 1998 2301 2054 vinciis
2351 1999 2585 2072 singulis
2640 2008 2928 2071 ponuntur.
2979 2001 3132 2057 Unde
3184 2001 3239 2055 in
3288 2001 3720 2058 Clialcedonensi

2111 2088 2351 2145 concilio
2377 2089 2597 2157 jubetur
2626 2106 2695 2144 ne
2723 2107 2828 2144 una
2873 2089 3152 2160 provincia
3181 2090 3233 2144 in
3259 2090 3396 2145 duos
3449 2101 3718 2162 metrOpo-

2111 2175 2309 2232 litanos
2341 2178 2630 2232 dividatur.
2665 2178 2824 2247 Quod
2855 2179 3082 2236 comites
3114 2179 3200 2234 vel
3238 2179 3481 2250 praefecti
3524 2181 3579 2234 in
3612 2197 3715 2236 sae-

2113 2266 2256 2335 culo,
2284 2267 2387 2323 hoc
2409 2267 2650 2340 epiSCOpi
2682 2268 2867 2324 caeteri
2888 2267 2940 2322 in
2974 2269 3220 2325 Ecclesia
3247 2269 3484 2339 explent.
3532 2271 3717 2325 Fertur

2115 2355 2261 2413 enim
2293 2355 2348 2410 in
2379 2355 2614 2412 Orientis
2630 2357 2874 2428 partibus
2898 2374 2998 2428 per
3022 2357 3265 2429 singulas
3281 2359 3446 2413 urbes
3477 2366 3532 2414 et
3574 2375 3714 2430 prae-

2121 2442 2356 2501 fecturas
2400 2445 2648 2518 singulas
2691 2463 2813 2502 esse
2842 2447 3225 2518 episcoporum
3253 2447 3705 2520 gubernationes.

2117 2534 2264 2590 Sicut
2295 2534 2491 2589 tribuni
2520 2535 2780 2590 militibus
2822 2543 3108 2606 praeerant,
3143 2536 3218 2590 ita
3265 2536 3492 2592 abbates
3527 2553 3714 2594 mona-

2119 2623 2257 2689 chis,
2295 2623 2511 2678 athletis
2535 2624 2890 2695 spiritalibus,
2921 2641 3158 2696 praesse
3174 2634 3495 2681 noscuntur.
3534 2625 3708 2694 Quem

2120 2712 2413 2767 admodum
2447 2722 2570 2767 sunt
2616 2714 2671 2767 in
2699 2714 2906 2784 palatiis
2947 2723 3316 2785 praeceptores
3359 2715 3446 2770 vel
3496 2716 3719 2770 comites

2119 2800 2325 2873 palatii,
2360 2802 2451 2874 qui
2481 2802 2824 2858 saecularium
2852 2819 3042 2858 causas
3087 2804 3364 2869 ventilant,
3409 2803 3481 2858 ita
3515 2812 3639 2859 sunt
3668 2813 3718 2860 et

2120 2889 2198 2944 illi
2231 2907 2368 2962 quos
2398 2908 2639 2946 summos
2670 2892 2978 2962 capellanos
3009 2892 3199 2948 Franci
3245 2893 3536 2964 appellant,
3557 2893 3720 2949 cleri-

2121 2994 2311 3035 corum
2341 2980 2517 3036 causis
2546 2981 2772 3051 praelati.
2807 2981 3080 3052 Capellani
3111 2982 3350 3036 minores
3380 2982 3453 3036 ita
3485 2991 3611 3037 sunt
3650 2983 3718 3037 si-

407 3088 555 3143 enim
595 3087 825 3160 quisque
854 3096 936 3142 est
965 3069 1056 3158 qui
1088 3104 1147 3142 se
1179 3069 1630 3153 scire-fateatur;
1662 3069 1878 3158 quibus,
1912 3104 2022 3142 non
2053 3117 2102 3181 Ο
2123 3077 2211 3126 θυι
2241 3069 2296 3168 ili
2326 3086 2460 3141 quos
2488 3086 2676 3181 vis}?
2725 3070 3029 3181 (ίοῐξιίηίξεοδ
3073 3071 3281 3169 Gai“?
3326 3073 3717 3181 οοηδυξδξυάιίηθ

411 3178 537 3233 dico
567 3177 936 3247 Assyriorum,
989 3175 1274 3230 Medorum
1306 3183 1359 3230 et
1397 3175 1777 3244 Macedonum,
1811 3177 1907 3231 sed
1937 3177 2024 3232 vel

411 3266 806 3329 Romanorum,
857 3264 1004 3335 quod
1050 3263 1230 3318 notius
1277 3271 1330 3318 et
1376 3263 1672 3334 proximius
1716 3265 1871 3319 nobis
1917 3273 2018 3332 est,

409 3353 702 3423 imperium
728 3353 926 3406 distrib
939 3359 1092 3406 utum
1110 3351 1272 3406 fuerit
1291 3359 1343 3407 et
1364 3353 1672 3407 ordinatum
1690 3354 2024 3409 administra-

405 3441 644 3496 tionibus
675 3449 725 3496 et
743 3439 934 3496 officiis
972 3460 986 3495 :
1017 3457 1139 3496 cum
1169 3458 1268 3511 per
1290 3441 1683 3514 longitudinem
1712 3451 2019 3514 temporum

407 3530 528 3585 alize
561 3538 858 3601 potestates
884 3529 1010 3584 aliis
1041 3540 1262 3586 mutatae
1295 3531 1422 3596 sint,
1455 3531 1578 3585 aliae
1609 3532 1855 3596 subditae,
1900 3533 2019 3589 alite

403 3621 619 3685 abditae,
653 3628 709 3674 ut
738 3620 858 3690 ipsa
887 3619 1236 3675 instabilitate
1268 3637 1443 3675 rerum
1485 3621 1780 3676 humanum
1811 3638 1932 3676 esse
1965 3630 2017 3677 et

407 3709 795 3780 temporarium
863 3710 1269 3780 comprobetur,
1335 3710 1480 3780 quod
1527 3711 1761 3782 quadam
1819 3710 2013 3766 incon-

404 3799 600 3854 stantia
629 3807 680 3854 et
709 3799 764 3852 in
795 3799 970 3868 majus
1005 3799 1284 3854 extenditu
1324 3806 1419 3853 ret
1449 3799 1504 3852 in
1559 3799 1737 3853 minus
1789 3809 2012 3855 contra-

399 3889 546 3943 hitur
575 3889 602 3943 ?
634 3887 866 3944 Omissis
898 3904 1037 3961 ergo
1057 3887 1297 3952 incertis,
1333 3904 1453 3958 qua:
1477 3887 1689 3942 notiora
1715 3897 1838 3942 sunt
1871 3889 2010 3943 invi-

400 3991 522 4032 cem
552 3992 950 4047 comparemus,
980 3983 1038 4031 ut
1069 3977 1424 4031 ostendamus
1455 3976 1832 4031 ordinationes
1861 3995 2011 4032 mun-

402 4065 560 4120 danae
604 4065 881 4135 sapientiae
929 4065 985 4119 in
1035 4064 1329 4135 spiritalem
1380 4064 1640 4120 Ecclesiae
1688 4066 2008 4121 universalis

405 4154 796 4225 rempublicam
838 4154 1011 4210 sacris
1057 4153 1496 4209 distinctionibus
1543 4163 1920 4222 commutatas,
1953 4155 2008 4209 in

404 4244 814 4298 similitudinem
880 4243 1112 4314 antiquae
1165 4242 1404 4297 historize
1471 4261 1574 4313 qua
1625 4244 1709 4299 vel
1761 4245 2007 4314 pecuniae

403 4333 776 4405 zEgyptiorum
806 4332 861 4386 in
892 4348 1049 4386 usum
1081 4331 1412 4387 tabernaculi
1445 4332 1644 4401 (Emori.
1673 4333 1755 4403 x1)
1781 4333 1885 4400 ,vel
1917 4350 2006 4389 ce-

406 4423 487 4476 dri
509 4423 578 4476 de
628 4422 834 4477 Libano
874 4421 1002 4477 (3838i
1045 4419 1100 4474 in
1137 4421 1322 4491 templi
1360 4420 1771 4476 aedificationem
1813 4422 2000 4492 profe-

2125 3157 2486 3214 nominamus.
2520 3159 2659 3214 Dicti
2713 3167 2834 3213 sunt
2862 3167 3042 3215 autem
3083 3159 3332 3230 primitus
3370 3160 3638 3230 capellani
3688 3176 3718 3214 ι

2123 3262 2294 3318 cappa
2342 3248 2486 3302 beati
2537 3248 2772 3317 Martini,
2823 3264 2984 3320 quam
3034 3265 3195 3319 reges
3250 3251 3586 3304 Francorum
3647 3249 3715 3304 ob

2122 3336 2442 3405 adjutorium
2474 3337 2715 3393 victoriae
2743 3338 2798 3391 in
2850 3338 3053 3409 praeliis
3101 3337 3348 3393 solebant
3397 3354 3589 3394 secum
3627 3340 3716 3392 ba-

2122 3423 2248 3481 bere
2283 3444 2295 3478 :
2329 3441 2490 3497 quam
2535 3427 2770 3481 ferentes
2819 3436 2871 3481 et
2917 3427 3285 3482 custodientes
3337 3444 3462 3483 cum
3510 3427 3714 3483 caeteris

2120 3523 2427 3570 sanctorum
2459 3515 2703 3586 reliquiis
2738 3516 2936 3580 clerici,
2972 3516 3234 3586 capellani
3283 3525 3573 3587 coeperunt
3617 3532 3714 3572 vo-

2117 3604 2250 3660 cari.
2285 3605 2450 3659 Porro
2472 3605 2607 3659 sicut
2634 3605 2860 3660 comites
2887 3606 3110 3676 quidam
3126 3605 3324 3661 missos
3351 3622 3483 3660 suos
3507 3622 3715 3677 priapo-

2116 3701 2250 3748 nunt
2279 3693 2650 3764 popularibus,
2686 3694 2777 3765 qui
2808 3693 3048 3749 minores
3077 3710 3270 3751 causas
3329 3695 3710 3760 determinent,

2113 3781 2247 3852 ipsis
2275 3783 2480 3851 majora
2508 3792 2787 3839 reservent
2822 3801 2834 3838 :
2860 3784 2931 3838 ita
2962 3783 3184 3854 quidam
3233 3785 3479 3855 episcOpi
3535 3785 3716 3854 coepi-

2114 3886 2310 3943 sccpos
2341 3872 2560 3938 habent,
2595 3873 2758 3944 quiin
2781 3873 2943 3927 rebus
2984 3872 3086 3926 sibi
3116 3874 3552 3945 congruentibus
3595 3890 3712 3944 qua:

2108 3959 2480 4032 injunguntur,
2509 3960 2763 4017 efﬁciunt.
2813 3961 3141 4027 Centenarii,
3167 3962 3256 4033 qui
3293 3972 3345 4017 et
3377 3963 3715 4018 centenario-

2109 4065 2227 4116 nes,
2261 4050 2347 4104 vel
2377 4050 2582 4116 vicarii,
2617 4050 2707 4122 qui
2738 4067 2835 4120 per
2862 4067 3031 4122 pagos
3063 4051 3248 4105 statuti
3280 4061 3424 4116 sunt,
3475 4052 3709 4123 presby—

2108 4138 2232 4194 teris
2262 4138 2521 4208 plebium,
2557 4139 2648 4210 qui
2697 4139 3047 4211 baptismales
3095 4140 3355 4196 ecclesias
3410 4148 3622 4206 tenent,
3665 4150 3718 4196 et

2105 4227 2404 4283 minoribus
2456 4229 2790 4300 presbyteris
2863 4238 3120 4300 prmsunt,
3192 4228 3424 4284 conferri
3489 4237 3716 4300 queunt.

2105 4317 2441 4373 Decuriones
2470 4318 2557 4372 vel
2587 4318 2798 4384 decani,
2821 4319 2910 4389 qui
2939 4319 3039 4372 sub
3061 4318 3194 4389 ipsis
3209 4318 3427 4373 vicariis
3464 4319 3717 4389 quaedam

2101 4405 2316 4462 minora
2359 4415 2632 4473 exercent,
2680 4407 2982 4462 minoribus
3031 4407 3368 4478 presbyteris
3429 4407 3709 4462 titulorum

403 4509 544 4567 cisse
574 4511 675 4580 (III
703 4506 828 4583 Reg.
864 4511 938 4582 v),
975 4511 1126 4566 Raab
1159 4485 1394 4581 quoque,
1429 4511 1659 4576 etRuth,
1697 4519 1750 4565 οι
1783 4485 2078 4580 Ᾰοιιίοι-,Β
2109 4503 2339 4566 possunt
2369 4496 2696 4566 comparari.
2721 4497 2834 4551 Sub
2868 4496 3000 4567 ipsis
3047 4495 3310 4550 ministris
3356 4495 3709 4551 centenario-

403 4601 462 4654 in
490 4617 774 4656 numerum
806 4600 992 4671 p0puli
1024 4600 1122 4654 Dei
1155 4599 1401 4654 translati
1432 4607 1723 4654 narrantur
1744 4600 1929 4670 (Iosue
1951 4617 2008 4666 n;

413 4691 563 4746 Ruth
593 4706 670 4755 1v;
703 4689 896 4746 Iudith
927 4689 1022 4760 v1).
1056 4689 1206 4744 Sicut
1249 4696 1427 4743 autem
1458 4705 1596 4762 gens
1641 4689 2011 4744 Romanorum

411 4779 575 4833 totius
607 4778 753 4834 orbis
783 4778 1155 4834 monarchiam
1186 4777 1424 4832 tenuisse
1455 4777 1640 4845 fertur,
1676 4779 1747 4832 ita
1769 4795 2010 4833 summus

414 4868 678 4938 pontifex,
712 4867 767 4921 in
798 4868 928 4922 sede
958 4868 1204 4922 Romana
1234 4867 1407 4923 vicem
1439 4867 1582 4922 beati
1616 4867 1756 4922 Petri
1785 4885 2006 4938 gerens,

411 4957 571 5012 totius
601 4957 860 5013 Ecclesiae
889 4957 1044 5028 apice
1069 4956 1408 5011 sublimatur.
1442 4957 1520 5011 De
1550 4973 1657 5028 quo
1698 4957 2008 5012 Sardicensi

403 5045 633 5100 concilio
663 5046 910 5100 statuitur
945 5054 1262 5101 cunctorum
1292 5053 1486 5099 statuta
1527 5045 1595 5099 ad
1641 5061 1765 5100 eum
1816 5045 2008 5101 referri

402 5131 624 5201 debere,
661 5132 824 5205 idque
855 5135 1258 5191 observandum
1290 5135 1434 5206 quod
1465 5134 1581 5204 ipse
1612 5135 1854 5190 statuerit
1887 5153 1900 5189 :
1934 5135 2006 5189 si-

401 5228 493 5276 cut
542 5237 675 5276 vero
735 5238 976 5278 summus
1025 5225 1209 5280 saeculi
1257 5223 1592 5294 principatus
1638 5239 1748 5279 non
1799 5233 2004 5280 tantum

401 5310 549 5382 apud
607 5311 900 5377 Romanos,
935 5329 1122 5368 verum
1154 5313 1314 5368 etiam
1343 5313 1486 5384 apud
1517 5313 1740 5367 aliarum
1770 5314 2002 5384 partium

397 5408 593 5472 gentes
640 5399 915 5454 interdum
965 5399 1082 5466 fuit,
1116 5403 1188 5456 ita
1221 5411 1271 5457 et
1313 5402 1434 5458 alia:
1463 5401 1726 5458 Ecclesiae
1755 5403 2004 5475 dignitati

397 5491 545 5546 sedis
607 5492 866 5547 Romanae
910 5490 1310 5557 consociantur,
1374 5491 1428 5546 id
1475 5499 1556 5546 est
1618 5492 2001 5549 Antiochensis

395 5576 451 5632 in
479 5580 627 5648 Asia,
689 5578 1058 5636 Alexandrina
1101 5580 1156 5633 in
1206 5579 1406 5636 Africa.
1456 5581 1515 5634 In
1568 5581 1800 5636 concilio
1855 5582 1999 5636 enim

393 5669 618 5728 Nicaeae
647 5671 839 5727 harum
871 5670 1031 5729 trium
1060 5669 1408 5742 privilegium
1425 5669 1800 5727 Ecclesiarum
1831 5661 1996 5728 céte-

2112 4601 2229 4640 rum
2281 4593 2404 4640 sunt
2447 4585 2625 4640 adhuc
2686 4586 2944 4651 minores,
2977 4585 3070 4657 qui
3117 4584 3432 4650 colleclarii,
3495 4593 3717 4656 quater-

2111 4673 2323 4740 niones,
2355 4673 2440 4729 vel
2471 4673 2742 4729 duumviri
2769 4683 3003 4745 possunt
3034 4673 3324 4745 appellari,
3380 4673 3509 4744 quia
3552 4673 3712 4728 colli-

2111 4770 2244 4834 gunt
2273 4763 2547 4834 pepulum,
2583 4771 2634 4817 et
2664 4763 2783 4834 ipso
2822 4779 3051 4818 numero
3079 4763 3370 4818 ostendunt
3399 4779 3458 4818 se
3488 4761 3713 4819 decanis

2110 4851 2367 4908 minores.
2401 4851 2534 4906 Sunt
2564 4859 2744 4907 autem
2774 4852 2893 4922 ipsa
2922 4852 3185 4908 vocabula
3207 4852 3276 4905 ab
3306 4851 3526 4922 antiqua
3574 4867 3709 4908 con-

2111 4941 2394 4995 suetudine
2431 4949 2688 5007 mutuata,
2721 4941 2777 4994 in
2806 4957 2912 5012 qua
2940 4939 3111 4996 officia
3147 4940 3498 5010 praelatorum
3557 4939 3710 4996 dice-

2109 5028 2304 5083 bantur
2332 5046 2395 5085 ex
2428 5045 2656 5084 numero
2705 5029 3073 5098 subjectorum
3114 5047 3126 5082 :
3161 5038 3218 5083 ut
3260 5037 3384 5083 sunt
3427 5027 3709 5084 chiliarchi

2111 5116 2323 5186 Grzece,
2362 5119 2542 5174 Latine
2591 5118 2901 5184 millenarii,
2951 5117 3249 5174 centenarii
3296 5117 3382 5172 vel
3429 5117 3706 5172 centurio-

2109 5223 2252 5274 nes;
2299 5208 2762 5278 pentacontarcbi,
2813 5207 2900 5262 vel
2939 5205 3442 5278 quinquagenarii;
3492 5205 3705 5268 decani,

2107 5295 2194 5352 vel
2223 5296 2548 5351 decuriones
2588 5316 2601 5361 ;
2638 5295 3043 5368 quaterniones,
3077 5295 3364 5350 duumviri.
3401 5294 3485 5349 Ad
3515 5295 3708 5349 borum

2108 5384 2515 5440 similitudinem
2547 5394 2668 5440 sunt
2710 5385 2926 5440 diaconi
2971 5392 3022 5439 et
3053 5383 3388 5451 subdiaconi,
3411 5383 3707 5453 presbyte-

2108 5490 2296 5530 rorum
2327 5474 2607 5544 adjutores
2637 5474 2693 5528 in
2736 5475 2927 5539 verbo,
2980 5473 3250 5543 baptismo
3297 5479 3350 5526 et
3391 5470 3708 5542 quotidiana

2107 5571 2302 5629 oﬂicio.
2337 5573 2472 5629 Sunt
2501 5574 2665 5630 etiam
2692 5571 3174 5644 archipresbyteri,
3206 5571 3260 5626 in
3291 5569 3566 5640 episcopis
3607 5584 3673 5626 ca

2107 5671 2427 5729 nonicorum
2470 5685 2657 5730 curam
2699 5679 2972 5744 gerentes.
3025 5669 3238 5729 Habent
3301 5673 3358 5726 et
3404 5674 3705 5740 potestates
