3996 6184
343 243 454 295 965

341 543 421 598 ris
458 560 473 597 :
507 543 759 599 similiter
787 543 842 599 in
872 544 1196 616 quibusdam
1217 546 1480 603 Ecclesiis
1514 547 1944 615 archidiaconos,

340 647 484 704 quos
513 631 734 688 familiae
765 633 990 704 respicit
1019 631 1360 705 gubernatio.
1391 635 1528 690 Sunt
1557 637 1612 690 in
1670 637 1948 694 saeculari-

338 720 448 776 bus
479 722 871 792 quaestionarii,
904 723 958 776 id
988 732 1072 780 est
1101 724 1193 794 qui
1224 715 1348 780 reos
1377 725 1716 793 examinant;
1743 735 1866 781 sunt
1893 727 1947 780 in

336 809 596 866 Ecclesia
635 810 942 878 exorcistaz,
991 813 1298 868 daemonum
1345 815 1680 870 exclusores.
1735 816 1949 870 Habent

335 899 480 955 aulae
508 900 808 969 potentium
833 901 1114 970 janitores,
1139 893 1386 957 habet'et
1419 903 1614 958 domus
1645 903 1744 959 Dei
1775 904 1946 959 ostia-

330 988 470 1042 rios.
495 988 671 1043 Habet
693 989 926 1044 mundus
944 991 1282 1057 veredarios,
1300 992 1838 1057 commentarienses,
1864 993 1947 1046 lu-

331 1076 531 1131 dorum
561 1077 914 1142 exhibitores,
945 1079 1226 1134 caminum
1257 1081 1598 1150 pompaticos
1645 1082 1902 1136 relatores
1929 1101 1942 1147 ;

329 1165 500 1220 habet
524 1165 774 1221 Ecclesia
805 1167 1107 1238 acolythos,
1143 1168 1398 1233 lectores,
1456 1178 1706 1225 cantores
1783 1180 1945 1242 atque

329 1254 666 1325 psalmistas.
701 1255 968 1311 Caeterum
999 1273 1065 1311 ex
1108 1258 1391 1330 utriusque
1439 1259 1644 1313 ordinis
1710 1259 1944 1328 conjun-

332 1343 517 1400 ctione
560 1352 611 1399 et
652 1344 945 1400 dilectione
989 1362 1094 1400 una
1161 1346 1353 1401 domus
1421 1347 1521 1402 Dei
1589 1348 1937 1415 construitur,

328 1449 502 1486 unum
532 1447 730 1503 corpus
760 1433 959 1488 Christi
989 1433 1232 1500 efficitur,
1267 1436 1478 1491 cunctis
1505 1436 1766 1491 membris
1813 1435 1937 1491 offi-

331 1521 541 1577 ciorum
572 1537 791 1577 suorum
820 1521 1026 1578 fructus
1041 1531 1242 1577 mutuae
1265 1524 1478 1579 utilitati
1498 1524 1938 1593 conferentibus;

330 1609 463 1665 dum
491 1611 684 1666 oculus
732 1619 814 1666 est
865 1612 917 1665 in
964 1612 1320 1683 sapientibus,
1374 1613 1466 1684 qui
1514 1629 1700 1669 veram
1764 1605 1939 1669 lucem

1584 242 1679 298 DE
1737 241 2221 300 SUBVERSIONE
2279 243 2715 302 JERUSALEM.

344 365 538 421 seculi
567 365 908 421 consiliarios
938 381 993 420 ιη
1025 366 1339 423 domesticis
1354 376 1407 423 et
1428 367 1726 424 liberorum
1757 370 1947 440 pazda-
1976 371 2032 432 A
2055 370 2454 441 toleratoribus,
2486 379 2676 428 cuncta
2705 371 2762 427 in
2789 371 3010 428 caeteris
3067 388 3081 426 :

345 469 530 526 gogos
558 469 804 520 suorum,
840 456 1042 512 habent
1071 456 1175 527 ipsi
1205 465 1587 527 procuratores
1619 459 1696 516 rei
1726 457 1951 514 familia-

3554 249 3657 303 966

3132 379 3188 426 ut
3231 387 3343 428 non
3390 373 3457 428 sit
3504 374 3655 430 schi-

2052 476 2166 514 sma
2198 460 2253 514 in
2282 475 2536 531 corpore,
2569 459 2665 516 sed
2698 461 2741 515 si
2787 459 3062 532 gloriatur
3109 477 3276 518 unum
3327 463 3648 529 membrum,

2049 551 2426 623 congaudeant
2455 551 2634 606 omnia
2663 550 2912 605 membra
2945 568 2959 614 ;
2992 551 3038 604 si
3069 551 3422 607 contristatur
3464 567 3648 619 unum,

2049 647 2241 696 cuncta
2271 637 2616 695 condoleant.
2653 640 2756 694 Ista
2792 639 3172 695 convenientia
3224 657 3290 696 eo
3345 657 3520 713 usque
3567 648 3652 696 te-

2048 729 2230 783 nenda
2258 736 2356 796 est,
2389 728 2566 784 donec
2595 743 2948 784 occurramus
2981 745 3172 784 omnes
3204 729 3259 783 in
3288 731 3466 786 virum
3526 744 3653 801 per-

2047 815 2267 888 fectum,
2304 824 2360 872 ut
2391 817 2459 871 sit
2491 819 2636 872 Deus
2663 818 2843 872 omnia
2875 817 2930 872 in
2955 819 3207 873 omnibus
3235 819 3288 890 (Ι
3313 820 3432 877 Cor.
3469 820 3572 891 ιι).

2475 929 2872 1016 CONCLUSIO
2932 961 3216 1017 LIBELLI.

2119 1083 2284 1139 Gravi
2325 1083 2566 1155 pondere
2628 1084 2853 1140 tandem
2895 1085 3126 1155 solutus,
3179 1093 3232 1140 et
3279 1085 3482 1142 utinam
3540 1094 3650 1142 tam

2044 1172 2392 1243 profcctuoso
2424 1190 2585 1244 quam
2615 1190 2835 1246 magno,
2888 1174 2943 1228 in
2993 1173 3101 1230 ﬁne
3174 1174 3541 1230 conclusionis
3570 1175 3648 1232 le-

2044 1269 2219 1318 ctores
2265 1263 2505 1318 obtestor
2540 1278 2609 1318 ne
2659 1263 2804 1334 quod
2857 1263 3169 1318 obedientia
3219 1264 3379 1332 subii,
3424 1264 3515 1319 isti
3545 1265 3645 1320 tri-

2043 1349 2208 1405 buant
2238 1351 2541 1406 temerariae
2569 1351 3000 1422 praesumptioni.
3035 1354 3229 1407 Fateor
3271 1353 3414 1409 enim
3436 1369 3522 1408 me
3545 1369 3647 1410 nec

2043 1440 2317 1510 reperisse
2347 1448 2558 1508 cuncta,
2595 1455 2714 1511 quae
2746 1439 3049 1495 dilucidare
3073 1441 3272 1511 cupivi,
3312 1457 3415 1496 nec
3447 1450 3643 1497 cuncta

2042 1529 2293 1598 posuisse
2349 1545 2471 1600 qua
2491 1528 2669 1599 reperi
2719 1547 2733 1583 :
2783 1544 2910 1584 cum
2958 1536 3010 1583 et
3079 1546 3264 1584 rerum
3325 1530 3643 1601 magnitudo

2041 1617 2250 1672 sciendi
2297 1616 2643 1687 cupiditatem
2701 1618 3074 1686 succenderet,
3145 1625 3198 1673 et
3269 1618 3642 1674 diversitatum

327 1698 635 1800 percipiunt
665 1707 718 1754 et
747 1699 1021 1755 insinuant
1043 1721 1070 1771 ;,
1091 1716 1153 1756 os
1200 1702 1255 1755 in
1305 1702 1638 1771 doctoribus,
1687 1703 1834 1757 auris
1883 1703 1938 1756 in
1968 1739 2020 1800 Β
2047 1705 2292 1760 confusio
2315 1705 2516 1759 fastidii
2537 1705 2873 1760 nimietatem
2897 1707 3188 1776 praeberet.
3224 1707 3642 1762 Habebittamen

328 1785 612 1844 benevolis
640 1789 999 1854 auditoribus,
1033 1806 1199 1844 nasus
1228 1790 1284 1844 in
1334 1791 1675 1847 discretionis
1735 1799 1937 1847 amato-

327 1877 505 1945 ribus,
541 1893 735 1932 manus
784 1879 840 1933 in
880 1878 1271 1948 operatoribus,
1318 1881 1488 1950 pedes
1535 1881 1589 1935 in
1636 1879 1936 1951 proficien-

327 1965 494 2036 tibus,
527 1975 715 2024 venter
743 1967 799 2021 in
830 1968 1303 2039 compatientibus,
1338 1969 1551 2025 humeri
1583 1969 1636 2024 in
1685 1969 1937 2025 laborum

2041 1793 2097 1847 in
2129 1793 2212 1847 his
2241 1793 2456 1849 lectoris
2486 1794 2594 1849 mei
2623 1794 2842 1850 curiosa
2874 1795 3161 1868 vestigatio
3205 1803 3260 1850 et
3304 1795 3350 1850 si
3388 1812 3498 1851 non
3544 1811 3642 1851 co-

2039 1882 2186 1953 piam
2233 1882 2497 1936 satietatis
2543 1899 2647 1954 qua
2697 1883 3016 1950 delectetur,
3065 1884 3500 1956 qualemcunque
3548 1893 3633 1939 ta—

2038 1987 2162 2026 men
2195 1986 2414 2028 causam
2467 1971 2854 2042 inquisitionis,
2906 1987 3014 2043 qua
3060 1972 3257 2027 melius
3300 1981 3638 2030 exerceatur.

1211 2233 2164 2368 WALAFRIDI
2283 2231 2890 2366 STRABI

1606 2424 1997 2481 FULDENSIS
2033 2423 2355 2479 MONACHI

573 2556 837 2684 DE
917 2525 2162 2690 SUBVERSIONE
2242 2553 3362 2688 JERUSALEM.

1299 2747 1607 2821 SERM
1612 2748 1695 2840 0,
1752 2770 1880 2820 seu
1948 2746 2433 2820 TRAC’TAT
2443 2746 2612 2820 US.

1011 2896 1191 2968 (Apud
1241 2896 1535 2968 Canisium,
1593 2896 1881 2954 Lectiones
1937 2896 2192 2968 antiquae,
2252 2902 2382 2951 tom.
2445 2897 2510 2963 II,
2561 2911 2689 2969 pag.
2750 2898 2902 2966 277.)

394 3103 673 3174 Quantum
698 3104 962 3160 Dominus
993 3104 1334 3175 omnipotens
1355 3103 1424 3158 de
1462 3103 1709 3174 profectu
1755 3103 1930 3158 homi-
1961 3103 2008 3164 Ο
2030 3102 2189 3158 docet
2221 3103 2432 3174 peritia,
2463 3119 2564 3173 per
2594 3119 2757 3174 quem
2791 3102 3074 3172 Scriptura
3113 3101 3435 3174 plerumque
3483 3103 3634 3176 loqui

320 3210 453 3248 num
490 3195 743 3266 gaudeat,
778 3203 1104 3264 quantumve
1150 3193 1219 3247 de
1265 3193 1484 3248 illorum
1525 3192 1679 3246 ruina
1727 3192 1926 3247 condo-

320 3281 449 3352 leat,
499 3299 564 3337 ex
613 3283 791 3337 multis
840 3283 973 3338 locis
1025 3282 1319 3352 Scripturae
1387 3295 1580 3350 sacrae,
1646 3280 1921 3350 praecipue

317 3379 502 3426 tamen
549 3387 614 3426 ex
655 3371 909 3443 praesenti
955 3371 1189 3426 lectione
1225 3386 1564 3442 cognoscere
1610 3385 1915 3439 possumus.

312 3460 565 3532 Denique
595 3477 718 3515 cum
748 3460 920 3515 Judzei
952 3460 1149 3515 vellent
1204 3459 1301 3514 Dei
1349 3459 1541 3512 Filium
1588 3455 1916 3523 interﬁcere,

312 3558 365 3604 et
413 3550 483 3603 de
521 3550 637 3618 ejus
677 3548 890 3603 interitu
937 3555 1254 3613 tractarent,
1303 3547 1419 3618 ipse
1480 3555 1537 3600 ut
1599 3546 1719 3616 pius
1766 3554 1920 3615 pater

318 3653 511 3693 eorum
541 3637 900 3708 perditionem
931 3637 1186 3692 deﬂebat.
1221 3638 1359 3690 Nam
1390 3651 1511 3690 cum
1544 3635 1806 3690 Dominus
1826 3636 1920 3688 Ju-

314 3727 465 3783 dmos
496 3743 554 3782 se
585 3735 892 3798 quaerentes
925 3725 1236 3781 interficere
1266 3725 1426 3780 deﬂet
1455 3725 1636 3794 patulo
1682 3724 1918 3779 ostendit

317 3823 581 3886 quantum
613 3815 681 3870 de
702 3815 948 3886 profectu
978 3815 1195 3869 humani
1239 3813 1462 3885 generis
1509 3814 1767 3886 gaudeat,
1825 3813 1916 3883 qui

309 3911 438 3959 tunc
473 3905 541 3959 de
571 3904 748 3958 futura
779 3904 943 3975 longe
972 3911 1094 3975 post
1151 3919 1285 3958 nece
1327 3903 1639 3957 Judaeorum
1674 3901 1912 3956 dolebat.

311 3994 511 4048 Narrat
543 3994 794 4068 superius
827 3993 1110 4066 Evangelii
1142 4001 1319 4048 textus
1351 3992 1622 4063 quomodo
1672 3991 1771 4046 Dei
1822 3990 1912 4044 Fi-

305 4081 413 4137 lius
444 4083 653 4138 miserit
682 4082 950 4153 dicipulos
978 4098 1080 4153 pro
1107 4083 1254 4152 pullo
1311 4082 1495 4146 asina,
1542 4081 1627 4136 cui
1675 4079 1915 4134 insidens

310 4172 658 4227 Hierusalem
690 4171 922 4238 venerit,
967 4172 1184 4243 quando
1215 4179 1492 4241 cmperunt
1523 4186 1713 4224 omnes
1743 4170 1914 4224 turba:

311 4261 766 4317 descendentium
814 4260 1116 4333 gaudentes
1180 4260 1403 4314 laudare
1452 4259 1740 4314 Dominum
1780 4273 1913 4314 voce

305 4365 528 4421 magna,
565 4366 729 4420 super
753 4349 1004 4404 omnibus
1034 4367 1167 4420 quas
1196 4348 1438 4403 viderant
1488 4347 1772 4402 virtutibus
1823 4347 1911 4402 di-

2026 3191 2277 3258 videtur;
2312 3192 2518 3248 scilicet
2547 3208 2644 3262 per
2695 3189 3082 3246 inhabitantem
3119 3190 3512 3264 [inhabitatum]
3561 3192 3630 3246 ad

2024 3280 2334 3348 habitatem,
2367 3297 2469 3350 per
2499 3280 2880 3335 irrationalem
2909 3280 2978 3334 ad
3007 3279 3343 3347 rationalem,
3376 3297 3475 3352 per
3509 3280 3626 3335 ina-

2023 3368 2280 3423 nimalem
2311 3369 2378 3422 ad
2409 3369 2722 3426 animalem.
2757 3368 3080 3424 Omittamus
3130 3377 3345 3436 caatera,
3396 3369 3627 3426 dicendo

2021 3457 2090 3511 de
2121 3458 2483 3528 praesentibus
2536 3475 2685 3527 :per
2763 3458 3155 3512 inhabitantem
3229 3458 3627 3531 [inhabitatum]

2035 3546 2100 3599 ad
2124 3547 2476 3612 habitantem,
2513 3546 2650 3602 sicut
2711 3547 2813 3600 hoc
2869 3546 2924 3599 in
2973 3547 3140 3613 loco;
3200 3555 3252 3601 et
3306 3549 3445 3603 sicut
3500 3547 3628 3602 alibi

2022 3635 2283 3688 Dominus
2313 3635 2444 3690 dicit
2479 3652 2491 3687 :
2533 3656 2555 3684 ex
2592 3635 2946 3699 Hierusalem,
2982 3651 3103 3706 quae
3133 3635 3338 3690 occidis
3391 3637 3625 3706 prophe-

2021 3730 2120 3791 tas,
2155 3723 2428 3793 etlapidas
2443 3739 2537 3778 eos
2585 3723 2820 3795 quiadte
2841 3722 2994 3776 missi
3016 3731 3139 3776 sunt
3158 3725 3376 3778 (Matth.
3398 3726 3620 3795 Μαίη.»

2021 3813 2168 3867 Sicut
2198 3813 2340 3868 cnim
2373 3813 2463 3881 ibi,
2497 3813 2571 3866 ita
2589 3821 2642 3868 et
2663 3812 2769 3877 hic,
2795 3828 2904 3867 non
2920 3829 3086 3882 super
3106 3813 3448 3867 Hierusalem
3477 3812 3620 3869 ﬂevit

2019 3902 2114 3955 sed
2137 3903 2570 3972 perhabitatores
2594 3902 2839 3970 ejusdem
2879 3901 3131 3967 civitatis,
3175 3901 3371 3972 quibus
3406 3917 3438 3956 a
3459 3901 3622 3957 ﬂente

2017 3991 2250 4046 Domino
2279 3991 2476 4046 dicitur
2510 4009 2522 4044 :
2561 4013 2582 4041 ί(
2618 3991 2756 4058 Quia
2774 3991 2819 4044 si
2833 3990 3252 4063 oognovisseset
3274 3997 3348 4057 tu,
3379 3991 3620 4045 »subau-

2017 4079 2177 4148 ditur,
2215 4080 2396 4135 ﬂeres.
2439 4100 2457 4131 ι
2496 4081 2565 4134 Et
2596 4079 2814 4150 quidem
2848 4080 2900 4134 in
2947 4081 3046 4134 hac
3087 4079 3175 4135 die
3222 4088 3333 4146 tua,
3385 4097 3508 4151 quae
3551 4080 3623 4134 ad

2014 4184 2206 4238 pacem
2237 4169 2350 4233 tibi,
2388 4185 2528 4224 nunc
2559 4176 2738 4223 autem
2785 4168 3102 4225 abscondita
3145 4176 3269 4222 sunt
3315 4169 3382 4223 ab
3446 4167 3620 4224 oculis

2014 4257 2120 4310 tuis
2148 4257 2302 4327 (Luc.
2339 4257 2478 4327 XIX).
2521 4279 2542 4306 ν
2581 4259 2639 4311 In
2671 4257 2758 4312 die
2781 4257 2922 4313 enim
2957 4273 3058 4312 sua
3104 4273 3363 4328 perversa
3407 4257 3618 4324 civitas,

2015 4362 2099 4410 ea,
2134 4362 2256 4418 qua:
2277 4347 2343 4400 ad
2375 4362 2567 4416 pacem
2598 4346 2700 4400 sibi
2726 4355 2894 4413 erant,
2928 4346 3198 4411 habebat;
3220 4346 3357 4416 quia
3387 4345 3618 4400 extolle-

305 4447 495 4494 centes
526 4456 540 4492 :
580 4460 601 4487 α
638 4437 959 4493 Benedictus
992 4438 1083 4509 qui
1114 4437 1258 4493 venit
1291 4439 1402 4492 Rex
1433 4437 1492 4490 in
1518 4436 1735 4490 nomine
1797 4436 1912 4490 Do-
1933 4464 1991 4528 D
2027 4435 2184 4490 batur
2213 4435 2266 4488 in
2297 4436 2615 4500 honoribus,
2651 4435 2982 4508 gloriabatur
3011 4435 3066 4488 in
3110 4434 3469 4500 facultatibus,
3517 4433 3616 4490 la:-

304 4527 459 4592 mini,
495 4543 595 4596 pax
626 4526 680 4580 in
711 4526 850 4581 coelo
881 4534 932 4580 et
963 4526 1139 4599 gloria
1168 4526 1222 4579 in
1253 4525 1485 4580 excelsis
1514 4526 1666 4595 (Luc.
1700 4525 1844 4591 xxx).
1885 4545 1906 4572 ι)

300 4617 370 4669 Et
401 4615 624 4686 quidam
655 4615 1051 4670 Pharisaeorum
1083 4615 1332 4670 dixerunt
1361 4614 1430 4668 ad
1457 4614 1605 4667 illum
1638 4631 1650 4666 :
1687 4635 1709 4662 α
1794 4613 1908 4667 Ma—

296 4703 487 4775 gister,
543 4705 768 4774 increpa
812 4704 1110 4775 discipulos
1161 4713 1280 4759 tuos
1337 4703 1543 4774 (lbid.).
1607 4724 1628 4752 ι
1699 4700 1910 4770 Quibus

289 4792 412 4863 ipse
445 4792 517 4846 ait
550 4811 564 4847 :
605 4814 626 4843 α
665 4793 798 4848 Dico
830 4794 1005 4863 vobis,
1040 4794 1167 4864 quia
1198 4793 1243 4847 si
1274 4793 1328 4846 hi
1359 4791 1640 4854 tacuerint,
1701 4790 1908 4862 lapides

216 4945 226 4949 _
295 4880 611 4936 clamabunt
639 4883 843 4953 (Ibid.).
884 4904 904 4931 υ
941 4884 1095 4937 Juxta
1140 4883 1256 4936 hanc
1295 4881 1459 4935 verba
1497 4880 1773 4952 subjungit
1805 4880 1907 4933 Lu-

297 4985 394 5026 cas
428 4971 760 5043 evangelista
797 4989 810 5024 :
848 4993 869 5021 α
906 4971 974 5026 Ει
1006 4979 1062 5025 ut
1092 4970 1544 5041 appropinquavit
1571 4969 1729 5024 Jesus
1776 4969 1906 5023 llic-

292 5059 531 5114 rusalem
564 5059 751 5115 videns
773 5059 1066 5127 civitatem,
1094 5059 1238 5114 ﬂevit
1261 5059 1613 5130 superillam,
1653 5058 1838 5113 dicens
1895 5076 1907 5110 :

291 5147 438 5217 Quia
468 5148 514 5202 si
542 5148 899 5221 cognovisses
933 5157 985 5203 et
1016 5157 1093 5214 tu,
1130 5157 1232 5203 etc.
1261 5148 1448 5219 (Ιὺὶεἰ.)
1487 5169 1508 5197 ν
1562 5147 1903 5202 Condolcbat

283 5237 554 5292 Dominus
584 5237 856 5293 interitum
889 5237 1111 5308 perfidae
1148 5237 1402 5303 civitatis,
1440 5253 1600 5307 quem
1623 5236 1905 5291 nesciebat

295 5326 416 5397 ipsa
464 5326 567 5382 sibi
614 5343 737 5382 esse
789 5337 1090 5382 venturum.
1144 5328 1266 5381 Non
1340 5325 1756 5381 existimandum
1823 5333 1905 5378 est

290 5415 440 5487 quod
471 5416 679 5472 ﬂeverit
709 5416 972 5470 Dominus
1002 5416 1226 5486 pulchra
1258 5415 1460 5470 muenia
1509 5414 1760 5477 civitatis,
1815 5420 1902 5467 aut

283 5504 518 5561 aediﬁcia
544 5522 840 5570 murorum,
874 5512 964 5559 aut
996 5505 1308 5560 altitudines
1371 5503 1612 5568 turrium,
1655 5503 1754 5556 sed
1800 5518 1898 5571 per

275 5595 655 5664 metaphoram
695 5595 1026 5652 habitatores
1093 5595 1257 5650 deﬂet
1281 5593 1532 5649 civitatis.
1579 5594 1678 5647 Est
1720 5599 1898 5645 autem

2021 4525 2237 4578 tabatur
2266 4525 2321 4577 in
2375 4525 2596 4589 divitiis,
2631 4524 2683 4577 in
2714 4524 3036 4578 abundantia
3065 4539 3264 4588 rerum,
3324 4523 3376 4577 in
3435 4522 3619 4578 fecun-

2013 4613 2178 4669 ditate
2201 4613 2389 4683 prolis,
2441 4621 2494 4667 et
2525 4613 2581 4665 in
2599 4613 2831 4670 sanitate
2874 4627 3186 4682 corporum.
3223 4613 3289 4666 Et
3319 4611 3465 4683 quia,
3491 4627 3612 4682 quae

2017 4703 2088 4756 ad
2116 4717 2306 4772 pacem
2336 4710 2656 4771 praesentem
2687 4701 3050 4771 pertinebant,
3084 4701 3331 4766 habebat,
3381 4699 3616 4754 futuram

2014 4791 2185 4845 rixam
2215 4807 2324 4845 non
2376 4789 2725 4860 prazvidebat.
2789 4789 2942 4845 Unde
2999 4797 3052 4845 et
3109 4797 3253 4845 recte
3298 4788 3546 4844 subditur
3597 4804 3609 4843 :

2020 4901 2041 4930 (ι
2077 4880 2236 4934 Nunc
2253 4888 2431 4934 autem
2451 4879 2770 4934 abscondita
2787 4886 2910 4932 sunt
2931 4879 3000 4933 ab
3022 4877 3196 4933 oculis
3217 4877 3357 4949 tuis(
3388 4877 3570 4948 Ibid.).
3585 4899 3605 4926 »

2013 4969 2262 5023 Praesens
2313 4968 2512 5039 quippe
2558 4968 2822 5041 gaudium
2867 4966 3270 5028 tribulationem
3332 4964 3609 5022 afferebat.

2013 5057 2094 5112 De
2125 5074 2228 5128 qua
2258 5057 2605 5113 tribulatione
2636 5066 2780 5112 recte
2813 5055 3142 5110 subinfertur
3177 5073 3189 5109 :
3245 5077 3268 5100 α
3316 5054 3454 5124 Quia
3508 5072 3606 5112 ve-

2018 5146 2168 5201 nient
2198 5146 2317 5201 dies
2347 5147 2400 5200 in
2433 5156 2504 5215 te,
2537 5156 2591 5202 et
2612 5146 3023 5212 circumdabunt
3053 5153 3103 5200 te
3126 5144 3327 5201 inimici
3348 5145 3425 5200 tui
3446 5145 3611 5211 vallo,

2011 5243 2064 5290 et
2094 5235 2512 5292 circumdabunt
2540 5245 2611 5302 te,
2647 5244 2700 5290 et
2727 5234 2867 5291 filios
2895 5244 3036 5305 tuos,
3061 5235 3154 5307 qui
3179 5234 3235 5290 in
3265 5243 3318 5290 te
3367 5241 3508 5299 sunt,
3557 5243 3610 5289 et

2008 5340 2119 5380 non
2164 5325 2468 5396 relinquent
2516 5325 2572 5378 in
2620 5333 2672 5379 te
2717 5324 2955 5394 lapidem
3000 5340 3166 5394 super
3222 5324 3477 5395 lapidem,
3541 5337 3607 5377 eo

2008 5414 2151 5484 quod
2183 5430 2290 5469 non
2320 5413 2650 5486 cognoveris
2681 5421 2894 5484 tempus
2908 5413 3250 5468 visitasionis
3272 5409 3605 5480 tuae(lbz'd.)p

2078 5501 2322 5570 Qualiter
2350 5511 2526 5557 autem
2556 5505 2673 5558 haec
2698 5503 2869 5558 verba
2909 5503 3064 5572 juxta
3112 5502 3344 5556 litteram
3381 5497 3605 5568 impleta

2004 5590 2128 5657 sint,
2162 5591 2216 5645 in
2246 5592 2598 5647 subversione
2628 5592 2873 5661 ejusdem
2903 5590 3132 5648 civitatis
3173 5596 3224 5643 et
3265 5585 3449 5658 populi
3503 5587 3604 5642 Ju-

280 5684 600 5756 metaphora
665 5693 869 5757 tmpus,
938 5693 995 5741 ut
1054 5684 1374 5742 Graecorum
1442 5697 1507 5740 ac
1589 5680 1901 5740 Latinorum
1999 5680 2162 5750 daici,
2194 5681 2466 5754 Josephus
2495 5681 2972 5756 historiographus
3002 5677 3232 5752 pleniter
3260 5682 3467 5747 narrat,
3508 5676 3600 5747 qui
