4024 6194
389 173 493 228 967

991 169 1396 227 WALAFRIDI
1424 169 1667 226 STRABI
1695 169 1896 227 FULD.
1927 167 2102 227 MON.
2136 167 2289 225 OPP.
2320 167 2498 226 PARS
2524 168 2566 226 Ι.
2596 166 3154 226 —THEOLOGICA.

3591 170 3690 223 968

391 293 529 354 inter
555 303 748 354 caetera
779 311 995 368 quoque
1023 304 1410 353 commemorat
1437 296 1664 368 qualiter
1727 305 1990 354 venerunt
2018 298 2318 367 Acorpora
2345 312 2486 367 pene
2528 295 2662 367 ipsis
2705 295 2878 350 muris
2914 293 3206 366 coaaquari,
3255 299 3451 348 testem
3516 292 3690 348 Deum

393 388 500 443 duo
527 386 806 460 principes
836 385 1220 459 Romanorum,
1272 384 1659 458 Vespasianus,
1716 394 1768 442 et
1816 387 1985 453 Titus,

391 485 544 548 pater
573 484 626 532 et
656 475 819 542 ﬁlius,
852 491 972 532 cum
1013 491 1172 530 manu
1220 473 1411 530 bellica
1458 475 1525 530 ad
1571 476 1988 533 subversionem

392 567 638 636 ejusdem
668 565 915 634 civitatis,
950 564 1365 638 quadragesimo
1395 566 1633 620 secundo
1675 581 1818 620 anno
1866 572 1988 636 post

389 655 606 711 Domini
634 653 1078 711 resurrectionem
1106 661 1266 724 atque
1296 654 1413 722 ejus
1427 638 1877 725 gloriosissimam
1896 671 1988 708 as-

394 746 725 802 censionem.
760 746 827 798 Et
859 751 1001 798 recte
1030 759 1092 798 ac
1110 743 1322 808 merito,
1357 752 1410 798 ut
1441 744 1530 816 qui
1563 746 1771 800 Patrem
1792 746 1986 815 Deum,

394 843 448 890 et
477 834 666 889 Filium
692 833 1111 906 denegaverant,
1144 848 1173 886 a
1203 840 1352 904 patre
1394 841 1446 887 et
1488 833 1599 888 filio
1645 842 1984 888 necarentur.

393 922 739 995 Exspectavit
763 923 908 977 enim
937 922 1199 977 Dominus
1226 921 1487 993 populum
1535 923 1842 978 Iudaeorum
1866 931 1990 994 post

389 1012 701 1083 passionem
757 1027 909 1066 suam
953 1010 1304 1082 quadraginta
1352 1019 1405 1066 et
1456 1011 1669 1066 duobus
1717 1012 1874 1066 annis
1921 1012 1989 1066 ad

387 1101 782 1171 paenitentiam,
819 1101 916 1156 sed
960 1117 1160 1173 magna
1205 1117 1272 1156 ex
1319 1109 1472 1172 parte
1516 1101 1814 1157 noluerunt
1860 1117 1990 1157 con-

388 1190 545 1256 verti,
579 1198 633 1246 et
676 1190 902 1261 proinde
972 1197 1081 1244 tam
1140 1190 1306 1245 duros
1371 1190 1720 1246 incurrerunt
1779 1191 1984 1246 hostes.

387 1278 524 1332 Nam
557 1295 682 1335 cum
710 1279 943 1351 p0pulus
972 1280 1336 1334 Romanorum
1367 1295 1583 1334 omnem
1617 1279 1760 1336 circa
1807 1279 1992 1350 regio-

387 1384 511 1424 nem
543 1368 670 1439 igne
699 1369 1055 1434 combureret,
1090 1376 1141 1424 et
1170 1368 1349 1424 omnis
1380 1369 1613 1440 populus
1645 1384 1764 1424 cum
1794 1369 1993 1424 mulie-

386 1457 538 1512 ribus
567 1466 620 1512 et
647 1458 904 1528 parvulis,
940 1457 1096 1529 quasi
1126 1457 1210 1512 vir
1256 1475 1414 1524 unus,
1467 1458 1734 1513 civitatem
1799 1459 1988 1529 ingre-

387 1545 608 1602 deretur
637 1547 690 1600 in
722 1547 810 1602 die
845 1546 1073 1601 solemni
1105 1547 1327 1602 Pascha:
1356 1547 1423 1601 ad
1455 1548 1832 1602 celebrandum
1863 1549 1985 1602 Pas-

2093 385 2377 442 invocabat
2406 387 2510 442 hoc
2540 401 2678 457 opus
2709 401 2866 441 suum
2896 400 3007 440 non
3037 400 3179 452 esse,
3211 382 3540 454 elevansque
3568 397 3688 438 ocu-

2090 474 2173 530 los
2205 476 2258 530 in
2320 475 2515 531 coelum
2561 492 2684 531 cum
2759 474 2965 546 ingenti
2998 473 3200 546 gemitu
3231 471 3403 528 fertur
3431 471 3636 527 dixisse
3667 487 3681 526 :

2093 563 2140 620 Ο
2180 564 2328 620 cives
2361 565 2606 630 Romani,
2639 580 2746 620 non
2790 563 3082 642 cunctabor
3127 562 3330 617 referre
3364 561 3509 633 quod
3559 577 3688 616 sen-

2091 653 2164 708 tio
2197 673 2211 720 ;
2244 653 2482 710 arbitror
2512 654 2657 725 quod
2708 653 2753 708 si
2810 653 2876 707 ab
2921 654 3021 708 hac
3060 651 3500 723 pestilentissima
3554 651 3690 707 urbe

2091 743 2358 799 exercitus
2389 744 2765 799 Romanorum
2793 742 3069 813 paulisper
3097 741 3434 804 abscederet,
3489 739 3689 794 habita-

2090 839 2236 888 tores
2269 834 2384 903 ejus
2414 842 2505 888 aut
2536 833 2681 887 hiatu
2713 840 2868 887 terrae
2914 831 3355 893 absorberentur,
3423 836 3514 900 aut
3550 827 3691 900 igni-

2090 929 2174 976 tus
2207 922 2570 978 Sodomitanis
2602 929 2976 986 exurerentur,
3010 929 3097 975 aut
3135 920 3287 992 aquis
3358 917 3546 974 diluvii
3597 933 3691 972 ne-

2091 1018 2359 1066 carentur.
2392 1011 2519 1067 Haec
2547 1011 2758 1079 dicens,
2786 1027 2907 1066 cum
2940 1009 3184 1065 fortassis
3212 1008 3266 1063 in
3318 1007 3552 1064 crastino
3603 1021 3691 1060 re-

2090 1109 2415 1170 pausaturus
2447 1109 2594 1156 esset
2646 1100 2960 1164 exercitum,
3021 1099 3169 1154 illico
3227 1097 3424 1152 milites
3491 1105 3686 1162 armat,

2087 1189 2359 1244 custodias
2387 1189 2558 1260 ponit,
2589 1198 2640 1244 et
2671 1189 2834 1260 coepit
2864 1189 3062 1244 iterum
3095 1186 3364 1243 civitatem
3382 1185 3688 1257 possidere.

2089 1277 2277 1332 Merito
2308 1294 2439 1349 ergo
2489 1278 2659 1334 atroci
2710 1278 2850 1333 fame
2899 1277 3310 1350 torquobantur,
3358 1274 3449 1346 qui
3493 1288 3691 1346 panem

2090 1367 2218 1422 vitae
2269 1376 2622 1424 necaverant.

2159 1491 2354 1546 Narrat
2385 1491 2542 1546 etiam
2603 1491 2746 1547 idem
2795 1491 3068 1562 Josephus
3125 1489 3335 1546 facinus
3391 1486 3689 1543 inauditum

2089 1579 2144 1634 in
2175 1596 2238 1634 ea
2275 1589 2657 1651 perpetratum,
2727 1579 2978 1635 videlicet
3034 1579 3179 1651 quod
3237 1585 3384 1632 esset
3439 1577 3688 1648 quaedam

383 1637 503 1738 ob?!
533 1644 752 1735 rePente
777 1635 1225 1738 Βτδ⁵,⁰δ⁵¹ά¹ίῖξ³θ
1255 1637 1587 1738 ⁰¹Γ⁰Ψηάξί³
1636 1646 1743 1738 Ϋδιν
1782 1644 1980 1738 δίδκυξ
2003 1667 2052 1725 Β
2083 1635 2524 1725 ωυιίρτιηοῖῐιίηο
2555 1669 2742 1738 Maria,
2777 1667 2886 1724 lilia
2913 1635 3158 1734 Eleaaar,
3213 1666 3484 1738 prmdives
3532 1665 3688 1720 valde

384 1725 565 1780 nullus
601 1724 813 1797 ingredi
853 1725 939 1781 vel
994 1725 1180 1798 egredi
1228 1733 1431 1796 posset.
1487 1725 1651 1793 Quod
1704 1733 1834 1780 nutu
1881 1726 1980 1780 Dei

394 1823 572 1870 actum
603 1823 704 1881 est,
738 1822 795 1868 ut
825 1814 915 1885 qui
947 1814 999 1867 in
1033 1813 1261 1870 solemni
1291 1815 1378 1870 die
1407 1815 1633 1870 Pascha:
1664 1814 1855 1869 Filium
1887 1815 1984 1869 Dei

387 1903 532 1959 cruci
564 1903 853 1959 crudeliter
880 1902 1182 1971 affuerant,
1218 1904 1271 1958 in
1306 1903 1495 1958 eadem
1525 1904 1613 1958 die
1645 1903 1710 1957 ab
1739 1904 1986 1958 hostibus

385 1992 637 2064 Oppressi
659 1992 1026 2064 afﬂigerentur
1061 2007 1072 2045 :
1107 1991 1162 2044 in
1194 2000 1418 2059 tantum,
1450 2000 1507 2046 ut
1554 1992 1626 2046 ita
1667 1993 1784 2047 (lira
1815 1992 1984 2048 fames

385 2081 612 2139 interius
669 2081 880 2136 viscera
937 2096 1125 2136 eorum
1205 2089 1502 2152 torqueret,
1563 2090 1790 2152 excepto
1838 2084 1984 2154 quod

385 2171 604 2244 gladius
633 2186 728 2225 eos
758 2169 989 2225 exterius
1016 2170 1314 2242 afﬂigebat,
1371 2178 1426 2224 ut
1474 2171 1717 2226 nonnulli
1756 2188 1859 2227 nec
1913 2173 1982 2226 ab

385 2259 520 2331 ipsis
561 2259 938 2315 calceamentis
985 2275 1044 2314 se
1093 2259 1450 2324 abstinerent,
1496 2261 1634 2316 sicut
1684 2260 1829 2316 idem
1887 2263 1985 2316 Jo-

387 2350 588 2420 sephus
629 2348 776 2403 dicit.
823 2347 930 2403 Alii
971 2347 1225 2419 reliquias
1272 2348 1381 2403 feni
1431 2349 1648 2415 veteris,
1697 2359 1748 2404 et
1776 2366 1982 2421 purga-

386 2446 570 2494 menta
615 2437 886 2505 frumenti,
939 2445 991 2492 et
1039 2437 1224 2507 paleas
1267 2437 1604 2493 ruminabant
1656 2457 1669 2492 :
1740 2440 1984 2494 nonnulli

383 2543 515 2584 vero
544 2526 857 2582 indumenta
883 2534 1159 2597 portarum
1198 2527 1564 2592 detrahentes,
1617 2528 1870 2583 dentibus
1918 2544 1983 2584 ea

385 2616 726 2674 conficienda
754 2615 1059 2674 tradebant.
1093 2617 1152 2669 In
1181 2616 1285 2671 hac
1333 2617 1661 2672 necessitate
1704 2625 1756 2672 et
1803 2618 1982 2672 omnis

382 2708 559 2778 pudor
587 2715 640 2762 et
685 2705 1015 2761 verecundia
1059 2705 1124 2758 ab
1173 2705 1252 2760 eis
1301 2714 1621 2772 recesserat,
1664 2706 1790 2778 quia
1813 2715 1980 2762 totum

382 2795 486 2851 sibi
517 2795 695 2850 valida
726 2794 895 2850 fames
927 2793 1306 2849 vindicaverat.
1359 2796 1495 2849 Nam
1543 2803 1595 2850 et
1642 2796 1900 2851 mulieres
1949 2814 1980 2850 a

381 2885 624 2940 virorum
652 2884 900 2938 manibus
928 2891 980 2938 et
1011 2883 1166 2954 pueri
1195 2900 1226 2938 a
1255 2884 1595 2954 parentibus,
1629 2893 1681 2938 et
1711 2885 1856 2957 quod
1890 2885 1978 2939 in-

381 2973 590 3030 felicius
617 2982 719 3044 est,
750 2972 884 3044 ipsa:
913 2980 1114 3026 matres
1143 2989 1174 3026 a
1219 2971 1448 3027 filiorum
1490 2973 1744 3028 dentibus
1793 2974 1974 3029 cibum

379 3063 738 3119 incomestum
791 3061 1176 3116 abstrahebant
1241 3060 1494 3116 mulieres
1551 3062 1758 3132 sparsis
1807 3063 1975 3118 crini-

380 3153 483 3208 bus
513 3152 885 3214 trahebantur,
936 3158 994 3203 ut
1043 3149 1195 3205 cibos
1211 3149 1564 3204 absconditos
1598 3150 1918 3223 detegerent
1955 3169 1968 3206 :

381 3257 514 3314 erga
543 3239 796 3297 canitiem
843 3254 1036 3293 senum
1079 3238 1230 3292 nulla
1283 3239 1606 3304 reverentia,
1658 3240 1806 3294 nulla
1846 3257 1978 3313 erga

380 3329 637 3401 parvulos
683 3326 961 3383 miseratio
1006 3328 1342 3382 servabatur.
1396 3328 1571 3399 Super
1615 3329 1732 3385 hac
1798 3331 1979 3384 omnia

379 3417 666 3489 praedones
683 3415 820 3471 inter
847 3432 943 3472 eos
973 3425 1334 3482 surrexerant,
1360 3417 1450 3488 qui
1469 3417 1689 3488 gravius
1711 3433 1804 3473 eos
1833 3418 1976 3474 inte-

380 3507 493 3561 rius
524 3505 840 3578 afﬂigebant
870 3521 1032 3576 quam
1053 3507 1118 3560 ab
1140 3506 1386 3560 hostibus
1407 3507 1640 3562 exterius
1675 3507 1976 3580 affligeren-

381 3604 481 3652 tur.
495 3596 636 3651 Nam
657 3595 705 3650 si
734 3595 1018 3664 cujuslibet
1030 3593 1174 3651 fores
1187 3595 1402 3652 clausas
1414 3595 1701 3662 vidissent,
1719 3596 1976 3652 indicium

381 3693 494 3741 erat
521 3685 667 3757 quod
695 3684 838 3739 intus
869 3685 1029 3755 positi
1059 3685 1302 3754 ederent,
1349 3693 1400 3739 et
1451 3685 1705 3740 continuo
1754 3686 1975 3742 confra-

379 3775 482 3832 ctis
510 3774 720 3830 foribus
739 3774 921 3830 cibum
941 3774 1010 3829 de
1030 3774 1272 3844 ipsorum
1293 3774 1546 3829 manibus
1567 3775 1972 3831 abstrahebant.

379 3865 624 3920 Mensam
653 3863 817 3936 igitur
842 3863 997 3933 juxta
1025 3879 1233 3919 morem
1262 3864 1442 3918 nullus
1471 3879 1678 3936 ponere
1721 3865 1972 3932 audebat,

378 3955 476 4009 sed
504 3952 724 4024 propria
753 3953 910 4025 quasi
957 3953 1145 4009 furtiva
1201 3953 1434 4009 edebant
1467 3972 1482 4019 ;
1553 3954 1882 4009 frumentum
1921 3954 1978 4008 in

378 4042 593 4100 civitate
622 4042 827 4112 deerat,
878 4049 931 4097 et
971 4043 1017 4097 si
1063 4042 1186 4114 quis
1234 4058 1334 4113 pro
1381 4043 1742 4117 collingendis
1790 4043 1976 4099 herbis

375 4131 564 4205 egredi
592 4129 873 4198 voluisset,
905 4130 1088 4186 statim
1118 4132 1184 4186 ab
1215 4131 1294 4187 eis
1324 4132 1416 4203 qui
1436 4133 1582 4188 intus
1613 4140 1786 4202 erant,
1830 4133 1975 4188 deti-

369 4222 619 4292 nebatur,
650 4220 807 4294 quasi
838 4236 962 4276 cum
993 4221 1235 4276 Romano
1266 4222 1507 4277 exercitu
1537 4237 1731 4293 pacem
1791 4221 1976 4278 facere

380 4311 558 4368 vellet.
589 4310 850 4366 Iacebant
876 4309 1040 4381 igitur
1067 4325 1298 4380 corpora
1321 4310 1581 4379 juvenum
1623 4327 1720 4382 per
1767 4311 1975 4383 plateas

378 4399 629 4470 civitatis,
679 4399 856 4472 magis
892 4398 1036 4453 fame
1077 4415 1238 4470 quam
1281 4407 1435 4456 astate
1491 4399 1722 4456 defecta.
1772 4401 1967 4457 Nullus
2001 4393 2054 4454 D

373 4491 526 4560 juxta
552 4505 759 4545 morem
787 4488 1171 4560 sepeliebatur,
1223 4489 1347 4561 quia
1392 4505 1496 4546 nec
1532 4490 1814 4546 multitudo
1851 4507 1975 4546 mo-

379 4577 630 4636 rientium
659 4594 762 4635 nec
789 4578 982 4633 virium
1012 4578 1264 4634 debilitas
1285 4579 1388 4634 hoc
1407 4578 1676 4636 sinebant.
1716 4580 1977 4635 Nonnulli

379 4683 610 4740 corpora
648 4669 940 4724 charorum
995 4683 1216 4724 suorum
1261 4669 1492 4738 sepelire
1569 4677 1845 4736 curantes,
1879 4685 1974 4724 su-

377 4774 478 4830 per
504 4758 745 4830 ipsorum
775 4756 1010 4812 tumulos
1056 4758 1305 4828 spiritum
1347 4759 1683 4812 emittebant.
1736 4759 1978 4830 Cumque

378 4847 504 4902 tabo
533 4863 784 4919 magnus,
820 4855 872 4902 et
902 4845 1253 4902 intolerabilis
1298 4846 1438 4902 fetor
1483 4855 1627 4902 esset
1662 4848 1715 4901 in
1740 4847 1971 4915 civitate,

379 4952 659 5016 coeperunt
686 4959 916 5016 corpora
942 4951 1278 5000 mortuorum
1306 4951 1455 5000 extra
1476 4960 1659 5000 muros
1680 4944 1972 5016 projicere,

377 5041 435 5096 in
464 5049 670 5098 tantum
699 5049 756 5098 ut
785 5057 1012 5114 corpora
1041 5041 1174 5114 ipsis
1203 5042 1371 5098 muris
1400 5043 1671 5114 coaequari
1724 5042 1974 5099 videren-

379 5147 481 5196 tur.

452 5283 700 5356 Quadam
731 5293 909 5342 autem
940 5287 1028 5342 die
1054 5286 1200 5342 Titus
1227 5285 1499 5342 civitatem
1517 5301 1641 5343 cum
1661 5286 1794 5343 foris
1815 5303 1976 5359 gyra-

383 5393 466 5441 ret
496 5384 646 5457 (nam
675 5384 1046 5456 Vespasianus
1076 5393 1226 5456 pater
1243 5387 1359 5455 jam
1406 5394 1626 5458 propter
1686 5386 1976 5457 imperium

379 5483 608 5542 Romam
639 5483 998 5556 perrexerat),
1031 5483 1330 5556 vidensque
1359 5500 1552 5541 omnes
1578 5484 1749 5541 vallos
1788 5485 1977 5541 civita-

380 5582 451 5639 tis
481 5583 839 5642 cadaveribus
871 5589 1210 5640 mortuorurn
1273 5582 1486 5656 plenos,
1519 5592 1573 5640 et
1627 5584 1976 5642 morientium

2085 1757 2363 1829 nobilique
2393 1775 2598 1830 genere
2629 1766 2833 1823 exorta,
2869 1775 2990 1829 quae
3032 1773 3155 1813 cum
3203 1764 3396 1812 caetera
3444 1753 3687 1809 multitu-

2085 1847 2209 1902 dine
2239 1848 2306 1901 ad
2336 1848 2610 1902 civitatem
2633 1855 2991 1915 convenerat,
3007 1847 3157 1915 cujus
3179 1843 3495 1906 substantia,
3519 1857 3684 1914 quam

2085 1935 2231 1992 circa
2260 1935 2314 1990 in
2345 1937 2568 2009 regione
2599 1936 2850 2002 habebat,
2884 1951 3008 1992 cum
3038 1935 3105 1989 ab
3134 1934 3378 1989 hostibus
3404 1941 3551 1988 esset
3592 1947 3685 1986 va-

2085 2033 2221 2078 stata
2250 2034 2300 2079 et
2333 2025 2444 2095 igni
2477 2026 2775 2089 combusta,
2809 2039 2912 2080 nec
2959 2039 3068 2079 non
3096 2032 3227 2078 etea
3258 2039 3380 2094 quae
3397 2021 3452 2076 in
3467 2021 3684 2076 civitate

2085 2129 2270 2170 secum
2299 2113 2581 2179 detulerat,
2616 2121 2955 2184 consumpta,
2991 2114 3043 2168 in
3075 2114 3177 2168 hac
3224 2111 3558 2168 necessitate
3602 2108 3688 2164 vel

2084 2203 2431 2258 tribulatione
2462 2212 2652 2259 contra
2681 2205 2854 2275 ipsam
2873 2220 2932 2258 se
2955 2201 3125 2258 fertur
3145 2216 3392 2255 armasse
3414 2208 3679 2254 naturam.

2087 2292 2332 2362 Denique
2362 2301 2473 2348 erat
2502 2293 2553 2347 ei
2583 2294 2683 2348 sub
2726 2292 2987 2347 uberibus
3035 2290 3293 2362 parvulus
3334 2288 3477 2344 filius
3525 2303 3688 2359 quem

2084 2388 2209 2435 ante
2241 2382 2428 2437 oculos
2458 2390 2698 2438 statuens
2729 2382 2854 2436 talia
2907 2381 3072 2436 fertur
3126 2379 3329 2434 dixisse
3378 2391 3404 2432 ‘:
3465 2386 3687 2447 tangam

2085 2470 2229 2525 enim
2259 2487 2498 2538 sensum,
2551 2471 2794 2542 quamvis
2824 2471 2988 2526 verba
3006 2470 3124 2544 ipsa
3143 2468 3410 2522 dimittam
3435 2481 3447 2522 :
3471 2465 3518 2521 Ο
3542 2464 3685 2521 infe-

2077 2557 2150 2613 lix
2183 2569 2369 2624 mater,
2403 2568 2455 2616 et
2485 2576 2518 2614 o
2557 2559 2834 2615 infelicior
2861 2558 2959 2628 fili,
3010 2558 3064 2612 in
3115 2558 3274 2624 fame,
3327 2565 3380 2612 et
3427 2555 3590 2619 bello,
3634 2563 3688 2608 et

2081 2649 2380 2704 vastatione
2409 2649 2728 2720 praedonum
2757 2649 2843 2704 cui
2872 2657 2925 2704 te
2957 2648 3251 2703 reservabo
3280 2646 3309 2699 ?
3359 2645 3499 2700 Nam
3545 2651 3595 2698 et
3639 2642 3686 2697 si

2079 2738 2188 2792 vita
2218 2739 2430 2808 sperari
2450 2739 2642 2809 possit,
2661 2741 2794 2811 jugo
2817 2737 3090 2794 servitutis
3139 2733 3482 2808 urgemur.0
3519 2733 3684 2787 chare

2082 2835 2226 2893 nate,
2261 2835 2376 2883 esto
2410 2828 2562 2883 cibus
2591 2828 2746 2881 matri
2778 2835 2882 2881 tum
2915 2825 2926 2880 ι
2954 2834 3005 2881 et
3024 2833 3142 2882 esto
3166 2825 3484 2896 praedonum
3498 2819 3681 2878 furor!

2080 2916 2292 2971 seculis
2323 2915 2522 2984 fabula,
2572 2926 2624 2971 et
2654 2916 2958 2972 recordatio
3006 2915 3260 2986 pessima:
3317 2913 3491 2966 famis.
3554 2912 3684 2966 Haec

2007 3026 2056 3091 Ο
2077 3004 2284 3071 dicens,
2319 3005 2510 3059 statim
2531 3003 2698 3059 filium
2713 3005 2944 3076 jugulat,
2969 3013 3021 3058 et
3041 3011 3248 3074 partem
3270 3001 3410 3056 illius
3431 3000 3546 3072 igni
3567 3009 3686 3053 tor-

2078 3102 2176 3159 ret,
2209 3102 2532 3166 partemque
2585 3102 2815 3149 atteram
2863 3094 2919 3146 in
2967 3101 3244 3163 posterum
3272 3091 3374 3144 sibi
3404 3097 3682 3154 reservat,

2078 3200 2307 3254 cumque
2339 3184 2408 3238 ad
2438 3184 2666 3239 odorem
2698 3191 2902 3238 exustae
2933 3181 3109 3238 carnis
3135 3181 3287 3250 juxta
3305 3194 3510 3234 morem
3532 3194 3685 3248 prae-

2078 3272 2250 3328 dones
2279 3273 2555 3339 adessent,
2608 3280 2839 3327 mortem
2879 3271 3096 3326 miserae
3139 3269 3336 3324 minari
3374 3275 3682 3338 cmperunt,

2075 3361 2181 3416 nisi
2208 3361 2360 3418 cibos
2390 3378 2528 3434 quos
2558 3362 2940 3426 absconderat,
2977 3360 3276 3430 detegeret.
3297 3359 3432 3412 Tum
3454 3356 3544 3412 illa
3577 3364 3690 3409 tru-

2077 3452 2308 3524 culendo
2331 3451 2716 3521 vultu,etipsis
2737 3450 3085 3522 praedonibus
3123 3446 3478 3504 truculentior
3528 3463 3542 3501 :
3568 3444 3686 3516 Op-

2076 3540 2283 3606 timam,
2315 3540 2507 3612 inquit,
2540 3548 2748 3611 partem
2778 3539 3052 3595 reservavi
3083 3538 3256 3602 vobis,
3293 3545 3344 3592 et
3380 3542 3508 3590 tunc
3573 3550 3684 3590 cae-

2077 3637 2191 3684 tera
2220 3631 2462 3685 membra
2492 3629 2712 3684 infantis
2743 3629 2961 3694 detexit,
2995 3627 3186 3683 dicens
3222 3645 3234 3681 :
3266 3627 3440 3689 Meus,
3483 3623 3681 3696 inquit,

2074 3727 2264 3788 partus
2295 3728 2395 3785 est,
2429 3727 2480 3775 et
2508 3735 2664 3775 meus
2695 3717 2834 3774 filius
2865 3726 2966 3786 est,
3001 3726 3054 3772 et
3083 3715 3290 3772 facinus
3340 3729 3522 3771 meum
3573 3722 3678 3769 est.

2075 3808 2253 3874 Edite,
2312 3825 2436 3864 nam
2493 3817 2546 3864 et
2591 3823 2696 3882 ego
2748 3808 2894 3879 prior
2948 3806 3160 3863 comedi
3215 3819 3375 3877 quem
3434 3803 3602 3876 genui
3668 3819 3683 3855 :

2075 3897 2240 3952 nolite
2269 3905 2438 3953 matre
2497 3914 2619 3953 esse
2667 3896 3038 3970 religiosiores
3076 3911 3252 3967 neque
3299 3892 3511 3948 feminis
3532 3890 3682 3945 mol-

2075 3985 2262 4042 liores.
2297 3987 2454 4056 Quod
2500 3987 2546 4042 si
2604 4002 2700 4044 vos
2757 3986 2930 4058 pietas
2990 3985 3156 4042 vincit
3204 3991 3258 4040 et
3315 3980 3678 4038 exsecramini

2075 4091 2229 4130 meos
2262 4076 2433 4146 cibos,
2463 4091 2568 4149 ego
2600 4093 2721 4148 quae
2751 4075 2949 4130 talibus
2976 4083 3133 4145 pasta
3163 4089 3302 4143 sum,
3349 4070 3433 4126 his
3471 4071 3669 4125 iterum

2075 4179 2294 4235 pascar.
2352 4165 2487 4220 Tum
2538 4163 2898 4236 obstupefacti
2954 4163 3243 4235 praedones
3275 4204 3290 4228 ,
3343 4168 3396 4216 et
3471 4167 3679 4213 tantum

2077 4252 2284 4309 facinus
2342 4253 2724 4321 abhorrentes,
2790 4253 3176 4309 nuntiaverunt
3255 4249 3396 4318 urbi,
3465 4256 3516 4303 et
3571 4249 3682 4304 hoc

2075 4342 2451 4415 unusquisque
2479 4351 2602 4400 ante
2631 4343 2823 4400 oculos
2851 4351 3093 4398 statuens
3117 4349 3373 4413 tanquam
3395 4337 3679 4410 proprium

2076 4431 2228 4488 nefas
2258 4433 2509 4500 deflebat,
2543 4442 2596 4488 et
2627 4450 2751 4490 cum
2780 4448 2979 4504 magno
3008 4431 3225 4502 ejulatu,
3251 4429 3467 4493 etﬂetu,
3493 4435 3546 4484 et
3568 4426 3679 4482 cla-

2076 4538 2230 4578 more
2260 4522 2437 4578 statim
2467 4531 2622 4595 porta
2651 4521 2882 4580 civitatis
2911 4529 3098 4593 aperta
3141 4529 3241 4586 est,
3293 4527 3346 4574 et
3389 4519 3682 4590 ingressus

2077 4618 2227 4673 Titus
2257 4635 2379 4674 cum
2426 4619 2571 4674 omni
2618 4619 2949 4674 Romnorum
2997 4615 3260 4685 exercitu,
3309 4614 3444 4670 alios
3490 4611 3680 4686 gladio

2077 4708 2328 4779 peremit,
2361 4707 2495 4763 alios
2527 4708 2653 4780 igne
2684 4707 2907 4775 exussit,
2939 4714 2993 4762 et
3035 4708 3262 4775 juvenes
3311 4720 3449 4776 quos
3471 4718 3681 4773 corpu-

2076 4803 2333 4860 lentiores
2361 4804 2563 4875 reperit
2591 4805 2644 4859 in
2675 4804 3034 4874 captivitatem
3051 4801 3359 4857 destinavit.
3400 4800 3679 4872 Colligens

2077 4911 2255 4958 autem
2287 4902 2752 4976 historiographus
2781 4918 3066 4958 numerum
3099 4917 3289 4957 eorum
3319 4898 3409 4971 qui
3438 4897 3582 4952 fame
3625 4905 3680 4951 et

2078 4998 2226 5056 ferro
2255 5000 2561 5071 interempti
2593 5008 2734 5070 sunt,
2767 4999 2968 5056 invenit
2999 4999 3260 5054 undecies
3289 5005 3522 5054 centena
3553 4995 3673 5049 mil-

2079 5096 2147 5151 lia
2180 5115 2194 5151 :
2253 5097 2465 5153 illorum
2495 5114 2626 5154 vero
2655 5097 2746 5169 qui
2775 5097 2829 5151 in
2863 5096 3228 5168 captivitatem
3273 5095 3506 5168 dispersi
3551 5093 3676 5150 fue-

2076 5202 2202 5249 runt
2229 5194 2522 5266 nonaginta
2552 5194 2721 5250 millia
2771 5193 3094 5261 ;latronum
3142 5209 3270 5250 vero
3319 5193 3538 5249 illorum
3585 5192 3678 5264 qui

2075 5298 2366 5363 postquam
2395 5292 2583 5348 civitas
2625 5297 2778 5361 capta
2819 5299 2920 5358 est,
2970 5291 3203 5349 diversis
3250 5289 3426 5346 modis
3476 5289 3678 5344 mortui

2078 5397 2219 5456 sunt,
2251 5388 2491 5446 incertus
2519 5398 2602 5446 est
2627 5407 2888 5472 numerus
2922 5409 2936 5447 :
2966 5391 3154 5447 civitas
3183 5396 3360 5444 autem
3390 5387 3466 5442 ita
3496 5402 3528 5442 a
3556 5386 3680 5442 fun-

2079 5486 2346 5543 damentis
2384 5488 2657 5545 destructa
2704 5497 2805 5560 est,
2851 5497 2908 5546 ut
2953 5503 3066 5544 non
3092 5487 3493 5560 relinqueretur
3523 5484 3582 5540 in
3613 5501 3676 5541 ea

2077 5582 2218 5658 lapis
2247 5601 2414 5660 super
2441 5586 2697 5662 lapidem.
2844 5578 2847 5580 ’
