4024 6194
328 276 432 330 969

1481 273 1576 329 DE
1635 271 2121 332 SUBVERSIONE
2174 272 2580 333 JERUSALEM

3528 279 3632 334 970

397 399 529 454 Hac
560 414 626 453 ex
653 397 897 469 Josepho
925 398 1504 467 commemoravimus,
1531 407 1590 456 ut
1622 399 1935 456 veredicam
1963 397 2019 460 A
2047 423 2066 448 »ι
2101 399 2241 455 caelo
2269 399 2526 473 cognovit
2556 407 2772 470 tempus
2803 415 2980 467 suum,
3015 407 3211 467 turtur,
3265 407 3319 456 et
3374 400 3630 470 hirundo,

331 487 551 542 Domini
596 487 921 542 sententiam
968 486 1137 543 fuisse
1169 489 1555 566 approbemus,
1605 490 1733 561 quia
1763 489 1894 544 dixit
1929 509 1940 549 :

336 600 357 624 ιι
401 575 544 644 Quia
561 577 782 633 venient
829 577 968 642 dies,
1001 585 1054 632 et
1100 578 1516 633 circumdabunt
1545 586 1598 633 te
1626 577 1830 633 inimici
1868 578 1945 632 tui

335 689 357 713 ιι
396 665 558 736 vallo,
609 673 663 721 et
717 665 1132 723 circumdabunt
1187 675 1260 733 te,
1295 675 1348 721 et
1400 668 1835 740 coangustabunt
1891 674 1946 723 te

337 779 358 803 η
392 755 656 826 undique,
718 763 770 811 et
799 756 870 810 ad
918 763 1121 810 terram
1171 763 1520 827 prosternent
1575 764 1646 823 te,
1695 764 1748 810 et
1804 754 1946 810 ﬁlios

336 868 358 892 ι»
393 852 537 910 tuos,
603 843 694 916 qui
739 844 796 898 in
826 852 877 900 te
928 853 1071 913 sunt,
1118 853 1171 900 et
1217 861 1326 900 non
1369 845 1676 917 relinquent
1704 845 1759 898 in
1791 851 1840 899 te
1860 843 1945 898 la-

338 958 360 981 »
394 933 580 1004 pidem
638 950 803 1004 super
860 933 1120 1004 lapidem,
1173 949 1239 989 eo
1297 935 1443 1005 quod
1473 949 1582 989 non
1618 932 1945 1005 cognoveris

341 1047 363 1071 ιι
392 1029 609 1094 tempus
667 1022 991 1078 visitationis
1071 1031 1176 1078 tua:
1199 1025 1356 1094 (Luc.
1391 1023 1472 1092 Χ).
1509 1048 1531 1071 ι
1587 1023 1718 1077 Inde
1783 1022 1946 1077 etiam

336 1111 444 1166 alio
474 1112 529 1165 in
557 1111 679 1167 loco
714 1112 845 1168 dicit
902 1111 1164 1166 Dominus
1219 1112 1290 1166 ad
1319 1111 1615 1182 discipulos
1666 1129 1729 1164 ει
1772 1115 1944 1166 Amen

339 1224 362 1249 ιι
401 1201 524 1256 dico
580 1201 756 1269 vobis,
790 1216 899 1255 non
955 1201 1292 1271 relinquetur
1321 1201 1376 1255 in
1406 1217 1472 1256 ea
1499 1200 1639 1271 lapis
1671 1217 1838 1270 super
1866 1200 1945 1254 la-

339 1314 361 1336 »
395 1290 599 1359 pidem,
635 1289 726 1360 qui
772 1305 883 1344 non
948 1290 1262 1344 destruatur
1298 1290 1518 1359 (Matth.
1572 1289 1760 1358 xxw).
1794 1314 1817 1337 ι
1877 1289 1948 1342 Et

333 1377 501 1432 alibi:
539 1397 567 1431 α
597 1378 731 1433 Cum
778 1377 1026 1433 videritis
1084 1379 1427 1433 Hierusalem
1465 1378 1534 1432 ab
1565 1377 1810 1432 hostibus
1840 1377 1946 1432 cir-

342 1490 363 1515 »δ
392 1466 659 1534 cumdari,
714 1467 903 1522 scitote
969 1466 1097 1537 quia
1143 1483 1317 1537 prope
1373 1475 1456 1521 est
1501 1466 1771 1521 desolatio
1831 1466 1946 1535 ejus

347 1580 370 1604 η
403 1556 753 1626 (Luc.xx1).n
791 1557 1123 1610 Monstratur
1141 1557 1292 1611 locus
1324 1572 1497 1627 usque
1539 1555 1594 1609 in
1623 1555 1946 1610 hodiernum

341 1653 510 1718 diem,
571 1654 699 1725 quia
729 1654 784 1708 in
805 1655 1000 1710 eodem
1014 1655 1156 1720 loco,
1191 1656 1280 1709 ubi
1312 1663 1440 1710 tunc
1495 1655 1597 1709 sita
1625 1661 1762 1720 erat,
1805 1653 1946 1724 lapis

2051 510 2073 539 ι
2107 497 2160 544 et
2179 489 2389 545 ciconia
2401 489 2774 545 custodierunt
2793 497 3003 560 tempus
3021 489 3287 546 adventus
3309 490 3391 544 sui
3425 491 3633 547 :Israel

2051 601 2072 626 ››
2107 586 2288 634 autem
2316 595 2404 634 me
2432 595 2540 634 non
2570 578 2847 652 cognovit,
2880 587 2932 636 et
2960 579 3193 652 p0pulus
3222 595 3377 636 meus
3397 595 3484 637 me
3526 596 3637 636 non

2051 690 2073 716 ι»
2096 667 2355 723 intellexit
2381 669 2513 740 (Jer.
2535 669 2677 739 vm),
2728 691 2750 714 ι

2113 782 2230 836 Nec
2248 782 2422 836 solum
2453 798 2554 853 per
2579 782 2932 853 semetipsum
2963 798 3058 838 eos
3107 782 3371 838 Dominus
3419 782 3640 840 visitare

2045 869 2297 941 dignatus
2337 878 2437 937 est,
2473 871 2568 925 sed
2599 871 2757 925 etiam
2777 879 2900 941 post
2931 887 3085 926 suam
3115 871 3488 927 ascentionem
3543 889 3642 942 per

2046 959 2407 1031 quadraginta
2429 967 2479 1013 et
2500 959 2636 1014 duos
2666 975 2839 1014 annos
2861 960 3026 1016 variis
3057 960 3229 1031 signis
3278 968 3330 1014 et
3372 960 3640 1033 prodigiis

2044 1061 2108 1102 ac
2135 1049 2395 1118 portentis
2424 1064 2534 1103 non
2563 1048 2736 1103 solum
2768 1065 2862 1104 eos
2891 1049 3147 1118 visitavit,
3173 1049 3271 1104 sed
3313 1049 3473 1104 etiam
3533 1056 3643 1104 ter-

2045 1135 2169 1190 ruit.
2204 1136 2438 1205 Etenim,
2473 1137 2612 1193 sicut
2641 1138 2787 1192 idem
2842 1138 3110 1208 Josephus
3159 1145 3363 1206 narrat,
3413 1138 3643 1208 quadam

2049 1224 2137 1279 die
2168 1225 2388 1280 admota
2412 1226 2468 1280 in
2484 1226 2755 1282 sacrificio
2774 1226 2942 1281 vitula
2963 1227 3122 1281 enixa
3148 1234 3229 1282 est
3258 1242 3479 1298 agnam.
3508 1228 3642 1282 Sera

2047 1311 2207 1366 etiam
2229 1314 2433 1383 templi,
2477 1331 2598 1385 quae
2629 1315 2762 1369 tanti
2810 1314 3070 1384 ponderis
3102 1323 3213 1370 erat
3270 1323 3325 1369 ut
3373 1315 3461 1370 vix
3505 1315 3647 1370 avi-

2047 1400 2183 1473 ginti
2213 1401 2340 1456 viris
2394 1403 2604 1457 moveri
2643 1411 2848 1473 posset,
2885 1420 2984 1474 per
3012 1403 3362 1474 semetipsam
3393 1410 3474 1458 est
3493 1419 3644 1458 rese-

2046 1497 2183 1544 rata.
2205 1490 2379 1544 Media
2407 1499 2586 1546 autem
2616 1499 2773 1548 nocte
2803 1492 2876 1546 ita
2898 1492 2988 1546 lux
3019 1492 3074 1545 in
3105 1492 3304 1562 templo
3356 1492 3506 1547 clara
3554 1509 3641 1548 re-

2045 1577 2214 1645 fulsit,
2258 1587 2373 1633 uta
2420 1580 2692 1635 nonnullis
2743 1581 2924 1636 media
2985 1580 3102 1636 dies
3164 1588 3445 1651 putaretur
3495 1597 3639 1637 esse.

2046 1666 2203 1735 Quod
2220 1667 2398 1740 ignari
2418 1677 2726 1736 cernantes,
2745 1670 3082 1724 mstimabant
3119 1685 3384 1740 prospera
3398 1669 3500 1723 sibi
3520 1685 3642 1726 esse

340 1759 508 1814 super
538 1742 776 1812 lapidem
806 1760 916 1799 non
945 1744 1225 1800 remansit.
1262 1745 1371 1800 Sed
1406 1752 1598 1815 postea
1627 1743 1761 1798 foris
1817 1758 1942 1812 por-

2059 1765 2296 1822 ventura,
2329 1757 2426 1812 sed
2453 1757 2724 1828 sapientes
2754 1759 2975 1813 minime
3006 1758 3162 1813 latuit
3201 1758 3470 1813 interitum
3504 1758 3644 1814 civi-

339 1839 452 1886 tam
483 1832 736 1899 civitatis,
766 1833 858 1887 ubi
885 1834 1150 1888 Dominus
1180 1831 1473 1890 cruciﬁxus
1518 1833 1636 1898 fuit,
1680 1832 1748 1886 ab
1804 1831 1944 1886 zElio

337 1920 578 1977 Adriano
660 1920 992 1978 reaedificata
1068 1931 1168 1989 est,
1203 1931 1256 1977 et
1311 1939 1456 1978 nunc
1511 1921 1647 1976 jElia
1695 1928 1941 1988 vocatur,

339 2009 516 2064 Tanta
549 2018 732 2065 autem
761 2011 938 2065 vilitas
986 2011 1083 2066 fuit
1129 2011 1185 2065 in
1225 2011 1499 2082 emptione
1547 2009 1944 2080 mancipiorum

338 2098 709 2164 Judaicorum,
769 2107 826 2154 ut
882 2100 1075 2154 dantes
1123 2117 1289 2155 unum
1353 2107 1692 2173 argenteum,
1731 2098 1948 2170 triginta

341 2187 448 2241 sibi
469 2196 714 2242 emerent
745 2190 982 2244 Iudaeos.
1008 2191 1078 2243 Et
1107 2189 1334 2262 dignum
1393 2189 1471 2244 sic
1501 2188 1599 2242 fuit
1630 2196 1686 2242 ut
1736 2188 1826 2260 qui
1854 2187 1948 2242 vili

338 2285 515 2356 pretio
545 2285 833 2342 Dominum
864 2295 1129 2353 emerant,
1183 2287 1274 2354 vili
1333 2286 1688 2342 mercimonio
1753 2286 1948 2342 vende-

347 2383 558 2430 rentur.

414 2465 568 2519 Tunc
599 2464 757 2519 etiam
789 2465 1141 2536 adimpletum
1163 2472 1244 2520 est
1274 2464 1587 2521 vaticinium
1644 2463 1950 2520 Ezechielis

345 2553 626 2624 prOphetaa
656 2555 801 2624 quod
834 2554 883 2609 ei
915 2570 948 2608 a
978 2554 1210 2608 Domino
1232 2554 1437 2609 dictum
1493 2553 1670 2608 fuerat
1697 2569 1754 2608 τα
1775 2554 1842 2606 Et
1873 2560 1948 2618 tu,

351 2671 374 2695 ιι
413 2646 489 2700 fili
520 2643 773 2707 hominis,
836 2659 987 2696 sume
1021 2642 1116 2695 tibi
1149 2641 1386 2712 gladium
1423 2650 1638 2698 acutum
1669 2642 1953 2696 radentem

353 2761 374 2785 ιι
409 2737 572 2807 pilos,
606 2743 658 2790 et
686 2734 856 2788 ducas
898 2747 1019 2786 cum
1066 2747 1167 2801 per
1213 2739 1376 2801 caput
1417 2737 1583 2795 tuum,
1619 2738 1671 2785 et
1709 2731 1950 2794 barbam,

357 2849 379 2874 ιι
406 2835 459 2880 et
500 2824 668 2880 facias
699 2822 824 2875 inde
855 2829 1087 2891 quatuor
1125 2828 1304 2890 partes
1337 2837 1349 2872 :
1401 2835 1562 2873 unam
1599 2826 1807 2890 partem
1838 2819 1954 2873 dis-

357 2938 380 2961 »
415 2929 585 2986 perge
614 2913 668 2966 in
697 2918 938 2974 ventum,
973 2909 1202 2963 alteram
1249 2907 1456 2978 projice
1482 2908 1536 2961 in
1591 2908 1797 2979 ignem,
1849 2916 1956 2961 ter-

357 3027 379 3051 »
418 3003 550 3056 tiam
598 3000 776 3056 incide
819 2998 983 3062 ferro,
1018 3006 1071 3052 et
1126 2997 1388 3068 reliquias
1418 2996 1530 3067 liga
1567 2997 1623 3050 in
1654 2996 1957 3050 summitate

2046 1844 2173 1900 tatis
2203 1844 2517 1918 significari.
2553 1846 2821 1917 Strepitus
2865 1863 3079 1918 quoque
3139 1853 3189 1902 et
3236 1862 3401 1903 voces
3444 1846 3644 1902 auditae

2047 1941 2170 1987 sunt
2192 1933 2246 1987 in
2268 1933 2471 2004 templo
2501 1934 2796 1990 dicentium
2823 1952 2836 1988 :
2868 1936 3229 1990 Transeamus
3258 1936 3329 1989 ab
3357 1934 3441 1989 his
3498 1935 3643 1990 sedi-

2047 2022 2170 2076 bus.
2205 2022 2409 2076 Currus
2431 2039 2649 2094 quoque
2680 2031 2732 2077 et
2758 2022 2970 2094 equites
2991 2023 3140 2096 ignei
3169 2023 3271 2078 visi
3287 2031 3410 2077 sunt
3431 2023 3486 2078 in
3516 2039 3644 2080 aere

2051 2109 2275 2177 deferri,
2312 2111 2584 2165 interitum
2632 2111 2849 2167 miserae
2887 2111 3120 2167 civitatis
3166 2112 3451 2167 minantes.
3503 2114 3643 2168 Ante

2049 2198 2188 2253 duos
2220 2199 2382 2253 etiam
2413 2215 2585 2254 annos
2621 2200 2956 2255 obsessionis
2996 2217 3203 2269 eorum,
3264 2201 3416 2255 stella
3462 2200 3648 2272 gladio

2050 2303 2149 2358 per
2173 2288 2356 2342 omnia
2386 2288 2575 2342 similis
2608 2289 2663 2343 in
2695 2290 2836 2345 cmlo
2857 2306 2954 2360 per
2983 2297 3152 2344 totum
3182 2305 3382 2343 annum
3403 2291 3649 2360 apparuit

2051 2393 2215 2447 super
2238 2377 2527 2433 civitatem.
2562 2378 2667 2432 Sed
2701 2386 2754 2432 et
2798 2386 2922 2433 ante
2977 2395 3142 2432 unum
3172 2395 3371 2432 annum
3423 2379 3650 2434 subver-

2054 2465 2222 2520 sionis
2277 2481 2484 2536 eorum,
2537 2467 2755 2537 quidam
2812 2467 2898 2522 vir
2949 2467 3168 2522 nomine
3205 2468 3384 2534 Jesus,
3434 2467 3650 2538 plebius

2055 2563 2105 2609 et
2127 2554 2382 2621 rusticus,
2411 2555 2465 2608 in
2498 2555 2586 2610 die
2617 2555 2846 2610 solemni
2867 2556 3087 2610 Pascha;
3115 2555 3257 2611 inter
3284 2555 3495 2611 medios
3547 2572 3647 2627 po-

2053 2644 2211 2715 pulos
2244 2645 2407 2715 coepit
2433 2645 2668 2700 clamare
2690 2654 2741 2700 et
2771 2646 2955 2702 dicere
2991 2663 3003 2698 :
3029 2646 3144 2700 Vox
3175 2645 3243 2699 ab
3283 2645 3511 2712 oriente,
3543 2661 3650 2701 vox

2056 2732 2126 2786 ab
2155 2733 2457 2800 occidente,
2493 2750 2596 2788 vox
2625 2751 2656 2787 a
2679 2742 2914 2806 quatuor
2934 2733 3114 2805 plagis
3143 2734 3287 2804 cmli,
3313 2751 3416 2790 vox
3485 2751 3648 2806 super

2058 2837 2287 2892 sponsos
2310 2829 2362 2876 et
2392 2838 2644 2892 sponsas,
2675 2839 2779 2878 vox
2822 2840 2987 2894 super
3035 2822 3373 2878 Hierusalem
3415 2831 3467 2878 et
3522 2831 3651 2879 tem-

2057 2909 2225 2981 plum.
2260 2911 2500 2982 Cumque
2523 2927 2556 2966 a
2583 2911 2797 2982 pOpulis
2828 2911 3051 2966 nimium
3100 2912 3420 2979 caederetur,
3471 2913 3652 2968 nulla-

2060 3007 2216 3054 tenus
2255 3000 2486 3067 tacebat,
2513 3009 2564 3056 et
2595 3017 2719 3056 cum
2765 3001 2904 3056 inter
2933 3001 3151 3072 flagella
3202 3001 3451 3072 spiritum
3492 3002 3654 3057 emit-

367 3115 389 3138 »
425 3090 577 3161 pallii
598 3089 674 3143 tui
703 3088 924 3158 (Ezech.
955 3085 1030 3157 v).
1051 3105 1071 3137 ι
1095 3084 1251 3153 Quod
1311 3092 1482 3140 totum
1529 3093 1658 3141 tunc
1687 3085 1958 3155 adimple-
1989 3116 2038 3178 Ο
2065 3095 2217 3158 teret,
2271 3088 2452 3143 aiebat
2487 3107 2499 3142 :
2533 3090 2645 3155 Vae,
2707 3105 2789 3145 vae
2835 3089 3230 3162 Hierosolymis
3257 3089 3268 3145 Ι
3291 3090 3532 3162 Cumque
3579 3098 3660 3146 tot

355 3187 469 3234 tum
501 3186 583 3234 est
613 3176 831 3249 quando
851 3175 957 3228 alia
987 3189 1116 3244 pars
1160 3173 1348 3244 p0puli
1403 3173 1587 3245 gladio
1638 3173 1962 3243 interempta

359 3276 464 3333 est,
528 3266 634 3320 alia
673 3265 800 3338 igne
849 3263 1151 3328 combusta,
1182 3270 1344 3332 atque
1373 3262 1554 3316 aliain
1594 3262 1960 3333 captivitatem

358 3355 652 3420 destinata,
697 3369 818 3425 quae
848 3351 1136 3422 captivitas
1193 3367 1367 3422 usque
1396 3351 1587 3405 hosdie
1634 3351 1690 3404 in
1727 3351 1962 3405 miseros

357 3443 713 3514 Judaaos‘per
771 3450 944 3496 totum
983 3441 1245 3495 mundum
1300 3441 1576 3510 perdurat.
1634 3440 1739 3495 Per
1785 3440 1960 3509 ipsam

363 3549 601 3604 namque
623 3540 835 3603 partem
866 3545 1029 3601 quam
1071 3529 1338 3600 propheta
1378 3528 1436 3582 in
1490 3528 1672 3600 ignem
1715 3529 1964 3599 projecit,

367 3621 682 3692 intelligere
715 3620 978 3674 debemus
1010 3634 1104 3673 eos
1146 3618 1239 3689 qui
1287 3619 1354 3672 de
1412 3618 1613 3688 populo
1653 3617 1962 3672 Judaaorum

361 3711 490 3784 igne
520 3709 818 3781 perierunt,
853 3708 966 3762 sive
1015 3707 1355 3762 combustam
1425 3707 1588 3761 etiam
1640 3705 1835 3760 abimis
1879 3705 1961 3761 ci—

367 3801 614 3855 vitatem.
633 3800 738 3853 Per
768 3813 890 3852 eam
918 3805 1130 3866 partem
1161 3812 1321 3867 quam
1341 3795 1525 3850 incidit
1549 3795 1716 3862 ferro,
1773 3803 1960 3850 osten-

365 3887 443 3944 dit
465 3903 560 3942 eos
583 3887 674 3957 qui
695 3884 966 3942 interfecti
997 3891 1124 3939 sunt
1169 3884 1373 3957 gladio.
1406 3884 1511 3938 Per
1538 3891 1750 3954 partem
1801 3899 1962 3954 quam

365 3977 623 4047 dispersit
666 3975 721 4029 in
769 3983 1006 4040 ventum,
1042 3974 1380 4028 demonstrat
1436 3987 1531 4027 eos
1584 3973 1675 4044 qui
1732 3973 1963 4042 dispersi

368 4074 493 4121 sunt
522 4064 580 4118 in
619 4063 978 4134 captivitatem
1026 4079 1127 4132 per
1181 4062 1391 4117 diversa
1421 4061 1596 4132 spatia
1648 4061 1816 4116 orbis.
1862 4062 1964 4117 Per

369 4154 634 4228 gladium,
671 4169 834 4223 quem
865 4150 1157 4221 evaginare
1180 4150 1343 4218 jussit
1371 4157 1493 4220 post
1522 4150 1642 4216 ista,
1692 4149 1963 4222 generalis

367 4243 653 4314 percussio
683 4241 899 4296 Domini
929 4239 1248 4312 intelligitur
1274 4239 1331 4292 in
1349 4239 1542 4294 eodem
1585 4239 1804 4309 populo.
1860 4239 1965 4293 Per

368 4331 628 4402 reliquias
660 4345 794 4401 quas
825 4329 882 4383 in
909 4328 1211 4383 summitate
1253 4327 1404 4397 pallii
1433 4326 1605 4397 ligare
1653 4327 1830 4396 jussit,
1892 4327 1966 4381 si-

369 4418 593 4492 gniﬁcat
624 4434 718 4474 eos
735 4418 827 4490 qui
855 4419 923 4472 de
941 4417 1132 4472 eadem
1154 4424 1316 4487 gente
1346 4415 1402 4469 in
1449 4414 1555 4470 fine
1612 4416 1795 4471 saeculi
1844 4431 1964 4470 cre—

2063 3193 2128 3232 ac
2151 3177 2310 3232 tantis
2338 3178 2612 3233 miraculis
2644 3186 2696 3233 et
2728 3178 2900 3249 signis
2917 3195 3026 3234 non
3071 3179 3247 3232 solum
3293 3179 3515 3246 visitati,
3560 3178 3660 3236 sed

2063 3266 2223 3320 etiam
2252 3266 2421 3321 territi
2449 3266 2698 3337 fuissent,
2743 3283 2854 3322 non
2911 3275 2993 3322 est
3033 3267 3300 3322 mollitum
3335 3283 3430 3323 cor
3469 3284 3660 3324 eorum

2063 3355 2133 3408 ad
2179 3354 2568 3425 pmnitentiam,
2611 3357 2710 3410 sed
2766 3355 2822 3409 in
2869 3356 2982 3413 suis
3038 3356 3256 3411 malitiis
3315 3363 3369 3412 et
3422 3357 3660 3428 peccatis

2060 3452 2568 3512 perseveraverunt.

2132 3532 2322 3602 Neque
2354 3532 2579 3604 dignum
2602 3541 2716 3587 erat
2757 3540 2817 3588 ut
2872 3532 2989 3588 sine
3044 3531 3244 3588 ultione
3291 3543 3658 3604 remanerent,

2065 3619 2157 3690 qui
2187 3620 2346 3673 tantis
2379 3620 2677 3675 sceleribus
2708 3620 2918 3676 fuerant
2950 3629 3220 3687 auctores,
3254 3637 3484 3692 quorum
3528 3621 3661 3680 ultio

2063 3707 2118 3761 in
2147 3707 2356 3763 actibus
2387 3709 2554 3763 Elisei
2587 3711 2866 3780 propheta;
2912 3707 3256 3781 prasfigurata
3285 3717 3385 3779 est,
3443 3710 3660 3781 quando

2063 3792 2403 3847 descendens
2423 3793 2491 3847 de
2514 3792 2753 3864 Galgalis
2772 3793 2929 3864 pueri
2945 3793 3277 3847 insultabant
3303 3794 3352 3848 ei
3373 3793 3616 3850 dicentes
3641 3810 3654 3850 :

2068 3900 2090 3930 ι
2127 3881 2396 3949 Ascende,
2431 3881 2600 3947 calve,
2650 3882 2903 3950 ascende,
2937 3881 3087 3938 calve
3135 3881 3228 3952 (IV
3263 3885 3390 3954 Reg.
3423 3882 3505 3953 II).
3535 3903 3558 3933 ι
3593 3885 3663 3938 At

2061 3966 2152 4023 ille
2181 3969 2460 4024 maledixit
2481 3970 2560 4025 eis
2590 3970 2644 4024 in
2673 3971 2892 4027 nomine
2922 3970 3157 4040 Domini,
3197 3978 3249 4026 et
3307 3971 3517 4044 egressi
3553 3972 3660 4029 duo

2063 4057 2180 4112 ursi
2223 4059 2291 4113 de
2331 4059 2471 4113 saltu
2518 4059 2912 4116 devoraverunt
2960 4077 3026 4114 ex
3063 4059 3141 4114 eis
3199 4061 3556 4134 quadraginta
3610 4069 3665 4117 et

2065 4146 2200 4202 duos
2230 4163 2451 4218 pueros.
2487 4150 2592 4204 Per
2622 4149 2862 4204 Eliseum
2939 4149 3292 4220 intelligimus
3368 4150 3661 4205 Dominum

2065 4234 2358 4302 Christum,
2391 4237 2483 4308 qui
2510 4238 2700 4293 ductus
2730 4253 2760 4290 a
2787 4237 2973 4293 Judeis
3005 4237 3058 4292 in
3098 4237 3276 4294 locum
3327 4237 3417 4310 qui
3461 4238 3661 4295 dicitur

2065 4323 2312 4379 Calvaria:
2349 4324 2521 4392 locus,
2555 4326 2624 4379 ad
2653 4324 3086 4399 cruciﬁgendum
3119 4344 3133 4394 ;
3167 4326 3306 4382 sicut
3333 4326 3547 4382 Eliseus
3577 4336 3662 4383 est

2066 4427 2097 4464 a
2122 4413 2307 4482 pueris
2334 4413 2548 4481 irrisus,
2579 4414 2651 4469 ita
2680 4422 2732 4469 et
2752 4415 2851 4470 Dei
2881 4415 3047 4470 Filius
3068 4431 3099 4468 a
3139 4415 3342 4470 Iudaeis
3386 4423 3469 4470 est
3507 4416 3662 4471 delu-

370 4475 534 4562 Eturi
563 4515 704 4561 sunt.
734 4475 911 4574 Quare
938 4521 1067 4562 vero
1087 4513 1200 4559 tam
1238 4505 1375 4559 dura
1396 4503 1475 4558 eis
1497 4503 1814 4568 acciderint,
1839 4504 1968 4558 sub-
1994 4475 2047 4536 D
2072 4518 2182 4569 sus,
2215 4503 2430 4573 quando
2469 4503 2750 4559 ﬂectentes
2779 4519 2961 4575 genua
2988 4503 3236 4558 dicebant
3260 4521 3272 4557 :
3330 4524 3350 4556 ι
3399 4506 3532 4570 Ave,
3565 4521 3661 4560 rex

372 4595 624 4663 infertur,
652 4615 678 4650 ι
709 4611 774 4650 eo
798 4595 944 4666 quod
973 4610 1080 4650 nou
1119 4593 1447 4665 cognoveris
1507 4601 1720 4663 tempus
1777 4591 1972 4648 visita-

380 4709 402 4733 ιι
435 4684 601 4740 tionis
625 4692 730 4738 tuae
771 4684 922 4754 (Luc.
958 4683 1105 4754 xxx).
1149 4701 1170 4733 ι
1191 4683 1341 4736 Tunc
1390 4681 1590 4753 quippe
1610 4697 1705 4736 eos
1740 4681 1976 4736 visitavit

377 4773 598 4845 quando
628 4773 769 4827 inter
799 4789 893 4827 eos
941 4772 1212 4827 incarnari
1268 4771 1454 4838 voluit,
1496 4787 1658 4843 quam
1722 4769 1980 4826 visitatio-

373 4877 502 4916 nem
549 4861 769 4932 optabat
824 4860 1111 4915 Psalmista
1162 4860 1390 4916 dicens:
1431 4859 1649 4915 -Visita
1693 4874 1812 4925 nos,
1863 4861 1979 4914 Do-

2078 4610 2100 4640 ι
2135 4590 2441 4646 Judaeorum
2473 4592 2924 4661 (Matth.xxvu).
2963 4612 2986 4642 ι
3010 4592 3080 4645 Et
3135 4592 3284 4646 item.
3337 4612 3358 4644 ι
3383 4592 3439 4647 Si
3496 4593 3662 4648 Filius

2082 4702 2103 4726 »
2139 4679 2237 4734 Dei
2253 4687 2338 4734 est
2356 4680 2653 4735 descendat
2671 4681 2740 4736 de
2761 4695 2945 4747 cruce,
2972 4687 3023 4734 et
3041 4680 3326 4735 credemus
3347 4680 3397 4735 ei
3418 4679 3660 4753 (Ibid.).»

2076 4767 2146 4821 Et
2174 4768 2536 4838 percutientes
2577 4785 2700 4823 eum
2745 4769 3030 4824 dicebant:
3073 4769 3435 4839 «'Prophetiza
3483 4769 3663 4838 nobis,

2085 4880 2106 4906 η
2141 4857 2373 4923 Christe,
2399 4857 2491 4928 qui
2511 4866 2592 4912 est
2623 4857 2714 4928 qui
2735 4865 2786 4912 te
2803 4858 3071 4927 percussit
3090 4857 3309 4928 (Matth.
3333 4858 3516 4929 xxvr).
3534 4859 3669 4914 Ῥει-

383 4974 404 4998 n
449 4949 616 5016 mine,
659 4949 712 5003 in
735 4949 958 5005 salutari
991 4957 1081 5004 tuo
1103 4949 1276 5019 (Psat.
1324 4948 1435 5020 ον).
1496 4971 1518 4993 ι
1553 4949 1631 5003 De
1667 4964 1776 5019 qua
1819 4947 1982 5003 etiam
2082 4946 2646 5018 quadragintaetduos
2668 4962 2862 5017 pueros
2883 4947 3244 5018 quadraginta
3263 4954 3315 5001 et
3335 4946 3444 5002 duo
3465 4947 3591 5002 anni
3613 4947 3672 5004 ﬁ-

379 5047 432 5094 et
488 5038 812 5094 Zacharias:
855 5057 874 5088 α
908 5037 1175 5103 Visitavit,
1238 5045 1291 5092 et
1359 5036 1486 5092 fecit
1547 5036 1982 5107 redemptionem
2082 5045 2344 5107 gurantur
2373 5036 2564 5108 quibus
2586 5052 2682 5092 eos
2728 5036 2991 5090 Dominus
3037 5036 3105 5090 ad
3152 5035 3526 5105 pcenitentiam
3579 5054 3673 5094 ex-

385 5151 407 5176 »
439 5127 619 5198 plebis
700 5127 1070 5200 sua:(Luc.i).
1108 5152 1130 5175 «
1185 5124 1437 5180 Visitavit
1482 5141 1584 5180 nos
1647 5126 1841 5181 Oriens
1921 5141 1985 5181 ex
2086 5126 2368 5196 spectavit,
2401 5125 2498 5181 sed
2541 5125 2646 5180 illis
2678 5125 2938 5197 poenitere
2990 5125 3296 5181 nolentibus
3325 5127 3540 5199 egressi
3569 5129 3678 5186 duo

387 5238 408 5263 ιι
443 5217 553 5270 alto
585 5217 789 5286 (Ibid.).
827 5240 850 5262 ι
885 5217 994 5272 Sed
1012 5217 1114 5271 hoc
1147 5222 1362 5284 tempus
1401 5213 1724 5269 visitationis
1778 5213 1990 5286 perﬁda
2089 5214 2202 5270 ursi
2231 5216 2300 5269 de
2329 5214 2484 5279 saltu,
2519 5215 2574 5269 id
2590 5223 2670 5270 est
2690 5215 2796 5269 duo
2841 5215 3029 5288 magni
3077 5215 3350 5286 principes
3406 5218 3678 5273 Romano-

387 5304 578 5360 civitas
609 5321 717 5359 non
735 5303 1012 5376 cognovit,
1065 5303 1191 5375 quia
1251 5303 1467 5358 Christo
1497 5303 1553 5356 in
1600 5319 1763 5359 carne
1815 5319 1990 5374 appa-
2090 5320 2230 5369 rum,
2263 5303 2332 5358 de
2362 5303 2512 5357 silvis
2543 5303 2824 5375 gentilium
2871 5305 3244 5372 adventantes,
3312 5305 3679 5375 Vespasianus

379 5402 550 5460 rente,
585 5395 816 5464 p0pulus
861 5394 1175 5449 Judzeorum
1205 5393 1397 5447 ineum
1451 5393 1682 5447 credere
1738 5400 1995 5447 contem-

378 5483 506 5553 psit.
540 5483 697 5538 Unde
726 5491 779 5537 et
809 5483 877 5537 ad
907 5481 1160 5536 duritiam
1194 5481 1377 5536 cordis
1400 5497 1588 5536 eorum
1619 5496 1752 5537 aves
1785 5480 1909 5535 coeli
1941 5481 1995 5536 in
2175 5504 2195 5536 ι
2223 5483 2291 5537 Et
2318 5483 2598 5556 ingressus
2620 5481 2675 5536 in
2695 5484 2954 5556 templum
2974 5485 3137 5556 coepit
3165 5485 3362 5554 ejicere
3383 5484 3683 5539 vendentes

381 5568 693 5628 testimonio
722 5572 1084 5639 deducuntur,
1133 5586 1259 5627 cum
1317 5569 1518 5626 dicitur
1573 5588 1587 5625 :
1633 5587 1654 5620 ι
1688 5569 1883 5626 Milvus
1940 5569 1994 5624 in
2103 5596 2124 5622 η
2159 5572 2213 5626 in
2241 5571 2333 5628 illo
2364 5581 2416 5629 et
2443 5581 2705 5641 ementes,
2730 5573 2919 5630 dicens
2945 5573 3054 5629 illis
3080 5591 3094 5628 :
3120 5573 3390 5644 Scriptum
3425 5580 3529 5641 est,
3572 5573 3689 5630 Do-

697 5661 942 5720 Paxaea.
976 5659 1151 5718 CXIV
1165 5702 1178 5715 .
3165 5665 3226 5716 31

2093 5393 2362 5449 scilicetet
2385 5393 2554 5458 Titus,
2589 5400 2640 5446 et
2670 5392 3060 5450 interfecerunt
3093 5409 3208 5449 eos.
