4024 6194
447 278 547 333 971

1051 270 1456 327 WALAFRIDI
1495 268 1737 326 STRABI
1780 267 1977 325 FULD.
2011 264 2184 322 MON.
2223 265 2374 323 OPP.
2409 267 2586 324 PARS
2616 269 2658 324 l.
2690 299 2759 310 —
2790 268 3263 326 THEOLOGICA.

3626 273 3729 328 972

428 421 449 454 ι
489 418 610 456 mus
641 415 763 454 mea
782 398 974 454 domus
991 396 1242 452 orationis
1291 403 1390 464 est,
1448 410 1548 451 vos
1598 401 1774 450 autem
1823 391 2027 449 fecistis
2054 389 2414 452 Asubditur:
2462 414 2484 444 ι
2517 393 2676 449 Nunc
2707 401 2886 449 autem
2903 394 3221 450 abscondita
3263 401 3387 448 sunt
3433 394 3503 448 ab
3556 394 3724 450 oculis

427 514 456 546 in
490 493 634 547 illam
687 488 1001 560 speluncam
1055 486 1314 541 latronum
1355 485 1509 553 (Luc.
1530 483 1619 556 x).
1663 504 1686 534 ιν
1728 480 2027 538 Ediﬁcavit

434 598 530 637 rex
564 579 815 634 Salomon
842 577 1057 632 domum
1086 574 1301 630 Domini
1329 575 1432 646 (III
1453 576 1579 645 Reg.
1615 572 1737 644 vxu)
1778 580 1834 627 ut
1883 580 2027 627 esset

434 673 627 727 domus
658 666 933 731 orationis,
965 665 1062 719 sed
1092 681 1122 718 a
1170 663 1555 728 sacerdotibus,
1603 663 1692 734 qui
1732 662 2026 716 debuerant

435 776 558 816 esse
588 759 958 813 observatores
986 753 1125 824 legis
1149 761 1200 808 et
1229 751 1596 816 fabricatores,
1632 751 1887 822 spelunca
1940 751 2023 805 la-

437 859 645 906 tronum
676 847 811 902 facta
839 845 1026 910 fuerat,
1060 858 1124 897 eo
1166 842 1307 913 quod
1360 840 1435 894 ibi
1477 840 1824 895 mercimonia
1878 857 2023 910 pra:-

432 945 762 1013 pararentur.
791 933 1002 988 Dictum
1033 930 1203 986 fuerat
1241 929 1366 984 filiis
1413 929 1577 984 Israel
1608 937 1663 984 ut
1694 936 1776 984 ter
1806 929 1860 983 in
1881 945 2022 984 anno

433 1045 494 1084 se
519 1031 915 1097 congregarent
947 1021 1013 1074 ad
1044 1020 1178 1074 festa
1205 1018 1525 1074 celebranda
1580 1018 1633 1072 in
1685 1017 2024 1072 Hierusalem

429 1116 628 1191 (Exod.
661 1113 850 1182 xxxix).
887 1111 1129 1181 Itemque
1161 1108 1246 1163 lex
1278 1107 1621 1178 praecipiebat
1651 1123 1663 1161 :
1698 1107 1819 1161 Non
1851 1122 2021 1176 appa-

430 1207 570 1263 rebit
597 1205 651 1259 in
701 1209 996 1273 conspectu
1056 1215 1177 1253 meo
1205 1215 1407 1254 vacuus
1457 1197 1664 1267 (Ibid)
1731 1195 2024 1250 Venientes

430 1313 563 1367 ergo
595 1295 662 1349 de
691 1290 1000 1362 longinquis
1029 1287 1362 1359 regionibus,
1420 1302 1526 1341 non
1567 1286 1807 1341 valentes
1839 1300 2022 1340 secum

430 1385 639 1441 deferre
671 1383 811 1437 dona
837 1397 956 1452 qua:
987 1377 1258 1443 offerrent,
1309 1376 1574 1446 cogebant
1631 1391 1725 1430 eos
1790 1373 2023 1428 ministri

431 1472 619 1543 templi
647 1480 702 1526 ut
725 1476 969 1525 emerent
1002 1452 1068 1520 ab
1099 1467 1203 1521 eis.
1269 1467 1438 1519 Dante
1486 1465 1689 1535 populo
1711 1463 1852 1519 dona
1883 1463 2024 1517 frau-

432 1563 629 1618 debant
697 1559 1026 1626 sacerdotes,
1079 1563 1130 1610 et
1177 1571 1285 1610 non
1345 1553 1479 1608 sicut
1523 1563 1852 1624 prmceptum
1885 1564 2018 1620 erat,

425 1651 658 1708 Domino
688 1648 1050 1710 immolabant,
1087 1644 1184 1699 sed
1235 1643 1301 1697 ad
1340 1643 1443 1698 hoc
1469 1642 1572 1697 sibi
1594 1644 1938 1698 reservabant
1968 1651 2024 1697 ut

2132 503 2154 532 ι
2179 480 2283 536 tuis
2310 481 2515 553 (Ibid).
2553 504 2576 532 υ
2600 483 2850 539 Excaecat
2907 483 3106 554 quippe
3136 482 3323 539 oculos
3372 483 3582 549 cordis,
3615 484 3723 554 pri-

2125 579 2281 627 vatus
2310 586 2496 639 amor;
2530 579 2583 627 et
2612 572 2748 628 sicut
2778 572 2957 643 pulvis
2987 572 3174 627 oculos
3213 588 3510 645 corporeos
3545 588 3724 628 excae-

2125 668 2230 728 eat,
2265 677 2332 716 ne
2359 661 2506 717 clare
2555 661 2743 717 videre
2772 661 3003 733 possint;
3036 662 3108 716 ita
3137 677 3292 717 amor
3340 662 3498 731 hujus
3540 662 3724 718 saeculi

2125 757 2188 804 et
2214 758 2514 820 praesentes
2558 751 2758 807 divitiae
2803 751 3024 807 oculum
3065 751 3262 806 mentis
3309 759 3606 818 exczecant,
3657 767 3724 805 ne

2124 837 2365 893 futurum
2388 839 2654 908 judicium
2701 840 2990 911 providere
3025 840 3255 911 possint.
3302 841 3383 896 De
3439 841 3594 909 cujus
3624 840 3722 894 tri-

2124 927 2398 984 bulatione
2429 936 2576 990 recte
2606 929 2952 1002 subjungitur
2978 947 2994 988 ;
3029 951 3051 979 α
3087 927 3227 998 Quia
3258 929 3476 985 venient
3501 929 3625 984 dies
3667 929 3720 982 in

2130 1045 2152 1074 ι
2188 1032 2258 1092 te,
2295 1035 2348 1080 et
2368 1026 2784 1082 circumdabunt
2813 1035 2863 1081 te
2892 1025 3094 1082 inimici
3141 1025 3216 1080 tui
3274 1026 3416 1081 vallo
3475 1027 3716 1097 (lbid.).»

2126 1112 2267 1181 Quia
2295 1115 2513 1169 venient
2542 1115 2659 1169 dies
2679 1115 2732 1168 in
2762 1122 2832 1180 te,
2869 1115 2922 1170 id
2953 1123 3036 1170 est
3065 1121 3309 1186 tempora
3334 1116 3548 1181 mortis,
3603 1116 3717 1170 dies

2124 1203 2502 1269 tribulationis,
2553 1203 2670 1258 dies
2701 1203 2982 1276 angustiae,
3022 1203 3141 1258 dies
3183 1204 3503 1259 calamitatis
3535 1212 3588 1258 et
3615 1204 3722 1258 mi-

2126 1292 2299 1358 serim,
2335 1293 2550 1363 quando
2579 1293 2797 1362 incipiet
2824 1292 3010 1347 infelix
3042 1293 3221 1346 anima
3261 1308 3380 1348 cum
3431 1293 3722 1364 semetipsa

2125 1380 2304 1444 rixari,
2365 1389 2417 1436 et
2445 1382 2601 1452 quasi
2649 1382 2868 1436 dicere:
2903 1381 3084 1450 Quare
3138 1382 3194 1436 in
3251 1381 3409 1435 malis
3465 1383 3722 1452 operibus

2123 1469 2497 1540 memetipsam
2545 1470 2996 1541 dilatavi?quare
3037 1486 3104 1525 ex
3154 1470 3444 1541 praeteritis
3486 1471 3722 1541 peccatis

2125 1558 2494 1628 paenitentiam
2525 1575 2633 1613 non
2673 1559 2806 1631 egi?
2837 1575 2936 1614 cur
2984 1559 3039 1613 in
3096 1559 3253 1614 bonis
3297 1559 3556 1630 operibus
3604 1575 3721 1616 me-

2125 1647 2296 1718 ipsam
2328 1664 2437 1702 non
2465 1647 2714 1704 exercui?
2733 1649 2798 1702 Et
2846 1657 2973 1704 tunc
3006 1648 3226 1719 incipiet
3270 1649 3552 1720 pcenitere,
3602 1665 3721 1704 cum

423 1743 548 1799 aliis
590 1741 780 1795 iterum
838 1737 1150 1800 venderent,
1176 1741 1227 1788 et
1258 1750 1324 1788 ex
1355 1733 1455 1788 hoc
1495 1733 1723 1803 pretium
1781 1733 2020 1788 muneris
2050 1753 2103 1812 Β
2126 1736 2304 1790 nullus
2333 1736 2538 1792 fructus
2567 1737 2898 1807 poenitentiae
2936 1737 3256 1804 remanebit,
3317 1737 3414 1792 sed
3470 1737 3586 1792 sola
3638 1737 3719 1792 di-

421 1832 526 1889 sibi
565 1828 994 1900 multiplicarent.
1071 1823 1225 1879 Unde
1275 1823 1416 1892 justa
1470 1823 1603 1876 alios
1662 1823 2020 1893 evangelistas

427 1937 559 1978 oves
589 1928 642 1973 et
663 1919 850 1981 boves,
876 1923 1105 1968 turtures
1151 1920 1203 1966 et
1233 1911 1493 1965 columba":
1536 1910 1588 1963 in
1644 1911 1842 1980 templo
1890 1927 2021 1965 ven-

426 2011 690 2065 debantur
722 2026 736 2072 ;
770 2013 821 2059 et
848 2020 914 2058 ne
945 2003 1179 2073 aliquam
1236 1999 1630 2054 excusationem
1692 2000 1905 2053 emendi
1929 2001 2021 2052 ha-

427 2099 635 2162 berent,
669 2091 1007 2149 nummularii
1042 2090 1095 2143 in
1152 2089 1353 2158 templo
1409 2087 1716 2142 residebant
1772 2089 2015 2159 (Matth).

420 2203 523 2244 xxx
559 2206 572 2253 ;
607 2186 772 2240 Marc.
806 2183 909 2252 xx).
945 2181 1173 2234 Domum
1233 2193 1360 2232 vero
1414 2176 1670 2231 orationis
1703 2177 2017 2247 speluncam

423 2279 687 2332 latronum
732 2273 990 2334 fecerant,
1025 2268 1148 2340 quia
1206 2266 1351 2338 quod
1416 2267 1555 2320 male
1589 2274 1826 2336 emptum
1883 2274 2014 2331 erat,

419 2367 610 2422 iterum
640 2363 779 2417 male
817 2359 1142 2416 vendebant.
1174 2357 1243 2410 Et
1290 2355 1356 2409 ad
1385 2355 1558 2410 hocin
1618 2354 1816 2425 templo
1876 2354 2018 2408 resi-

425 2457 625 2512 debant
653 2461 707 2506 ut
737 2451 782 2505 si
815 2449 905 2520 qui
935 2463 1154 2502 munera
1183 2444 1462 2511 offerrent,
1496 2460 1590 2498 eos
1633 2443 1845 2514 magnis
1901 2443 2017 2497 lau-

423 2547 566 2602 ditus
603 2541 910 2598 sacerdotes
928 2537 1247 2593 extollerent
1283 2553 1296 2601 ;
1333 2534 1378 2588 si
1404 2549 1533 2589 vero
1568 2550 1673 2589 non
1705 2540 1886 2588 essent
1927 2532 2020 2604 qui

423 2649 646 2691 munera
669 2629 946 2694 offerrent,
978 2625 1208 2697 ﬂagellis
1239 2631 1604 2695 percuterent.

496 2779 680 2850 Itaque
697 2783 754 2831 ut
776 2772 868 2845 qui
885 2773 1016 2843 haec
1042 2770 1219 2825 minus
1274 2767 1639 2839 intelligerent
1681 2765 2020 2821 mulceamus

427 2869 610 2944 [fort.,
676 2859 1014 2933 doceamus],
1073 2861 1190 2915 haec
1228 2856 1577 2912 historialiter
1605 2854 2020 2926 perstrinximus

424 2943 570 3014 nunc
597 2972 730 3013 vero
748 2951 903 3008 brevi
935 2964 1185 3005 sermone
1217 2945 1569 3016 repetendum
1621 2943 2017 2998 immorabitur.

427 3043 588 3112 Quod
645 3040 881 3094 diximus
941 3033 1214 3105 pertinere
1261 3031 1327 3084 ad
1358 3028 1659 3083 materialis
1704 3027 1888 3096 templi
1919 3027 2020 3082 de-

425 3125 800 3185 structionem,
852 3126 1030 3189 potest
1079 3131 1292 3186 quoque
1352 3121 1405 3167 et
1451 3112 1520 3166 ad
1577 3126 2019 3181 unamquamque
2050 3112 2098 3175 C.

423 3213 787 3287 peccatricem
827 3206 1066 3261 animam
1105 3201 1313 3258 referri.
1347 3201 1517 3256 Flevit
1570 3207 1699 3255 tunc
1742 3199 2016 3270 piissimus

422 3301 687 3359 Dominus
729 3313 830 3368 per
873 3293 1222 3362 semetipsum
1271 3290 1542 3361 perditam
1597 3288 1888 3354 civitatem;
1923 3288 2016 3343 ﬂet

423 3389 663 3463 quotidie
690 3403 791 3458 per
816 3385 1070 3440 doctores
1101 3387 1317 3436 sanctos
1347 3379 1400 3432 in
1425 3377 1640 3434 Eclesia
1670 3377 1882 3432 animas
1912 3394 2013 3448 pe-

421 3477 706 3534 reuntium.
741 3475 822 3529 Illi
851 3488 1046 3542 nempe
1075 3487 1108 3525 a
1137 3468 1451 3525 doctoribus
1482 3467 1646 3522 flendi
1677 3475 1798 3521 sunt
1829 3466 1882 3519 in
1911 3466 2016 3522 Ec-

420 3567 606 3632 clesia,
655 3564 744 3638 qui
775 3561 1098 3632 semetipsos
1142 3559 1275 3614 flere
1304 3557 1575 3625 nesciunt,
1624 3557 1715 3627 qui
1761 3556 2014 3627 ignorant

417 3673 513 3712 cur
551 3655 890 3726 plangantur,
935 3650 1024 3722 qui
1060 3649 1310 3705 laetantur
1354 3664 1477 3704 cum
1521 3645 1910 3710 malefecerint,
1959 3652 2013 3698 et

421 3745 687 3802 exsultant
713 3743 768 3798 in
799 3741 964 3798 rebus
995 3738 1268 3811 pessimis.
1290 3736 1490 3792 Taliter
1509 3735 1785 3806 apostolus
1813 3734 2012 3788 Paulus

419 3845 538 3902 vice
568 3841 765 3899 Christi
811 3840 1021 3911 lapsum
1079 3835 1469 3907 discipulorum
1524 3833 1706 3898 ﬂebat,
1771 3832 2008 3888 dicens:

425 3954 448 3984 ι
484 3934 722 4005 Lugeam
749 3929 947 3984 multos
979 3944 1046 3983 ex
1086 3925 1170 3980 his
1203 3924 1294 3996 qui
1342 3932 1463 3978 ante
1525 3929 1890 3994 peccaverunt
1939 3921 2015 3992 (ΙΙ

423 4053 447 4085 ι
485 4033 606 4089 Cor.
638 4029 758 4101 xxx).
788 4047 808 4080 ι
850 4029 919 4083 Et
943 4027 1071 4083 item
1101 4045 1120 4082 :
1155 4051 1176 4075 ε
1208 4021 1386 4079 Filioli
1431 4020 1560 4087 mei,
1625 4036 1761 4093 quos
1811 4019 2010 4075 iterum

424 4146 447 4172 ι)
480 4119 738 4193 parturio,
811 4117 988 4173 donec
1059 4113 1304 4171 Christus
1387 4109 1646 4167 formetur
1726 4109 1782 4164 in
1855 4107 2011 4164 vobis

425 4235 448 4260 ι)
474 4209 620 4281 (Gal.
653 4208 754 4278 xv).
777 4224 803 4259 ι

487 4331 646 4402 Quod
667 4345 798 4402 ergo
827 4343 858 4383 a
877 4325 1110 4384 Domino
1140 4323 1289 4381 flenti
1314 4321 1568 4395 peritura
1595 4319 2010 4376 civitatidictum

416 4429 520 4487 est,
594 4417 842 4492 pereunti
915 4415 1080 4472 etiam
1146 4412 1340 4468 animm
1404 4409 1678 4468 convenit.
1719 4411 1804 4464 Ait
1862 4408 2006 4464 enim

2123 1825 2328 1879 strictio
2371 1825 2642 1880 vindictax.
2672 1847 2693 1876 (ι
2728 1827 2797 1880 Et
2826 1825 3242 1882 circumdabant
3273 1834 3344 1892 te,
3373 1834 3427 1881 et
3470 1842 3716 1898 coangu-

2127 1935 2148 1965 ›
2184 1915 2396 1968 stabunt
2419 1922 2470 1970 te
2499 1915 2738 1986 undique
2797 1915 3002 1986 (Ibid)
3043 1936 3064 1964 ι
3105 1914 3310 1970 Infelici
3364 1915 3559 1969 animm
3613 1930 3719 1970 non

2121 2011 2245 2056 sunt
2301 2003 2520 2072 pejores
2577 2003 2780 2058 inimici
2819 2019 2982 2074 quam
3041 2002 3303 2058 immundi
3352 2003 3597 2073 spiritus.
3644 2003 3721 2058 De

2121 2091 2316 2160 quibus
2365 2107 2425 2145 se
2483 2091 2734 2162 cupiebat
2792 2092 2927 2162 eripi
2976 2092 3252 2146 Psalmista
3299 2108 3420 2146 cum
3467 2092 3721 2147 diceret:

2125 2200 2146 2228 α
2168 2179 2335 2249 Eripe
2352 2196 2440 2235 me
2461 2181 2528 2234 de
2551 2180 2784 2235 inimicis
2797 2180 2956 2245 meis,
2975 2182 3119 2235 Deus
3135 2197 3288 2235 meus
3309 2180 3671 2251 (Psalmvxn).
3696 2201 3718 2230 ι

2118 2267 2186 2321 Ει
2235 2268 2399 2323 item:
2443 2289 2463 2320 ι
2494 2269 2657 2338 Eripe
2703 2285 2790 2323 me
2847 2269 2914 2322 de
2972 2269 3317 2339 operantibus
3386 2269 3722 2340 iniquitatem

2126 2357 2374 2425 »(lbid.).
2405 2358 2598 2430 »ΕΓςο
2637 2357 2839 2413 inimici
2898 2357 3112 2413 misera:
3167 2358 3360 2413 anima:
3405 2358 3547 2414 vallo
3608 2375 3720 2414 eam

2120 2444 2472 2514 circumdant,
2499 2447 2717 2516 quando
2763 2445 3025 2500 immundi
3081 2446 3302 2516 spiritus
3359 2446 3504 2501 circa
3579 2447 3719 2525 diem

2119 2534 2309 2588 mortis
2337 2535 2520 2590 omnia
2555 2542 2778 2605 peccata
2829 2535 2879 2590 ei
2934 2534 3213 2605 replicant,
3271 2534 3538 2606 valdeque
3606 2551 3722 2591 eam

2120 2632 2500 2694 coangustant,
2527 2624 2744 2695 quando
2773 2623 2876 2694 ipsi
2906 2623 2997 2694 qui
3026 2623 3186 2694 primi
3217 2622 3265 2677 ei
3312 2623 3525 2678 fuerant
3599 2640 3721 2695 per-

2123 2727 2379 2767 suasores
2409 2713 2477 2766 ad
2533 2713 2775 2780 crimina,
2809 2710 2938 2767 fient
2995 2721 3275 2768 exactores
3294 2712 3364 2768 ad
3414 2721 3711 2769 tormenta.

2197 2821 2219 2849 α
2254 2801 2320 2855 Et
2349 2800 2418 2855 ad
2439 2809 2639 2856 terram
2660 2810 3004 2872 prosternent
3025 2810 3095 2856 te.
3127 2822 3148 2850 ι
3183 2801 3266 2856 Ad
3287 2810 3490 2857 terram
3512 2802 3711 2873 quippe

2123 2896 2308 2952 infelix
2340 2898 2519 2953 anima
2547 2899 2928 2970 prosternitur,
2972 2899 3190 2970 quando
3220 2899 3443 2954 virtutes
3471 2916 3604 2971 quas
3658 2915 3718 2955 se

2122 2986 2327 3042 habere
2344 2988 2584 3058 putabat,
2618 2988 2832 3060 amittit,
2904 2989 3018 3044 sive
3073 2988 3235 3044 etiam
3294 3003 3443 3053 caro,
3487 3005 3611 3060 quae
3646 2988 3714 3044 de

2124 3083 2274 3130 terra
2303 3086 2515 3148 sumpta
2554 3085 2655 3142 est,
2717 3077 2787 3132 ad
2816 3087 3010 3133 terram
3042 3077 3349 3132 revertitur.
3393 3077 3542 3132 Sicut
3580 3075 3717 3133 scri-

2119 3172 2270 3235 ptum
2291 3174 2409 3220 est:
2448 3188 2470 3215 α
2504 3167 2671 3221 Terra
2700 3183 2778 3232 es,
2813 3174 2865 3222 et
2895 3167 2948 3221 in
2980 3175 3182 3221 terram
3211 3167 3315 3220 ibis
3335 3166 3498 3237 (Gen.
3532 3167 3636 3236 xxx),
3687 3187 3711 3216 ι

2121 3275 2144 3304 α
2173 3255 2239 3308 Et
2267 3252 2406 3308 filios
2427 3262 2546 3310 tuos
2595 3255 2686 3326 qui
2731 3255 2786 3308 in
2816 3263 2868 3310 te
2918 3262 3042 3308 sunt
3089 3254 3244 3324 (Luc.
3270 3254 3354 3325 x).
3395 3276 3416 3304 ι
3451 3255 3570 3309 Filii
3608 3270 3715 3326 quo

2116 3359 2221 3414 que
2250 3342 2305 3396 in
2336 3343 2627 3412 Scripturis
2657 3343 2876 3410 sanctis,
2897 3343 2983 3398 vel
3014 3341 3157 3409 filiae,
3180 3358 3344 3414 opera
3382 3341 3717 3415 signiticantt

2113 3430 2403 3502 aliquando
2459 3430 2622 3497 bona,
2682 3431 2973 3502 aliquando
3020 3431 3180 3486 mala.
3234 3431 3402 3498 Bona,
3459 3431 3599 3486 sicut
3639 3431 3716 3486 ait

2115 3519 2416 3574 Psalmista.
2455 3541 2476 3569 ε
2511 3520 2579 3573 Et
2598 3519 2782 3576 videas
2811 3518 2951 3574 filios
2979 3517 3208 3574 filiorum
3238 3526 3469 3588 tuorum,
3516 3535 3711 3590 pacem

2119 3628 2142 3658 »
2175 3625 2341 3679 super
2387 3608 2560 3663 Israel
2600 3610 2773 3680 (Psal.
2798 3608 3032 3678 cxxvxx).
3072 3629 3094 3657 ι
3141 3607 3283 3662 Mala
3312 3617 3512 3678 autem,
3542 3609 3701 3675 sicut,

2113 3695 2168 3750 in
2186 3699 2290 3754 hoc
2319 3698 2458 3763 loco,
2492 3713 2614 3753 cum
2643 3698 2873 3753 dicitur:
2911 3719 2932 3748 α
2965 3698 3035 3751 Et
3065 3695 3206 3752 ﬁlios
3246 3705 3367 3752 tuos
3413 3695 3506 3768 qui
3543 3697 3600 3751 in
3654 3706 3709 3752 te

2118 3805 2140 3835 ι
2174 3794 2299 3840 sunt
2327 3788 2480 3856 (Luc.
2514 3786 2660 3858 xxx).
2682 3806 2704 3836 ι
2720 3787 2803 3841 Ad
2825 3794 3030 3841 terram
3047 3786 3246 3858 quippe
3266 3784 3361 3840 filii
3390 3785 3706 3856 peccatricis

2111 3875 2304 3932 animae
2318 3882 2750 3946 prosternuntur,
2775 3875 2906 3947 quia
2925 3891 3033 3930 non
3059 3875 3234 3931 solum
3265 3875 3334 3929 de
3361 3875 3503 3930 malo
3520 3889 3702 3946 opere,

2111 3980 2298 4021 verum
2326 3965 2487 4020 etiam
2508 3972 2559 4020 et
2589 3965 2656 4019 de
2704 3964 2824 4034 ipsa
2862 3964 3189 4037 cogitatione
3220 3983 3235 4031 ;
3267 3972 3321 4019 et
3364 3980 3475 4020 non
3533 3964 3707 4020 solum

2109 4052 2179 4107 de
2215 4053 2517 4121 mendacio,
2553 4060 2605 4108 et
2620 4052 2880 4123 perjurio,
2926 4060 3088 4124 atque
3117 4053 3568 4119 murmuratione,
3612 4051 3712 4107 sed

2109 4139 2275 4196 etiam
2316 4141 2458 4196 etde
2512 4141 2632 4211 ipso
2678 4140 2852 4196 otioso
2912 4157 3164 4198 sermone
3211 4141 3472 4198 reddituri
3520 4158 3705 4197 sumus

2109 4229 2388 4295 rationem,
2418 4229 2649 4285 Domino
2677 4229 2910 4286 dicente:
2951 4252 2972 4281 ι
3005 4231 3084 4286 De
3114 4230 3263 4286 omni
3299 4231 3467 4287 verbo
3525 4230 3702 4286 otioso

2114 4339 2137 4368 »
2171 4319 2317 4390 quod
2334 4318 2501 4374 locuti
2529 4316 2723 4373 fuerint
2752 4319 3019 4386 homines,
3053 4319 3282 4376 reddent
3300 4320 3369 4376 de
3412 4335 3480 4375 eo
3536 4319 3706 4374 ratio-

2115 4427 2136 4459 »
2153 4423 2279 4464 nem
2289 4407 2344 4462 in
2361 4407 2447 4463 die
2461 4407 2648 4476 judicii
2667 4408 2888 4477 (Matth.
2908 4408 3030 4481 xxx).
3043 4432 3070 4462 α
3085 4411 3153 4465 Ει
3176 4428 3190 4464 :
3216 4410 3368 4466 «Non
3388 4409 3701 4481 relinquent

413 4473 680 4566 Dominus
733 4506 984 4580 peritura
1044 4502 1276 4560 civitati:
1329 4499 1470 4571 Quia
1527 4499 1574 4554 si
1627 4497 2001 4569 cognovisses,
2032 4473 2084 4535 D
2107 4526 2128 4554 ›
2153 4503 2209 4559 in
2235 4513 2286 4560 te
2303 4505 2541 4576 lapidem
2561 4521 2727 4576 super
2745 4505 2998 4577 lapidem,
3030 4523 3097 4564 eo
3123 4507 3268 4579 quod
3292 4521 3399 4563 non
3421 4521 3699 4578 cognove-

409 4607 458 4655 et
507 4607 564 4653 tu
613 4599 767 4669 (Luc.
816 4595 971 4667 xxx),
1042 4591 1286 4657 subaudi,
1358 4590 1538 4655 ﬂeres,
1609 4588 1656 4643 si
1732 4585 2002 4658 peccatrix

410 4687 607 4755 anima,
694 4684 1094 4740 tribulationem
1176 4690 1227 4736 et
1285 4678 1594 4752 angustiam
1676 4693 1796 4748 quae
1839 4675 1890 4731 ei
1945 4675 2002 4728 in

409 4777 588 4833 futuro
659 4781 923 4837 crescunt,
999 4777 1340 4844 agnosceret,
1421 4768 1513 4823 ubi
1586 4781 1802 4822 vermes
1875 4772 2001 4818 sunt

402 4867 493 4939 qui
521 4882 631 4921 non
676 4863 996 4932 moriuntur,
1047 4868 1098 4916 et
1154 4858 1297 4930 ignis
1343 4858 1434 4929 qui
1489 4872 1599 4914 non
1657 4854 1998 4925 extinguetur

399 4955 532 5025 (Isa.
566 4954 740 5026 vax),
803 4951 980 5024 magis
1029 4949 1296 5022 eligerent
1324 4962 1447 5002 cum
1469 4945 1656 5002 electis
1674 4943 1730 4998 in
1759 4945 1863 4998 hoc
1894 4958 1996 4997 sa:-

401 5041 524 5098 culo
554 5042 624 5098 ad
654 5049 865 5112 tempus
894 5041 1084 5112 lugere
1113 5053 1273 5109 quam
1301 5052 1425 5091 cum
1452 5034 1696 5104 reprobis
1728 5032 1990 5105 gaudere.

407 5152 430 5181 α
465 5131 536 5185 Et
577 5129 793 5201 quidem
837 5129 891 5182 in
921 5129 1024 5183 hac
1072 5127 1160 5182 die
1219 5133 1328 5194 tua,
1389 5139 1492 5196 que
1538 5125 1605 5179 ad
1646 5138 1838 5194 pacem
1897 5120 1994 5176 tibi

404 5240 428 5270 ι
463 5221 619 5291 (Luc.
644 5217 791 5287 xxx).
829 5237 851 5266 ι
885 5216 1050 5274 Suam
1064 5216 1208 5271 diem
1236 5212 1509 5284 peccatrix
1583 5213 1764 5268 anima
1807 5211 1988 5277 habet,

395 5324 521 5366 cum
551 5303 863 5362 transitorio
893 5311 944 5359 et
977 5304 1081 5360 cito
1139 5302 1378 5358 finiendo
1432 5300 1631 5372 gaudet
1662 5301 1716 5355 in
1765 5301 1986 5366 saeculo,

394 5414 517 5456 cum
547 5395 764 5452 inflatur
804 5391 1118 5459 honoribus,
1169 5391 1442 5446 extollitur
1494 5389 1549 5444 in
1590 5389 1810 5455 divitiis,
1861 5390 1989 5462 glo-

391 5488 559 5543 riatur
585 5485 640 5540 id
690 5480 1053 5547 facultatibus,
1114 5479 1211 5534 sed
1260 5495 1382 5552 quae
1425 5478 1480 5534 in
1500 5479 1588 5535 die
1646 5493 1742 5534 sua
1802 5478 1984 5545 habet,

389 5575 537 5649 quod
569 5573 881 5631 scandalum
901 5570 955 5626 in
971 5567 1061 5625 die
1093 5567 1270 5622 aliena
1289 5567 1537 5641 patiatur,
1570 5583 1681 5624 non
1699 5566 1983 5638 praevidet,

2107 4622 2128 4652 ι
2161 4602 2238 4657 ris
2263 4610 2472 4674 tempus
2493 4602 2813 4659 visitationis
2836 4611 2940 4661 tua;
2961 4605 3123 4675 (Luc.
3155 4606 3338 4677 xxx)»
3373 4605 3522 4662 Sicut
3552 4604 3699 4662 enim

2100 4689 2328 4747 civitatis
2359 4690 2412 4745 in
2445 4690 2672 4748 aediﬁcio
2701 4693 2841 4764 lapis
2896 4711 3064 4764 super
3107 4694 3342 4766 lapidem
3393 4695 3617 4766 ponitur
3644 4703 3706 4750 ut

2098 4797 2309 4844 crescat
2353 4790 2704 4858 constructio,
2760 4790 2833 4845 ita
2878 4807 3091 4863 quoque
3147 4791 3403 4865 cogitatio
3459 4791 3696 4863 pessima

2098 4893 2262 4948 super
2301 4877 2498 4932 malam
2544 4879 2926 4951 cogitationem
2957 4879 3192 4950 ponitur,
3228 4888 3280 4935 et
3310 4880 3466 4935 malis
3525 4880 3698 4952 operi-

2096 4974 2198 5030 bus
2227 4975 2370 5030 mala
2392 4976 2727 5032 consuetudo
2743 4975 3004 5049 jungitur,
3029 4984 3088 5032 ut
3110 4977 3382 5049 quoddam
3409 4975 3697 5035 aediﬁcium

2095 5072 2422 5129 diabolicum
2449 5081 2812 5129 construatur.
2844 5075 2903 5130 In
2953 5073 3319 5131 destructione
3341 5074 3572 5131 civitatis
3627 5075 3697 5130 la-

2092 5170 2178 5240 pis
2195 5187 2358 5242 super
2394 5170 2632 5242 lapidem
2662 5187 2773 5229 non
2798 5170 3138 5243 relinquitur,
3165 5172 3291 5244 quia
3348 5172 3405 5228 in
3458 5173 3547 5230 die
3599 5173 3695 5242 ju-

2091 5267 2216 5324 dicii
2247 5284 2356 5324 non
2385 5268 2561 5324 solum
2592 5270 2735 5324 mala
2763 5285 2952 5342 opera,
2987 5270 3084 5327 sed
3109 5270 3273 5326 etiam
3322 5270 3513 5342 iniqua
3541 5270 3693 5343 cogi-

2091 5364 2222 5420 tatio
2253 5364 2490 5420 cessabit
2535 5373 2589 5422 et
2628 5365 2822 5436 periet.
2880 5365 3029 5421 Sicut
3055 5365 3340 5422 Psalmista
3373 5384 3386 5421 :
3445 5387 3468 5417 α
3501 5368 3560 5423 In
3604 5365 3695 5422 illa

2086 5477 2116 5512 ››
2150 5461 2258 5530 die,
2294 5460 2486 5533 inquit,
2537 5461 2794 5532 peribunt
2845 5478 3038 5519 omnes
3091 5463 3445 5535 cogitationes
3505 5479 3693 5520 eorum

2093 5578 2115 5608 ι
2150 5559 2324 5629 (Psal.
2360 5558 2549 5630 chv).
2577 5581 2600 5606 ι
2633 5560 2702 5616 Et
2729 5559 2853 5617 ideo
2881 5575 3110 5617 necesse
3143 5569 3226 5617 est
3258 5569 3316 5616 ut
3343 5561 3472 5618 dum
3501 5561 3558 5618 in
3585 5561 3722 5648 hoc.

391 5679 571 5738 neque
599 5663 837 5721 futuram
863 5656 1264 5718 tribulationem
1290 5655 1573 5729 prospicit.
1625 5655 1778 5712 Unde
1835 5661 1988 5712 recte
2088 5655 2288 5713 saeculo
2315 5671 2522 5727 sumus,
2571 5664 2624 5715 et
2667 5657 2826 5715 nobis
2855 5665 3035 5728 vacat,
3079 5673 3190 5718 non
3231 5659 3407 5718 solum
3451 5674 3486 5717 a
3525 5658 3692 5718 malsi
