4024 6194
519 252 621 306 9’73

1543 251 1637 307 DE
1669 250 2153 332 SUBVERSIONE
2181 250 2608 307 JEBUSALEM.

3688 257 3794 311 974

499 372 890 441 abstineamus,
922 374 1022 429 sed
1052 374 1213 430 etiam
1248 374 1453 430 bonum
1481 375 1537 430 in
1584 376 1834 432 omnibus
1879 375 2094 449 operari
2124 380 2398 444 Acessat,
2434 375 2620 431 dicens
2664 389 2787 431 cum
2841 373 3130 430 Psalmista
3161 392 3174 430 :
3227 397 3249 426 α
3285 375 3562 450 Dirigatur
3617 378 3792 433 oratio

500 463 831 520 Studeamus.
882 466 1021 519 Ante
1073 464 1257 520 omnia
1305 465 1451 521 diem
1495 467 1684 522 mortis
1739 475 1860 522 ante
1907 468 2095 523 oculos

499 568 784 624 ponamus,
820 554 944 626 quia
974 553 1132 609 facile
1163 555 1456 610 contemnit
1499 557 1681 611 omnia
1711 557 1802 628 qui
1847 573 1905 612 se
1947 573 2096 611 sem-

500 658 602 712 per
631 642 832 715 cogitat
861 643 1198 699 moriturum.
1233 645 1387 700 Unde
1417 645 1669 701 Salomon
1710 663 1811 700 nos
1854 646 2098 700 hortatur

500 730 690 786 dicens
722 749 735 786 :
774 753 797 782 «
835 733 893 786 In
924 733 1177 787 omnibus
1207 734 1465 804 operibus
1509 734 1614 788 tuis
1659 750 1962 790 memorare
1993 750 2098 790 no-

509 840 532 871 »
566 819 788 876 vissima
814 829 904 876 tua
934 821 1129 892 (Eccli.
1153 824 1275 894 γη).
1305 843 1327 873 ν
1359 824 1427 876 Et
1456 823 1582 877 item
1615 841 1627 877 :
1665 845 1687 873 α
1723 825 1782 878 In
1812 824 1900 879 die
1930 825 2099 879 bono-

510 929 533 960 ι
567 925 688 964 rum
720 926 789 964 ne
817 909 1104 966 immemor
1121 911 1196 965 sis
1217 911 1516 980 malorum;
1548 921 1601 966 et
1629 913 1682 966 in
1703 912 1791 968 die
1807 913 2096 980 malorum,

513 1018 537 1049 ι
570 1014 640 1054 ne
668 998 953 1056 immemor
981 1000 1056 1055 sis
1085 1001 1347 1056 bonorum
1379 1002 1574 1071 (Eccti.
1608 1003 1711 1073 x1).
1741 1023 1764 1053 ν

582 1114 709 1170 Pius
747 1115 1033 1184 Dominus,
1086 1117 1178 1188 qui
1209 1133 1309 1172 nos
1337 1118 1603 1189 patienter
1631 1125 1925 1190 exspectat,
1955 1118 2101 1175 acri-

507 1209 591 1259 ter
620 1203 676 1277 in
708 1204 798 1260 die
821 1205 1010 1274 judicii
1033 1205 1315 1275 judicabit,
1351 1207 1396 1261 si
1423 1207 1673 1262 conversi
1689 1223 1798 1263 non
1817 1207 2100 1263 fuerimus.

507 1292 662 1349 Unde
692 1300 745 1350 et
773 1294 1159 1350 nos-admonet
1196 1295 1250 1349 in
1295 1295 1595 1369 Evangelio
1630 1314 1642 1350 :
1682 1317 1704 1347 ο(
1739 1296 1949 1352 Currite
1976 1296 2105 1350 dum

513 1401 536 1431 n
572 1381 749 1437 lucem
779 1383 1004 1450 habetis,
1028 1400 1096 1439 ne
1127 1385 1363 1440 tenebrae
1393 1385 1580 1440 mortis
1610 1401 1708 1441 vos
1747 1387 2105 1456 comprehen-

512 1489 536 1521 ι
571 1470 703 1525 dant
733 1470 915 1542 (Joan.
963 1473 1088 1544 xu).
1128 1494 1149 1522 »
1197 1474 1264 1527 Et
1310 1473 1440 1528 item
1476 1492 1488 1528 :
1527 1495 1548 1524 α
1581 1475 1713 1529 Esto
1761 1475 2106 1530 consentiens

512 1580 534 1610 ν
569 1561 886 1616 adversario
915 1569 1005 1616 tuo
1035 1561 1162 1629 cito,
1209 1562 1335 1617 dum
1385 1571 1468 1618 est
1509 1562 1565 1616 in
1612 1562 1700 1618 via
1742 1579 1864 1619 cum
1905 1580 1990 1632 eo,
2037 1580 2106 1618 ne

516 1668 538 1698 ι
573 1647 714 1705 forte
739 1657 791 1704 te
820 1651 998 1706 tradat
1025 1651 1368 1707 adversarius
1397 1651 1584 1721 iudici,
1630 1659 1682 1707 et
1723 1652 1891 1720 judex
1920 1660 1972 1706 te
2001 1660 2109 1706 tra-

2201 487 2223 517 «
2258 481 2383 520 mea
2412 465 2550 521 sicut
2578 465 2862 521 incensum
2891 465 2946 520 in
2973 471 3268 536 conspectu
3297 473 3388 521 tuo
3409 467 3584 538 (Psal.
3605 469 3790 538 exn)»

2198 556 2258 608 In
2314 571 2420 626 quo
2465 554 2690 625 templo,
2747 554 3001 610 videlicet
3057 555 3324 625 Ecclesia,
3385 556 3682 611 vendentes
3742 563 3794 611 et

2199 652 2443 699 ementes
2473 652 2596 698 sunt
2632 642 2722 715 qui
2761 643 3027 700 honorem
3067 644 3498 700 ecclesiasticum
3528 661 3637 699 non
3666 661 3795 716 pro-

2197 740 2322 803 pter
2362 733 2570 788 lucrum
2619 732 2944 802 animarum,
2996 733 3094 788 sed
3139 741 3361 804 propter
3389 734 3596 789 lucrum
3627 741 3796 789 terre-

2201 837 2332 875 num
2361 821 2663 893 requirunt,
2697 822 2782 878 vel
2812 829 3036 892 prOpter
3064 821 3279 878 favores
3308 822 3604 878 hominum.
3638 823 3795 878 Unde

2202 911 2341 966 bene
2363 911 2515 980 juxta
2543 911 2680 966 alios
2728 911 3092 983 evangelistas
3130 927 3261 968 oves
3307 919 3360 966 et
3403 912 3593 980 boves,
3624 919 3794 966 turtu-

2201 1016 2292 1054 res
2319 1008 2372 1054 et
2402 1000 2666 1056 columbae
2695 1000 2751 1054 in
2781 1001 2984 1072 templo
3013 1001 3389 1056 vendebantur
3409 1000 3631 1074 (Matth.
3658 1016 3795 1068 xxx;

2202 1089 2369 1145 Marc.
2404 1089 2508 1161 χι).
2543 1089 2702 1144 Bovis
2733 1090 2933 1161 quippe
2970 1090 3187 1146 nomine
3217 1097 3272 1147 in
3303 1090 3596 1160 Scripturis
3627 1090 3798 1145 sacris

2204 1177 2497 1249 aliquando
2526 1179 2906 1248 praedicatores
2936 1179 3316 1252 designantur,
3349 1179 3484 1234 sicut
3510 1179 3583 1233 ait
3612 1178 3799 1233 Domi-

2205 1283 2309 1320 nus
2329 1267 2399 1320 ad
2422 1267 2646 1337 Moysen
2671 1283 2683 1322 :
2714 1288 2736 1318 ‹
2760 1268 2883 1322 Non
2914 1267 3098 1322 arabis
3123 1267 3178 1321 in
3209 1268 3347 1324 bove
3370 1267 3532 1322 simul
3553 1275 3605 1322 et
3622 1266 3796 1335 asino,

2212 1377 2234 1406 ‹‹
2261 1354 2447 1425 (Deut.
2471 1355 2638 1426 xxxi),
2668 1377 2690 1405 ιι
2725 1357 2826 1411 hoc
2857 1364 2958 1424 est,
2979 1356 3090 1412 noli
3112 1357 3441 1429 conjungere
3464 1357 3519 1411 in
3539 1356 3800 1428 praedica-

2207 1443 2372 1513 tione,
2420 1443 2535 1499 sive
2580 1444 2844 1512 doctrina,
2905 1445 3232 1515 prudentem
3279 1462 3402 1501 cum
3455 1445 3636 1500 stulto.
3696 1446 3802 1500 Per

2210 1548 2367 1588 ovem
2408 1532 2718 1588 innocentia
2765 1534 3083 1605 designatur
3138 1535 3225 1589 vel
3282 1534 3618 1605 simplicitas.
3672 1533 3804 1589 Ovis

2213 1622 2413 1692 quippe
2462 1621 2923 1693 simplicissimum
2967 1632 3050 1678 est
3097 1623 3316 1678 animal.
3369 1623 3473 1691 Qui
3505 1639 3638 1696 ergo
3672 1639 3804 1678 san-

512 1758 535 1789 ,
571 1738 662 1793 dat
691 1739 955 1806 ministro,
989 1748 1042 1796 et
1069 1741 1124 1794 in
1142 1711 1419 1796 carcere”;
1471 1711 1701 1795 minaris
1781 1757 1942 1796 amen
1991 1741 2111 1796 dico
2140 1711 2450 1803 Bctitatem
2481 1719 2572 1765 aut
2597 1711 2964 1768 innocentiam
3007 1713 3107 1767 Dei
3136 1713 3257 1767 aliis
3300 1713 3553 1782 ostendit,
3605 1720 3662 1766 ut
3690 1711 3806 1766 lau-

517 1847 540 1878 »
575 1827 692 1893 tibi,
752 1844 860 1882 non
919 1829 1068 1884 exies
1109 1829 1235 1884 inde
1291 1830 1466 1885 donec
1508 1829 1717 1890 reddas,
1752 1831 2106 1885 novissimum

516 1938 538 1965 ι
576 1916 931 1987 quadrantem
979 1917 1198 1989 (Matth.
1233 1918 1310 1988 v).
1349 1940 1370 1966 ι»
1424 1919 1490 1972 Et
1533 1919 1732 1973 Paulus
1778 1920 2056 1990 apostolus
2090 1936 2104 1973 :

516 2020 538 2049 »
577 2001 716 2054 Dum
747 2008 958 2073 tempus
988 2002 1267 2070 habemus,
1309 2018 1599 2073 operemur
1642 2003 1846 2058 bonum
1889 2004 1956 2057 ad
1985 2020 2107 2058 om-

518 2107 542 2137 »
579 2104 677 2143 nes
707 2089 856 2159 (Gal.
885 2090 986 2160 vr).
1024 2111 1046 2139 ι»
1078 2091 1147 2144 Et
1175 2091 1342 2145 item:
1373 2112 1394 2140 α
1431 2093 1572 2146 Ecce
1603 2108 1746 2146 nunc
1775 2099 1986 2163 tempus
2019 2108 2111 2146 ac-

520 2199 541 2226 »
577 2177 864 2248 ceptabile,
898 2193 1026 2233 ecce
1056 2194 1200 2234 nunc
1230 2178 1346 2234 dies
1377 2179 1567 2233 salutis
1595 2181 1671 2249 (ΙΙ
1699 2182 1818 2235 Cor.
1852 2181 1950 2250 v1).
1991 2201 2011 2228 »
2045 2181 2114 2235 Et

517 2265 778 2320 Salomon
812 2284 824 2319 :
864 2288 884 2316 α
921 2265 1294 2339 Quodcunque
1323 2275 1502 2338 potest
1537 2285 1730 2324 manus
1778 2276 1871 2324 tua
1913 2269 2110 2336 facere,

527 2375 550 2404 »
583 2354 850 2410 instanter
878 2371 1106 2427 operare
1139 2359 1334 2427 (Eccti.
1367 2357 1471 2429 1x).
1511 2379 1532 2408 ι)

595 2503 617 2529 α
653 2480 736 2535 Eo
765 2481 909 2552 quod
935 2497 1044 2536 non
1074 2481 1402 2554 cognoveris
1434 2489 1646 2553 tempus
1677 2481 1996 2538 visitationis
2017 2490 2122 2538 tuae

524 2592 544 2619 α
581 2569 737 2640 (Luc.
771 2570 919 2640 xix).
946 2591 966 2619 ι)
989 2570 1169 2624 Multis
1189 2586 1426 2642 namque
1458 2572 1634 2626 modis
1652 2571 1706 2625 in
1736 2571 1993 2642 praesenti
2014 2572 2124 2629 vita

512 2658 873 2728 peccatricem
918 2658 1152 2712 animam
1200 2661 1347 2713 Deus
1411 2660 1610 2716 visitat.
1673 2660 1919 2715 Visitavit
1971 2660 2126 2731 prius

514 2762 612 2816 per
653 2747 942 2804 adventum
987 2747 1108 2801 Filii
1155 2746 1240 2802 sui
1266 2756 1317 2803 et
1345 2764 1447 2819 per
1502 2749 1617 2817 ejus
1662 2749 1940 2815 miracula,
1987 2765 2129 2820 quo-

514 2835 645 2891 tidie
688 2835 870 2891 visitat
927 2837 1407 2906 praedicationibus
1463 2837 1763 2905 doctorum,
1815 2837 1992 2892 visitat
2031 2837 2133 2909 per

515 2935 783 2991 prospera
812 2929 864 2976 et
902 2921 1151 2988 adversa,
1187 2921 1370 2977 visitat
1415 2939 1520 2993 per
1550 2922 1788 2995 ﬂagella,
1824 2921 2007 2977 visitat
2033 2940 2135 2993 per

517 3009 991 3078 persecutionem;
1025 3011 1122 3065 sed
1171 3010 1355 3065 anima
1401 3027 1673 3081 perversa
1720 3026 1828 3066 non
1857 3011 2142 3084 cognoscit

520 3112 628 3168 quo
657 3097 854 3152 clausis
883 3099 1055 3154 oculis
1083 3100 1150 3153 ad
1176 3099 1364 3172 ignem
1394 3100 1561 3155 vadit.
1607 3101 1730 3154 Non
1761 3100 1904 3155 enim
1925 3100 1980 3153 in
2003 3117 2132 3172 pro-

519 3185 772 3256 speritate
801 3203 860 3242 se
890 3187 1154 3255 humiliat,
1189 3204 1290 3244 nec
1319 3188 1373 3242 in
1405 3188 1734 3258 adversitate
1767 3203 1826 3244 se
1847 3205 2116 3262 recogno-

521 3273 642 3330 scit.

593 3405 899 3464 Omiseram
931 3426 1097 3481 supra
1127 3409 1252 3483 quia
1281 3410 1626 3466 Hierusalem
1673 3412 1948 3468 terrestris
1977 3430 2117 3485 qua-

519 3505 644 3552 tuor
698 3499 876 3554 modis
930 3499 1285 3572 intelligenda
1334 3508 1454 3568 est;
1505 3500 1856 3556 historialiter
1902 3503 2115 3574 primo;

517 3586 727 3656 civitas,
780 3605 901 3660 qua:
950 3589 1004 3642 in
1047 3597 1233 3645 monte
1281 3590 1448 3644 Moria
1498 3590 1601 3644 sita
1650 3598 1752 3656 est,
1798 3591 2060 3647 zedificata
2091 3609 2120 3645 a

521 3677 648 3732 Sem
680 3677 798 3732 Noe
829 3677 960 3744 filio,
997 3685 1049 3732 et
1075 3685 1268 3734 vocata
1318 3678 1496 3733 Salem
1533 3696 1545 3733 :
1579 3680 1820 3735 secundo
1862 3696 2120 3752 possessa

521 3765 852 3832 aJebusaeo,
903 3783 969 3822 ex
1018 3785 1121 3840 qua
1166 3767 1358 3822 sortita
1415 3775 1497 3821 est
1553 3769 1874 3823 vocabulum
1928 3770 2115 3825 Jebus.

523 3853 696 3908 Tertia
727 3870 759 3909 a
791 3855 1101 3926 Salomone,
1136 3865 1188 3911 et
1216 3856 1344 3912 inde
1375 3865 1566 3912 vocata
1594 3866 1677 3911 est
1716 3857 2116 3930 Hierosolyma,

523 3957 588 3996 ex
613 3943 863 3999 Jebusaeo
896 3953 947 4000 et
979 3946 1289 4014 Salomone,
1324 3945 1478 4016 quasi
1506 3946 1896 4017 Jebusolyma:
1930 3955 2121 4018 postea

525 4030 798 4087 destructa
818 4048 851 4087 a
870 4034 1148 4099 Romanis,
1169 4033 1499 4089 reaediﬁcata
1519 4042 1600 4089 est
1617 4035 1686 4089 ab
1702 4035 1838 4090 [ΕΙἰο
1856 4035 2118 4106 Adriano,

519 4134 550 4172 a
579 4136 686 4192 quo
715 4137 858 4176 nunc
883 4121 1017 4176 Elia
1045 4129 1274 4178 vocatur
1306 4140 1320 4177 :
1354 4138 1482 4179 ecce
1512 4124 1581 4178 ad
1609 4123 1866 4180 litteram.

594 4247 900 4321 Allegorice
941 4258 1124 4304 autem
1171 4249 1508 4306 Hierusalem
1553 4250 1943 4322 interpretatur
1984 4255 2123 4311 visio

519 4340 699 4412 pacis,
735 4356 856 4410 quae
899 4337 1170 4412 significat
1217 4347 1459 4396 sanctam
1496 4340 1824 4396 Ecclesiam.
1852 4343 1993 4396 Nam
2025 4359 2123 4398 su—

523 4442 691 4498 perna
734 4427 1069 4483 Hierusalem
1115 4443 1227 4484 non
1273 4437 1452 4500 potest
1499 4429 1774 4485 continere
1804 4429 1910 4484 nisi
1937 4431 2124 4502 pacifi-

524 4531 620 4570 cos
649 4515 705 4570 in
732 4515 838 4572 fide
869 4516 1085 4572 Christi.

592 4649 700 4704 Per
745 4665 1049 4722 anagogem
1092 4665 1224 4706 vero
1268 4648 1505 4706 animam
1547 4648 1820 4723 signiﬁcat
1861 4659 2124 4722 sanctam,

524 4753 648 4810 qua
676 4739 962 4793 Dominum
992 4756 1093 4810 per
1123 4739 1639 4811 contemplationem
1673 4741 1872 4796 mentis
1909 4758 2129 4814 semper

525 4835 766 4882 meretur
793 4827 998 4883 videre.

597 4974 620 5003 α
649 4952 718 5007 Et
746 4952 1028 5025 ingressus
1058 4953 1115 5008 in
1142 4953 1422 5026 templum,
1459 4954 1622 5025 ccepit
1652 4955 1848 5024 ejicere
1885 4956 2128 5012 venden-

529 5063 554 5094 ι
587 5049 667 5096 tes
695 5050 746 5096 et
776 5050 1020 5097 ementes
1050 5042 1107 5097 in
1134 5043 1248 5112 illo,
1297 5043 1484 5098 dicens
1518 5061 1530 5098 :
1565 5044 1836 5114 Scriptum
1868 5053 1952 5100 est
1985 5062 1998 5099 ε
2031 5045 2127 5100 do-

528 5151 552 5182 ι
585 5147 706 5185 mus
723 5147 842 5186 mea
854 5131 1047 5186 domus
1060 5132 1320 5186 orationis
1343 5140 1444 5198 est,
1459 5148 1556 5187 vos
1569 5140 1747 5188 autem
1762 5133 2128 5189 fecistisillam

527 5245 550 5271 ι)
583 5220 898 5292 speluncam
911 5221 1179 5276 latronum
1194 5221 1380 5293 (lbid.)
1399 5242 1419 5271 ι
1439 5220 1596 5290 Quod
1610 5231 1735 5277 tunc
1752 5223 2015 5278 Dominus
2027 5240 2129 5294 per

524 5309 879 5380 semetipsum
909 5309 1022 5380 egit
1051 5309 1420 5381 corporaliter,
1448 5311 1687 5380 quotidie
1719 5311 1829 5384 agit
1858 5311 1911 5365 in
1940 5311 2132 5367 Eccle‘

523 5398 604 5452 sia
633 5398 1002 5468 spiritualiter.
1037 5389 1319 5470 Templum
1356 5398 1458 5453 Dei
1493 5399 1849 5470 Spiritualiter
1874 5400 2128 5456 Ecclesia

519 5494 622 5557 est,
683 5487 808 5559 quia
866 5488 1060 5542 domus
1101 5487 1363 5544 orationis
1408 5496 1558 5544 recte
1607 5487 1716 5544 dici
1771 5496 1968 5561 potest,
2031 5484 2127 5544 ubi

519 5575 766 5634 Ecclesia
811 5577 1053 5650 quotidie
1095 5579 1212 5636 Deo
1258 5576 1487 5634 mundas
1531 5593 1729 5649 preces
1777 5577 1975 5636 oﬂ‘erre
2014 5595 2126 5642 non

2213 1800 2338 1855 dem
2370 1800 2438 1854 ab
2469 1799 2778 1855 hominibus
2822 1801 3077 1872 requirat,
3108 1817 3266 1857 ovem
3305 1801 3555 1857 venalem
3585 1801 3640 1854 in
3670 1807 3806 1855 tem-

2207 1889 2298 1958 plo
2328 1896 2528 1959 portat.
2563 1891 2642 1944 De
2686 1890 2881 1961 quibus
2920 1890 3184 1944 Dominus
3215 1890 3271 1943 in
3300 1889 3598 1962 Evangelio
3629 1889 3756 1944 dicit
3790 1906 3805 1942 :

2215 1998 2237 2028 ι»
2273 1977 2471 2032 Omnia
2501 1991 2671 2047 opera
2711 1993 2810 2032 sua
2849 1977 3049 2032 faciunt
3076 1986 3132 2032 ut
3159 1979 3447 2033 videantur
3476 1978 3544 2032 ab
3576 1977 3811 2032 homini-

2216 2086 2238 2116 ι
2272 2066 2374 2120 bus
2395 2066 2615 2137 (Matth.
2649 2065 2838 2137 xxm).
2861 2087 2882 2115 ν
2918 2067 2986 2120 Et
3015 2066 3184 2121 item:
3219 2088 3242 2117 (ι
3278 2069 3452 2121 Amen
3479 2067 3599 2121 dico
3630 2065 3808 2135 vobis,

2217 2176 2240 2205 ι
2275 2161 2604 2224 receperunt
2631 2155 2940 2209 mercedem
2971 2170 3126 2209 suam
3156 2155 3377 2225 (Matth.
3409 2155 3508 2226 Vl).
3538 2175 3559 2205 ι
3587 2155 3690 2209 Per
3719 2170 3812 2211 co—

2215 2243 2452 2297 lumbam
2481 2258 2609 2297 vero
2658 2242 2890 2312 Spiritus
2937 2251 3158 2298 sanctus
3200 2242 3537 2315 designatur.
3572 2243 3728 2297 Unde
3759 2247 3813 2298 et

2217 2331 2361 2385 idem
2385 2330 2617 2400 Spiritus
2640 2339 2859 2386 sanctus
2875 2330 2930 2384 in
2951 2331 3134 2402 specie
3154 2331 3421 2386 columbae
3441 2346 3608 2402 super
3625 2331 3814 2385 Domi-

2219 2436 2350 2474 num
2374 2419 2700 2490 baptizatum
2722 2419 2969 2490 apparuit
2997 2419 3216 2489 (Matth.
3250 2419 3355 2491 m).
3388 2419 3493 2488 Qui
3522 2436 3657 2492 ergo
3688 2435 3817 2492 gra-

2223 2509 2355 2563 tiam
2409 2508 2639 2578 Spiritus
2696 2508 2870 2563 sancti
2923 2524 3024 2578 per
3079 2508 3482 2578 impositionem
3533 2524 3812 2578 manuum,

2227 2613 2386 2667 quam
2417 2597 2586 2669 gratis
2617 2597 2747 2651 dare
2777 2597 3095 2662 debuerant,
3125 2597 3359 2651 Domino
3389 2597 3600 2652 dicente
3634 2615 3647 2650 :
3683 2597 3816 2652 Gra—

2231 2688 2305 2742 tis
2334 2688 2645 2758 accepistis,
2680 2687 2859 2757 gratis
2889 2687 3018 2742 date
3057 2686 3276 2757 (Matth.
3312 2687 3394 2758 χ),
3431 2700 3546 2741 non
3590 2694 3818 2756 propter

2229 2776 2422 2841 Deum,
2469 2775 2566 2830 sed
2612 2781 2836 2845 propter
2879 2790 3110 2830 munera
3155 2775 3243 2830 vel
3287 2775 3499 2830 lucrum
3544 2781 3821 2829 terrenum

2233 2864 2354 2918 aliis
2385 2863 2642 2932 tribuunt,
2677 2863 2834 2934 quasi
2863 2864 3143 2919 columbas
3161 2863 3217 2917 in
3238 2863 3439 2934 templo
3457 2863 3714 2920 vendunt.
3742 2864 3824 2918 De

2235 2953 2430 3025 quibus
2459 2952 2721 3023 scriptum
2751 2959 2834 3006 est
2867 2970 2879 3005 :
2916 2974 2937 3002 ‹‹
2971 2952 3121 3024 Ignis
3157 2952 3440 3008 devorabit
3477 2951 3824 3007 tabernacula

2242 3061 2264 3091 ››
2300 3057 2487 3096 eorum
2519 3041 2610 3113 qui
2643 3056 2872 3096 munera
2901 3039 3135 3096 libenter
3181 3041 3452 3112 accipiunt
3498 3041 3613 3112 (Job
3643 3040 3761 3112 xv).
3797 3059 3820 3091 ι

2161 3105 2209 3167 C
2232 3133 2299 3186 Et
2326 3130 2456 3185 item
2489 3147 2501 3183 :
2543 3151 2565 3179 α
2601 3129 2723 3184 Non
2753 3129 2990 3200 accipies
3037 3130 3093 3182 in
3117 3129 3323 3197 judicio
3364 3145 3654 3201 personam
3685 3145 3825 3199 pau-

2223 3241 2245 3270 ››
2279 3219 2446 3291 peris,
2480 3218 2604 3289 quia
2634 3233 2863 3273 munera
2893 3225 3169 3273 excaecant
3199 3217 3386 3273 oculos
3417 3217 3741 3288 sapientum,
3776 3225 3830 3272 et

2226 3329 2248 3359 θ
2290 3308 2458 3364 verba
2488 3315 2764 3362 rectorum
2805 3306 3126 3362 subvertunt
3155 3307 3355 3378 (Exod.
3386 3306 3572 3377 xxm).
3615 3327 3637 3357 n
3671 3305 3828 3364 Tales

2220 3396 2485 3450 Dominus
2517 3412 2546 3450 e
2577 3396 2781 3465 templo
2823 3395 2984 3463 ejicit,
3035 3395 3127 3466 qui
3173 3395 3419 3466 quamvis
3465 3395 3520 3449 in
3564 3394 3823 3466 presenti

2219 3486 2418 3541 saeculo
2446 3484 2711 3539 Ecclesiae
2740 3483 3014 3552 conjuncti
3043 3500 3276 3555 corpore
3305 3485 3613 3554 videantur,
3645 3493 3828 3540 tamen

2220 3570 2276 3628 in
2306 3573 2394 3628 die
2418 3573 2608 3641 judicii
2634 3572 2705 3626 ab
2735 3571 2986 3627 Ecclesia
3034 3573 3452 3642 separabuntur,
3502 3573 3717 3644 quando
3747 3574 3835 3628 di-

2218 3671 2304 3718 cet
2326 3661 2432 3715 illis
2464 3678 2476 3714 :
2516 3682 2537 3712 α
2561 3661 2835 3716 Discedite
2854 3675 3009 3726 ame,
3046 3661 3338 3728 maledicti,
3375 3661 3432 3715 in
3461 3661 3649 3733 ignem
3679 3671 3830 3716 aeter-

2228 3772 2250 3802 ι
2283 3768 2433 3820 num,
2467 3751 2559 3821 qui
2608 3757 2940 3821 praeparatus
2988 3756 3071 3804 est
3113 3749 3332 3805 diabolo
3383 3757 3437 3806 et
3466 3750 3682 3824 angelis
3713 3751 3830 3822 ejus

2227 3861 2248 3890 η
2287 3841 2508 3912 (Matth.
2542 3839 2706 3910 xxv).
2743 3859 2766 3888 ι

2292 3973 2361 4029 Et
2392 3980 2507 4027 erat
2541 3970 2779 4044 quotidie
2827 3970 3031 4027 docens
3077 3967 3135 4024 in
3181 3969 3385 4042 templo
3415 3970 3571 4043 (Luc.
3607 3971 3753 4043 xxx).
3794 3993 3816 4023 ι

2223 4061 2489 4118 Dominus
2502 4060 2742 4133 quotidie
2759 4060 2915 4116 docet
2928 4061 2984 4114 in
3001 4059 3202 4130 templo
3218 4077 3319 4130 per
3336 4069 3555 4117 sanctos
3568 4061 3833 4132 praedica-

2223 4159 2374 4207 tores
2402 4151 2613 4223 quoties
2641 4157 2888 4205 sanctum
2904 4147 3264 4222 Evangelium
3285 4149 3506 4221 legitur,
3529 4150 3828 4221 Apostolus

2224 4240 2502 4306 recitatur,
2534 4239 2788 4294 doctores
2836 4239 3154 4309 praedicant.
3207 4238 3436 4309 Semper
3476 4238 3738 4294 Dominus
3769 4239 3824 4294 in

2225 4328 2472 4385 Ecclesia
2522 4327 2702 4399 docet,
2736 4327 2871 4382 sicut
2913 4327 3030 4398 ipse
3075 4326 3149 4381 ait
3181 4345 3194 4380 :
3231 4348 3254 4378 α
3288 4327 3415 4383 Sine
3441 4343 3529 4382 me
3558 4327 3691 4381 nihil
3719 4344 3826 4398 po-

2231 4439 2254 4468 «
2291 4417 2444 4473 testis
2474 4415 2652 4472 facere
2685 4417 2870 4487 (Joan.
2903 4417 3024 4487 xv).
3050 4437 3072 4466 ι
3097 4417 3212 4471 Hoc
3237 4415 3361 4471 ideo
3391 4414 3466 4470 ait
3486 4423 3543 4470 ut
3572 4416 3753 4471 nullus
3773 4417 3829 4470 in

2152 4467 2204 4528 D
2232 4506 2321 4560 die
2345 4505 2534 4575 judicii
2554 4467 2788 4576 aliqtiam
2819 4467 3001 4575 possit,
3020 4504 3421 4560 excusationem
3459 4505 3661 4560 habere
3692 4521 3828 4576 pec-

2232 4595 2358 4652 cati.
2391 4595 2523 4648 Cum
2552 4594 2697 4648 enim
2729 4595 2920 4649 doctor
2948 4593 3023 4646 im
3052 4593 3297 4649 Ecclesia
3335 4594 3563 4650 verbum
3589 4594 3690 4650 Dei
3721 4611 3825 4649 an-

2231 4683 2457 4751 nuntiat,
2483 4682 2726 4738 Christus
2756 4682 2812 4737 in
2841 4682 3044 4754 templo
3075 4683 3253 4751 docet,
3287 4691 3340 4738 et
3380 4684 3472 4756 qui
3502 4683 3826 4755 prmdicato-

2231 4773 2305 4828 ris
2334 4772 2563 4828 verbum
2608 4771 2920 4836 contemnit,
2955 4771 3230 4826 Christum
3260 4771 3446 4828 audire
3475 4771 3673 4842 renuit,
3706 4771 3827 4844 ipso

2232 4862 2444 4917 dicente
2477 4879 2490 4914 :
2529 4881 2550 4911 α
2587 4860 2692 4928 Qui
2722 4877 2819 4916 vos
2847 4860 3013 4928 audit,
3044 4877 3132 4916 me
3163 4861 3348 4928 audit;
3373 4869 3426 4916 et
3447 4861 3538 4932 qui
3555 4877 3654 4917 vos
3676 4879 3825 4934 sper-

2235 4970 2258 5002 ›
2293 4950 2370 5005 nit
2395 4965 2484 5004 me
2503 4949 2708 5020 spernit
2735 4949 2889 5020 (Luc.
2914 4947 2996 5020 x).
3026 4970 3048 5000 ι)
3075 4950 3224 5006 Hanc
3240 4950 3663 5006 destructionem
3686 4953 3825 5010 civi-

2229 5037 2351 5092 tatis
2382 5038 2452 5092 ad
2483 5038 2902 5093 destructionem
2931 5037 3126 5093 animae
3154 5044 3353 5094 nostrae
3373 5055 3819 5110 expavescemus.

2228 5128 2524 5183 Precemur
2552 5125 2734 5198 itaque
2765 5125 3054 5204 Dominum
3083 5133 3138 5181 ut
3168 5126 3258 5200 qui
3285 5127 3624 5184 Hierusalem
3654 5139 3824 5186 terre-

2229 5232 2358 5272 nam
2397 5215 2625 5270 destruit
2670 5214 2931 5287 permisit,
2964 5222 3017 5271 et
3045 5223 3235 5289 postea
3274 5216 3609 5273 Hierusalem
3651 5219 3821 5273 coele-

2229 5314 2366 5362 stem
2393 5320 2717 5376 permanere
2745 5304 3028 5376 disposuit,
3082 5307 3322 5361 destruat
3367 5315 3587 5378 peccata
3616 5321 3819 5378 corpo—

2227 5395 2302 5449 ris
2350 5402 2403 5449 et
2445 5393 2640 5448 animae
2680 5400 2897 5459 nostra},
2930 5401 3193 5466 quatenus
3251 5411 3350 5450 nos
3406 5394 3709 5450 introducat
3765 5396 3821 5452 in

2229 5483 2490 5539 cubiculis
2531 5499 2746 5554 sponsae
2792 5500 2923 5551 suae,
2971 5491 3028 5539 ut
3056 5501 3179 5540 cum
3207 5499 3271 5539 eo
3300 5482 3582 5539 videamus
3626 5483 3818 5540 indeii.

2227 5579 2433 5637 cienter
2461 5579 2603 5638 bona
2633 5596 2752 5653 quae
2781 5588 2906 5640 sunt
2934 5579 2992 5639 in
3017 5579 3374 5638 Hierusalem.
