4024 6194
262 326 366 381 975

794 323 1200 381 WALAFRIDI
1226 322 1472 380 STRABI
1500 322 1702 381 FULD.
1732 321 1906 380 MON.
1942 321 2095 379 OPP.
2126 322 2303 381 PARS
2331 325 2400 381 II.
2434 354 2503 366 -—
2528 324 2923 383 HISTORICA.

3441 328 3548 384 9'76

1102 615 2053 752 WALAFRIDI
2189 616 2794 754 STRABI

1549 835 1938 892 FULDENSIS
1994 835 2315 892 MONACHI

281 970 801 1171 UPERUM
931 967 1435 1165 OMNIUM
1549 835 2580 1249 ῈΜἙΝΒΑ.
2870 824 3557 1173 axioma.

870 1338 1334 1482 VITA

1498 1338 2178 1482 SANCTI
2319 1337 2901 1484 GALLI

1460 1586 1751 1644 ABATTIS
1792 1585 1867 1642 ΙΝ
1913 1587 2328 1644 ALAMANNIA

992 1794 1548 1874 MABILLONH
1600 1793 2376 1869 OBSERVATIONES
2425 1794 2838 1870 PRIEVIJE

1338 1944 1499 2015 (Acta
1530 1942 1851 2001 Sanctorum
1880 1944 2089 2000 ordinis
2117 1948 2174 2001 S.
2206 1945 2435 2017 Bened.)

355 2176 407 2228 1.
437 2170 835 2227 ΨΑιΑῐτιιωωι
867 2167 1128 2223 Sumam:
1171 2180 1269 2219 seu
1307 2164 1636 2221 Strabonem
1666 2166 1875 2223 descri-
1902 2191 1917 2215 λ

1992 2150 2688 2228 Magontinamperduravit
2720 2160 2881 2228 :_tum
2921 2151 3111 2209 reilcta
3132 2151 3310 2228 Fulda
3338 2152 3572 2228 augiam

284 2242 478 2299 bendis
511 2242 567 2297 S.
602 2240 743 2295 Galli
772 2238 985 2294 abbatis
1032 2236 1203 2309 gestis
1232 2251 1465 2309 operam,
1486 2252 1716 2292 navasse
1747 2254 1878 2293 con-

284 2322 389 2369 stat
418 2330 485 2368 ex
506 2310 826 2381 Hepidanno
857 2307 1103 2381 Gallensi
1130 2309 1396 2381 monacho
1416 2307 1500 2360 his
1525 2322 1747 2361 suorum
1768 2312 1879 2362 An-

284 2385 486 2439 nalium
542 2378 724 2437 verbis
772 2399 784 2434 :
831 2382 990 2436 Anno
1047 2380 1169 2433 849.
1248 2378 1689 2433 WALAHFREDUS
1745 2381 1880 2435 abba

284 2457 560 2511 Auaensis
592 2453 723 2510 obit.
761 2453 870 2507 Iste
902 2452 988 2506 vir
1020 2450 1310 2505 litteratus
1346 2450 1496 2505 Vitas
1527 2450 1619 2505 SS.
1658 2450 1805 2505 Galli
1827 2453 1884 2505 et

289 2520 551 2582 Otﬁmart'
579 2524 651 2579 ad
679 2524 1024 2595 petitionem
1043 2521 1299 2595 ϐρψαιὶ
1319 2520 1533 2595 abbatis
1554 2521 1883 2595 compilavit

286 2598 595 2668 eleganter.
628 2590 820 2649 Adhuc
843 2591 1058 2661 juvenis
1086 2590 1210 2646 huic
1238 2590 1597 2668 lucubrationi
1640 2590 1884 2668 incubuit

285 2660 409 2737 post
438 2666 605 2721 alium
623 2735 630 2737 _
648 2660 932 2737 auctorem
953 2678 1304 2737 anonymum,
1324 2661 1487 2737 cujus
1509 2660 1883 2737 vestigiis

287 2730 482 2792 sistere
520 2752 579 2791 se
619 2735 674 2789 in
722 2733 1044 2789 Praefatione
1092 2730 1275 2803 (num.
1314 2733 1366 2802 1)
1396 2730 1701 2803 confitetur.
1750 2732 1885 2786 Vitas

288 2809 345 2863 S.
378 2806 523 2863 Galli
552 2805 746 2875 adjecit
774 2805 974 2859 librum
1001 2803 1409 2875 Miraculorum,
1437 2818 1557 2873 quae
1579 2802 1885 2875 Gozbertus

285 2879 584 2934 monachus
620 2873 838 2947 partim
885 2876 998 2945 jam
1055 2874 1272 2945 scriptis
1328 2873 1574 2929 ediderat
1630 2876 1718 2945 (in
1771 2874 1886 2943 ﬁne

296 2951 469 3005 Vitae).

356 2949 717 3077 Eia-mem
743 3014 1086 3072 Walafridus
1118 3015 1175 3070 s.
1209 3014 1351 3070 Galli
1390 3014 1565 3069 Vitam
1605 3013 1887 3069 metricam

290 3090 562 3147 Gozberto
591 3088 776 3144 abbati
805 3088 860 3141 in
891 3086 998 3141 ﬁne
1031 3086 1285 3153 subjectae
1316 3084 1651 3140 Praefationis
1678 3085 1886 3155 promi-

288 3162 356 3216 sit
384 3161 761 3231 praestititque,
795 3158 949 3226 cujus
992 3157 1129 3212 Vita:
1156 3156 1390 3212 necdum
1438 3156 1596 3210 editae
1641 3156 1745 3211 hoc
1774 3156 1887 3210 cir-

291 3229 590 3289 cumfertur
618 3229 830 3283 initium
863 3245 877 3281 :

409 3342 649 3391 Promissi
680 3350 880 3388 memor
902 3350 1020 3386 ecce
1045 3340 1158 3395 mei,
1184 3338 1444 3394 Gozberte.
1470 3339 1606 3396 quod
1625 3339 1762 3395 olim,

283 3452 390 3500 etc.
424 3442 527 3497 Hic
555 3450 638 3497 est
669 3439 976 3496 Gozbertus
1008 3455 1109 3493 seu
1138 3438 1464 3509 Gotzpertus
1494 3438 1665 3493 abbas
1683 3436 1862 3494 Sancti

1978 2223 2265 2304 accedens,
2292 2223 2537 2304 “abbatis
2611 2223 3187 2304 dignitatem_tenuit,
3244 2223 3571 2304 tandemque

1980 2310 2124 2349 anno
2156 2297 2258 2348 849
2286 2292 2408 2347 fatis
2438 2292 2728 2350 concessit.
2758 2295 2897 2351 Hinc
2942 2293 3215 2349 Gerardus
3264 2292 3572 2349 Vossius'in

1979 2365 2077 2420 lib.
2108 2380 2148 2418 ιι
2176 2365 2246 2419 de
2291 2364 2426 2418 Hist.
2473 2365 2610 2432 Lat.,
2662 2379 2712 2420 c.
2761 2368 2848 2434 33,
2899 2373 2953 2419 et
2982 2365 3276 2420 Goldastus
3305 2366 3361 2419 in
3392 2365 3572 2420 Vitam

1983 2436 2058 2507 S._
2098 2435 2247 2507 Galli
2298 2443 2445 2507 recte
2484 2443 2729 2507 arguunt
2774 2436 3131 2507 Trithemium
3158 2436 3439 2507 Aaliosque,
3483 2436 3576 2507 qui

1983 2454 2040 2490 δ.
2101 2454 2242 2490 uaui
2298 2454 2445 2490 recte
2493 2454 2555 2490 ar
2599 2454 2729 2489 uunt
2782 2454 3131 2490 inmemmm
3174 2454 3310 2491 auos
3350 2454 3439 2499 ue,
3483 2454 3576 2507 qm

1981 2504 2348 2560 Walafridum
2378 2505 2434 2560 S.
2470 2454 2609 2560 (ἔδῇί
2648 2506 2897 2560 abbatem
2923 2523 2954 2560 a
2978 2505 3285 2561 Walafrido
3313 2454 3579 2561 g‘uldensi

1983 2576 2295 2631 distinctum
2323 2577 2525 2631 volunt.
2561 2577 2722 2631 Certe
2752 2577 2933 2631 nullus
2959 2576 3299 2631 Walafridus
3320 2578 3464 2633 inter
3478 2578 3577 2632 ab-

1983 2647 2136 2701 bates
2164 2647 2918 2729 Gallen‘ses‘ab'liepidannq,
2934 2648 3200 2729 Ratperto
3223 2649 3577 2729 aliisquenad-

1984 2727 2319 2790 numeratur,
2349 2718 2472 2790 licet
2502 2717 2836 2785 Walafridus
2855 2717 3091 2775 Strabus
3118 2719 3353 2790 primum
3365 2717 3426 2773 in
3450 2719 3579 2775 Gal-

1984 2788 2227 2843 lensibus
2285 2789 2487 2844 scholis
2542 2790 2831 2856 institutus,
2893 2790 2968 2844 ibi
3018 2788 3259 2846 decanus
3321 2789 3490 2845 fuisse
3543 2805 3579 2845 a

1984 2860 2219 2933 Mezlero
2249 2867 2302 2914 et
2334 2860 2526 2933 V_ossio
2558 2862 2830 2916 credatur.
2862 2862 2960 2916 Est
2987 2869 3169 2917 autem
3205 2863 3402 2933 Augia,
3434 2860 3579 2915 anti-

1987 2931 2109 3006 quis
2139 2932 2312 2997 Auva,
2327 2931 2520 3006 ﬂava,
2538 2933 3005 3006 _S_int_hleoheswa,
3027 2933 3193 3006 vulgo
3214 2931 3507 3006 Riéhenow
3527 2940 3584 2988 et

1986 3002 2282 3075 Richenaw
2309 3001 2471 3075 dicta,
2484 3003 2716 3075 abbatia
2734 3004 3009 3075 quondam
3030 3001 3260 3075 insignis
3276 3004 3579 3069 sanctitate,

1987 3071 2262 3147 nobilitate
2280 3088 2357 3147 ac
2386 3073 2607 3147 divitiis,
2640 3071 2783 3129 unde
2804 3075 2965 3147 Dives
2994 3071 3305 3147 nuncupata
3327 3076 3460 3147 (quo
3487 3090 3584 3131 no-

1986 3143 2134 3219 mine
2163 3143 2231 3219 ab
2259 3144 2448 3219 ῥᾳδία,
2466 3144 2671 3219 Majore
2694 3162 2799 3219 _se_u
2828 3145 3137 3219 Brigantina
3176 3143 3575 3219 distinguitur),

1987 3214 2043 3287 in
2072 3213 2248 3287 insula
2278 3213 2451 3287 Rheni
2474 3214 2643 3287 paulo
2689 3215 2826 3287 infra
2865 3213 3231 3287 Constantiam
3262 3213 3384 3285 sita',
3419 3213 3581 3287 quam

1989 3284 2046 3339 S.
2079 3285 2389 3350 Pirminius,
2424 3284 2708 3354 adjuvante
2739 3286 2935 3341 Carolo
2984 3286 3244 3352 Martello,
3280 3284 3575 3352 anno—724,

1990 3356 2302 3431 condidisse
2328 3355 2514 3413 fertur.
2532 3357 2633 3431 _Ab
2662 3356 2840 3431 Augia
2867 3356 3042 3412 insula
3073 3373 3184 3431 non
3224 3357 3388 3431 longe
3416 3358 3583 3413 distat

1991 3427 2046 3481 S.
2084 3426 2224 3482 Galli
2252 3427 2640 3482 monasterium
2683 3426 2845 3483 etiam
2873 3443 3019 3484 nunc
3046 3426 3457 3484 celeberrimum
3491 3446 3580 3485 re-

290 3496 583 3578 Gailensis,
610 3511 723 3584 qui,
759 3510 1175 3584 testeRatperto
1214 3496 1441 3584 Ain-libro
1467 3510 1535 3584 de
1573 3510 1805 3584 Casibus
1820 3510 1887 3584 _S,
1919 3496 2191 3584 Bligione
2223 3506 2275 3584 ςῑ
2304 3498 2570 3579 dignitate
2691 3498 2832 3584 galli
2855 3499 3073 3584 vgppido
3120 3499 3480 3584 nobilitatum,
3510 3499 3582 3584 ad

290 3568 454 3652 Galli,
486 3600 535 3639 c.
570 3568 918 3649 ii,'Werdoni
953 3602 975 3632 ι
1007 3568 1149 3636 anno
1180 3581 1248 3635 ab
1274 3581 1645 3636 incarnatione
1674 3580 1893 3635 Domini
1921 3568 1959 3570 ἡ
1990 3568 2170 3623 Ῑᾶίουηι
2211 3568 2505 3650 Ampi—lium
2536 3570 2589 3623 in
2613 3569 2817 3652 finibus.
2840 3568 3224 3652 ,Ηέῐγθῐίοισειιη
3254 3572 3581 3652 ει

291 3659 394 3710 816
415 3676 436 3705 ι
455 3654 737 3722 successit,
754 3653 951 3708 deinde
969 3674 992 3704 ι
1019 3668 1163 3707 anno
1190 3655 1292 3706 830
1306 3668 1503 3707 novam
1521 3652 1578 3707 S.
1604 3652 1761 3707 Gallo
1780 3667 1891 3706 coe-

287 3726 365 3797 pit
380 3724 652 3782 aediﬁcare
675 3724 970 3797 basilicam,
997 3740 1163 3797 quam
1179 3723 1354 3797 spatio
1386 3731 1595 3797 septem
1625 3738 1890 3778 annorum

288 3794 358 3852 ad
403 3798 621 3869 plenum
657 3794 990 3875 aadiﬁcando
1016 3794 1375 3875 perduxit,»
1420 3794 1639 3875 demum
1693 3815 1716 3844 «
1749 3800 1891 3849 tem-

289 3866 426 3950 pore
467 3867 820 3948 procedente,
847 3888 881 3950 Δι»
918 3866 991 3919 ait
1038 3866 1421 3945 idemauctor,
1445 3867 1661 3950 [cap],
1709 3886 1730 3913 α
1766 3880 1892 3920 cum

284 3933 405 4011 jam
425 3933 599 3994 aetatis
628 3933 962 4011 gravitatem
991 3936 1346 4011 corporisque
1384 3933 1753 4011 infirmitatem
1783 3950 1894 3990 non

290 4006 539 4065 sutiicere
570 4006 821 4065 créderet
849 4007 918 4062 ad
947 4006 1271 4061 instantium
1303 4006 1685 4062 necessitatem
1716 4021 1894 4076 nego-

289 4081 505 4147 tiorum,
550 4096 582 4134 a
632 4078 934 4134 Hludovico
983 4077 1409 4133 clementissimo
1448 4079 1693 4147 Augusto
1723 4075 1896 4147 impe-

291 4152 473 4217 travit,
506 4158 564 4205 ut
594 4149 905 4205 Bemwicus
932 4150 1233 4204 monachus
1262 4146 1643 4203 successorlilli
1672 4146 1900 4203 exsiste-

294 4230 375 4277 ret
409 4240 421 4276 :
459 4221 600 4294 quod
631 4220 814 4294 statim
845 4229 900 4294 ut
917 4220 1245 4294 postulavit,
1287 4218 1540 4275 effectum
1568 4225 1716 4273 est...
1753 4233 1897 4274 anno

296 4291 687 4348 incarnationis
714 4291 930 4346 Domini
962 4292 1085 4345 837.
1123 4311 1145 4339 ι

366 4369 419 4419 3.
454 4368 518 4419 At
570 4378 703 4418 vero
745 4360 1085 4416 Walat'ridus
1131 4360 1357 4431 Strabus
1402 4359 1638 4431 primum
1687 4358 1743 4413 in
1779 4374 1897 4415 mo-

294 4436 536 4491 nasterio
568 4435 623 4490 S.
675 4433 814 4488 Galli
863 4433 1082 4487 scholas
1121 4430 1482 4503 frequentavit
1526 4431 1894 4503 adolescens:

295 4507 423 4562 inde
456 4506 680 4561 Fuldam
731 4504 1013 4575 ablegatus
1042 4500 1299 4558 audiendi
1330 4500 1537 4575 Rabani
1585 4518 1764 4575 causa,
1790 4502 1899 4575 ibi—

296 4577 420 4634 dem
451 4594 622 4650 usque
653 4577 725 4632 ad
752 4572 922 4648 ipsius
951 4574 1157 4633 Rabani
1200 4572 1595 4645 promotionem
1624 4573 1681 4627 in
1709 4573 1899 4629 sedem

1991 3654 2180 3712 corum
2205 3657 2217 3693 :
2242 3640 2394 3709 cujus
2424 3639 2738 3712 monasterii
2768 3640 2940 3695 abbas
2967 3641 3109 3697 inter
3138 3641 3356 3711 Imperii
3381 3642 3582 3712 princi-

1989 3726 2089 3780 pes
2118 3710 2298 3785 loc‘um
2326 3711 2667 3785 habet‘,_inter
2686 3712 3211 3785 congregationiss.
3228 3710 3584 3785 Galli'Patres

1990 3782 2328 3861 praeeminet.
2363 3783 2421 3836 In
2453 3782 2660 3861 Y-itaHS.
2693 3781 2938 3838 Othinari
2989 3783 3058 3861 d_e
3105 3782 3244 3839 Viris
3287 3782 3583 3861 illustribus

1991 3852 2149 3995 ist}us
2181 3852 2509 3995 )monasterii
2565 3852 2810 3910 dicemus
2866 3854 3066 3911 saeculo
3110 3853 3380 3926 sequenti.
3433 3853 3583 3925 (Vide

1992 3938 2056 3978 zu
2087 3940 2172 3979 ra.

1992 3938 2172 3979 mira.

2065 4050 2119 4103 4.
2160 4047 2289 4102 Post
2331 4047 2690 4104 Walafridum
2730 4049 2998 4106 Notkerus
3056 4048 3332 4105 Gallensis
3388 4065 3578 4106 mona-

1996 4118 2549 4192 chus_,__cognomento
2589 4121 2865 4187 Balbulus,
2914 4121 3131 4192 patroni
3163 4122 3247 4176 sui
3292 4122 3458 4176 vitam
3486 4122 3585 4176 tri-

1996 4189 2100 4262 bus
2130 4189 2281 4244 libris
2311 4190 2504 4245 cecinit
2538 4208 2550 4245 :
2583 4192 2673 4262 qui
2703 4199 2893 4247 auctor
2914 4189 3237 4247 sanctitatis
3266 4193 3486 4248 nomine
3516 4192 3583 4246 il-

1996 4260 2297 4344 lustratus,
2327 4276 2471 4344 anno
2500 4260 2622 4332 912,
2674 4261 2980 4344 decessisse
3026 4263 3171 4344 apud
3193 4263 3583 4344 ‘Hepidannum

1999 4331 2217 4406 legitur.
2246 4332 2475 4406 Notkeri
2517 4331 2653 4406 opus
2686 4333 3007 4406 metricum,
3032 4331 3313 4406 siquidem
3346 4334 3587 4406 nancisci

1997 4402 2108 4457 non
2139 4402 2309 4475 licuit,
2330 4406 2470 4475 unus
2493 4402 2761 4475 supplebit
2781 4402 3140 4475 Walafridus,
3165 4405 3321 4475 cujus
3341 4405 3591 4463 lucubra-

1999 4475 2200 4529 tionem
2248 4474 2305 4527 in
2336 4474 2525 4545 Capita
2554 4474 2619 4527 ab
2650 4484 2865 4531 auctore
2912 4474 3223 4533 distinctam
3252 4494 3320 4532 ex
3349 4475 3590 4533 Goldasti

2001 4553 2147 4600 tomo
2179 4545 2221 4614 Ι,
2253 4552 2411 4616 parte
2437 4560 2496 4612 ιι,
2531 4545 2666 4599 Hist.
2700 4546 2981 4603 Alamann.
3018 4557 3350 4620 repetemus.

1427 4834 1927 4908 PREFATIO
1980 4834 2448 4935 AUCTORIS

1167 4986 1261 5051 Ad
1305 4985 1646 5051 Goznsarua
1688 4985 1955 5050 abbatem
1997 4991 2055 5050 et
2095 4984 2407 5050 monachos
2449 4986 2510 5050 S.
2558 4982 2729 5050 Galli.

382 5203 426 5260 Ι.
458 5198 579 5259 Nisi
606 5217 694 5256 me
725 5209 1035 5256 sanctarum
1078 5199 1363 5255 auctoritas
1404 5199 1818 5272 Scripturarum,
1855 5209 1907 5256 et
1938 5200 2151 5264 Cmino
2197 5198 2402 5255 electus
2439 5206 2540 5266 est,
2584 5207 2638 5255 et
2684 5200 3008 5273 priusquam
3055 5200 3228 5257 exiret
3272 5201 3343 5258 de
3392 5210 3595 5267 ventre,

312 5292 589 5367 praecipue
618 5289 707 5344 illa
736 5289 958 5344 veridici
977 5290 1257 5360 pr0phetaa
1276 5290 1560 5357 sententia,
1580 5307 1684 5362 qua
1705 5290 1912 5346 sacrifi-

316 5383 402 5439 cio
431 5378 739 5437 obedientia
767 5376 1052 5448 praefertur
1083 5378 1134 5448 (I
1148 5381 1272 5451 Reg.
1298 5379 1418 5451 xv),
1442 5378 1508 5433 ad
1532 5379 1910 5437 necessitatem

318 5468 610 5527 obediendi
639 5466 1353 5539 constringeret,prmceptis
1376 5468 1598 5536 vestris,
1624 5485 1657 5524 o
1682 5470 1913 5526 sanctis-

2012 5287 2378 5346 sanctiﬁcatus
2409 5296 2510 5359 est,
2563 5288 2690 5344 dum
2717 5305 2843 5344 eum
2871 5290 3137 5346 Dominus
3168 5290 3373 5361 Spiritu
3402 5307 3503 5347 suo
3530 5291 3599 5346 il-

2013 5379 2249 5434 lustrans
2289 5377 2441 5436 verbi
2471 5376 2648 5434 officio
2689 5378 3044 5450 manciparat,
3077 5379 3146 5434 de
3173 5378 3348 5435 aetatis
3370 5379 3600 5434 infirmi-

2013 5476 2123 5524 tate
2151 5476 2203 5523 et
2231 5467 2537 5541 ignorantia
2582 5475 2915 5539 conquestus
2945 5476 3028 5523 est
3054 5470 3192 5539 (Jer.
3226 5470 3304 5540 1);
3337 5468 3470 5540 quid
3499 5484 3600 5540 ego

320 5558 444 5613 simi
459 5555 941 5628 Patres,apologiae
958 5555 1266 5624 hujusmodi
1286 5572 1459 5625 genus
1486 5572 1816 5627 Opponerem
1838 5575 1850 5611 :
1869 5556 1918 5611 si
2016 5565 2269 5629 peccator
2295 5552 2515 5612 acturus
2545 5573 2684 5625 sum,
2716 5557 2810 5629 qui
2839 5557 2894 5611 in
2923 5557 3200 5629 iniquitate
3228 5565 3525 5629 conceptus
3554 5565 3606 5614 et

323 5647 590 5719 propheta
620 5645 732 5718 qui,
768 5652 1057 5717 antequam
1094 5640 1422 5699 {armaretur
1450 5644 1506 5699 in
1534 5653 1708 5714 utero,
1742 5662 1775 5701 a
1801 5647 1918 5702 Do-
2018 5646 2074 5703 in
2102 5646 2294 5704 delicto
2321 5644 2599 5719 profusus,
2649 5653 2875 5719 propter
2917 5646 3109 5704 sordes
3155 5645 3280 5705 vita
3304 5646 3603 5705 incircum-
