3996 6184
495 228 600 286 977

1425 224 1590 282 VITA
1638 224 1693 284 S.
1743 224 1950 282 GALLI
1991 224 2300 280 ABBATIS.
2335 254 2404 268 -
2431 223 2815 282 PRzEFATIO.

3677 225 3791 282 978

496 351 643 407 cisus
674 365 795 405 sum
837 347 1004 406 corde
1053 357 1105 404 et
1161 349 1404 415 auribus,
1467 349 1595 421 quia
1657 349 1910 405 videlicet
1985 365 2087 406 nec
2117 351 2173 412 Α
2196 350 2326 404 dum
2354 351 2528 405 laetus.
2563 351 2768 405 Dehinc
2799 351 3089 405 Pannoniae
3121 349 3239 406 viro
3270 349 3454 415 fortes,
3490 352 3608 407 solo
3628 353 3790 424 plano

495 439 716 496 scienda
745 438 910 512 digne
941 437 1202 509 percipio,
1222 455 1321 494 nec
1339 438 1522 493 audita
1537 439 1733 494 devote
1763 455 2029 494 conservo
2069 444 2093 495 ?

498 529 788 598 Quomodo
819 527 1057 596 justitias
1112 527 1328 582 Domini
1373 529 1662 594 enarrabo,
1698 537 1750 583 et
1814 545 2088 582 assumam

496 625 880 674 testamentum
911 618 1028 686 ejus
1055 633 1155 688 per
1183 633 1245 671 os
1281 632 1480 685 meum,
1533 618 1685 686 cujus
1732 625 1943 672 aetatem
1991 633 2094 672 nec

493 716 708 779 tempus
735 707 914 762 adhuc
943 705 1206 776 implevit,
1241 721 1342 761 nec
1373 705 1602 761 scientia
1633 706 2034 762 commendavit
2065 707 2092 762 ?

498 798 654 866 cujus
681 797 826 852 dicta
856 813 955 852 nec
985 795 1230 850 doctrina
1259 795 1590 861 corroborat,
1623 811 1724 851 nec
1758 796 1862 850 vita
1903 793 2097 852 conﬁr-

498 888 656 941 mat?
686 885 987 956 prmsertim
1009 901 1132 941 cum
1155 901 1219 940 ea
1241 884 1478 939 scribere
1495 885 1728 953 jubeatis
1746 892 1798 938 et
1819 885 2090 950 ordinare,

501 991 730 1047 quorum
758 975 1080 1045 dignitatem
1109 974 1196 1028 vix
1209 973 1390 1027 animo
1412 981 1661 1043 torpente
1683 974 1931 1041 conjicio.
1961 974 2096 1028 Tres

500 1073 682 1120 tamen
713 1064 783 1118 ob
812 1079 1002 1118 causas
1036 1062 1272 1116 audendi
1303 1062 1434 1115 talia
1467 1062 1608 1115 viam
1652 1061 1891 1128 invenio,
1945 1061 2096 1116 scili—

505 1161 591 1210 cet
622 1153 766 1225 quod
797 1152 960 1207 credo
990 1167 1076 1206 me
1097 1167 1129 1205 a
1159 1151 1390 1206 Domino
1421 1150 1832 1218 sublevandum,
1857 1150 1928 1205 ob
1947 1150 2098 1218 cujus

499 1244 652 1313 jussa
678 1241 884 1312 pariter
912 1256 975 1296 ac
1006 1240 1298 1311 promissa,
1344 1241 1489 1310 quod
1539 1240 1735 1294 virium
1775 1239 2098 1294 considera-

506 1331 650 1386 tione
681 1329 951 1397 exhorrui,
987 1329 1277 1384 obediendi
1307 1329 1597 1399 cupiditate
1627 1328 1858 1398 suscepi.
1892 1328 2100 1382 Deinde

507 1421 650 1492 quod
680 1435 767 1473 me
798 1417 1014 1474 contido
1043 1418 1187 1472 beati
1217 1417 1356 1473 Galli
1385 1417 1778 1472 intercessione
1794 1417 2100 1488 vestrisque

506 1509 759 1581 precibus
789 1507 1052 1576 adjuvari,
1084 1523 1184 1578 pro
1207 1523 1439 1579 quorum
1461 1507 1813 1562 veneratione
1836 1523 1900 1560 ac
1918 1522 2102 1560 amore

511 1599 715 1672 grande
775 1613 912 1651 onus
954 1596 1197 1651 humeris
1244 1596 1423 1666 aptavi
1469 1595 1760 1650 debilibus.
1820 1596 2103 1649 Postremo

510 1687 655 1760 quod
683 1685 876 1740 alienis
925 1684 1118 1740 insisto
1165 1685 1408 1755 vestigiis
1454 1685 1799 1755 veritatisque
1856 1683 2104 1738 tenenda:

511 1775 712 1831 lineam
738 1775 894 1830 novis
928 1775 1302 1828 tantummodo
1333 1790 1505 1846 cogor
1547 1773 1799 1844 passibus
1845 1772 2099 1827 dimetiri.

512 1863 693 1920 Vitam
720 1863 883 1934 igitur
913 1863 1086 1918 sancti
1144 1861 1472 1918 confessoris
1528 1861 1728 1916 Christi
1787 1860 1948 1925 Galli,
2002 1877 2105 1931 pa-

512 1954 657 2008 troni
685 1953 874 2018 nostri,
910 1953 1062 2021 cujus
1094 1951 1342 2021 corporis
1372 1953 1687 2005 thesaurum
1718 1948 1972 2005 ﬁdelibus
2002 1965 2107 2004 ser-

513 2043 649 2098 vatis
679 2040 938 2108 excubiis,
966 2057 1128 2095 sensu
1188 2040 1446 2108 nobilem,
1507 2039 1708 2110 scripto
1773 2039 2107 2110 degenerem

517 2132 679 2188 vultis
707 2148 738 2185 a
767 2147 854 2185 me
876 2129 1076 2184 lumine
1109 2136 1272 2184 recta:
1299 2129 1587 2184 locutionis
1616 2127 1820 2194 ornari,
1842 2127 2108 2182 etscriem

517 2219 798 2277 confusam
828 2219 1185 2289 capitulorum
1205 2217 1467 2290 distingui
1508 2217 1786 2271 limitibus.

587 2310 654 2364 II.
687 2310 808 2381 Ego
835 2315 1010 2362 autem
1040 2321 1166 2362 cum
1189 2323 1276 2362 me
1305 2322 1414 2361 non
1443 2306 1653 2376 possim
1686 2305 1754 2360 ab
1801 2305 1905 2360 hoc
1951 2320 2110 2359 excu-

519 2415 641 2453 sare
671 2397 911 2468 negotio,
944 2395 1087 2466 eligo
1116 2395 1294 2466 potius
1323 2411 1421 2465 pro
1441 2393 1661 2466 ignavia
1680 2392 1922 2460 lacerari,
1949 2409 2110 2464 quam

519 2503 619 2560 pro
650 2484 1012 2541 inobedientia
1041 2483 1411 2539 condemnari.
1434 2485 1598 2538 Porro
1614 2483 1742 2536 dum
1757 2482 1971 2552 pridem
2020 2482 2108 2552 ip-

520 2593 641 2632 sum
671 2591 807 2646 opus
831 2573 1194 2645 perlegeram,
1225 2572 1421 2644 [inveni
1449 2572 1518 2626 ab
1573 2579 1792 2626 auctore
1868 2570 2110 2639 ejusdem

521 2663 935 2734 conscriptionis
965 2670 1165 2717 terram
1197 2676 1361 2733 quam
1387 2676 1488 2715 nos
1518 2659 1805 2715 Alamanni
1826 2660 1911 2714 vel
1949 2658 2111 2714 Suevi

517 2753 824 2817 incolimus,
855 2751 1244 2807 Altimanniam
1290 2750 1488 2820 saepius
1506 2749 1822 2814 nominari;
1879 2748 1975 2802 sed
2022 2747 2110 2818 ip-

522 2843 633 2897 sius
676 2841 910 2897 nominis
964 2841 1229 2912 originem
1286 2854 1535 2910 quaerens
1580 2847 1605 2873 ⁸
1639 2879 1652 2906 ,
1711 2837 1856 2908 apud
1904 2837 2112 2891 nullum

521 2932 848 3002 scriptorum
873 2944 1100 3000 quorum
1129 2929 1304 2984 adhuc
1329 2927 1518 2982 notitia
1558 2941 1658 2981 nos
1688 2925 1964 2996 respersit,
1997 2925 2111 2994 ejus

521 3020 702 3092 reperi
733 3018 1082 3074 mentionem.
1115 3017 1234 3072 Nisi
1264 3015 1421 3072 fallor
1449 3016 1611 3081 enim,
1643 3015 1710 3069 ab
1731 3015 1836 3070 alto
1855 3014 1958 3068 situ
1975 3029 2110 3084 pro-

523 3106 714 3162 vincia:
742 3104 884 3158 idem
916 3102 1240 3158 vocabulum
1283 3117 1312 3154 a
1352 3099 1629 3155 modernis
1679 3099 1974 3155 confictum
2014 3106 2118 3154 est.

519 3197 657 3250 Nam
681 3195 835 3264 juxta
881 3192 1174 3262 scriptores
1222 3190 1580 3255 authenticos,
1613 3205 1741 3260 pars
1788 3188 2120 3244 Alamanniae

522 3278 644 3339 velb
674 3282 885 3338 Sueviaa
915 3281 1054 3335 inter
1085 3280 1248 3351 Alpes
1278 3276 1638 3350 Penninas[et
1667 3277 2028 3332 meridianum
2049 3277 2119 3330 li-

525 3382 610 3429 tus
639 3371 871 3428 Danubii
901 3371 1022 3437 sita,
1057 3369 1226 3426 Rzetia
1269 3369 1485 3424 dicitur.
1533 3369 1697 3422 Porro
1749 3367 1894 3439 quod
1939 3374 2021 3420 est
2050 3365 2120 3420 ad

526 3461 1004 3534 septentrionalem
1026 3459 1264 3531 plagam,
1283 3457 1446 3513 Histri
1464 3456 1770 3512 Germaniae
1808 3457 2116 3526 deputatur.

523 3555 588 3608 Et
621 3560 677 3607 ut
704 3567 813 3606 non
842 3557 1030 3604 nostra
1059 3549 1242 3604 dicere
1261 3547 1649 3611 existimemur,
1674 3545 1884 3616 aliquos
1949 3544 2120 3614 ipsius

521 3642 602 3698 rei
631 3649 796 3697 testes
827 3638 1200 3694 adsciscimus.
1227 3637 1426 3692 Paulus
1456 3635 1704 3703 Orosius,
1738 3634 1891 3702 cujus
1961 3632 2121 3688 dictis

525 3729 765 3787 omnium
796 3727 932 3784 ﬁdes
962 3727 1278 3791 concordat,
1302 3726 1371 3781 de
1393 3725 1497 3779 situ
1519 3732 1674 3778 terras
1701 3722 1970 3788 scribens,
2004 3722 2120 3776 haec

524 3821 663 3876 inter
689 3827 887 3875 caetera
916 3817 1068 3888 ponit
1118 3834 1177 3870 τι
1234 3814 1528 3877 Pannonia,
1579 3813 1808 3868 Noricus
1857 3820 1910 3866 et
1957 3810 2121 3866 Raetia

525 3909 727 3965 habent
749 3908 821 3962 ob
851 3905 1054 3962 oriente
1084 3903 1350 3968 Mmsiam,
1383 3919 1412 3957 a
1436 3901 1665 3957 meridie
1724 3899 2003 3967 Histriam,
2051 3898 2120 3952 ab

525 3997 709 4054 Africo
739 3996 904 4066 Alpes
931 3994 1203 4049 Penninas
1232 4001 1272 4058 °,
1307 3993 1326 4065 ]
1356 3993 1423 4045 ab
1453 4007 1649 4048 occasu
1682 3989 1912 4045 Galliam
1944 3987 2123 4060 Belgi-

529 4103 666 4153 cam,
699 4102 729 4140 a
758 4085 952 4142 cercio
977 4082 1212 4137 Danubii
1238 4081 1460 4148 fontem,
1495 4095 1527 4135 a
1549 4079 1918 4152 septentrione
1935 4079 2121 4132 Danu-

530 4177 678 4231 bium
708 4182 760 4231 et
789 4172 1183 4230 Germaniam.»
1223 4171 1355 4226 Cum
1385 4169 1620 4225 Noricus
1650 4168 1802 4238 regio
1847 4167 1914 4222 sit
1943 4166 2125 4222 Baioa-

527 4266 750 4329 riorum,
786 4271 837 4319 et
865 4263 982 4331 ejus
1012 4255 1446 4332 septentrionalis
1477 4257 1734 4314 terminus
1764 4256 2042 4311 Danubius
2075 4255 2125 4310 ei

530 4353 827 4411 Germania
847 4371 860 4419 ;
875 4367 1102 4407 necesse
1115 4359 1196 4405 est
1210 4349 1452 4415 Raatiam,
1469 4365 1588 4419 qua:
1601 4347 1758 4401 simul
1769 4346 2008 4417 ponitur.
2026 4345 2127 4398 eis-

2190 440 2509 510 ubertoque,
2549 441 2724 494 Dravo
2757 441 3004 511 Savoque
3036 439 3250 510 inclytis
3283 440 3532 494 amnibus
3561 441 3792 496 circum-

2192 529 2330 584 ﬂuzn.
2372 550 2392 578 ι
2428 529 2484 583 Si
2515 529 2684 584 Rmtia
2714 528 3056 582 solummodo
3085 527 3409 598 infraﬂAlpes
3431 538 3532 594 est,
3558 538 3614 583 ut
3635 531 3790 585 multi

2192 618 2396 686 volunt,
2431 635 2552 690 qua:
2581 618 2969 690 consequentia
3001 627 3082 672 est
3123 627 3182 671 ut
3227 618 3490 673 Noricum
3532 633 3564 671 a
3613 618 3792 674 Gallia

2193 689 2504 779 pergentes,
2557 689 2926 778 asperitatem.
2954 706 3171 776 Alpium
3218 689 3690 774 transcendamus,
3741 715 3795 762 et

2194 812 2302 850 non
2333 797 2512 867 potius
2542 813 2640 867 per
2670 797 2916 864 majoren
2955 796 3183 852 Raetiam
3218 805 3370 850 recto
3418 796 3610 850 itinere
3629 796 3797 851 Nori-

2194 900 2319 940 cum
2349 901 2521 955 usque
2553 886 2837 939 tendamus
2868 885 2894 939 ‘2
2925 883 2987 938 In
3017 900 3124 955 qua
3154 885 3318 940 etiam
3349 884 3536 953 Raetia,
3591 899 3792 940 secun-

2195 974 2324 1028 dum
2355 974 2716 1044 supradictam
2749 973 3092 1027 sententiam.
3146 973 3482 1045 Brigantium
3531 973 3793 1043 oppidum

2190 1063 2304 1131 jam
2334 1071 2599 1118 vetustate
2620 1063 2942 1133 collapsum,
2968 1062 3110 1118 lacui
3131 1062 3221 1133 qui
3245 1063 3433 1117 Rheno
3455 1061 3793 1117 interﬂuente

2197 1151 2444 1218 efficitur,
2479 1168 2678 1206 nomen
2707 1152 2874 1216 dedit,
2909 1152 3000 1222 qui
3029 1151 3135 1206 alio
3167 1151 3404 1216 nomine,
3433 1153 3590 1220 juxta
3631 1152 3792 1208 Gre-

2199 1256 2318 1296 cam
2347 1241 2755 1312 etymologiam,
2790 1240 3096 1295 Potamicus
3117 1240 3442 1310 appellatur.
3470 1240 3641 1313 Igitur
3661 1241 3790 1312 quia

2199 1331 2351 1385 mixti
2379 1330 2692 1384 Alamannis
2725 1329 2908 1394 Suevi,
2935 1338 3142 1399 partem
3175 1329 3482 1384 Germania:
3525 1330 3662 1383 ultra
3693 1330 3808 1385 Da-

2201 1419 2445 1484 nubium,
2474 1427 2684 1489 partem
2717 1419 2899 1472 Rtetiae
2929 1417 3068 1472 inter
3099 1418 3264 1488 Alpes
3295 1426 3347 1472 et
3378 1418 3634 1484 Histrum,
3670 1434 3800 1489 par-

2202 1518 2420 1580 temque
2452 1507 2641 1562 Galliae
2671 1507 2820 1562 circa
2852 1507 3068 1561 Ararim
3100 1505 3125 1540 ά
3155 1507 3523 1574 obsederunt;
3549 1507 3799 1578 antiquo-

2206 1613 2326 1652 rum
2357 1596 2745 1651 vocabulorum
2774 1595 3000 1650 veritate
3030 1604 3266 1665 servata,
3296 1596 3363 1649 ab
3384 1595 3576 1651 incolis
3599 1612 3799 1652 nomen

2133 1719 2186 1780 B
2207 1685 2396 1757 patria:
2426 1685 2753 1750 derivemus,
2788 1693 2840 1738 et
2869 1684 3244 1738 Alamanniam
3275 1685 3360 1739 vel
3394 1685 3646 1740 Sueviam
3695 1702 3798 1740 no-

2207 1775 2494 1829 minemus.
2529 1775 2667 1828 Nam
2698 1790 2822 1828 cum
2851 1774 2958 1828 duo
2991 1773 3094 1827 sint
3116 1773 3381 1830 vocabula
3398 1789 3562 1828 unam
3581 1783 3804 1848 gentem

2206 1863 2588 1937 significantia,
2621 1863 2790 1934 priori
2840 1863 3057 1917 nomine
3103 1879 3202 1917 nos
3251 1864 3527 1934 appellant
3566 1865 3802 1920 circum-

2209 1953 2399 2024 posita:
2427 1961 2642 2024 gentes,
2677 1969 2797 2023 quas
2827 1952 3075 2006 Latinum
3106 1953 3305 2006 habent
3335 1969 3639 2008 sermonem
3665 1971 3679 2019 ;
3713 1970 3804 2010 se-

2211 2041 2415 2112 quenti,
2449 2057 2582 2094 usus
2625 2056 2725 2095 nos
2783 2048 3057 2110 nuncupat
3113 2040 3486 2096 barbarorum.
3549 2041 3807 2099 Similiter

2211 2130 2412 2186 scimus
2442 2130 2679 2185 Francos
2711 2137 2893 2200 partes
2931 2129 3260 2195 Germaniae,
3310 2129 3398 2185 vel
3441 2129 3652 2193 Gallize,
3696 2146 3805 2186 non

2210 2219 2385 2273 solum
2413 2218 2684 2290 potestati,
2719 2219 2816 2273 sed
2859 2218 3022 2272 etiam
3066 2234 3163 2273 suo
3210 2218 3414 2272 nomini
3460 2219 3802 2290 subjugasse.

2282 2354 2375 2408 Ill.
2408 2354 2475 2407 Et
2505 2352 2626 2424 quia
2656 2351 3470 2422 provinciarumdescriptiones
3506 2353 3802 2423 attigimus,

2209 2443 2371 2496 liceat
2398 2441 2590 2512 paucis
2622 2441 2895 2495 Hiberniae
2923 2440 3134 2505 insulae,
3171 2441 3238 2495 de
3271 2456 3378 2511 qua
3409 2441 3564 2496 nobis
3599 2449 3808 2496 tantum

2209 2531 2378 2586 decus
2410 2529 2646 2595 emicuit,
2674 2530 2828 2598 juxta
2856 2529 3079 2584 eosdem
3110 2537 3361 2584 auctores
3391 2529 3552 2583 situm
3565 2545 3811 2585 comme-

2207 2635 2436 2674 morare.
2489 2618 2746 2673 Hibernia
2792 2617 2987 2686 insula,
3040 2626 3095 2672 ut
3143 2617 3328 2673 scribit
3371 2617 3619 2687 Orosius,
3671 2619 3811 2673 inter

2211 2708 2538 2763 Britanniam
2565 2715 2618 2762 et
2648 2707 2966 2778 Hispaniam
3014 2707 3136 2775 sita,
3169 2707 3405 2780 longiori
3449 2707 3518 2761 ab
3549 2706 3735 2763 Africo
3755 2709 3812 2763 in

2212 2797 2437 2852 boream
2468 2797 2640 2867 spatio
2671 2796 2985 2867 porrigitur.
3029 2796 3158 2851 Haec
3196 2795 3452 2866 proprior
3498 2795 3807 2865 Britanniae,

2209 2886 2382 2956 spatio
2411 2894 2675 2940 terrarum
2706 2884 3003 2957 angustior,
3029 2884 3126 2938 sed
3155 2885 3278 2939 coeli
3299 2884 3538 2955 solisque
3554 2886 3818 2956 temperie

2216 2975 2393 3046 magis
2424 2974 2568 3028 utilis
2602 2992 2614 3027 :
2649 2981 2720 3042 et,
2756 2981 2813 3028 ut
2845 2973 3187 3044 supradictus
3219 2973 3436 3028 Solinus
3467 2981 3714 3041 testatur,
3740 2975 3815 3031 ita

2152 3078 2200 3140 ο
2222 3064 2505 3134 pabulosa,
2539 3071 2595 3117 ut
2626 3079 2802 3133 pecua
2831 3063 2926 3128 ibi,
2962 3062 3066 3116 nisi
3094 3062 3365 3117 interdum
3393 3070 3628 3117 aestatea
3649 3062 3816 3132 pasti-

2223 3153 2324 3208 bus
2355 3161 2665 3219 arceantur,
2699 3151 2754 3205 in
2783 3151 3088 3222 periculum
3117 3158 3244 3224 agat
3273 3151 3455 3206 satias.
3491 3150 3606 3206 Illic
3635 3150 3816 3205 nullus

2218 3243 2432 3315 anguis,
2467 3242 2584 3298 avis
2614 3256 2755 3295 rara.
2789 3239 2962 3309 Quam
2991 3241 3270 3295 horrenda
3296 3256 3428 3295 vero
3457 3240 3576 3310 ipse
3604 3239 3692 3295 vel
3729 3239 3823 3294 alii

2220 3332 2288 3386 de
2319 3331 2562 3386 moribus
2607 3329 2910 3386 incolarum
2957 3329 3075 3398 ejus
3119 3336 3398 3394 testentur,
3447 3327 3554 3383 ﬁde
3618 3328 3820 3383 Christi

2212 3421 2329 3490 jam
2359 3419 2574 3474 lucente
2607 3418 3075 3489 supersedendum
3104 3425 3188 3472 est
3214 3417 3478 3488 ;quiaubi
3526 3417 3824 3472 abundavit

2217 3516 2521 3580 peccatum,
2559 3507 3020 3576 superabundavit
3051 3507 3231 3578 gratia
3281 3524 3296 3571 ;
3347 3515 3401 3561 et
3445 3521 3479 3561 a
3519 3505 3653 3560 solis
3700 3514 3821 3560 ortu

2219 3597 2369 3652 Indis
2401 3597 2487 3650 vel
2517 3595 2856 3664 xEthiopibus
2899 3611 3075 3664 usque
3123 3595 3194 3648 ad
3241 3609 3500 3650 occasum
3547 3594 3818 3648 Britannis

2221 3686 2307 3741 vel
2337 3684 2512 3740 Scotis
2534 3683 2646 3752 jam
2667 3683 2936 3738 laudabile
2965 3690 3265 3737 estnomen
3287 3683 3524 3736 Domini.
3555 3683 3820 3738 Excelsus

2222 3774 2364 3830 enim
2396 3781 2478 3828 est
2507 3789 2672 3843 super
2700 3787 2890 3827 omnes
2921 3779 3113 3842 gentes
3146 3770 3429 3836 Dominus,
3454 3778 3506 3826 et
3523 3787 3689 3841 super
3705 3786 3823 3828 ca:-

2221 3863 2304 3918 los
2333 3861 2511 3935 gloria
2541 3862 2679 3928 ejus.

2295 4006 2382 4060 IV.
2415 4003 2659 4060 Obsecro
2685 4003 2862 4076 itaque
2893 4011 2961 4072 te,
3000 4002 3290 4073 Gotzperte
3311 4001 3650 4070 charissime,
3677 4004 3821 4059 abba

2225 4093 2536 4149 monasterii
2569 4093 2624 4147 S.
2685 4093 2847 4162 Galli,
2906 4100 3238 4163 cunctosque
3267 4091 3458 4148 fratres
3489 4093 3581 4164 qui
3613 4093 3714 4146 sub
3770 4101 3824 4148 te

2224 4183 2429 4238 militiae
2460 4183 2773 4237 deserviunt
2793 4181 3039 4252 spiritali,
3065 4189 3121 4236 ut
3141 4198 3227 4236 me
3249 4181 3586 4236 orationibus
3617 4181 3814 4237 vestris

2225 4273 2510 4342 adjuvetis,
2546 4281 2813 4343 quatenus
2844 4281 2896 4326 et
2926 4272 3028 4327 hoc
3059 4288 3216 4342 opus,
3251 4279 3303 4326 et
3333 4271 3437 4325 alia
3459 4270 3717 4341 deinceps
3739 4271 3822 4326 di-

2225 4379 2331 4435 gne
2361 4363 2477 4417 Deo
2509 4376 2725 4416 merear
2755 4361 3049 4432 explicare.
3083 4361 3223 4414 Nam
3253 4361 3296 4413 si
3319 4369 3602 4432 gratanter
3623 4370 3768 4415 recte
3791 4377 3824 4414 a

525 4444 651 4500 dem
674 4442 870 4497 finibus
893 4440 1199 4512 aquilonem
1224 4455 1415 4494 versus
1433 4436 1736 4492 terminari.
1763 4435 1978 4490 Solinus
1993 4449 2113 4505 quo-

2229 4451 2387 4506 nobis
2416 4451 2589 4522 posita
2618 4450 2989 4521 susceperitis,
3023 4449 3322 4505 clementer
3358 4465 3490 4503 vero
3539 4449 3823 4503 titubantia

530 4549 636 4605 que
666 4533 720 4586 in
751 4529 1088 4602 Polyhistore
1119 4529 1326 4600 {Solini
1347 4545 1470 4599 cap.
1495 4526 1606 4597 24),
1635 4525 1725 4580 ubi
1766 4524 1957 4580 Galliae
2008 4523 2131 4580 facit

531 4621 880 4688 mentionem,
901 4621 1002 4673 has
1016 4617 1322 4688 provincias
1341 4631 1449 4670 uno
1469 4622 1740 4669 terrarum
1775 4621 1946 4669 tractu
1984 4612 2131 4683 posi-

531 4720 616 4768 tas
632 4710 718 4765 his
729 4709 908 4766 verbis
927 4708 1177 4779 designat
1195 4725 1207 4760 :
1234 4727 1255 4755 «
1276 4707 1357 4760 Ex
1379 4706 1483 4759 isto
1497 4704 1638 4769 sinu,
1655 4702 1903 4758 videlicet
1922 4702 2128 4766 Gallize,

530 4815 740 4873 quaqua
770 4807 919 4870 parte
946 4797 1096 4852 orbis
1129 4795 1264 4852 velis
1295 4809 1475 4862 exeas,
1522 4793 1568 4846 si
1617 4791 1869 4847 Thiracia
1907 4791 1974 4846 sit
2031 4806 2131 4860 pe-

529 4890 709 4956 tenda,
743 4887 940 4957 excipit
969 4901 1100 4956 ager
1132 4885 1384 4949 Baeticus,
1413 4883 1588 4937 bonus
1611 4881 1877 4952 frugibus,
1912 4879 2135 4950 Brigan-

531 4978 643 5034 tino
670 4978 791 5032 lacu
821 4975 1066 5039 nobilis;
1124 4973 1250 5028 inde
1303 4971 1536 5028 Noricus
1616 4969 1864 5040 frigidus,
1920 4968 2133 5039 parcius

529 5066 874 5131 fructuosus;
918 5079 1023 5136 qua
1052 5062 1372 5119 subducitur
1407 5077 1439 5116 θ,
1463 5059 1614 5133 jugis
1665 5059 1904 5130 Alpium,
1938 5058 2132 5114 admo-

588 5217 604 5240 ι
636 5211 748 5256 Non
771 5206 953 5262 probat
989 5204 1295 5251 Walat‘rtdus
1385 5204 1512 5249 liauc
1578 5200 1890 5248 Alamannim
1971 5199 2137 5244 notio-

533 5290 673 5335 nem,
706 5280 770 5325 de
789 5289 889 5335 qua
929 5277 1135 5334 litigant
1172 5277 1421 5322 auctores.

584 5369 610 5405 δ
641 5372 742 5415 Hoc
785 5367 837 5412 in
882 5368 992 5412 loco
1039 5365 1329 5422 praepositio
1349 5364 1424 5411 vel
1491 5324 1794 5418 disiunctiva
1874 5369 1976 5406 non
2045 5362 2136 5406 est.

528 5443 654 5488 lam
694 5439 828 5495 apud
873 5439 1066 5494 priscos
1105 5439 1336 5483 auctores
1384 5433 1646 5482 Alamanni
1688 5443 1744 5478 ac
1813 5431 1978 5484 Suevi,
2001 5430 2137 5488 quod

534 5511 944 5563 tlnitimiessent,
987 5508 1134 5554 simul
1175 5508 1369 5554 contusl
1413 5506 1747 5562 reperiuntur.

583 5591 600 5614 ε
633 5587 752 5640 οιιω
795 5582 888 5628 hac
925 5579 1151 5628 clausula
1231 5579 1572 5633 continentur,
1611 5574 1968 5622 desiderantur
2004 5573 2137 5630 apud

544 5655 761 5704 Surium.

2229 4539 2594 4606 correxeritis,
2629 4547 2681 4594 et
2711 4540 2756 4593 si
2788 4539 3050 4594 Dominus
3079 4537 3426 4608 permiserit;
3459 4537 3616 4606 hujus
3633 4538 3816 4607 Operis

2230 4637 2448 4702 agreste
2477 4629 2814 4699 pulmentum
2843 4627 3187 4698 postmodum
3219 4626 3490 4699 aliquibns
3532 4635 3827 4682 metrorum

2231 4718 2592 4774 condimentis
2621 4717 2919 4771 infundam.
2955 4717 3193 4789 Dignum
3224 4716 3423 4788 quippe
3442 4725 3524 4771 est
3546 4728 3601 4770 ut
3626 4716 3826 4770 nostris

2231 4808 2481 4862 laudibus
2512 4823 2610 4877 per
2640 4807 2832 4861 orbem
2861 4806 3187 4871 celebretur,
3245 4821 3405 4878 quem
3453 4806 3522 4859 de
3568 4805 3825 4860 extremis

2232 4897 2372 4962 orbi,
2406 4896 2601 4949 finibus
2632 4896 2698 4950 ad
2730 4904 2973 4950 nostram
3005 4895 3238 4950 salutem
3283 4895 3545 4950 Dominus
3595 4894 3830 4950 destina-

2231 4987 2322 5041 vit.
2355 4987 2498 5041 Bene
2523 4985 2787 5041 valentem
2818 4993 2868 5040 et
2899 4985 3067 5040 nostri
3112 5001 3408 5040 memorem
3449 4985 3830 5040 Paternitatem

2232 5083 2468 5130 vestram
2525 5075 2579 5128 in
2632 5083 2893 5131 mternum
2941 5083 3126 5130 sancta
3204 5073 3434 5129 Trinitas
3505 5091 3830 5132 conservare

2234 5165 2508 5238 dignetur.
2562 5167 2758 5219 Amen.

2316 5340 2418 5386 dld
2469 5342 2545 5386 est
2610 5341 2826 5395 Arolam,
2876 5339 3028 5395 vulgo
3077 5346 3185 5396 Arr,
3234 5342 3440 5387 ﬂuvium
3488 5339 3830 5386 Helvetiorum

2237 5411 2289 5456 in
2322 5413 2544 5457 Rhenum
2567 5411 2876 5457 innuentem.
2927 5412 3006 5459 Sic
3049 5413 3186 5459 enim
3231 5413 3365 5468 apud
3395 5413 3624 5467 antiquos
3693 5419 3821 5454 non-

2235 5493 2490 5539 nunquam
2573 5483 2764 5529 Ararim
2839 5493 2927 5539 pro
2992 5485 3139 5530 Arola
3216 5486 3469 5538 sumptum
3554 5479 3836 5525 Hadrianus

2235 5554 2536 5600 Valesiusin
2561 5554 2744 5600 Histor.
2847 5559 3076 5602 Francor.
3138 5555 3269 5601 libro
3341 5555 3495 5607 XXIV,
3554 5559 3669 5606 pag.
3731 5555 3838 5607 478,

2236 5628 2358 5673 tom.
2389 5628 2470 5681 Ill.
2512 5625 2819 5674 observavit.
3293 5662 3297 5666 .
