  <div class='ocr_page' id='page_1' title='image "/cluster/home/n/w/nwhite01/storage/ocr_20150623/114/hvd.32044052819893/495.png"; bbox 0 0 3996 6184; ppageno 0'>
   <div class='ocr_carea' id='block_1_1' title="bbox 184 277 287 333">
    <p class='ocr_par' dir='ltr' id='par_1_1' title="bbox 184 277 287 333">
     <span class='ocr_line' id='line_1_1' title="bbox 184 277 287 333; baseline 0 -1"><span class='ocrx_word' id='word_1_1' title='bbox 184 277 287 333; x_wconf 79' lang='grc'>979</span> 
     </span>
    </p>
   </div>
   <div class='ocr_carea' id='block_1_2' title="bbox 189 391 1493 466">
    <p class='ocr_par' dir='ltr' id='par_1_2' title="bbox 189 391 1493 466">
     <span class='ocr_line' id='line_1_2' title="bbox 189 391 1493 466; baseline -0.01 -8"><span class='ocrx_word' id='word_1_2' title='bbox 189 401 235 458; x_wconf 92' lang='grc' dir='ltr'>Ο</span> <span class='ocrx_word' id='word_1_3' title='bbox 264 403 443 466; x_wconf 88' lang='lat' dir='ltr'>Pater,</span> <span class='ocrx_word' id='word_1_4' title='bbox 477 413 510 454; x_wconf 95' lang='lat' dir='ltr'>o</span> <span class='ocrx_word' id='word_1_5' title='bbox 539 396 712 453; x_wconf 80' lang='lat' dir='ltr'>Patris</span> <span class='ocrx_word' id='word_1_6' title='bbox 740 394 949 464; x_wconf 87' lang='lat' dir='ltr'>Proles,</span> <span class='ocrx_word' id='word_1_7' title='bbox 983 410 1016 450; x_wconf 94' lang='grc' dir='ltr'>ο</span> <span class='ocrx_word' id='word_1_8' title='bbox 1047 392 1276 466; x_wconf 80' lang='lat' dir='ltr'>Spiritus</span> <span class='ocrx_word' id='word_1_9' title='bbox 1331 391 1493 458; x_wconf 85' lang='lat' dir='ltr'>alme,</span> 
     </span>
    </p>
   </div>
   <div class='ocr_carea' id='block_1_3' title="bbox 259 483 1490 554">
    <p class='ocr_par' dir='ltr' id='par_1_3' title="bbox 259 483 1490 554">
     <span class='ocr_line' id='line_1_3' title="bbox 259 483 1490 554; baseline -0.01 -8"><span class='ocrx_word' id='word_1_10' title='bbox 259 490 415 547; x_wconf 87' lang='lat' dir='ltr'>Unde</span> <span class='ocrx_word' id='word_1_11' title='bbox 446 495 499 544; x_wconf 91' lang='lat' dir='ltr'>et</span> <span class='ocrx_word' id='word_1_12' title='bbox 528 487 667 543; x_wconf 90' lang='lat' dir='ltr'>trine</span> <span class='ocrx_word' id='word_1_13' title='bbox 695 486 861 554; x_wconf 86' lang='lat' dir='ltr'>Deus,</span> <span class='ocrx_word' id='word_1_14' title='bbox 895 500 995 539; x_wconf 91' lang='lat' dir='ltr'>nos</span> <span class='ocrx_word' id='word_1_15' title='bbox 1043 483 1300 538; x_wconf 79' lang='lat' dir='ltr'>miserate</span> <span class='ocrx_word' id='word_1_16' title='bbox 1342 497 1490 552; x_wconf 85' lang='lat' dir='ltr'>rege.</span> 
     </span>
    </p>
   </div>
   <div class='ocr_carea' id='block_1_4' title="bbox 190 566 1778 648">
    <p class='ocr_par' dir='ltr' id='par_1_4' title="bbox 190 566 1778 648">
     <span class='ocr_line' id='line_1_4' title="bbox 190 566 1778 648; baseline -0.009 -13"><span class='ocrx_word' id='word_1_17' title='bbox 190 580 278 635; x_wconf 86' lang='lat' dir='ltr'>Me</span> <span class='ocrx_word' id='word_1_18' title='bbox 307 587 397 634; x_wconf 91' lang='lat' dir='ltr'>tua</span> <span class='ocrx_word' id='word_1_19' title='bbox 422 577 577 648; x_wconf 91' lang='lat' dir='ltr'>jussa</span> <span class='ocrx_word' id='word_1_20' title='bbox 623 575 815 648; x_wconf 79' lang='lat' dir='ltr'>ligant,</span> <span class='ocrx_word' id='word_1_21' title='bbox 862 581 949 629; x_wconf 90' lang='lat' dir='ltr'>tua</span> <span class='ocrx_word' id='word_1_22' title='bbox 1004 588 1090 628; x_wconf 92' lang='lat' dir='ltr'>me</span> <span class='ocrx_word' id='word_1_23' title='bbox 1134 570 1405 643; x_wconf 90' lang='lat' dir='ltr'>promissa</span> <span class='ocrx_word' id='word_1_24' title='bbox 1449 566 1778 644; x_wconf 89' lang='lat' dir='ltr'>gubernent,</span> 
     </span>
    </p>
   </div>
   <div class='ocr_carea' id='block_1_5' title="bbox 263 659 1457 736">
    <p class='ocr_par' dir='ltr' id='par_1_5' title="bbox 263 659 1457 736">
     <span class='ocr_line' id='line_1_5' title="bbox 263 659 1457 736; baseline -0.007 -12"><span class='ocrx_word' id='word_1_25' title='bbox 263 667 466 724; x_wconf 89' lang='lat' dir='ltr'>Luceat</span> <span class='ocrx_word' id='word_1_26' title='bbox 518 665 575 721; x_wconf 92' lang='lat' dir='ltr'>in</span> <span class='ocrx_word' id='word_1_27' title='bbox 604 664 762 722; x_wconf 88' lang='lat' dir='ltr'>dictis</span> <span class='ocrx_word' id='word_1_28' title='bbox 789 663 879 720; x_wconf 89' lang='lat' dir='ltr'>lux</span> <span class='ocrx_word' id='word_1_29' title='bbox 909 671 1023 734; x_wconf 86' lang='lat' dir='ltr'>tua,</span> <span class='ocrx_word' id='word_1_30' title='bbox 1055 676 1260 736; x_wconf 72' lang='lat' dir='ltr'>quaeso,</span> <span class='ocrx_word' id='word_1_31' title='bbox 1301 659 1457 716; x_wconf 87' lang='lat' dir='ltr'>meis.</span> 
     </span>
    </p>
   </div>
   <div class='ocr_carea' id='block_1_6' title="bbox 808 256 2912 326">
    <p class='ocr_par' dir='ltr' id='par_1_6' title="bbox 808 256 2912 326">
     <span class='ocr_line' id='line_1_6' title="bbox 808 256 2912 326; baseline -0.005 -1"><span class='ocrx_word' id='word_1_32' title='bbox 808 266 1213 326; x_wconf 80' lang='lat' dir='ltr'>WALAFRIDI</span> <span class='ocrx_word' id='word_1_33' title='bbox 1240 264 1484 323; x_wconf 82' lang='lat' dir='ltr'>STRABI</span> <span class='ocrx_word' id='word_1_34' title='bbox 1513 263 1714 322; x_wconf 89' lang='lat' dir='ltr'>FULD.</span> <span class='ocrx_word' id='word_1_35' title='bbox 1746 261 1920 320; x_wconf 85' lang='lat' dir='ltr'>MON.</span> <span class='ocrx_word' id='word_1_36' title='bbox 1954 259 2104 318; x_wconf 86' lang='lat' dir='ltr'>OPP.</span> <span class='ocrx_word' id='word_1_37' title='bbox 2127 258 2304 316; x_wconf 85' lang='lat' dir='ltr'>PARS</span> <span class='ocrx_word' id='word_1_38' title='bbox 2335 258 2402 315; x_wconf 86' lang='lat' dir='ltr'>II.</span> <span class='ocrx_word' id='word_1_39' title='bbox 2427 287 2496 301; x_wconf 92' lang='grc'><strong>-</strong></span> <span class='ocrx_word' id='word_1_40' title='bbox 2517 256 2912 315; x_wconf 80' lang='lat' dir='ltr'>HISTORICA.</span> 
     </span>
    </p>
   </div>
   <div class='ocr_carea' id='block_1_7' title="bbox 1801 355 3486 454">
    <p class='ocr_par' dir='ltr' id='par_1_7' title="bbox 1801 355 3486 454">
     <span class='ocr_line' id='line_1_7' title="bbox 1801 355 3486 454; baseline -0.003 -11"><span class='ocrx_word' id='word_1_41' title='bbox 1801 388 1936 452; x_wconf 77' lang='lat' dir='ltr'>Aln</span> <span class='ocrx_word' id='word_1_42' title='bbox 1965 394 2038 453; x_wconf 91' lang='lat' dir='ltr'>te,</span> <span class='ocrx_word' id='word_1_43' title='bbox 2073 385 2246 452; x_wconf 88' lang='lat' dir='ltr'>Galle,</span> <span class='ocrx_word' id='word_1_44' title='bbox 2299 386 2475 440; x_wconf 88' lang='lat' dir='ltr'>Deum</span> <span class='ocrx_word' id='word_1_45' title='bbox 2503 384 2557 438; x_wconf 90' lang='lat' dir='ltr'>in</span> <span class='ocrx_word' id='word_1_46' title='bbox 2610 383 2838 438; x_wconf 91' lang='lat' dir='ltr'>Domino</span> <span class='ocrx_word' id='word_1_47' title='bbox 2885 355 2958 453; x_wconf 82' lang='lat' dir='ltr'>te,</span> <span class='ocrx_word' id='word_1_48' title='bbox 3007 381 3183 454; x_wconf 86' lang='lat' dir='ltr'>Galle,</span> <span class='ocrx_word' id='word_1_49' title='bbox 3226 382 3486 451; x_wconf 86' lang='lat' dir='ltr'>fatebor;</span> 
     </span>
    </p>
   </div>
   <div class='ocr_carea' id='block_1_8' title="bbox 3381 261 3486 315">
    <p class='ocr_par' dir='ltr' id='par_1_8' title="bbox 3381 261 3486 315">
     <span class='ocr_line' id='line_1_8' title="bbox 3381 261 3486 315; baseline 0.01 -1"><span class='ocrx_word' id='word_1_50' title='bbox 3381 261 3486 315; x_wconf 87' lang='lat'>980</span> 
     </span>
    </p>
   </div>
   <div class='ocr_carea' id='block_1_9' title="bbox 1951 472 3198 547">
    <p class='ocr_par' dir='ltr' id='par_1_9' title="bbox 1951 472 3198 547">
     <span class='ocr_line' id='line_1_9' title="bbox 1951 472 3198 547; baseline -0.002 -17"><span class='ocrx_word' id='word_1_51' title='bbox 1951 477 2028 530; x_wconf 94' lang='lat' dir='ltr'>Tu</span> <span class='ocrx_word' id='word_1_52' title='bbox 2057 491 2158 547; x_wconf 91' lang='lat' dir='ltr'>pro</span> <span class='ocrx_word' id='word_1_53' title='bbox 2187 489 2490 530; x_wconf 76' lang='lat' dir='ltr'>me&#39;sacras</span> <span class='ocrx_word' id='word_1_54' title='bbox 2517 472 2683 528; x_wconf 84' lang='lat' dir='ltr'>funde</span> <span class='ocrx_word' id='word_1_55' title='bbox 2715 488 2906 544; x_wconf 86' lang='lat' dir='ltr'>preces</span> <span class='ocrx_word' id='word_1_56' title='bbox 2930 472 3198 528; x_wconf 89' lang='lat' dir='ltr'>Domino:</span> 
     </span>
    </p>
   </div>
   <div class='ocr_carea' id='block_1_10' title="bbox 1882 561 3269 634">
    <p class='ocr_par' dir='ltr' id='par_1_10' title="bbox 1882 561 3269 634">
     <span class='ocr_line' id='line_1_10' title="bbox 1882 561 3269 634; baseline -0.005 -11"><span class='ocrx_word' id='word_1_57' title='bbox 1882 565 1952 623; x_wconf 88' lang='lat' dir='ltr'>Ut</span> <span class='ocrx_word' id='word_1_58' title='bbox 1980 564 2196 621; x_wconf 84' lang='lat' dir='ltr'>veniam</span> <span class='ocrx_word' id='word_1_59' title='bbox 2224 563 2400 633; x_wconf 87' lang='lat' dir='ltr'>noxis,</span> <span class='ocrx_word' id='word_1_60' title='bbox 2434 563 2592 618; x_wconf 90' lang='lat' dir='ltr'>dictis</span> <span class='ocrx_word' id='word_1_61' title='bbox 2624 561 2992 617; x_wconf 85' lang='lat' dir='ltr'>moderamina</span> <span class='ocrx_word' id='word_1_62' title='bbox 3021 569 3269 634; x_wconf 68' lang='lat' dir='ltr'>praestet,</span> 
     </span>
    </p>
   </div>
   <div class='ocr_carea' id='block_1_11' title="bbox 1956 650 3317 725">
    <p class='ocr_par' dir='ltr' id='par_1_11' title="bbox 1956 650 3317 725">
     <span class='ocr_line' id='line_1_11' title="bbox 1956 650 3317 725; baseline -0.001 -17"><span class='ocrx_word' id='word_1_63' title='bbox 1956 652 2116 724; x_wconf 88' lang='lat' dir='ltr'>Quod</span> <span class='ocrx_word' id='word_1_64' title='bbox 2144 662 2322 720; x_wconf 81' lang='lat' dir='ltr'>nocet,</span> <span class='ocrx_word' id='word_1_65' title='bbox 2358 651 2552 709; x_wconf 88' lang='lat' dir='ltr'>evellat</span> <span class='ocrx_word' id='word_1_66' title='bbox 2582 669 2596 719; x_wconf 91' lang='lat'><strong>;</strong></span> <span class='ocrx_word' id='word_1_67' title='bbox 2629 651 2772 725; x_wconf 89' lang='lat' dir='ltr'>quod</span> <span class='ocrx_word' id='word_1_68' title='bbox 2799 651 2972 721; x_wconf 84' lang='lat' dir='ltr'>juvat,</span> <span class='ocrx_word' id='word_1_69' title='bbox 3006 650 3317 723; x_wconf 82' lang='lat' dir='ltr'>ampliﬁcet.</span> 
     </span>
    </p>
   </div>
   <div class='ocr_carea' id='block_1_12' title="bbox 197 838 3485 870">
    <p class='ocr_par' dir='ltr' id='par_1_12' title="bbox 197 838 3485 870">
     <span class='ocr_line' id='line_1_12' title="bbox 197 838 3485 870; baseline -0.004 0"><span class='ocrx_word' id='word_1_70' title='bbox 197 838 3485 870; x_wconf 46' lang='grc' dir='ltr'><em>Μ</em></span> 
     </span>
    </p>
   </div>
   <div class='ocr_carea' id='block_1_13' title="bbox 1412 959 2233 1052">
    <p class='ocr_par' dir='ltr' id='par_1_13' title="bbox 1412 959 2233 1052">
     <span class='ocr_line' id='line_1_13' title="bbox 1412 959 2233 1052; baseline -0.009 0"><span class='ocrx_word' id='word_1_71' title='bbox 1412 959 1748 1052; x_wconf 78' lang='lat' dir='ltr'>LIBER</span> <span class='ocrx_word' id='word_1_72' title='bbox 1811 960 2233 1047; x_wconf 85' lang='lat' dir='ltr'>PRIMUS</span> 
     </span>
    </p>
   </div>
   <div class='ocr_carea' id='block_1_14' title="bbox 713 1261 1280 1320">
    <p class='ocr_par' dir='ltr' id='par_1_14' title="bbox 713 1261 1280 1320">
     <span class='ocr_line' id='line_1_14' title="bbox 713 1261 1280 1320; baseline -0.005 -2"><span class='ocrx_word' id='word_1_73' title='bbox 713 1261 937 1320; x_wconf 83' lang='lat' dir='ltr'>CAPUT</span> <span class='ocrx_word' id='word_1_74' title='bbox 993 1261 1280 1318; x_wconf 79' lang='lat' dir='ltr'>PRIMUM.</span> 
     </span>
    </p>
   </div>
   <div class='ocr_carea' id='block_1_15' title="bbox 199 1366 1788 1443">
    <p class='ocr_par' dir='ltr' id='par_1_15' title="bbox 199 1366 1788 1443">
     <span class='ocr_line' id='line_1_15' title="bbox 199 1366 1788 1443; baseline -0.004 -16"><span class='ocrx_word' id='word_1_75' title='bbox 199 1371 403 1440; x_wconf 79' lang='lat' dir='ltr'>Quibus</span> <span class='ocrx_word' id='word_1_76' title='bbox 427 1370 769 1443; x_wconf 83' lang='lat' dir='ltr'>profectibus</span> <span class='ocrx_word' id='word_1_77' title='bbox 802 1370 1008 1443; x_wconf 9' lang='lat' dir='ltr'>beatus;</span> <span class='ocrx_word' id='word_1_78' title='bbox 1023 1369 1216 1443; x_wconf 85' lang='lat' dir='ltr'>Gallus</span> <span class='ocrx_word' id='word_1_79' title='bbox 1231 1385 1264 1423; x_wconf 88' lang='lat' dir='ltr'>a</span> <span class='ocrx_word' id='word_1_80' title='bbox 1281 1366 1527 1443; x_wconf 78' lang='lat' dir='ltr'>pueritia</span> <span class='ocrx_word' id='word_1_81' title='bbox 1549 1366 1648 1422; x_wconf 89' lang='lat' dir='ltr'>sub</span> <span class='ocrx_word' id='word_1_82' title='bbox 1665 1383 1788 1443; x_wconf 87' lang='lat' dir='ltr'>_m_a_-</span> 
     </span>
    </p>
   </div>
   <div class='ocr_carea' id='block_1_16' title="bbox 266 1438 1789 1514">
    <p class='ocr_par' dir='ltr' id='par_1_16' title="bbox 266 1438 1789 1514">
     <span class='ocr_line' id='line_1_16' title="bbox 266 1438 1789 1514; baseline -0.003 -17"><span class='ocrx_word' id='word_1_83' title='bbox 266 1438 496 1514; x_wconf 66' lang='lat' dir='ltr'>gisterio</span> <span class='ocrx_word' id='word_1_84' title='bbox 533 1438 732 1514; x_wconf 81' lang='lat' dir='ltr'>sancti</span> <span class='ocrx_word' id='word_1_85' title='bbox 768 1441 1123 1514; x_wconf 9' lang='lat' dir='ltr'>rColumbani</span> <span class='ocrx_word' id='word_1_86' title='bbox 1161 1438 1332 1513; x_wconf 81' lang='lat' dir='ltr'>usque</span> <span class='ocrx_word' id='word_1_87' title='bbox 1370 1439 1440 1495; x_wconf 86' lang='lat' dir='ltr'>ad</span> <span class='ocrx_word' id='word_1_88' title='bbox 1481 1438 1789 1494; x_wconf 81' lang='lat' dir='ltr'>sacerdotis</span> 
     </span>
    </p>
   </div>
   <div class='ocr_carea' id='block_1_17' title="bbox 266 1513 972 1588">
    <p class='ocr_par' dir='ltr' id='par_1_17' title="bbox 266 1513 972 1588">
     <span class='ocr_line' id='line_1_17' title="bbox 266 1513 972 1588; baseline 0 -20"><span class='ocrx_word' id='word_1_89' title='bbox 266 1513 572 1588; x_wconf 75' lang='lat' dir='ltr'>profecerit</span> <span class='ocrx_word' id='word_1_90' title='bbox 615 1513 972 1584; x_wconf 87' lang='lat' dir='ltr'>dignitatem.</span> 
     </span>
    </p>
   </div>
   <div class='ocr_carea' id='block_1_18' title="bbox 269 1621 1791 1698">
    <p class='ocr_par' dir='ltr' id='par_1_18' title="bbox 269 1621 1791 1698">
     <span class='ocr_line' id='line_1_18' title="bbox 269 1621 1791 1698; baseline -0.004 -16"><span class='ocrx_word' id='word_1_91' title='bbox 269 1627 404 1682; x_wconf 90' lang='lat' dir='ltr'>Cum</span> <span class='ocrx_word' id='word_1_92' title='bbox 447 1626 704 1698; x_wconf 64' lang='lat' dir='ltr'>praeclara</span> <span class='ocrx_word' id='word_1_93' title='bbox 759 1624 1082 1681; x_wconf 87' lang='lat' dir='ltr'>sanctissimi</span> <span class='ocrx_word' id='word_1_94' title='bbox 1128 1624 1229 1680; x_wconf 92' lang='lat' dir='ltr'>viri</span> <span class='ocrx_word' id='word_1_95' title='bbox 1275 1622 1615 1691; x_wconf 91' lang='lat' dir='ltr'>Columbani,</span> <span class='ocrx_word' id='word_1_96' title='bbox 1633 1621 1722 1694; x_wconf 90' lang='lat' dir='ltr'>qui</span> <span class='ocrx_word' id='word_1_97' title='bbox 1739 1629 1791 1677; x_wconf 91' lang='lat' dir='ltr'>et</span> 
     </span>
    </p>
   </div>
   <div class='ocr_carea' id='block_1_19' title="bbox 1890 1255 3552 1347">
    <p class='ocr_par' dir='ltr' id='par_1_19' title="bbox 1890 1255 3552 1347">
     <span class='ocr_line' id='line_1_19' title="bbox 1890 1255 3552 1347; baseline -0.004 -17"><span class='ocrx_word' id='word_1_98' title='bbox 1890 1276 2082 1330; x_wconf 87' lang='lat' dir='ltr'>dentes</span> <span class='ocrx_word' id='word_1_99' title='bbox 2112 1273 2276 1347; x_wconf 79' lang='lat' dir='ltr'>igitur</span> <span class='ocrx_word' id='word_1_100' title='bbox 2303 1273 2487 1329; x_wconf 87' lang='lat' dir='ltr'>navim</span> <span class='ocrx_word' id='word_1_101' title='bbox 2516 1278 2782 1329; x_wconf 89' lang='lat' dir='ltr'>venerunt</span> <span class='ocrx_word' id='word_1_102' title='bbox 2811 1269 3155 1335; x_wconf 88' lang='lat' dir='ltr'>Britanniam,</span> <span class='ocrx_word' id='word_1_103' title='bbox 3189 1276 3243 1325; x_wconf 92' lang='lat' dir='ltr'>et</span> <span class='ocrx_word' id='word_1_104' title='bbox 3271 1268 3399 1324; x_wconf 92' lang='lat' dir='ltr'>inde</span> <span class='ocrx_word' id='word_1_105' title='bbox 3424 1267 3495 1323; x_wconf 87' lang='lat' dir='ltr'>ad</span> <span class='ocrx_word' id='word_1_106' title='bbox 3541 1255 3552 1258; x_wconf 61' lang='grc'><em>’</em></span> 
     </span>
    </p>
   </div>
   <div class='ocr_carea' id='block_1_20' title="bbox 1895 1357 3499 1432">
    <p class='ocr_par' dir='ltr' id='par_1_20' title="bbox 1895 1357 3499 1432">
     <span class='ocr_line' id='line_1_20' title="bbox 1895 1357 3499 1432; baseline -0.005 -13"><span class='ocrx_word' id='word_1_107' title='bbox 1895 1363 2104 1420; x_wconf 90' lang='lat' dir='ltr'>Gallias</span> <span class='ocrx_word' id='word_1_108' title='bbox 2134 1363 2573 1418; x_wconf 81' lang='lat' dir='ltr'>transfretarunt.</span> <span class='ocrx_word' id='word_1_109' title='bbox 2613 1362 2858 1432; x_wconf 86' lang='lat' dir='ltr'>Cumque</span> <span class='ocrx_word' id='word_1_110' title='bbox 2892 1361 2973 1416; x_wconf 91' lang='lat' dir='ltr'>vir</span> <span class='ocrx_word' id='word_1_111' title='bbox 3001 1360 3102 1416; x_wconf 89' lang='lat' dir='ltr'>Dei</span> <span class='ocrx_word' id='word_1_112' title='bbox 3133 1359 3202 1413; x_wconf 91' lang='lat' dir='ltr'>ad</span> <span class='ocrx_word' id='word_1_113' title='bbox 3253 1357 3499 1431; x_wconf 90' lang='lat' dir='ltr'>Sigiber-</span> 
     </span>
    </p>
   </div>
   <div class='ocr_carea' id='block_1_21' title="bbox 1891 1448 3497 1525">
    <p class='ocr_par' dir='ltr' id='par_1_21' title="bbox 1891 1448 3497 1525">
     <span class='ocr_line' id='line_1_21' title="bbox 1891 1448 3497 1525; baseline -0.004 -18"><span class='ocrx_word' id='word_1_114' title='bbox 1891 1462 2005 1508; x_wconf 92' lang='lat' dir='ltr'>tum</span> <span class='ocrx_word' id='word_1_115' title='bbox 2036 1470 2224 1525; x_wconf 84' lang='lat' dir='ltr'>regem</span> <span class='ocrx_word' id='word_1_116' title='bbox 2253 1470 2375 1508; x_wconf 91' lang='lat' dir='ltr'>cum</span> <span class='ocrx_word' id='word_1_117' title='bbox 2407 1451 2520 1506; x_wconf 90' lang='lat' dir='ltr'>suis</span> <span class='ocrx_word' id='word_1_118' title='bbox 2552 1451 2910 1522; x_wconf 89' lang='lat' dir='ltr'>pervenisset,</span> <span class='ocrx_word' id='word_1_119' title='bbox 2962 1448 3173 1522; x_wconf 84' lang='lat' dir='ltr'>rogavit</span> <span class='ocrx_word' id='word_1_120' title='bbox 3223 1464 3347 1503; x_wconf 89' lang='lat' dir='ltr'>eum</span> <span class='ocrx_word' id='word_1_121' title='bbox 3399 1463 3497 1502; x_wconf 82' lang='lat' dir='ltr'>rex</span> 
     </span>
    </p>
   </div>
   <div class='ocr_carea' id='block_1_22' title="bbox 1889 1537 3500 1610">
    <p class='ocr_par' dir='ltr' id='par_1_22' title="bbox 1889 1537 3500 1610">
     <span class='ocr_line' id='line_1_22' title="bbox 1889 1537 3500 1610; baseline -0.004 -14"><span class='ocrx_word' id='word_1_122' title='bbox 1889 1551 1946 1596; x_wconf 93' lang='lat' dir='ltr'>ut</span> <span class='ocrx_word' id='word_1_123' title='bbox 1973 1541 2115 1596; x_wconf 88' lang='lat' dir='ltr'>infra</span> <span class='ocrx_word' id='word_1_124' title='bbox 2147 1542 2350 1597; x_wconf 88' lang='lat' dir='ltr'>Gallias</span> <span class='ocrx_word' id='word_1_125' title='bbox 2382 1541 2661 1609; x_wconf 88' lang='lat' dir='ltr'>resideret,</span> <span class='ocrx_word' id='word_1_126' title='bbox 2685 1555 2788 1596; x_wconf 89' lang='lat' dir='ltr'>nec</span> <span class='ocrx_word' id='word_1_127' title='bbox 2820 1539 2899 1594; x_wconf 92' lang='lat' dir='ltr'>eis</span> <span class='ocrx_word' id='word_1_128' title='bbox 2943 1538 3146 1594; x_wconf 85' lang='lat' dir='ltr'>relictis</span> <span class='ocrx_word' id='word_1_129' title='bbox 3189 1537 3258 1591; x_wconf 91' lang='lat' dir='ltr'>ad</span> <span class='ocrx_word' id='word_1_130' title='bbox 3305 1543 3500 1610; x_wconf 87' lang='lat' dir='ltr'>gentes</span> 
     </span>
    </p>
   </div>
   <div class='ocr_carea' id='block_1_23' title="bbox 1891 1626 3501 1702">
    <p class='ocr_par' dir='ltr' id='par_1_23' title="bbox 1891 1626 3501 1702">
     <span class='ocr_line' id='line_1_23' title="bbox 1891 1626 3501 1702; baseline -0.004 -17"><span class='ocrx_word' id='word_1_131' title='bbox 1891 1631 2023 1685; x_wconf 89' lang='lat' dir='ltr'>alias</span> <span class='ocrx_word' id='word_1_132' title='bbox 2053 1631 2440 1702; x_wconf 82' lang='lat' dir='ltr'>commigraret</span> <span class='ocrx_word' id='word_1_133' title='bbox 2473 1648 2486 1685; x_wconf 86' lang='lat'><strong>:</strong></span> <span class='ocrx_word' id='word_1_134' title='bbox 2521 1646 2580 1685; x_wconf 91' lang='lat' dir='ltr'>se</span> <span class='ocrx_word' id='word_1_135' title='bbox 2610 1644 2741 1685; x_wconf 91' lang='lat' dir='ltr'>vero</span> <span class='ocrx_word' id='word_1_136' title='bbox 2773 1627 3062 1700; x_wconf 87' lang='lat' dir='ltr'>spopondit</span> <span class='ocrx_word' id='word_1_137' title='bbox 3107 1626 3307 1691; x_wconf 89' lang='lat' dir='ltr'>omnia,</span> <span class='ocrx_word' id='word_1_138' title='bbox 3380 1640 3501 1696; x_wconf 64' lang='lat' dir='ltr'>qua)</span> 
     </span>
    </p>
   </div>
   <div class='ocr_carea' id='block_1_24' title="bbox 198 1710 3500 1809">
    <p class='ocr_par' dir='ltr' id='par_1_24' title="bbox 198 1710 3500 1809">
     <span class='ocr_line' id='line_1_24' title="bbox 198 1710 3500 1809; baseline -0.005 -24"><span class='ocrx_word' id='word_1_139' title='bbox 198 1716 477 1809; x_wconf 45' lang='lat' dir='ltr'>columba,</span> <span class='ocrx_word' id='word_1_140' title='bbox 509 1715 849 1809; x_wconf 59' lang='grc' dir='ltr'>οοηνετδαῑίίξ</span> <span class='ocrx_word' id='word_1_141' title='bbox 876 1732 971 1809; x_wconf 62' lang='grc' dir='ltr'>Ρξὲΐ</span> <span class='ocrx_word' id='word_1_142' title='bbox 1018 1729 1237 1809; x_wconf 53' lang='grc' dir='ltr'>(ξηιῐξίῗῐξὶ</span> <span class='ocrx_word' id='word_1_143' title='bbox 1285 1712 1597 1809; x_wconf 38' lang='lat' dir='ltr'>Hiberi-lim?</span> <span class='ocrx_word' id='word_1_144' title='bbox 1638 1710 1788 1809; x_wconf 48' lang='lat' dir='ltr'>fiele-</span> <span class='ocrx_word' id='word_1_145' title='bbox 1820 1749 1873 1809; x_wconf 77' lang='grc' dir='ltr'>Β</span> <span class='ocrx_word' id='word_1_146' title='bbox 1895 1728 2116 1776; x_wconf 88' lang='lat' dir='ltr'>sanctus</span> <span class='ocrx_word' id='word_1_147' title='bbox 2143 1720 2304 1774; x_wconf 85' lang='lat' dir='ltr'>Pater</span> <span class='ocrx_word' id='word_1_148' title='bbox 2331 1727 2556 1789; x_wconf 89' lang='lat' dir='ltr'>peteret,</span> <span class='ocrx_word' id='word_1_149' title='bbox 2593 1718 2960 1788; x_wconf 66' lang='lat' dir='ltr'>praebiturum.</span> <span class='ocrx_word' id='word_1_150' title='bbox 2989 1717 3072 1771; x_wconf 77' lang='lat' dir='ltr'>Ad</span> <span class='ocrx_word' id='word_1_151' title='bbox 3103 1717 3221 1771; x_wconf 70' lang='lat' dir='ltr'>haec</span> <span class='ocrx_word' id='word_1_152' title='bbox 3268 1714 3352 1769; x_wconf 87' lang='lat' dir='ltr'>vir</span> <span class='ocrx_word' id='word_1_153' title='bbox 3398 1713 3500 1768; x_wconf 87' lang='lat' dir='ltr'>Dei</span> 
     </span>
    </p>
   </div>
   <div class='ocr_carea' id='block_1_25' title="bbox 197 1800 1794 1874">
    <p class='ocr_par' dir='ltr' id='par_1_25' title="bbox 197 1800 1794 1874">
     <span class='ocr_line' id='line_1_25' title="bbox 197 1800 1794 1874; baseline -0.004 -14"><span class='ocrx_word' id='word_1_154' title='bbox 197 1805 312 1860; x_wconf 91' lang='lat' dir='ltr'>bris</span> <span class='ocrx_word' id='word_1_155' title='bbox 339 1805 648 1870; x_wconf 86' lang='lat' dir='ltr'>haberetur,</span> <span class='ocrx_word' id='word_1_156' title='bbox 683 1811 736 1859; x_wconf 89' lang='lat' dir='ltr'>et</span> <span class='ocrx_word' id='word_1_157' title='bbox 766 1803 930 1858; x_wconf 88' lang='lat' dir='ltr'>veluti</span> <span class='ocrx_word' id='word_1_158' title='bbox 962 1803 1308 1874; x_wconf 91' lang='lat' dir='ltr'>splendidum</span> <span class='ocrx_word' id='word_1_159' title='bbox 1327 1801 1473 1872; x_wconf 80' lang='lat' dir='ltr'>ignei</span> <span class='ocrx_word' id='word_1_160' title='bbox 1494 1800 1794 1868; x_wconf 89' lang='lat' dir='ltr'>solisjubar</span> 
     </span>
    </p>
   </div>
   <div class='ocr_carea' id='block_1_26' title="bbox 203 1892 1798 1966">
    <p class='ocr_par' dir='ltr' id='par_1_26' title="bbox 203 1892 1798 1966">
     <span class='ocr_line' id='line_1_26' title="bbox 203 1892 1798 1966; baseline -0.004 -18"><span class='ocrx_word' id='word_1_161' title='bbox 203 1894 472 1966; x_wconf 84' lang='lat' dir='ltr'>singulari</span> <span class='ocrx_word' id='word_1_162' title='bbox 501 1893 702 1948; x_wconf 89' lang='lat' dir='ltr'>decore</span> <span class='ocrx_word' id='word_1_163' title='bbox 731 1892 972 1947; x_wconf 89' lang='lat' dir='ltr'>omnium</span> <span class='ocrx_word' id='word_1_164' title='bbox 1003 1892 1057 1945; x_wconf 91' lang='lat' dir='ltr'>in</span> <span class='ocrx_word' id='word_1_165' title='bbox 1087 1908 1146 1945; x_wconf 93' lang='lat' dir='ltr'>se</span> <span class='ocrx_word' id='word_1_166' title='bbox 1183 1898 1508 1961; x_wconf 86' lang='lat' dir='ltr'>provocaret</span> <span class='ocrx_word' id='word_1_167' title='bbox 1555 1905 1798 1944; x_wconf 87' lang='lat' dir='ltr'>amorem</span> 
     </span>
    </p>
   </div>
   <div class='ocr_carea' id='block_1_27' title="bbox 202 1977 1799 2053">
    <p class='ocr_par' dir='ltr' id='par_1_27' title="bbox 202 1977 1799 2053">
     <span class='ocr_line' id='line_1_27' title="bbox 202 1977 1799 2053; baseline -0.004 -15"><span class='ocrx_word' id='word_1_168' title='bbox 202 1982 360 2038; x_wconf 86' lang='lat' dir='ltr'>sicuti</span> <span class='ocrx_word' id='word_1_169' title='bbox 387 1983 454 2037; x_wconf 90' lang='lat' dir='ltr'>de</span> <span class='ocrx_word' id='word_1_170' title='bbox 487 1998 552 2037; x_wconf 93' lang='lat' dir='ltr'>eo</span> <span class='ocrx_word' id='word_1_171' title='bbox 569 1981 884 2053; x_wconf 83' lang='lat' dir='ltr'>priusquam</span> <span class='ocrx_word' id='word_1_172' title='bbox 914 1988 1232 2036; x_wconf 87' lang='lat' dir='ltr'>nasceretur</span> <span class='ocrx_word' id='word_1_173' title='bbox 1261 1979 1540 2051; x_wconf 87' lang='lat' dir='ltr'>provisum</span> <span class='ocrx_word' id='word_1_174' title='bbox 1576 1995 1696 2033; x_wconf 90' lang='lat' dir='ltr'>esse</span> <span class='ocrx_word' id='word_1_175' title='bbox 1727 1977 1799 2030; x_wconf 89' lang='lat' dir='ltr'>1i-</span> 
     </span>
    </p>
   </div>
   <div class='ocr_carea' id='block_1_28' title="bbox 199 2068 1800 2144">
    <p class='ocr_par' dir='ltr' id='par_1_28' title="bbox 199 2068 1800 2144">
     <span class='ocr_line' id='line_1_28' title="bbox 199 2068 1800 2144; baseline -0.003 -18"><span class='ocrx_word' id='word_1_176' title='bbox 199 2072 300 2127; x_wconf 91' lang='lat' dir='ltr'>ber</span> <span class='ocrx_word' id='word_1_177' title='bbox 352 2077 634 2144; x_wconf 88' lang='lat' dir='ltr'>gestorum</span> <span class='ocrx_word' id='word_1_178' title='bbox 663 2070 832 2141; x_wconf 89' lang='lat' dir='ltr'>ipsius</span> <span class='ocrx_word' id='word_1_179' title='bbox 862 2069 1093 2142; x_wconf 90' lang='lat' dir='ltr'>pleniter</span> <span class='ocrx_word' id='word_1_180' title='bbox 1120 2068 1362 2140; x_wconf 86' lang='lat' dir='ltr'>indicat),</span> <span class='ocrx_word' id='word_1_181' title='bbox 1395 2068 1535 2122; x_wconf 89' lang='lat' dir='ltr'>inter</span> <span class='ocrx_word' id='word_1_182' title='bbox 1573 2075 1800 2122; x_wconf 74' lang='lat' dir='ltr'>czeteros</span> 
     </span>
    </p>
   </div>
   <div class='ocr_carea' id='block_1_29' title="bbox 207 2155 1801 2233">
    <p class='ocr_par' dir='ltr' id='par_1_29' title="bbox 207 2155 1801 2233">
     <span class='ocr_line' id='line_1_29' title="bbox 207 2155 1801 2233; baseline -0.003 -19"><span class='ocrx_word' id='word_1_183' title='bbox 207 2177 343 2233; x_wconf 88' lang='lat' dir='ltr'>quos</span> <span class='ocrx_word' id='word_1_184' title='bbox 373 2160 514 2215; x_wconf 81' lang='lat' dir='ltr'>fama</span> <span class='ocrx_word' id='word_1_185' title='bbox 545 2159 797 2215; x_wconf 90' lang='lat' dir='ltr'>virtutum</span> <span class='ocrx_word' id='word_1_186' title='bbox 839 2159 954 2228; x_wconf 87' lang='lat' dir='ltr'>ejus</span> <span class='ocrx_word' id='word_1_187' title='bbox 1003 2165 1308 2227; x_wconf 87' lang='lat' dir='ltr'>attraxerat,</span> <span class='ocrx_word' id='word_1_188' title='bbox 1354 2163 1606 2228; x_wconf 89' lang='lat' dir='ltr'>parentes</span> <span class='ocrx_word' id='word_1_189' title='bbox 1658 2155 1801 2210; x_wconf 87' lang='lat' dir='ltr'>beati</span> 
     </span>
    </p>
   </div>
   <div class='ocr_carea' id='block_1_30' title="bbox 209 2245 1801 2320">
    <p class='ocr_par' dir='ltr' id='par_1_30' title="bbox 209 2245 1801 2320">
     <span class='ocr_line' id='line_1_30' title="bbox 209 2245 1801 2320; baseline -0.003 -16"><span class='ocrx_word' id='word_1_190' title='bbox 209 2249 365 2316; x_wconf 90' lang='lat' dir='ltr'>Galli,</span> <span class='ocrx_word' id='word_1_191' title='bbox 402 2249 698 2305; x_wconf 90' lang='lat' dir='ltr'>secundum</span> <span class='ocrx_word' id='word_1_192' title='bbox 728 2249 902 2303; x_wconf 91' lang='lat' dir='ltr'>Deum</span> <span class='ocrx_word' id='word_1_193' title='bbox 925 2247 1189 2320; x_wconf 85' lang='lat' dir='ltr'>religiosi,</span> <span class='ocrx_word' id='word_1_194' title='bbox 1223 2247 1523 2303; x_wconf 89' lang='lat' dir='ltr'>secundum</span> <span class='ocrx_word' id='word_1_195' title='bbox 1543 2245 1801 2301; x_wconf 69' lang='lat' dir='ltr'>saeculum</span> 
     </span>
    </p>
   </div>
   <div class='ocr_carea' id='block_1_31' title="bbox 206 2334 1803 2409">
    <p class='ocr_par' dir='ltr' id='par_1_31' title="bbox 206 2334 1803 2409">
     <span class='ocr_line' id='line_1_31' title="bbox 206 2334 1803 2409; baseline -0.003 -16"><span class='ocrx_word' id='word_1_196' title='bbox 206 2338 419 2394; x_wconf 87' lang='lat' dir='ltr'>nobiles</span> <span class='ocrx_word' id='word_1_197' title='bbox 449 2347 494 2404; x_wconf 74' lang='grc'><em>³,</em></span> <span class='ocrx_word' id='word_1_198' title='bbox 524 2337 692 2393; x_wconf 82' lang='lat' dir='ltr'>filium</span> <span class='ocrx_word' id='word_1_199' title='bbox 722 2353 879 2392; x_wconf 90' lang='lat' dir='ltr'>suum</span> <span class='ocrx_word' id='word_1_200' title='bbox 923 2335 1116 2409; x_wconf 88' lang='lat' dir='ltr'>primae</span> <span class='ocrx_word' id='word_1_201' title='bbox 1145 2335 1320 2392; x_wconf 56' lang='lat' dir='ltr'>aetatis</span> <span class='ocrx_word' id='word_1_202' title='bbox 1354 2335 1486 2391; x_wconf 84' lang='lat' dir='ltr'>ﬂore</span> <span class='ocrx_word' id='word_1_203' title='bbox 1541 2334 1803 2390; x_wconf 88' lang='lat' dir='ltr'>nitentem</span> 
     </span>
    </p>
   </div>
   <div class='ocr_carea' id='block_1_32' title="bbox 205 2423 1803 2494">
    <p class='ocr_par' dir='ltr' id='par_1_32' title="bbox 205 2423 1803 2494">
     <span class='ocr_line' id='line_1_32' title="bbox 205 2423 1803 2494; baseline -0.005 -9"><span class='ocrx_word' id='word_1_204' title='bbox 205 2444 331 2485; x_wconf 87' lang='lat' dir='ltr'>cum</span> <span class='ocrx_word' id='word_1_205' title='bbox 359 2427 630 2483; x_wconf 91' lang='lat' dir='ltr'>oblatione</span> <span class='ocrx_word' id='word_1_206' title='bbox 664 2427 896 2482; x_wconf 92' lang='lat' dir='ltr'>Domino</span> <span class='ocrx_word' id='word_1_207' title='bbox 949 2424 1260 2494; x_wconf 72' lang='lat' dir='ltr'>offerentes,</span> <span class='ocrx_word' id='word_1_208' title='bbox 1293 2424 1438 2478; x_wconf 89' lang='lat' dir='ltr'>illius</span> <span class='ocrx_word' id='word_1_209' title='bbox 1485 2423 1803 2494; x_wconf 87' lang='lat' dir='ltr'>magisterio</span> 
     </span>
    </p>
   </div>
   <div class='ocr_carea' id='block_1_33' title="bbox 208 2511 1804 2588">
    <p class='ocr_par' dir='ltr' id='par_1_33' title="bbox 208 2511 1804 2588">
     <span class='ocr_line' id='line_1_33' title="bbox 208 2511 1804 2588; baseline -0.005 -14"><span class='ocrx_word' id='word_1_210' title='bbox 208 2518 741 2586; x_wconf 87' lang='lat' dir='ltr'>commendaverunt,</span> <span class='ocrx_word' id='word_1_211' title='bbox 800 2523 856 2571; x_wconf 85' lang='lat' dir='ltr'>ut</span> <span class='ocrx_word' id='word_1_212' title='bbox 912 2516 968 2570; x_wconf 92' lang='lat' dir='ltr'>in</span> <span class='ocrx_word' id='word_1_213' title='bbox 1015 2513 1284 2588; x_wconf 90' lang='lat' dir='ltr'>regularis</span> <span class='ocrx_word' id='word_1_214' title='bbox 1330 2513 1453 2569; x_wconf 68' lang='lat' dir='ltr'>vita:</span> <span class='ocrx_word' id='word_1_215' title='bbox 1518 2511 1804 2584; x_wconf 82' lang='lat' dir='ltr'>proﬁceret</span> 
     </span>
    </p>
   </div>
   <div class='ocr_carea' id='block_1_34' title="bbox 209 2601 1805 2680">
    <p class='ocr_par' dir='ltr' id='par_1_34' title="bbox 209 2601 1805 2680">
     <span class='ocr_line' id='line_1_34' title="bbox 209 2601 1805 2680; baseline -0.005 -18"><span class='ocrx_word' id='word_1_216' title='bbox 209 2607 512 2680; x_wconf 89' lang='lat' dir='ltr'>disciplina,</span> <span class='ocrx_word' id='word_1_217' title='bbox 546 2615 598 2662; x_wconf 89' lang='lat' dir='ltr'>et</span> <span class='ocrx_word' id='word_1_218' title='bbox 628 2607 767 2661; x_wconf 86' lang='lat' dir='ltr'>inter</span> <span class='ocrx_word' id='word_1_219' title='bbox 795 2605 1059 2678; x_wconf 91' lang='lat' dir='ltr'>plurimos</span> <span class='ocrx_word' id='word_1_220' title='bbox 1088 2603 1346 2675; x_wconf 89' lang='lat' dir='ltr'>spiritalis</span> <span class='ocrx_word' id='word_1_221' title='bbox 1391 2601 1594 2656; x_wconf 64' lang='lat' dir='ltr'>militiae</span> <span class='ocrx_word' id='word_1_222' title='bbox 1625 2609 1805 2656; x_wconf 91' lang='lat' dir='ltr'>secta-</span> 
     </span>
    </p>
   </div>
   <div class='ocr_carea' id='block_1_35' title="bbox 210 2689 1806 2765">
    <p class='ocr_par' dir='ltr' id='par_1_35' title="bbox 210 2689 1806 2765">
     <span class='ocr_line' id='line_1_35' title="bbox 210 2689 1806 2765; baseline -0.005 -13"><span class='ocrx_word' id='word_1_223' title='bbox 210 2704 378 2765; x_wconf 90' lang='lat' dir='ltr'>tores,</span> <span class='ocrx_word' id='word_1_224' title='bbox 427 2695 755 2752; x_wconf 73' lang='lat' dir='ltr'>obedientize</span> <span class='ocrx_word' id='word_1_225' title='bbox 802 2702 855 2749; x_wconf 91' lang='lat' dir='ltr'>et</span> <span class='ocrx_word' id='word_1_226' title='bbox 896 2693 1138 2749; x_wconf 86' lang='lat' dir='ltr'>arctioris</span> <span class='ocrx_word' id='word_1_227' title='bbox 1184 2691 1450 2763; x_wconf 89' lang='lat' dir='ltr'>propositi</span> <span class='ocrx_word' id='word_1_228' title='bbox 1509 2689 1806 2745; x_wconf 89' lang='lat' dir='ltr'>imitaretur</span> 
     </span>
    </p>
   </div>
   <div class='ocr_carea' id='block_1_36' title="bbox 207 2777 1807 2857">
    <p class='ocr_par' dir='ltr' id='par_1_36' title="bbox 207 2777 1807 2857">
     <span class='ocr_line' id='line_1_36' title="bbox 207 2777 1807 2857; baseline -0.006 -15"><span class='ocrx_word' id='word_1_229' title='bbox 207 2785 472 2857; x_wconf 87' lang='lat' dir='ltr'>exempla.</span> <span class='ocrx_word' id='word_1_230' title='bbox 505 2787 757 2856; x_wconf 91' lang='lat' dir='ltr'>Dumque</span> <span class='ocrx_word' id='word_1_231' title='bbox 781 2783 938 2840; x_wconf 78' lang='lat' dir='ltr'>bonae</span> <span class='ocrx_word' id='word_1_232' title='bbox 966 2782 1163 2838; x_wconf 90' lang='lat' dir='ltr'>indolis</span> <span class='ocrx_word' id='word_1_233' title='bbox 1191 2782 1276 2838; x_wconf 87' lang='lat' dir='ltr'>vir</span> <span class='ocrx_word' id='word_1_234' title='bbox 1303 2782 1472 2837; x_wconf 83' lang='lat' dir='ltr'>charo</span> <span class='ocrx_word' id='word_1_235' title='bbox 1516 2777 1615 2852; x_wconf 82' lang='grc' dir='ltr'>[αι.</span> <span class='ocrx_word' id='word_1_236' title='bbox 1637 2778 1807 2851; x_wconf 90' lang='lat' dir='ltr'>casto]</span> 
     </span>
    </p>
   </div>
   <div class='ocr_carea' id='block_1_37' title="bbox 205 2871 1806 2946">
    <p class='ocr_par' dir='ltr' id='par_1_37' title="bbox 205 2871 1806 2946">
     <span class='ocr_line' id='line_1_37' title="bbox 205 2871 1806 2946; baseline -0.005 -14"><span class='ocrx_word' id='word_1_237' title='bbox 205 2875 498 2932; x_wconf 89' lang='lat' dir='ltr'>nutriretur</span> <span class='ocrx_word' id='word_1_238' title='bbox 526 2874 742 2942; x_wconf 74' lang='lat' dir='ltr'>affectu,</span> <span class='ocrx_word' id='word_1_239' title='bbox 773 2889 974 2946; x_wconf 90' lang='lat' dir='ltr'>magno</span> <span class='ocrx_word' id='word_1_240' title='bbox 1001 2873 1257 2929; x_wconf 88' lang='lat' dir='ltr'>virtutum</span> <span class='ocrx_word' id='word_1_241' title='bbox 1299 2871 1468 2928; x_wconf 89' lang='lat' dir='ltr'>crevit</span> <span class='ocrx_word' id='word_1_242' title='bbox 1495 2876 1806 2940; x_wconf 88' lang='lat' dir='ltr'>augmento.</span> 
     </span>
    </p>
   </div>
   <div class='ocr_carea' id='block_1_38' title="bbox 209 2957 1810 3038">
    <p class='ocr_par' dir='ltr' id='par_1_38' title="bbox 209 2957 1810 3038">
     <span class='ocr_line' id='line_1_38' title="bbox 209 2957 1810 3038; baseline -0.005 -18"><span class='ocrx_word' id='word_1_243' title='bbox 209 2965 450 3036; x_wconf 86' lang='lat' dir='ltr'>Superna</span> <span class='ocrx_word' id='word_1_244' title='bbox 473 2981 686 3038; x_wconf 89' lang='lat' dir='ltr'>quoque</span> <span class='ocrx_word' id='word_1_245' title='bbox 716 2963 891 3038; x_wconf 91' lang='lat' dir='ltr'>gratia</span> <span class='ocrx_word' id='word_1_246' title='bbox 923 2979 981 3018; x_wconf 92' lang='lat' dir='ltr'>se</span> <span class='ocrx_word' id='word_1_247' title='bbox 1011 2961 1398 3034; x_wconf 74' lang='lat' dir='ltr'>praeveniente,</span> <span class='ocrx_word' id='word_1_248' title='bbox 1447 2967 1596 3014; x_wconf 89' lang='lat' dir='ltr'>tanto</span> <span class='ocrx_word' id='word_1_249' title='bbox 1632 2957 1810 3012; x_wconf 91' lang='lat' dir='ltr'>studio</span> 
     </span>
    </p>
   </div>
   <div class='ocr_carea' id='block_1_39' title="bbox 212 3051 1811 3126">
    <p class='ocr_par' dir='ltr' id='par_1_39' title="bbox 212 3051 1811 3126">
     <span class='ocr_line' id='line_1_39' title="bbox 212 3051 1811 3126; baseline -0.006 -16"><span class='ocrx_word' id='word_1_250' title='bbox 212 3053 426 3111; x_wconf 87' lang='lat' dir='ltr'>divinas</span> <span class='ocrx_word' id='word_1_251' title='bbox 454 3055 688 3126; x_wconf 90' lang='lat' dir='ltr'>epotavit</span> <span class='ocrx_word' id='word_1_252' title='bbox 717 3053 1043 3124; x_wconf 89' lang='lat' dir='ltr'>Scripturas,</span> <span class='ocrx_word' id='word_1_253' title='bbox 1075 3059 1130 3105; x_wconf 89' lang='lat' dir='ltr'>ut</span> <span class='ocrx_word' id='word_1_254' title='bbox 1161 3051 1228 3106; x_wconf 92' lang='lat' dir='ltr'>de</span> <span class='ocrx_word' id='word_1_255' title='bbox 1260 3051 1519 3104; x_wconf 88' lang='lat' dir='ltr'>thesauro</span> <span class='ocrx_word' id='word_1_256' title='bbox 1532 3062 1631 3102; x_wconf 90' lang='lat' dir='ltr'>suo</span> <span class='ocrx_word' id='word_1_257' title='bbox 1672 3061 1811 3102; x_wconf 90' lang='lat' dir='ltr'>nova</span> 
     </span>
    </p>
   </div>
   <div class='ocr_carea' id='block_1_40' title="bbox 211 3112 1892 3216">
    <p class='ocr_par' dir='ltr' id='par_1_40' title="bbox 211 3112 1892 3216">
     <span class='ocr_line' id='line_1_40' title="bbox 211 3112 1892 3216; baseline -0.007 -17"><span class='ocrx_word' id='word_1_258' title='bbox 211 3142 451 3216; x_wconf 86' lang='lat' dir='ltr'>proferre</span> <span class='ocrx_word' id='word_1_259' title='bbox 482 3112 669 3214; x_wconf 74' lang='lat' dir='ltr'>posset</span> <span class='ocrx_word' id='word_1_260' title='bbox 697 3151 749 3198; x_wconf 90' lang='lat' dir='ltr'>et</span> <span class='ocrx_word' id='word_1_261' title='bbox 778 3112 981 3198; x_wconf 74' lang='lat' dir='ltr'>vetera.</span> <span class='ocrx_word' id='word_1_262' title='bbox 1015 3139 1398 3195; x_wconf 58' lang='lat' dir='ltr'>Grammatice:</span> <span class='ocrx_word' id='word_1_263' title='bbox 1428 3136 1589 3192; x_wconf 89' lang='lat' dir='ltr'>etiam</span> <span class='ocrx_word' id='word_1_264' title='bbox 1635 3152 1805 3205; x_wconf 86' lang='lat' dir='ltr'>regu-</span> <span class='ocrx_word' id='word_1_265' title='bbox 1843 3112 1892 3175; x_wconf 69' lang='grc' dir='ltr'>Ο</span> 
     </span>
    </p>
   </div>
   <div class='ocr_carea' id='block_1_41' title="bbox 209 3227 1820 3302">
    <p class='ocr_par' dir='ltr' id='par_1_41' title="bbox 209 3227 1820 3302">
     <span class='ocr_line' id='line_1_41' title="bbox 209 3227 1820 3302; baseline -0.005 -16"><span class='ocrx_word' id='word_1_266' title='bbox 209 3233 314 3298; x_wconf 86' lang='lat' dir='ltr'>las,</span> <span class='ocrx_word' id='word_1_267' title='bbox 340 3241 746 3302; x_wconf 88' lang='lat' dir='ltr'>metrorumque</span> <span class='ocrx_word' id='word_1_268' title='bbox 789 3229 1116 3284; x_wconf 90' lang='lat' dir='ltr'>subtilitates</span> <span class='ocrx_word' id='word_1_269' title='bbox 1159 3227 1342 3297; x_wconf 90' lang='lat' dir='ltr'>capaci</span> <span class='ocrx_word' id='word_1_270' title='bbox 1390 3232 1820 3297; x_wconf 71' lang='lat' dir='ltr'>consequeretur</span> 
     </span>
    </p>
   </div>
   <div class='ocr_carea' id='block_1_42' title="bbox 215 3315 1822 3392">
    <p class='ocr_par' dir='ltr' id='par_1_42' title="bbox 215 3315 1822 3392">
     <span class='ocr_line' id='line_1_42' title="bbox 215 3315 1822 3392; baseline -0.005 -16"><span class='ocrx_word' id='word_1_271' title='bbox 215 3321 457 3392; x_wconf 90' lang='lat' dir='ltr'>ingenio.</span> <span class='ocrx_word' id='word_1_272' title='bbox 493 3321 743 3376; x_wconf 87' lang='lat' dir='ltr'>Obscura</span> <span class='ocrx_word' id='word_1_273' title='bbox 763 3325 941 3373; x_wconf 90' lang='lat' dir='ltr'>autem</span> <span class='ocrx_word' id='word_1_274' title='bbox 967 3316 1363 3388; x_wconf 90' lang='lat' dir='ltr'>Scripturarum</span> <span class='ocrx_word' id='word_1_275' title='bbox 1379 3324 1525 3371; x_wconf 89' lang='lat' dir='ltr'>tuam</span> <span class='ocrx_word' id='word_1_276' title='bbox 1547 3315 1822 3386; x_wconf 87' lang='lat' dir='ltr'>sapienter</span> 
     </span>
    </p>
   </div>
   <div class='ocr_carea' id='block_1_43' title="bbox 219 3405 1820 3478">
    <p class='ocr_par' dir='ltr' id='par_1_43' title="bbox 219 3405 1820 3478">
     <span class='ocr_line' id='line_1_43' title="bbox 219 3405 1820 3478; baseline -0.003 -14"><span class='ocrx_word' id='word_1_277' title='bbox 219 3409 363 3465; x_wconf 87' lang='lat' dir='ltr'>scire</span> <span class='ocrx_word' id='word_1_278' title='bbox 391 3408 698 3465; x_wconf 89' lang='lat' dir='ltr'>volentibus</span> <span class='ocrx_word' id='word_1_279' title='bbox 729 3407 1009 3473; x_wconf 89' lang='lat' dir='ltr'>reseravit,</span> <span class='ocrx_word' id='word_1_280' title='bbox 1045 3414 1102 3462; x_wconf 91' lang='lat' dir='ltr'>ut</span> <span class='ocrx_word' id='word_1_281' title='bbox 1130 3405 1309 3462; x_wconf 90' lang='lat' dir='ltr'>cuncti</span> <span class='ocrx_word' id='word_1_282' title='bbox 1329 3405 1420 3478; x_wconf 91' lang='lat' dir='ltr'>qui</span> <span class='ocrx_word' id='word_1_283' title='bbox 1437 3405 1552 3474; x_wconf 92' lang='lat' dir='ltr'>ejus</span> <span class='ocrx_word' id='word_1_284' title='bbox 1574 3405 1820 3476; x_wconf 91' lang='lat' dir='ltr'>pruden-</span> 
     </span>
    </p>
   </div>
   <div class='ocr_carea' id='block_1_44' title="bbox 216 3493 1823 3562">
    <p class='ocr_par' dir='ltr' id='par_1_44' title="bbox 216 3493 1823 3562">
     <span class='ocr_line' id='line_1_44' title="bbox 216 3493 1823 3562; baseline -0.002 -10"><span class='ocrx_word' id='word_1_285' title='bbox 216 3497 350 3552; x_wconf 83' lang='lat' dir='ltr'>tiam</span> <span class='ocrx_word' id='word_1_286' title='bbox 396 3505 449 3553; x_wconf 90' lang='lat' dir='ltr'>et</span> <span class='ocrx_word' id='word_1_287' title='bbox 499 3513 778 3552; x_wconf 90' lang='lat' dir='ltr'>sermones</span> <span class='ocrx_word' id='word_1_288' title='bbox 823 3496 1126 3562; x_wconf 90' lang='lat' dir='ltr'>audierant,</span> <span class='ocrx_word' id='word_1_289' title='bbox 1181 3493 1544 3550; x_wconf 86' lang='lat' dir='ltr'>admiratione</span> <span class='ocrx_word' id='word_1_290' title='bbox 1587 3511 1712 3550; x_wconf 91' lang='lat' dir='ltr'>eum</span> <span class='ocrx_word' id='word_1_291' title='bbox 1769 3501 1823 3549; x_wconf 92' lang='lat' dir='ltr'>et</span> 
     </span>
    </p>
   </div>
   <div class='ocr_carea' id='block_1_45' title="bbox 220 3583 1822 3660">
    <p class='ocr_par' dir='ltr' id='par_1_45' title="bbox 220 3583 1822 3660">
     <span class='ocr_line' id='line_1_45' title="bbox 220 3583 1822 3660; baseline -0.002 -20"><span class='ocrx_word' id='word_1_292' title='bbox 220 3586 380 3642; x_wconf 89' lang='lat' dir='ltr'>laude</span> <span class='ocrx_word' id='word_1_293' title='bbox 409 3586 790 3660; x_wconf 90' lang='lat' dir='ltr'>dignissimum</span> <span class='ocrx_word' id='word_1_294' title='bbox 813 3586 1137 3655; x_wconf 90' lang='lat' dir='ltr'>judicarent.</span> <span class='ocrx_word' id='word_1_295' title='bbox 1171 3584 1287 3654; x_wconf 89' lang='lat' dir='ltr'>Qua</span> <span class='ocrx_word' id='word_1_296' title='bbox 1315 3583 1598 3654; x_wconf 68' lang='lat' dir='ltr'>sapientiae</span> <span class='ocrx_word' id='word_1_297' title='bbox 1639 3591 1822 3638; x_wconf 89' lang='lat' dir='ltr'>matu-</span> 
     </span>
    </p>
   </div>
   <div class='ocr_carea' id='block_1_46' title="bbox 221 3672 1825 3741">
    <p class='ocr_par' dir='ltr' id='par_1_46' title="bbox 221 3672 1825 3741">
     <span class='ocr_line' id='line_1_46' title="bbox 221 3672 1825 3741; baseline -0.003 -10"><span class='ocrx_word' id='word_1_298' title='bbox 221 3675 382 3732; x_wconf 86' lang='lat' dir='ltr'>ritate</span> <span class='ocrx_word' id='word_1_299' title='bbox 404 3675 603 3732; x_wconf 85' lang='lat' dir='ltr'>factum</span> <span class='ocrx_word' id='word_1_300' title='bbox 625 3684 705 3732; x_wconf 89' lang='lat' dir='ltr'>est</span> <span class='ocrx_word' id='word_1_301' title='bbox 724 3684 780 3732; x_wconf 87' lang='lat' dir='ltr'>ut</span> <span class='ocrx_word' id='word_1_302' title='bbox 797 3676 1172 3732; x_wconf 90' lang='lat' dir='ltr'>universorum</span> <span class='ocrx_word' id='word_1_303' title='bbox 1198 3672 1473 3730; x_wconf 91' lang='lat' dir='ltr'>communi</span> <span class='ocrx_word' id='word_1_304' title='bbox 1504 3672 1751 3741; x_wconf 90' lang='lat' dir='ltr'>consilio,</span> <span class='ocrx_word' id='word_1_305' title='bbox 1772 3679 1825 3726; x_wconf 91' lang='lat' dir='ltr'>et</span> 
     </span>
    </p>
   </div>
   <div class='ocr_carea' id='block_1_47' title="bbox 219 3762 1825 3835">
    <p class='ocr_par' dir='ltr' id='par_1_47' title="bbox 219 3762 1825 3835">
     <span class='ocr_line' id='line_1_47' title="bbox 219 3762 1825 3835; baseline -0.003 -15"><span class='ocrx_word' id='word_1_306' title='bbox 219 3765 466 3835; x_wconf 90' lang='lat' dir='ltr'>jussione</span> <span class='ocrx_word' id='word_1_307' title='bbox 495 3765 814 3821; x_wconf 88' lang='lat' dir='ltr'>Columbant</span> <span class='ocrx_word' id='word_1_308' title='bbox 845 3764 1072 3830; x_wconf 87' lang='lat' dir='ltr'>abbatis,</span> <span class='ocrx_word' id='word_1_309' title='bbox 1107 3779 1206 3834; x_wconf 91' lang='lat' dir='ltr'>per</span> <span class='ocrx_word' id='word_1_310' title='bbox 1232 3762 1476 3834; x_wconf 88' lang='lat' dir='ltr'>singulos</span> <span class='ocrx_word' id='word_1_311' title='bbox 1499 3777 1669 3817; x_wconf 57' lang='lat' dir='ltr'>sacra),</span> <span class='ocrx_word' id='word_1_312' title='bbox 1699 3776 1825 3831; x_wconf 92' lang='lat' dir='ltr'>pro-</span> 
     </span>
    </p>
   </div>
   <div class='ocr_carea' id='block_1_48' title="bbox 224 3849 1827 3928">
    <p class='ocr_par' dir='ltr' id='par_1_48' title="bbox 224 3849 1827 3928">
     <span class='ocr_line' id='line_1_48' title="bbox 224 3849 1827 3928; baseline -0.002 -20"><span class='ocrx_word' id='word_1_313' title='bbox 224 3855 478 3911; x_wconf 90' lang='lat' dir='ltr'>motionis</span> <span class='ocrx_word' id='word_1_314' title='bbox 509 3855 715 3928; x_wconf 88' lang='lat' dir='ltr'>gradus</span> <span class='ocrx_word' id='word_1_315' title='bbox 741 3854 1064 3918; x_wconf 87' lang='lat' dir='ltr'>ascendens,</span> <span class='ocrx_word' id='word_1_316' title='bbox 1098 3852 1296 3907; x_wconf 91' lang='lat' dir='ltr'>invitus</span> <span class='ocrx_word' id='word_1_317' title='bbox 1326 3850 1610 3906; x_wconf 89' lang='lat' dir='ltr'>sacerdotii</span> <span class='ocrx_word' id='word_1_318' title='bbox 1656 3849 1827 3905; x_wconf 85' lang='lat' dir='ltr'>susci-</span> 
     </span>
    </p>
   </div>
   <div class='ocr_carea' id='block_1_49' title="bbox 227 3937 1823 4016">
    <p class='ocr_par' dir='ltr' id='par_1_49' title="bbox 227 3937 1823 4016">
     <span class='ocr_line' id='line_1_49' title="bbox 227 3937 1823 4016; baseline -0.004 -18"><span class='ocrx_word' id='word_1_319' title='bbox 227 3951 380 4015; x_wconf 89' lang='lat' dir='ltr'>peret</span> <span class='ocrx_word' id='word_1_320' title='bbox 411 3943 751 4016; x_wconf 89' lang='lat' dir='ltr'>dignitatem.</span> <span class='ocrx_word' id='word_1_321' title='bbox 784 3944 934 4016; x_wconf 88' lang='lat' dir='ltr'>Ergo</span> <span class='ocrx_word' id='word_1_322' title='bbox 978 3941 1106 3996; x_wconf 90' lang='lat' dir='ltr'>dum</span> <span class='ocrx_word' id='word_1_323' title='bbox 1137 3940 1311 3997; x_wconf 87' lang='lat' dir='ltr'>sacris</span> <span class='ocrx_word' id='word_1_324' title='bbox 1338 3940 1567 3994; x_wconf 88' lang='lat' dir='ltr'>instaret</span> <span class='ocrx_word' id='word_1_325' title='bbox 1612 3937 1823 4008; x_wconf 76' lang='lat' dir='ltr'>ofﬁciis,</span> 
     </span>
    </p>
   </div>
   <div class='ocr_carea' id='block_1_50' title="bbox 227 4026 1823 4104">
    <p class='ocr_par' dir='ltr' id='par_1_50' title="bbox 227 4026 1823 4104">
     <span class='ocr_line' id='line_1_50' title="bbox 227 4026 1823 4104; baseline -0.003 -18"><span class='ocrx_word' id='word_1_326' title='bbox 227 4031 314 4088; x_wconf 91' lang='lat' dir='ltr'>die</span> <span class='ocrx_word' id='word_1_327' title='bbox 346 4039 614 4104; x_wconf 88' lang='lat' dir='ltr'>noctuque</span> <span class='ocrx_word' id='word_1_328' title='bbox 628 4031 880 4104; x_wconf 90' lang='lat' dir='ltr'>precibus</span> <span class='ocrx_word' id='word_1_329' title='bbox 909 4029 1198 4086; x_wconf 90' lang='lat' dir='ltr'>Dominum</span> <span class='ocrx_word' id='word_1_330' title='bbox 1214 4027 1444 4100; x_wconf 87' lang='lat' dir='ltr'>placavit</span> <span class='ocrx_word' id='word_1_331' title='bbox 1475 4035 1526 4082; x_wconf 89' lang='lat' dir='ltr'>et</span> <span class='ocrx_word' id='word_1_332' title='bbox 1545 4026 1823 4099; x_wconf 89' lang='lat' dir='ltr'>lacrymis,</span> 
     </span>
    </p>
   </div>
   <div class='ocr_carea' id='block_1_51' title="bbox 233 4115 1827 4193">
    <p class='ocr_par' dir='ltr' id='par_1_51' title="bbox 233 4115 1827 4193">
     <span class='ocr_line' id='line_1_51' title="bbox 233 4115 1827 4193; baseline -0.003 -18"><span class='ocrx_word' id='word_1_333' title='bbox 233 4129 286 4175; x_wconf 89' lang='lat' dir='ltr'>et</span> <span class='ocrx_word' id='word_1_334' title='bbox 315 4121 537 4193; x_wconf 89' lang='lat' dir='ltr'>superni</span> <span class='ocrx_word' id='word_1_335' title='bbox 558 4119 880 4192; x_wconf 90' lang='lat' dir='ltr'>inspectoris</span> <span class='ocrx_word' id='word_1_336' title='bbox 910 4119 1081 4175; x_wconf 90' lang='lat' dir='ltr'>oculis</span> <span class='ocrx_word' id='word_1_337' title='bbox 1102 4118 1327 4189; x_wconf 89' lang='lat' dir='ltr'>placere</span> <span class='ocrx_word' id='word_1_338' title='bbox 1357 4115 1698 4184; x_wconf 89' lang='lat' dir='ltr'>desiderans,</span> <span class='ocrx_word' id='word_1_339' title='bbox 1729 4129 1827 4186; x_wconf 90' lang='lat' dir='ltr'>pro</span> 
     </span>
    </p>
   </div>
   <div class='ocr_carea' id='block_1_52' title="bbox 232 4203 1829 4276">
    <p class='ocr_par' dir='ltr' id='par_1_52' title="bbox 232 4203 1829 4276">
     <span class='ocr_line' id='line_1_52' title="bbox 232 4203 1829 4276; baseline -0.003 -13"><span class='ocrx_word' id='word_1_340' title='bbox 232 4209 486 4264; x_wconf 85' lang='lat' dir='ltr'>virtutum</span> <span class='ocrx_word' id='word_1_341' title='bbox 519 4218 572 4266; x_wconf 89' lang='lat' dir='ltr'>et</span> <span class='ocrx_word' id='word_1_342' title='bbox 600 4209 723 4266; x_wconf 84' lang='lat' dir='ltr'>vitae</span> <span class='ocrx_word' id='word_1_343' title='bbox 749 4208 954 4265; x_wconf 86' lang='lat' dir='ltr'>meritis</span> <span class='ocrx_word' id='word_1_344' title='bbox 982 4207 1266 4262; x_wconf 89' lang='lat' dir='ltr'>amabatur</span> <span class='ocrx_word' id='word_1_345' title='bbox 1287 4205 1356 4260; x_wconf 90' lang='lat' dir='ltr'>ab</span> <span class='ocrx_word' id='word_1_346' title='bbox 1404 4204 1674 4274; x_wconf 90' lang='lat' dir='ltr'>omnibus,</span> <span class='ocrx_word' id='word_1_347' title='bbox 1711 4203 1829 4276; x_wconf 90' lang='lat' dir='ltr'>pla-</span> 
     </span>
    </p>
   </div>
   <div class='ocr_carea' id='block_1_53' title="bbox 233 4297 654 4355">
    <p class='ocr_par' dir='ltr' id='par_1_53' title="bbox 233 4297 654 4355">
     <span class='ocr_line' id='line_1_53' title="bbox 233 4297 654 4355; baseline -0.002 -1"><span class='ocrx_word' id='word_1_348' title='bbox 233 4297 341 4354; x_wconf 90' lang='lat' dir='ltr'>cuit</span> <span class='ocrx_word' id='word_1_349' title='bbox 369 4298 654 4355; x_wconf 89' lang='lat' dir='ltr'>universis.</span> 
     </span>
    </p>
   </div>
   <div class='ocr_carea' id='block_1_54' title="bbox 859 4412 1197 4471">
    <p class='ocr_par' dir='ltr' id='par_1_54' title="bbox 859 4412 1197 4471">
     <span class='ocr_line' id='line_1_54' title="bbox 859 4412 1197 4471; baseline -0.012 -1"><span class='ocrx_word' id='word_1_350' title='bbox 859 4412 1086 4471; x_wconf 82' lang='lat' dir='ltr'>CAPUT</span> <span class='ocrx_word' id='word_1_351' title='bbox 1131 4412 1197 4468; x_wconf 92' lang='lat' dir='ltr'>II.</span> 
     </span>
    </p>
   </div>
   <div class='ocr_carea' id='block_1_55' title="bbox 237 4517 1835 4596">
    <p class='ocr_par' dir='ltr' id='par_1_55' title="bbox 237 4517 1835 4596">
     <span class='ocr_line' id='line_1_55' title="bbox 237 4517 1835 4596; baseline -0.006 -16"><span class='ocrx_word' id='word_1_352' title='bbox 237 4523 492 4592; x_wconf 81' lang='lat' dir='ltr'>Qualiter</span> <span class='ocrx_word' id='word_1_353' title='bbox 501 4525 689 4581; x_wconf 83' lang='lat' dir='ltr'>sancti</span> <span class='ocrx_word' id='word_1_354' title='bbox 701 4524 830 4596; x_wconf 82' lang='lat' dir='ltr'>viri,</span> <span class='ocrx_word' id='word_1_355' title='bbox 836 4538 936 4596; x_wconf 85' lang='lat' dir='ltr'>pro</span> <span class='ocrx_word' id='word_1_356' title='bbox 948 4522 1183 4596; x_wconf 78' lang='lat' dir='ltr'>nomine</span> <span class='ocrx_word' id='word_1_357' title='bbox 1193 4517 1420 4577; x_wconf 82' lang='lat' dir='ltr'>Domini</span> <span class='ocrx_word' id='word_1_358' title='bbox 1433 4517 1835 4596; x_wconf 77' lang='lat' dir='ltr'>peregrinatio-</span> 
     </span>
    </p>
   </div>
   <div class='ocr_carea' id='block_1_56' title="bbox 304 4589 1827 4668">
    <p class='ocr_par' dir='ltr' id='par_1_56' title="bbox 304 4589 1827 4668">
     <span class='ocr_line' id='line_1_56' title="bbox 304 4589 1827 4668; baseline -0.005 -18"><span class='ocrx_word' id='word_1_359' title='bbox 304 4611 435 4652; x_wconf 87' lang='lat' dir='ltr'>nem</span> <span class='ocrx_word' id='word_1_360' title='bbox 456 4596 717 4668; x_wconf 83' lang='lat' dir='ltr'>aggressi,</span> <span class='ocrx_word' id='word_1_361' title='bbox 743 4595 814 4650; x_wconf 81' lang='lat' dir='ltr'>ad</span> <span class='ocrx_word' id='word_1_362' title='bbox 836 4589 1180 4668; x_wconf 31' lang='lat' dir='ltr'>&#39;Sigibertvum</span> <span class='ocrx_word' id='word_1_363' title='bbox 1203 4607 1412 4668; x_wconf 83' lang='lat' dir='ltr'>_regem</span> <span class='ocrx_word' id='word_1_364' title='bbox 1435 4589 1827 4663; x_wconf 68' lang='lat' dir='ltr'>pervenerint,</span> 
     </span>
    </p>
   </div>
   <div class='ocr_carea' id='block_1_57' title="bbox 307 4664 1330 4738">
    <p class='ocr_par' dir='ltr' id='par_1_57' title="bbox 307 4664 1330 4738">
     <span class='ocr_line' id='line_1_57' title="bbox 307 4664 1330 4738; baseline -0.006 -16"><span class='ocrx_word' id='word_1_365' title='bbox 307 4671 363 4723; x_wconf 88' lang='lat' dir='ltr'>et</span> <span class='ocrx_word' id='word_1_366' title='bbox 384 4664 700 4724; x_wconf 55' lang='lat' dir='ltr'>Lux&#39;ovium</span> <span class='ocrx_word' id='word_1_367' title='bbox 724 4664 998 4738; x_wconf 68' lang='lat' dir='ltr'>coeperint</span> <span class='ocrx_word' id='word_1_368' title='bbox 1062 4664 1330 4720; x_wconf 81' lang='lat' dir='ltr'>incolere.</span> 
     </span>
    </p>
   </div>
   <div class='ocr_carea' id='block_1_58' title="bbox 303 4774 1826 4855">
    <p class='ocr_par' dir='ltr' id='par_1_58' title="bbox 303 4774 1826 4855">
     <span class='ocr_line' id='line_1_58' title="bbox 303 4774 1826 4855; baseline -0.007 -16"><span class='ocrx_word' id='word_1_369' title='bbox 303 4783 444 4839; x_wconf 91' lang='lat' dir='ltr'>Dum</span> <span class='ocrx_word' id='word_1_370' title='bbox 473 4783 590 4838; x_wconf 76' lang='lat' dir='ltr'>haec</span> <span class='ocrx_word' id='word_1_371' title='bbox 619 4787 935 4855; x_wconf 85' lang='lat' dir='ltr'>agerentur,</span> <span class='ocrx_word' id='word_1_372' title='bbox 967 4777 1220 4851; x_wconf 89' lang='lat' dir='ltr'>quodidie</span> <span class='ocrx_word' id='word_1_373' title='bbox 1237 4777 1427 4832; x_wconf 88' lang='lat' dir='ltr'>beatus</span> <span class='ocrx_word' id='word_1_374' title='bbox 1445 4774 1826 4841; x_wconf 90' lang='lat' dir='ltr'>Columbanus,</span> 
     </span>
    </p>
   </div>
   <div class='ocr_carea' id='block_1_59' title="bbox 236 4863 1829 4944">
    <p class='ocr_par' dir='ltr' id='par_1_59' title="bbox 236 4863 1829 4944">
     <span class='ocr_line' id='line_1_59' title="bbox 236 4863 1829 4944; baseline -0.006 -16"><span class='ocrx_word' id='word_1_375' title='bbox 236 4871 607 4944; x_wconf 81' lang='lat' dir='ltr'>evangelicam</span> <span class='ocrx_word' id='word_1_376' title='bbox 633 4869 860 4943; x_wconf 90' lang='lat' dir='ltr'>cupiens</span> <span class='ocrx_word' id='word_1_377' title='bbox 887 4868 1104 4939; x_wconf 90' lang='lat' dir='ltr'>assequi</span> <span class='ocrx_word' id='word_1_378' title='bbox 1131 4865 1538 4939; x_wconf 82' lang='lat' dir='ltr'>perfectionem,</span> <span class='ocrx_word' id='word_1_379' title='bbox 1571 4872 1629 4919; x_wconf 90' lang='lat' dir='ltr'>ut</span> <span class='ocrx_word' id='word_1_380' title='bbox 1672 4863 1829 4920; x_wconf 91' lang='lat' dir='ltr'>vide-</span> 
     </span>
    </p>
   </div>
   <div class='ocr_carea' id='block_1_60' title="bbox 230 4955 1830 5032">
    <p class='ocr_par' dir='ltr' id='par_1_60' title="bbox 230 4955 1830 5032">
     <span class='ocr_line' id='line_1_60' title="bbox 230 4955 1830 5032; baseline -0.005 -17"><span class='ocrx_word' id='word_1_381' title='bbox 230 4961 359 5016; x_wconf 88' lang='lat' dir='ltr'>licet</span> <span class='ocrx_word' id='word_1_382' title='bbox 389 4961 638 5017; x_wconf 89' lang='lat' dir='ltr'>omnibus</span> <span class='ocrx_word' id='word_1_383' title='bbox 683 4976 804 5032; x_wconf 68' lang='lat' dir='ltr'>qua:</span> <span class='ocrx_word' id='word_1_384' title='bbox 847 4957 1080 5014; x_wconf 83' lang='lat' dir='ltr'>habebat</span> <span class='ocrx_word' id='word_1_385' title='bbox 1145 4955 1366 5022; x_wconf 90' lang='lat' dir='ltr'>relictis,</span> <span class='ocrx_word' id='word_1_386' title='bbox 1413 4969 1632 5011; x_wconf 91' lang='lat' dir='ltr'>crucem</span> <span class='ocrx_word' id='word_1_387' title='bbox 1678 4969 1830 5008; x_wconf 90' lang='lat' dir='ltr'>suam</span> 
     </span>
    </p>
   </div>
   <div class='ocr_carea' id='block_1_61' title="bbox 236 5041 1830 5116">
    <p class='ocr_par' dir='ltr' id='par_1_61' title="bbox 236 5041 1830 5116">
     <span class='ocr_line' id='line_1_61' title="bbox 236 5041 1830 5116; baseline -0.004 -13"><span class='ocrx_word' id='word_1_388' title='bbox 236 5049 468 5115; x_wconf 83' lang='lat' dir='ltr'>tolleret,</span> <span class='ocrx_word' id='word_1_389' title='bbox 501 5057 555 5106; x_wconf 90' lang='lat' dir='ltr'>et</span> <span class='ocrx_word' id='word_1_390' title='bbox 581 5049 757 5104; x_wconf 90' lang='lat' dir='ltr'>nudus</span> <span class='ocrx_word' id='word_1_391' title='bbox 785 5047 1075 5104; x_wconf 88' lang='lat' dir='ltr'>Dominum</span> <span class='ocrx_word' id='word_1_392' title='bbox 1107 5051 1460 5116; x_wconf 88' lang='lat' dir='ltr'>sequeretur;</span> <span class='ocrx_word' id='word_1_393' title='bbox 1483 5041 1711 5099; x_wconf 83' lang='lat' dir='ltr'>consilio</span> <span class='ocrx_word' id='word_1_394' title='bbox 1732 5057 1830 5097; x_wconf 90' lang='lat' dir='ltr'>suo</span> 
     </span>
    </p>
   </div>
   <div class='ocr_carea' id='block_1_62' title="bbox 237 5130 1823 5214">
    <p class='ocr_par' dir='ltr' id='par_1_62' title="bbox 237 5130 1823 5214">
     <span class='ocr_line' id='line_1_62' title="bbox 237 5130 1823 5214; baseline -0.005 -19"><span class='ocrx_word' id='word_1_395' title='bbox 237 5138 348 5214; x_wconf 83' lang='lat' dir='ltr'>egit</span> <span class='ocrx_word' id='word_1_396' title='bbox 377 5153 499 5194; x_wconf 90' lang='lat' dir='ltr'>cum</span> <span class='ocrx_word' id='word_1_397' title='bbox 527 5135 806 5204; x_wconf 84' lang='lat' dir='ltr'>fratribus,</span> <span class='ocrx_word' id='word_1_398' title='bbox 839 5151 1068 5208; x_wconf 90' lang='lat' dir='ltr'>quorum</span> <span class='ocrx_word' id='word_1_399' title='bbox 1098 5133 1308 5189; x_wconf 90' lang='lat' dir='ltr'>animos</span> <span class='ocrx_word' id='word_1_400' title='bbox 1337 5132 1480 5188; x_wconf 89' lang='lat' dir='ltr'>idem</span> <span class='ocrx_word' id='word_1_401' title='bbox 1511 5130 1691 5188; x_wconf 82' lang='lat' dir='ltr'>fervor</span> <span class='ocrx_word' id='word_1_402' title='bbox 1732 5146 1823 5187; x_wconf 79' lang='lat' dir='ltr'>ac-</span> 
     </span>
    </p>
   </div>
   <div class='ocr_carea' id='block_1_63' title="bbox 236 5219 1832 5296">
    <p class='ocr_par' dir='ltr' id='par_1_63' title="bbox 236 5219 1832 5296">
     <span class='ocr_line' id='line_1_63' title="bbox 236 5219 1832 5296; baseline -0.006 -11"><span class='ocrx_word' id='word_1_403' title='bbox 236 5227 515 5292; x_wconf 86' lang='lat' dir='ltr'>cenderat,</span> <span class='ocrx_word' id='word_1_404' title='bbox 549 5233 626 5294; x_wconf 90' lang='lat' dir='ltr'>ut,</span> <span class='ocrx_word' id='word_1_405' title='bbox 654 5233 838 5296; x_wconf 86' lang='lat' dir='ltr'>spreta</span> <span class='ocrx_word' id='word_1_406' title='bbox 852 5223 1277 5296; x_wconf 89' lang='lat' dir='ltr'>propinquorum</span> <span class='ocrx_word' id='word_1_407' title='bbox 1298 5230 1351 5278; x_wconf 93' lang='lat' dir='ltr'>et</span> <span class='ocrx_word' id='word_1_408' title='bbox 1370 5219 1698 5293; x_wconf 64' lang='lat' dir='ltr'>prmdiorum</span> <span class='ocrx_word' id='word_1_409' title='bbox 1717 5219 1832 5276; x_wconf 84' lang='lat' dir='ltr'>dul-</span> 
     </span>
    </p>
   </div>
   <div class='ocr_carea' id='block_1_64' title="bbox 242 5311 1838 5385">
    <p class='ocr_par' dir='ltr' id='par_1_64' title="bbox 242 5311 1838 5385">
     <span class='ocr_line' id='line_1_64' title="bbox 242 5311 1838 5385; baseline -0.006 -9"><span class='ocrx_word' id='word_1_410' title='bbox 242 5318 457 5385; x_wconf 78' lang='lat' dir='ltr'>eedine,</span> <span class='ocrx_word' id='word_1_411' title='bbox 490 5313 690 5372; x_wconf 87' lang='lat' dir='ltr'>mentis</span> <span class='ocrx_word' id='word_1_412' title='bbox 722 5313 942 5369; x_wconf 90' lang='lat' dir='ltr'>adorem</span> <span class='ocrx_word' id='word_1_413' title='bbox 971 5327 1140 5384; x_wconf 83' lang='lat' dir='ltr'>opere</span> <span class='ocrx_word' id='word_1_414' title='bbox 1178 5311 1612 5384; x_wconf 88' lang='lat' dir='ltr'>comprobarent.</span> <span class='ocrx_word' id='word_1_415' title='bbox 1635 5311 1838 5366; x_wconf 83' lang='lat' dir='ltr'>Ascen-</span> 
     </span>
    </p>
   </div>
   <div class='ocr_carea' id='block_1_65' title="bbox 281 5465 1831 5532">
    <p class='ocr_par' dir='ltr' id='par_1_65' title="bbox 281 5465 1831 5532">
     <span class='ocr_line' id='line_1_65' title="bbox 281 5465 1831 5532; baseline -0.009 -8"><span class='ocrx_word' id='word_1_416' title='bbox 281 5483 300 5507; x_wconf 74' lang='grc'><strong><em>⁸</em></strong></span> <span class='ocrx_word' id='word_1_417' title='bbox 360 5477 481 5532; x_wconf 68' lang='lat' dir='ltr'>Quae</span> <span class='ocrx_word' id='word_1_418' title='bbox 527 5474 592 5522; x_wconf 88' lang='lat' dir='ltr'>de</span> <span class='ocrx_word' id='word_1_419' title='bbox 640 5470 784 5530; x_wconf 79' lang='lat' dir='ltr'>regia</span> <span class='ocrx_word' id='word_1_420' title='bbox 840 5468 972 5515; x_wconf 84' lang='lat' dir='ltr'>beati</span> <span class='ocrx_word' id='word_1_421' title='bbox 1021 5467 1146 5516; x_wconf 83' lang='lat' dir='ltr'>Galli</span> <span class='ocrx_word' id='word_1_422' title='bbox 1203 5467 1438 5525; x_wconf 81' lang='lat' dir='ltr'>prosapia</span> <span class='ocrx_word' id='word_1_423' title='bbox 1502 5465 1727 5514; x_wconf 78' lang='lat' dir='ltr'>referunt</span> <span class='ocrx_word' id='word_1_424' title='bbox 1801 5474 1831 5511; x_wconf 87' lang='lat' dir='ltr'>a</span> 
     </span>
    </p>
   </div>
   <div class='ocr_carea' id='block_1_66' title="bbox 240 5537 1832 5601">
    <p class='ocr_par' dir='ltr' id='par_1_66' title="bbox 240 5537 1832 5601">
     <span class='ocr_line' id='line_1_66' title="bbox 240 5537 1832 5601; baseline -0.008 -4"><span class='ocrx_word' id='word_1_425' title='bbox 240 5546 495 5601; x_wconf 81' lang='lat' dir='ltr'>Goldasto,</span> <span class='ocrx_word' id='word_1_426' title='bbox 538 5555 641 5594; x_wconf 90' lang='lat' dir='ltr'>non</span> <span class='ocrx_word' id='word_1_427' title='bbox 680 5543 807 5591; x_wconf 83' lang='lat' dir='ltr'>satis</span> <span class='ocrx_word' id='word_1_428' title='bbox 823 5540 1103 5598; x_wconf 80' lang='lat' dir='ltr'>approbata</span> <span class='ocrx_word' id='word_1_429' title='bbox 1141 5541 1388 5587; x_wconf 86' lang='lat' dir='ltr'>videntur.</span> <span class='ocrx_word' id='word_1_430' title='bbox 1447 5541 1517 5586; x_wconf 81' lang='lat' dir='ltr'>Ex</span> <span class='ocrx_word' id='word_1_431' title='bbox 1589 5549 1710 5594; x_wconf 80' lang='lat' dir='ltr'>rege</span> <span class='ocrx_word' id='word_1_432' title='bbox 1754 5537 1832 5584; x_wconf 84' lang='lat' dir='ltr'>Hi-</span> 
     </span>
    </p>
   </div>
   <div class='ocr_carea' id='block_1_67' title="bbox 242 5610 1826 5672">
    <p class='ocr_par' dir='ltr' id='par_1_67' title="bbox 242 5610 1826 5672">
     <span class='ocr_line' id='line_1_67' title="bbox 242 5610 1826 5672; baseline -0.006 -8"><span class='ocrx_word' id='word_1_433' title='bbox 242 5618 431 5666; x_wconf 63' lang='lat' dir='ltr'>berniae</span> <span class='ocrx_word' id='word_1_434' title='bbox 489 5617 736 5667; x_wconf 87' lang='lat' dir='ltr'>Unucbun</span> <span class='ocrx_word' id='word_1_435' title='bbox 765 5613 1058 5672; x_wconf 87' lang='lat' dir='ltr'>procreatus</span> <span class='ocrx_word' id='word_1_436' title='bbox 1086 5610 1269 5658; x_wconf 87' lang='lat' dir='ltr'>dicitur</span> <span class='ocrx_word' id='word_1_437' title='bbox 1337 5610 1667 5665; x_wconf 82' lang='lat' dir='ltr'>Kethernacb,</span> <span class='ocrx_word' id='word_1_438' title='bbox 1741 5619 1826 5666; x_wconf 85' lang='lat' dir='ltr'>pa-</span> 
     </span>
    </p>
   </div>
   <div class='ocr_carea' id='block_1_68' title="bbox 243 5680 1831 5747">
    <p class='ocr_par' dir='ltr' id='par_1_68' title="bbox 243 5680 1831 5747">
     <span class='ocr_line' id='line_1_68' title="bbox 243 5680 1831 5747; baseline -0.006 -11"><span class='ocrx_word' id='word_1_439' title='bbox 243 5693 320 5736; x_wconf 90' lang='lat' dir='ltr'>ter</span> <span class='ocrx_word' id='word_1_440' title='bbox 357 5689 488 5736; x_wconf 85' lang='lat' dir='ltr'>beati</span> <span class='ocrx_word' id='word_1_441' title='bbox 548 5687 690 5747; x_wconf 85' lang='lat' dir='ltr'>Galli,</span> <span class='ocrx_word' id='word_1_442' title='bbox 737 5687 819 5744; x_wconf 87' lang='lat' dir='ltr'>qui</span> <span class='ocrx_word' id='word_1_443' title='bbox 862 5684 1024 5743; x_wconf 87' lang='lat' dir='ltr'>patria</span> <span class='ocrx_word' id='word_1_444' title='bbox 1068 5683 1244 5741; x_wconf 79' lang='lat' dir='ltr'>lingua</span> <span class='ocrx_word' id='word_1_445' title='bbox 1306 5680 1503 5730; x_wconf 85' lang='lat' dir='ltr'>Gallach</span> <span class='ocrx_word' id='word_1_446' title='bbox 1543 5681 1702 5728; x_wconf 87' lang='lat' dir='ltr'>dictus</span> <span class='ocrx_word' id='word_1_447' title='bbox 1755 5691 1831 5727; x_wconf 89' lang='lat' dir='ltr'>re-</span> 
     </span>
    </p>
   </div>
   <div class='ocr_carea' id='block_1_69' title="bbox 1844 4473 1899 4534">
    <p class='ocr_par' dir='ltr' id='par_1_69' title="bbox 1844 4473 1899 4534">
     <span class='ocr_line' id='line_1_69' title="bbox 1844 4473 1899 4534; baseline 0 0"><span class='ocrx_word' id='word_1_448' title='bbox 1844 4473 1899 4534; x_wconf 94' lang='lat' dir='ltr'>D</span> 
     </span>
    </p>
   </div>
   <div class='ocr_carea' id='block_1_70' title="bbox 1897 1803 3494 1880">
    <p class='ocr_par' dir='ltr' id='par_1_70' title="bbox 1897 1803 3494 1880">
     <span class='ocr_line' id='line_1_70' title="bbox 1897 1803 3494 1880; baseline -0.005 -16"><span class='ocrx_word' id='word_1_449' title='bbox 1897 1809 2222 1880; x_wconf 89' lang='lat' dir='ltr'>respondit:</span> <span class='ocrx_word' id='word_1_450' title='bbox 2281 1808 2385 1876; x_wconf 85' lang='lat' dir='ltr'>Qui</span> <span class='ocrx_word' id='word_1_451' title='bbox 2441 1814 2629 1862; x_wconf 89' lang='lat' dir='ltr'>nostra</span> <span class='ocrx_word' id='word_1_452' title='bbox 2685 1806 3024 1878; x_wconf 90' lang='lat' dir='ltr'>reliquimus,</span> <span class='ocrx_word' id='word_1_453' title='bbox 3078 1811 3135 1858; x_wconf 89' lang='lat' dir='ltr'>ut</span> <span class='ocrx_word' id='word_1_454' title='bbox 3191 1803 3494 1858; x_wconf 90' lang='lat' dir='ltr'>secundum</span> 
     </span>
    </p>
   </div>
   <div class='ocr_carea' id='block_1_71' title="bbox 1899 1895 3500 1970">
    <p class='ocr_par' dir='ltr' id='par_1_71' title="bbox 1899 1895 3500 1970">
     <span class='ocr_line' id='line_1_71' title="bbox 1899 1895 3500 1970; baseline -0.004 -18"><span class='ocrx_word' id='word_1_455' title='bbox 1899 1896 2591 1970; x_wconf 85' lang='lat' dir='ltr'>evangelicamjussionem</span> <span class='ocrx_word' id='word_1_456' title='bbox 2622 1895 2909 1950; x_wconf 92' lang='lat' dir='ltr'>Dominum</span> <span class='ocrx_word' id='word_1_457' title='bbox 2952 1909 3328 1967; x_wconf 88' lang='lat' dir='ltr'>sequeremur,</span> <span class='ocrx_word' id='word_1_458' title='bbox 3390 1907 3500 1947; x_wconf 90' lang='lat' dir='ltr'>non</span> 
     </span>
    </p>
   </div>
   <div class='ocr_carea' id='block_1_72' title="bbox 1898 1981 3502 2056">
    <p class='ocr_par' dir='ltr' id='par_1_72' title="bbox 1898 1981 3502 2056">
     <span class='ocr_line' id='line_1_72' title="bbox 1898 1981 3502 2056; baseline -0.004 -14"><span class='ocrx_word' id='word_1_459' title='bbox 1898 1988 2158 2043; x_wconf 87' lang='lat' dir='ltr'>debemus</span> <span class='ocrx_word' id='word_1_460' title='bbox 2189 1986 2394 2041; x_wconf 89' lang='lat' dir='ltr'>alienas</span> <span class='ocrx_word' id='word_1_461' title='bbox 2425 1985 2678 2056; x_wconf 88' lang='lat' dir='ltr'>amplecti</span> <span class='ocrx_word' id='word_1_462' title='bbox 2711 1984 2947 2050; x_wconf 91' lang='lat' dir='ltr'>divitias,</span> <span class='ocrx_word' id='word_1_463' title='bbox 2983 1999 3051 2038; x_wconf 91' lang='lat' dir='ltr'>ne</span> <span class='ocrx_word' id='word_1_464' title='bbox 3082 1982 3218 2038; x_wconf 82' lang='lat' dir='ltr'>forte</span> <span class='ocrx_word' id='word_1_465' title='bbox 3247 1981 3502 2052; x_wconf 67' lang='lat' dir='ltr'>praevari-</span> 
     </span>
    </p>
   </div>
   <div class='ocr_carea' id='block_1_73' title="bbox 1899 2071 3503 2142">
    <p class='ocr_par' dir='ltr' id='par_1_73' title="bbox 1899 2071 3503 2142">
     <span class='ocr_line' id='line_1_73' title="bbox 1899 2071 3503 2142; baseline -0.005 -10"><span class='ocrx_word' id='word_1_466' title='bbox 1899 2085 2107 2134; x_wconf 88' lang='lat' dir='ltr'>catores</span> <span class='ocrx_word' id='word_1_467' title='bbox 2137 2075 2302 2130; x_wconf 91' lang='lat' dir='ltr'>simus</span> <span class='ocrx_word' id='word_1_468' title='bbox 2331 2075 2498 2129; x_wconf 88' lang='lat' dir='ltr'>divini</span> <span class='ocrx_word' id='word_1_469' title='bbox 2546 2073 2805 2128; x_wconf 90' lang='lat' dir='ltr'>mandati.</span> <span class='ocrx_word' id='word_1_470' title='bbox 2857 2073 3020 2142; x_wconf 87' lang='lat' dir='ltr'>Cujus</span> <span class='ocrx_word' id='word_1_471' title='bbox 3069 2071 3362 2140; x_wconf 87' lang='lat' dir='ltr'>objectioni</span> <span class='ocrx_word' id='word_1_472' title='bbox 3409 2086 3503 2125; x_wconf 78' lang='lat' dir='ltr'>rex</span> 
     </span>
    </p>
   </div>
   <div class='ocr_carea' id='block_1_74' title="bbox 1901 2159 3506 2221">
    <p class='ocr_par' dir='ltr' id='par_1_74' title="bbox 1901 2159 3506 2221">
     <span class='ocr_line' id='line_1_74' title="bbox 1901 2159 3506 2221; baseline -0.003 -2"><span class='ocrx_word' id='word_1_473' title='bbox 1901 2166 1975 2221; x_wconf 91' lang='lat' dir='ltr'>ita</span> <span class='ocrx_word' id='word_1_474' title='bbox 2003 2181 2297 2220; x_wconf 89' lang='lat' dir='ltr'>occurrens</span> <span class='ocrx_word' id='word_1_475' title='bbox 2343 2162 2416 2218; x_wconf 90' lang='lat' dir='ltr'>ait</span> <span class='ocrx_word' id='word_1_476' title='bbox 2466 2180 2480 2219; x_wconf 93' lang='lat'>:</span> <span class='ocrx_word' id='word_1_477' title='bbox 2528 2163 2584 2218; x_wconf 92' lang='lat' dir='ltr'>Si</span> <span class='ocrx_word' id='word_1_478' title='bbox 2628 2178 2848 2218; x_wconf 89' lang='lat' dir='ltr'>crucem</span> <span class='ocrx_word' id='word_1_479' title='bbox 2895 2161 3087 2217; x_wconf 90' lang='lat' dir='ltr'>tollere</span> <span class='ocrx_word' id='word_1_480' title='bbox 3134 2169 3187 2216; x_wconf 90' lang='lat' dir='ltr'>et</span> <span class='ocrx_word' id='word_1_481' title='bbox 3232 2159 3506 2216; x_wconf 87' lang='lat' dir='ltr'>Christum</span> 
     </span>
    </p>
   </div>
   <div class='ocr_carea' id='block_1_75' title="bbox 1901 2249 3508 2326">
    <p class='ocr_par' dir='ltr' id='par_1_75' title="bbox 1901 2249 3508 2326">
     <span class='ocr_line' id='line_1_75' title="bbox 1901 2249 3508 2326; baseline -0.005 -16"><span class='ocrx_word' id='word_1_482' title='bbox 1901 2254 2055 2326; x_wconf 88' lang='lat' dir='ltr'>sequi</span> <span class='ocrx_word' id='word_1_483' title='bbox 2083 2253 2382 2318; x_wconf 87' lang='lat' dir='ltr'>desideras,</span> <span class='ocrx_word' id='word_1_484' title='bbox 2417 2259 2582 2308; x_wconf 68' lang='lat' dir='ltr'>vastae</span> <span class='ocrx_word' id='word_1_485' title='bbox 2611 2251 2779 2306; x_wconf 91' lang='lat' dir='ltr'>eremi</span> <span class='ocrx_word' id='word_1_486' title='bbox 2809 2258 3018 2306; x_wconf 86' lang='lat' dir='ltr'>sectare</span> <span class='ocrx_word' id='word_1_487' title='bbox 3067 2249 3305 2322; x_wconf 89' lang='lat' dir='ltr'>quietem</span> <span class='ocrx_word' id='word_1_488' title='bbox 3339 2266 3352 2303; x_wconf 92' lang='lat'>:</span> <span class='ocrx_word' id='word_1_489' title='bbox 3377 2256 3508 2302; x_wconf 64' lang='lat' dir='ltr'>tan-</span> 
     </span>
    </p>
   </div>
   <div class='ocr_carea' id='block_1_76' title="bbox 1903 2338 3512 2410">
    <p class='ocr_par' dir='ltr' id='par_1_76' title="bbox 1903 2338 3512 2410">
     <span class='ocr_line' id='line_1_76' title="bbox 1903 2338 3512 2410; baseline -0.004 -12"><span class='ocrx_word' id='word_1_490' title='bbox 1903 2352 2017 2398; x_wconf 89' lang='lat' dir='ltr'>tum</span> <span class='ocrx_word' id='word_1_491' title='bbox 2045 2359 2113 2397; x_wconf 90' lang='lat' dir='ltr'>ne</span> <span class='ocrx_word' id='word_1_492' title='bbox 2143 2341 2260 2398; x_wconf 90' lang='lat' dir='ltr'>solo</span> <span class='ocrx_word' id='word_1_493' title='bbox 2291 2349 2494 2396; x_wconf 67' lang='lat' dir='ltr'>nostrae</span> <span class='ocrx_word' id='word_1_494' title='bbox 2523 2339 2742 2396; x_wconf 87' lang='lat' dir='ltr'>ditionis</span> <span class='ocrx_word' id='word_1_495' title='bbox 2773 2339 2981 2410; x_wconf 89' lang='lat' dir='ltr'>relicto,</span> <span class='ocrx_word' id='word_1_496' title='bbox 3005 2340 3072 2394; x_wconf 90' lang='lat' dir='ltr'>ad</span> <span class='ocrx_word' id='word_1_497' title='bbox 3104 2338 3306 2395; x_wconf 88' lang='lat' dir='ltr'>vicinas</span> <span class='ocrx_word' id='word_1_498' title='bbox 3335 2346 3512 2392; x_wconf 86' lang='lat' dir='ltr'>trans-</span> 
     </span>
    </p>
   </div>
   <div class='ocr_carea' id='block_1_77' title="bbox 1904 2428 3503 2498">
    <p class='ocr_par' dir='ltr' id='par_1_77' title="bbox 1904 2428 3503 2498">
     <span class='ocr_line' id='line_1_77' title="bbox 1904 2428 3503 2498; baseline -0.003 -10"><span class='ocrx_word' id='word_1_499' title='bbox 1904 2449 1996 2489; x_wconf 91' lang='lat' dir='ltr'>eas</span> <span class='ocrx_word' id='word_1_500' title='bbox 2026 2432 2292 2486; x_wconf 89' lang='lat' dir='ltr'>nationes.</span> <span class='ocrx_word' id='word_1_501' title='bbox 2326 2429 2537 2485; x_wconf 89' lang='lat' dir='ltr'>Poteris</span> <span class='ocrx_word' id='word_1_502' title='bbox 2566 2428 2711 2484; x_wconf 89' lang='lat' dir='ltr'>enim</span> <span class='ocrx_word' id='word_1_503' title='bbox 2742 2429 2845 2484; x_wconf 91' lang='lat' dir='ltr'>hoc</span> <span class='ocrx_word' id='word_1_504' title='bbox 2867 2428 3093 2484; x_wconf 90' lang='lat' dir='ltr'>consilio</span> <span class='ocrx_word' id='word_1_505' title='bbox 3125 2437 3177 2483; x_wconf 92' lang='lat' dir='ltr'>et</span> <span class='ocrx_word' id='word_1_506' title='bbox 3221 2435 3308 2482; x_wconf 88' lang='lat' dir='ltr'>tua</span> <span class='ocrx_word' id='word_1_507' title='bbox 3355 2441 3503 2498; x_wconf 70' lang='lat' dir='ltr'>prte-</span> 
     </span>
    </p>
   </div>
   <div class='ocr_carea' id='block_1_78' title="bbox 1904 2516 3507 2588">
    <p class='ocr_par' dir='ltr' id='par_1_78' title="bbox 1904 2516 3507 2588">
     <span class='ocr_line' id='line_1_78' title="bbox 1904 2516 3507 2588; baseline -0.005 -12"><span class='ocrx_word' id='word_1_508' title='bbox 1904 2521 2009 2577; x_wconf 92' lang='lat' dir='ltr'>mia</span> <span class='ocrx_word' id='word_1_509' title='bbox 2039 2520 2334 2585; x_wconf 89' lang='lat' dir='ltr'>cumulare,</span> <span class='ocrx_word' id='word_1_510' title='bbox 2386 2527 2437 2574; x_wconf 87' lang='lat' dir='ltr'>et</span> <span class='ocrx_word' id='word_1_511' title='bbox 2491 2527 2694 2574; x_wconf 66' lang='lat' dir='ltr'>nostrae</span> <span class='ocrx_word' id='word_1_512' title='bbox 2751 2517 2909 2572; x_wconf 88' lang='lat' dir='ltr'>saluti</span> <span class='ocrx_word' id='word_1_513' title='bbox 2988 2516 3324 2588; x_wconf 85' lang='lat' dir='ltr'>prospicere.</span> <span class='ocrx_word' id='word_1_514' title='bbox 3397 2517 3507 2570; x_wconf 88' lang='lat' dir='ltr'>Ita-</span> 
     </span>
    </p>
   </div>
   <div class='ocr_carea' id='block_1_79' title="bbox 1903 2604 3500 2681">
    <p class='ocr_par' dir='ltr' id='par_1_79' title="bbox 1903 2604 3500 2681">
     <span class='ocr_line' id='line_1_79' title="bbox 1903 2604 3500 2681; baseline -0.003 -17"><span class='ocrx_word' id='word_1_515' title='bbox 1903 2626 2006 2681; x_wconf 91' lang='lat' dir='ltr'>que</span> <span class='ocrx_word' id='word_1_516' title='bbox 2036 2609 2184 2681; x_wconf 88' lang='lat' dir='ltr'>regis</span> <span class='ocrx_word' id='word_1_517' title='bbox 2217 2607 2559 2680; x_wconf 90' lang='lat' dir='ltr'>persuasioni</span> <span class='ocrx_word' id='word_1_518' title='bbox 2590 2607 2886 2675; x_wconf 89' lang='lat' dir='ltr'>consensit,</span> <span class='ocrx_word' id='word_1_519' title='bbox 2921 2613 2972 2661; x_wconf 90' lang='lat' dir='ltr'>et</span> <span class='ocrx_word' id='word_1_520' title='bbox 3005 2614 3225 2676; x_wconf 89' lang='lat' dir='ltr'>accepta</span> <span class='ocrx_word' id='word_1_521' title='bbox 3277 2604 3500 2676; x_wconf 86' lang='lat' dir='ltr'>optione</span> 
     </span>
    </p>
   </div>
   <div class='ocr_carea' id='block_1_80' title="bbox 1907 2693 3504 2770">
    <p class='ocr_par' dir='ltr' id='par_1_80' title="bbox 1907 2693 3504 2770">
     <span class='ocr_line' id='line_1_80' title="bbox 1907 2693 3504 2770; baseline -0.004 -17"><span class='ocrx_word' id='word_1_522' title='bbox 1907 2713 2151 2754; x_wconf 88' lang='lat' dir='ltr'>cremum</span> <span class='ocrx_word' id='word_1_523' title='bbox 2181 2714 2300 2769; x_wconf 65' lang='lat' dir='ltr'>quae</span> <span class='ocrx_word' id='word_1_524' title='bbox 2347 2698 2600 2770; x_wconf 84' lang='lat' dir='ltr'>Vosagus</span> <span class='ocrx_word' id='word_1_525' title='bbox 2649 2695 2731 2767; x_wconf 85' lang='lat' dir='ltr'>(la</span> <span class='ocrx_word' id='word_1_526' title='bbox 2775 2695 2956 2767; x_wconf 78' lang='lat' dir='ltr'>Vosge)</span> <span class='ocrx_word' id='word_1_527' title='bbox 2989 2695 3186 2749; x_wconf 90' lang='lat' dir='ltr'>dicitur</span> <span class='ocrx_word' id='word_1_528' title='bbox 3215 2709 3339 2750; x_wconf 90' lang='lat' dir='ltr'>cum</span> <span class='ocrx_word' id='word_1_529' title='bbox 3391 2693 3504 2748; x_wconf 91' lang='lat' dir='ltr'>suis</span> 
     </span>
    </p>
   </div>
   <div class='ocr_carea' id='block_1_81' title="bbox 1905 2783 3500 2855">
    <p class='ocr_par' dir='ltr' id='par_1_81' title="bbox 1905 2783 3500 2855">
     <span class='ocr_line' id='line_1_81' title="bbox 1905 2783 3500 2855; baseline -0.004 -13"><span class='ocrx_word' id='word_1_530' title='bbox 1905 2787 2143 2842; x_wconf 88' lang='lat' dir='ltr'>intravit.</span> <span class='ocrx_word' id='word_1_531' title='bbox 2179 2788 2506 2842; x_wconf 88' lang='lat' dir='ltr'>Invenerunt</span> <span class='ocrx_word' id='word_1_532' title='bbox 2537 2792 2717 2839; x_wconf 89' lang='lat' dir='ltr'>autem</span> <span class='ocrx_word' id='word_1_533' title='bbox 2747 2784 2928 2839; x_wconf 91' lang='lat' dir='ltr'>locum</span> <span class='ocrx_word' id='word_1_534' title='bbox 2975 2783 3148 2837; x_wconf 88' lang='lat' dir='ltr'>muris</span> <span class='ocrx_word' id='word_1_535' title='bbox 3201 2783 3500 2855; x_wconf 82' lang='lat' dir='ltr'>antiquitus</span> 
     </span>
    </p>
   </div>
   <div class='ocr_carea' id='block_1_82' title="bbox 1911 2873 3510 2948">
    <p class='ocr_par' dir='ltr' id='par_1_82' title="bbox 1911 2873 3510 2948">
     <span class='ocr_line' id='line_1_82' title="bbox 1911 2873 3510 2948; baseline -0.002 -17"><span class='ocrx_word' id='word_1_536' title='bbox 1911 2885 2144 2948; x_wconf 89' lang='lat' dir='ltr'>septum,</span> <span class='ocrx_word' id='word_1_537' title='bbox 2178 2875 2366 2932; x_wconf 88' lang='lat' dir='ltr'>calidis</span> <span class='ocrx_word' id='word_1_538' title='bbox 2397 2874 2552 2946; x_wconf 88' lang='lat' dir='ltr'>aquis</span> <span class='ocrx_word' id='word_1_539' title='bbox 2601 2873 2891 2946; x_wconf 88' lang='lat' dir='ltr'>irriguum,</span> <span class='ocrx_word' id='word_1_540' title='bbox 2945 2873 3043 2928; x_wconf 91' lang='lat' dir='ltr'>scd</span> <span class='ocrx_word' id='word_1_541' title='bbox 3080 2873 3193 2941; x_wconf 90' lang='lat' dir='ltr'>jam</span> <span class='ocrx_word' id='word_1_542' title='bbox 3242 2880 3510 2928; x_wconf 88' lang='lat' dir='ltr'>vetustate</span> 
     </span>
    </p>
   </div>
   <div class='ocr_carea' id='block_1_83' title="bbox 1912 2956 3505 3036">
    <p class='ocr_par' dir='ltr' id='par_1_83' title="bbox 1912 2956 3505 3036">
     <span class='ocr_line' id='line_1_83' title="bbox 1912 2956 3505 3036; baseline -0.003 -15"><span class='ocrx_word' id='word_1_543' title='bbox 1912 2966 2230 3036; x_wconf 88' lang='lat' dir='ltr'>collapsum,</span> <span class='ocrx_word' id='word_1_544' title='bbox 2255 2964 2347 3036; x_wconf 89' lang='lat' dir='ltr'>qui</span> <span class='ocrx_word' id='word_1_545' title='bbox 2368 2964 2532 3036; x_wconf 89' lang='lat' dir='ltr'>vulgo</span> <span class='ocrx_word' id='word_1_546' title='bbox 2550 2956 2846 3017; x_wconf 88' lang='lat' dir='ltr'>Luxovium</span> <span class='ocrx_word' id='word_1_547' title='bbox 2871 2962 3163 3032; x_wconf 75' lang='lat' dir='ltr'>(Luxeuil)</span> <span class='ocrx_word' id='word_1_548' title='bbox 3189 2961 3505 3017; x_wconf 87' lang='lat' dir='ltr'>vocabatur.</span> 
     </span>
    </p>
   </div>
   <div class='ocr_carea' id='block_1_84' title="bbox 1913 3049 3510 3121">
    <p class='ocr_par' dir='ltr' id='par_1_84' title="bbox 1913 3049 3510 3121">
     <span class='ocr_line' id='line_1_84' title="bbox 1913 3049 3510 3121; baseline -0.003 -12"><span class='ocrx_word' id='word_1_549' title='bbox 1913 3055 1992 3109; x_wconf 91' lang='lat' dir='ltr'>Ibi</span> <span class='ocrx_word' id='word_1_550' title='bbox 2023 3053 2320 3109; x_wconf 90' lang='lat' dir='ltr'>oratorium</span> <span class='ocrx_word' id='word_1_551' title='bbox 2350 3053 2404 3106; x_wconf 90' lang='lat' dir='ltr'>in</span> <span class='ocrx_word' id='word_1_552' title='bbox 2435 3054 2702 3107; x_wconf 86' lang='lat' dir='ltr'>honorem</span> <span class='ocrx_word' id='word_1_553' title='bbox 2735 3051 2879 3106; x_wconf 90' lang='lat' dir='ltr'>beati</span> <span class='ocrx_word' id='word_1_554' title='bbox 2912 3051 3057 3106; x_wconf 89' lang='lat' dir='ltr'>Petri</span> <span class='ocrx_word' id='word_1_555' title='bbox 3089 3049 3324 3121; x_wconf 91' lang='lat' dir='ltr'>apostoli</span> <span class='ocrx_word' id='word_1_556' title='bbox 3373 3065 3510 3106; x_wconf 88' lang='lat' dir='ltr'>con-</span> 
     </span>
    </p>
   </div>
   <div class='ocr_carea' id='block_1_85' title="bbox 1920 3139 3511 3212">
    <p class='ocr_par' dir='ltr' id='par_1_85' title="bbox 1920 3139 3511 3212">
     <span class='ocr_line' id='line_1_85' title="bbox 1920 3139 3511 3212; baseline -0.003 -13"><span class='ocrx_word' id='word_1_557' title='bbox 1920 3152 2210 3211; x_wconf 88' lang='lat' dir='ltr'>struentes,</span> <span class='ocrx_word' id='word_1_558' title='bbox 2245 3141 2653 3198; x_wconf 89' lang='lat' dir='ltr'>mansiunculas</span> <span class='ocrx_word' id='word_1_559' title='bbox 2682 3141 2738 3194; x_wconf 93' lang='lat' dir='ltr'>in</span> <span class='ocrx_word' id='word_1_560' title='bbox 2769 3141 2965 3212; x_wconf 90' lang='lat' dir='ltr'>quibus</span> <span class='ocrx_word' id='word_1_561' title='bbox 2993 3147 3402 3196; x_wconf 88' lang='lat' dir='ltr'>commanerent</span> <span class='ocrx_word' id='word_1_562' title='bbox 3433 3139 3511 3194; x_wconf 86' lang='lat' dir='ltr'>fe-</span> 
     </span>
    </p>
   </div>
   <div class='ocr_carea' id='block_1_86' title="bbox 1920 3229 3514 3304">
    <p class='ocr_par' dir='ltr' id='par_1_86' title="bbox 1920 3229 3514 3304">
     <span class='ocr_line' id='line_1_86' title="bbox 1920 3229 3514 3304; baseline -0.004 -14"><span class='ocrx_word' id='word_1_563' title='bbox 1920 3241 2130 3291; x_wconf 89' lang='lat' dir='ltr'>cerunt.</span> <span class='ocrx_word' id='word_1_564' title='bbox 2167 3232 2388 3304; x_wconf 89' lang='lat' dir='ltr'>Illisque</span> <span class='ocrx_word' id='word_1_565' title='bbox 2418 3231 2492 3285; x_wconf 91' lang='lat' dir='ltr'>ibi</span> <span class='ocrx_word' id='word_1_566' title='bbox 2524 3229 2981 3287; x_wconf 91' lang='lat' dir='ltr'>conversantibus</span> <span class='ocrx_word' id='word_1_567' title='bbox 3002 3237 3055 3285; x_wconf 91' lang='lat' dir='ltr'>et</span> <span class='ocrx_word' id='word_1_568' title='bbox 3111 3229 3286 3300; x_wconf 85' lang='lat' dir='ltr'>ipsum</span> <span class='ocrx_word' id='word_1_569' title='bbox 3336 3229 3514 3284; x_wconf 90' lang='lat' dir='ltr'>locum</span> 
     </span>
    </p>
   </div>
   <div class='ocr_carea' id='block_1_87' title="bbox 1919 3318 3516 3391">
    <p class='ocr_par' dir='ltr' id='par_1_87' title="bbox 1919 3318 3516 3391">
     <span class='ocr_line' id='line_1_87' title="bbox 1919 3318 3516 3391; baseline -0.004 -11"><span class='ocrx_word' id='word_1_570' title='bbox 1919 3322 2309 3386; x_wconf 87' lang='lat' dir='ltr'>excolentibus,</span> <span class='ocrx_word' id='word_1_571' title='bbox 2345 3321 2496 3375; x_wconf 89' lang='lat' dir='ltr'>multi</span> <span class='ocrx_word' id='word_1_572' title='bbox 2526 3336 2635 3375; x_wconf 93' lang='lat' dir='ltr'>non</span> <span class='ocrx_word' id='word_1_573' title='bbox 2666 3319 2840 3374; x_wconf 91' lang='lat' dir='ltr'>solum</span> <span class='ocrx_word' id='word_1_574' title='bbox 2861 3320 2928 3374; x_wconf 91' lang='lat' dir='ltr'>de</span> <span class='ocrx_word' id='word_1_575' title='bbox 2949 3335 3153 3391; x_wconf 89' lang='lat' dir='ltr'>genere</span> <span class='ocrx_word' id='word_1_576' title='bbox 3175 3318 3516 3390; x_wconf 81' lang='lat' dir='ltr'>Burgundio-</span> 
     </span>
    </p>
   </div>
   <div class='ocr_carea' id='block_1_88' title="bbox 1920 3407 3518 3483">
    <p class='ocr_par' dir='ltr' id='par_1_88' title="bbox 1920 3407 3518 3483">
     <span class='ocr_line' id='line_1_88' title="bbox 1920 3407 3518 3483; baseline -0.003 -15"><span class='ocrx_word' id='word_1_577' title='bbox 1920 3429 2070 3483; x_wconf 91' lang='lat' dir='ltr'>num,</span> <span class='ocrx_word' id='word_1_578' title='bbox 2103 3412 2201 3466; x_wconf 92' lang='lat' dir='ltr'>sed</span> <span class='ocrx_word' id='word_1_579' title='bbox 2223 3410 2386 3466; x_wconf 89' lang='lat' dir='ltr'>etiam</span> <span class='ocrx_word' id='word_1_580' title='bbox 2416 3411 2748 3465; x_wconf 91' lang='lat' dir='ltr'>Francorum</span> <span class='ocrx_word' id='word_1_581' title='bbox 2769 3424 2956 3464; x_wconf 89' lang='lat' dir='ltr'>amore</span> <span class='ocrx_word' id='word_1_582' title='bbox 2979 3409 3100 3463; x_wconf 67' lang='lat' dir='ltr'>vitae</span> <span class='ocrx_word' id='word_1_583' title='bbox 3136 3407 3423 3462; x_wconf 86' lang='lat' dir='ltr'>laudabilis</span> <span class='ocrx_word' id='word_1_584' title='bbox 3448 3407 3518 3463; x_wconf 86' lang='lat' dir='ltr'>ad</span> 
     </span>
    </p>
   </div>
   <div class='ocr_carea' id='block_1_89' title="bbox 1921 3495 3515 3573">
    <p class='ocr_par' dir='ltr' id='par_1_89' title="bbox 1921 3495 3515 3573">
     <span class='ocr_line' id='line_1_89' title="bbox 1921 3495 3515 3573; baseline -0.004 -17"><span class='ocrx_word' id='word_1_585' title='bbox 1921 3502 2070 3573; x_wconf 90' lang='lat' dir='ltr'>ipsos</span> <span class='ocrx_word' id='word_1_586' title='bbox 2099 3499 2474 3556; x_wconf 87' lang='lat' dir='ltr'>conﬂuxerunt</span> <span class='ocrx_word' id='word_1_587' title='bbox 2505 3517 2519 3565; x_wconf 88' lang='lat'><strong>;</strong></span> <span class='ocrx_word' id='word_1_588' title='bbox 2544 3507 2597 3553; x_wconf 89' lang='lat' dir='ltr'>et</span> <span class='ocrx_word' id='word_1_589' title='bbox 2625 3497 2844 3552; x_wconf 90' lang='lat' dir='ltr'>monitis</span> <span class='ocrx_word' id='word_1_590' title='bbox 2867 3496 3233 3568; x_wconf 87' lang='lat' dir='ltr'>spiritualibus</span> <span class='ocrx_word' id='word_1_591' title='bbox 3264 3495 3515 3563; x_wconf 89' lang='lat' dir='ltr'>instituti,</span> 
     </span>
    </p>
   </div>
   <div class='ocr_carea' id='block_1_90' title="bbox 1922 3585 3519 3660">
    <p class='ocr_par' dir='ltr' id='par_1_90' title="bbox 1922 3585 3519 3660">
     <span class='ocr_line' id='line_1_90' title="bbox 1922 3585 3519 3660; baseline -0.004 -14"><span class='ocrx_word' id='word_1_592' title='bbox 1922 3599 2128 3646; x_wconf 89' lang='lat' dir='ltr'>tantam</span> <span class='ocrx_word' id='word_1_593' title='bbox 2171 3587 2602 3660; x_wconf 89' lang='lat' dir='ltr'>compunctionis</span> <span class='ocrx_word' id='word_1_594' title='bbox 2649 3586 2876 3660; x_wconf 86' lang='lat' dir='ltr'>gratiam</span> <span class='ocrx_word' id='word_1_595' title='bbox 2953 3602 3019 3641; x_wconf 83' lang='lat' dir='ltr'>ex</span> <span class='ocrx_word' id='word_1_596' title='bbox 3084 3585 3266 3640; x_wconf 89' lang='lat' dir='ltr'>verbis</span> <span class='ocrx_word' id='word_1_597' title='bbox 3327 3600 3519 3640; x_wconf 88' lang='lat' dir='ltr'>eorum</span> 
     </span>
    </p>
   </div>
   <div class='ocr_carea' id='block_1_91' title="bbox 1923 3673 3513 3750">
    <p class='ocr_par' dir='ltr' id='par_1_91' title="bbox 1923 3673 3513 3750">
     <span class='ocr_line' id='line_1_91' title="bbox 1923 3673 3513 3750; baseline -0.004 -15"><span class='ocrx_word' id='word_1_598' title='bbox 1923 3679 2105 3750; x_wconf 89' lang='lat' dir='ltr'>adepti</span> <span class='ocrx_word' id='word_1_599' title='bbox 2135 3685 2277 3746; x_wconf 91' lang='lat' dir='ltr'>sunt,</span> <span class='ocrx_word' id='word_1_600' title='bbox 2313 3685 2370 3732; x_wconf 92' lang='lat' dir='ltr'>ut</span> <span class='ocrx_word' id='word_1_601' title='bbox 2399 3676 2582 3733; x_wconf 91' lang='lat' dir='ltr'>omnia</span> <span class='ocrx_word' id='word_1_602' title='bbox 2611 3691 2712 3731; x_wconf 90' lang='lat' dir='ltr'>sua</span> <span class='ocrx_word' id='word_1_603' title='bbox 2740 3675 2810 3730; x_wconf 91' lang='lat' dir='ltr'>ad</span> <span class='ocrx_word' id='word_1_604' title='bbox 2839 3676 3019 3746; x_wconf 89' lang='lat' dir='ltr'>ipsum</span> <span class='ocrx_word' id='word_1_605' title='bbox 3065 3673 3245 3730; x_wconf 90' lang='lat' dir='ltr'>locum</span> <span class='ocrx_word' id='word_1_606' title='bbox 3263 3673 3513 3728; x_wconf 89' lang='lat' dir='ltr'>nonnulli</span> 
     </span>
    </p>
   </div>
   <div class='ocr_carea' id='block_1_92' title="bbox 1925 3763 3520 3836">
    <p class='ocr_par' dir='ltr' id='par_1_92' title="bbox 1925 3763 3520 3836">
     <span class='ocr_line' id='line_1_92' title="bbox 1925 3763 3520 3836; baseline -0.005 -10"><span class='ocrx_word' id='word_1_607' title='bbox 1925 3768 2326 3835; x_wconf 87' lang='lat' dir='ltr'>contraderent,</span> <span class='ocrx_word' id='word_1_608' title='bbox 2374 3773 2426 3822; x_wconf 91' lang='lat' dir='ltr'>et</span> <span class='ocrx_word' id='word_1_609' title='bbox 2474 3781 2628 3822; x_wconf 92' lang='lat' dir='ltr'>coma</span> <span class='ocrx_word' id='word_1_610' title='bbox 2676 3765 2868 3836; x_wconf 88' lang='lat' dir='ltr'>capitis</span> <span class='ocrx_word' id='word_1_611' title='bbox 2915 3763 3160 3835; x_wconf 89' lang='lat' dir='ltr'>deposita</span> <span class='ocrx_word' id='word_1_612' title='bbox 3205 3763 3520 3819; x_wconf 65' lang='lat' dir='ltr'>monasticae</span> 
     </span>
    </p>
   </div>
   <div class='ocr_carea' id='block_1_93' title="bbox 1923 3848 3444 3926">
    <p class='ocr_par' dir='ltr' id='par_1_93' title="bbox 1923 3848 3444 3926">
     <span class='ocr_line' id='line_1_93' title="bbox 1923 3848 3444 3926; baseline -0.003 -13"><span class='ocrx_word' id='word_1_613' title='bbox 1923 3858 2046 3914; x_wconf 58' lang='lat' dir='ltr'>vita</span> <span class='ocrx_word' id='word_1_614' title='bbox 2077 3855 2317 3912; x_wconf 83' lang='lat' dir='ltr'>habitum</span> <span class='ocrx_word' id='word_1_615' title='bbox 2346 3854 2652 3912; x_wconf 88' lang='lat' dir='ltr'>voluntaria</span> <span class='ocrx_word' id='word_1_616' title='bbox 2679 3861 3002 3926; x_wconf 88' lang='lat' dir='ltr'>paupertate</span> <span class='ocrx_word' id='word_1_617' title='bbox 3033 3852 3374 3925; x_wconf 89' lang='lat' dir='ltr'>susciperent</span> <span class='ocrx_word' id='word_1_618' title='bbox 3418 3848 3444 3887; x_wconf 73' lang='grc' dir='ltr'>δ</span> 
     </span>
    </p>
   </div>
   <div class='ocr_carea' id='block_1_94' title="bbox 2528 3979 2912 4034">
    <p class='ocr_par' dir='ltr' id='par_1_94' title="bbox 2528 3979 2912 4034">
     <span class='ocr_line' id='line_1_94' title="bbox 2528 3979 2912 4034; baseline -0.005 0"><span class='ocrx_word' id='word_1_619' title='bbox 2528 3979 2755 4034; x_wconf 83' lang='lat' dir='ltr'>CAPUT</span> <span class='ocrx_word' id='word_1_620' title='bbox 2819 3979 2912 4033; x_wconf 90' lang='grc' dir='ltr'><strong>ΙΙΙ.</strong></span> 
     </span>
    </p>
   </div>
   <div class='ocr_carea' id='block_1_95' title="bbox 1933 4103 3522 4178">
    <p class='ocr_par' dir='ltr' id='par_1_95' title="bbox 1933 4103 3522 4178">
     <span class='ocr_line' id='line_1_95' title="bbox 1933 4103 3522 4178; baseline -0.004 -14"><span class='ocrx_word' id='word_1_621' title='bbox 1933 4109 2047 4178; x_wconf 84' lang='lat' dir='ltr'>Qua</span> <span class='ocrx_word' id='word_1_622' title='bbox 2065 4105 2406 4162; x_wconf 85' lang='lat' dir='ltr'>auctoritate</span> <span class='ocrx_word' id='word_1_623' title='bbox 2419 4105 2610 4161; x_wconf 84' lang='lat' dir='ltr'>beatus</span> <span class='ocrx_word' id='word_1_624' title='bbox 2631 4103 3007 4178; x_wconf 83' lang='lat' dir='ltr'>Columbanus</span> <span class='ocrx_word' id='word_1_625' title='bbox 3024 4103 3404 4178; x_wconf 71' lang='lat' dir='ltr'>Tlieodoricun</span> <span class='ocrx_word' id='word_1_626' title='bbox 3432 4119 3522 4178; x_wconf 77' lang='lat' dir='ltr'>re-</span> 
     </span>
    </p>
   </div>
   <div class='ocr_carea' id='block_1_96' title="bbox 1996 4174 3523 4251">
    <p class='ocr_par' dir='ltr' id='par_1_96' title="bbox 1996 4174 3523 4251">
     <span class='ocr_line' id='line_1_96' title="bbox 1996 4174 3523 4251; baseline -0.002 -18"><span class='ocrx_word' id='word_1_627' title='bbox 1996 4195 2119 4251; x_wconf 88' lang='lat' dir='ltr'>gem</span> <span class='ocrx_word' id='word_1_628' title='bbox 2140 4179 2436 4251; x_wconf 81' lang='lat' dir='ltr'>corripuit,</span> <span class='ocrx_word' id='word_1_629' title='bbox 2464 4177 2737 4251; x_wconf 76' lang='lat' dir='ltr'>etquibus</span> <span class='ocrx_word' id='word_1_630' title='bbox 2747 4176 2886 4231; x_wconf 84' lang='lat' dir='ltr'>odiis</span> <span class='ocrx_word' id='word_1_631' title='bbox 2907 4191 3036 4251; x_wconf 68' lang='lat' dir='ltr'>eum.</span> <span class='ocrx_word' id='word_1_632' title='bbox 3049 4174 3434 4251; x_wconf 61' lang='lat' dir='ltr'>Brunicltildis</span> <span class='ocrx_word' id='word_1_633' title='bbox 3456 4174 3523 4230; x_wconf 78' lang='lat' dir='ltr'>de</span> 
     </span>
    </p>
   </div>
   <div class='ocr_carea' id='block_1_97' title="bbox 1997 4245 3519 4321">
    <p class='ocr_par' dir='ltr' id='par_1_97' title="bbox 1997 4245 3519 4321">
     <span class='ocr_line' id='line_1_97' title="bbox 1997 4245 3519 4321; baseline -0.004 -16"><span class='ocrx_word' id='word_1_634' title='bbox 1997 4245 2166 4321; x_wconf 65' lang='lat' dir='ltr'>regno</span> <span class='ocrx_word' id='word_1_635' title='bbox 2187 4245 2558 4321; x_wconf 61' lang='lat' dir='ltr'>illo&#39;ejecerit&#39;,</span> <span class='ocrx_word' id='word_1_636' title='bbox 2581 4248 2933 4321; x_wconf 79' lang='lat' dir='ltr'>qualiterque</span> <span class='ocrx_word' id='word_1_637' title='bbox 2962 4245 3034 4300; x_wconf 90' lang='lat' dir='ltr'>ad</span> <span class='ocrx_word' id='word_1_638' title='bbox 3057 4246 3384 4321; x_wconf 71' lang='lat' dir='ltr'>Lolharium</span> <span class='ocrx_word' id='word_1_639' title='bbox 3424 4261 3519 4321; x_wconf 72' lang='lat' dir='ltr'>re-</span> 
     </span>
    </p>
   </div>
   <div class='ocr_carea' id='block_1_98' title="bbox 1997 4317 3523 4392">
    <p class='ocr_par' dir='ltr' id='par_1_98' title="bbox 1997 4317 3523 4392">
     <span class='ocr_line' id='line_1_98' title="bbox 1997 4317 3523 4392; baseline -0.003 -17"><span class='ocrx_word' id='word_1_640' title='bbox 1997 4317 2122 4392; x_wconf 76' lang='lat' dir='ltr'>gem</span> <span class='ocrx_word' id='word_1_641' title='bbox 2134 4319 2370 4392; x_wconf 88' lang='lat' dir='ltr'>indeque</span> <span class='ocrx_word' id='word_1_642' title='bbox 2383 4319 2454 4374; x_wconf 86' lang='lat' dir='ltr'>ad</span> <span class='ocrx_word' id='word_1_643' title='bbox 2472 4317 2899 4374; x_wconf 77' lang='lat' dir='ltr'>Thebdebertum</span> <span class='ocrx_word' id='word_1_644' title='bbox 2911 4333 3041 4373; x_wconf 86' lang='lat' dir='ltr'>cum</span> <span class='ocrx_word' id='word_1_645' title='bbox 3052 4319 3171 4372; x_wconf 88' lang='lat' dir='ltr'>suis</span> <span class='ocrx_word' id='word_1_646' title='bbox 3178 4317 3473 4389; x_wconf 84' lang='lat' dir='ltr'>perveneri</span> <span class='ocrx_word' id='word_1_647' title='bbox 3481 4319 3523 4370; x_wconf 85' lang='lat' dir='ltr'>t.</span> 
     </span>
    </p>
   </div>
   <div class='ocr_carea' id='block_1_99' title="bbox 1999 4423 3528 4498">
    <p class='ocr_par' dir='ltr' id='par_1_99' title="bbox 1999 4423 3528 4498">
     <span class='ocr_line' id='line_1_99' title="bbox 1999 4423 3528 4498; baseline -0.002 -17"><span class='ocrx_word' id='word_1_648' title='bbox 1999 4425 2242 4498; x_wconf 90' lang='lat' dir='ltr'>Cumque</span> <span class='ocrx_word' id='word_1_649' title='bbox 2270 4426 2387 4481; x_wconf 65' lang='lat' dir='ltr'>haec</span> <span class='ocrx_word' id='word_1_650' title='bbox 2414 4432 2521 4479; x_wconf 88' lang='lat' dir='ltr'>tam</span> <span class='ocrx_word' id='word_1_651' title='bbox 2549 4423 2675 4479; x_wconf 83' lang='lat' dir='ltr'>felix</span> <span class='ocrx_word' id='word_1_652' title='bbox 2708 4423 3165 4480; x_wconf 90' lang='lat' dir='ltr'>commanentium</span> <span class='ocrx_word' id='word_1_653' title='bbox 3204 4438 3422 4494; x_wconf 89' lang='lat' dir='ltr'>semper</span> <span class='ocrx_word' id='word_1_654' title='bbox 3471 4423 3528 4478; x_wconf 89' lang='lat' dir='ltr'>in</span> 
     </span>
    </p>
   </div>
   <div class='ocr_carea' id='block_1_100' title="bbox 1929 4511 3526 4585">
    <p class='ocr_par' dir='ltr' id='par_1_100' title="bbox 1929 4511 3526 4585">
     <span class='ocr_line' id='line_1_100' title="bbox 1929 4511 3526 4585; baseline -0.004 -14"><span class='ocrx_word' id='word_1_655' title='bbox 1929 4515 2122 4571; x_wconf 89' lang='lat' dir='ltr'>melius</span> <span class='ocrx_word' id='word_1_656' title='bbox 2152 4513 2443 4585; x_wconf 78' lang='lat' dir='ltr'>proliceret</span> <span class='ocrx_word' id='word_1_657' title='bbox 2473 4513 2777 4584; x_wconf 89' lang='lat' dir='ltr'>disciplina,</span> <span class='ocrx_word' id='word_1_658' title='bbox 2813 4512 3108 4585; x_wconf 89' lang='lat' dir='ltr'>singularis</span> <span class='ocrx_word' id='word_1_659' title='bbox 3137 4511 3278 4566; x_wconf 91' lang='lat' dir='ltr'>beati</span> <span class='ocrx_word' id='word_1_660' title='bbox 3307 4511 3526 4566; x_wconf 88' lang='lat' dir='ltr'>Colum-</span> 
     </span>
    </p>
   </div>
   <div class='ocr_carea' id='block_1_101' title="bbox 1929 4601 3520 4673">
    <p class='ocr_par' dir='ltr' id='par_1_101' title="bbox 1929 4601 3520 4673">
     <span class='ocr_line' id='line_1_101' title="bbox 1929 4601 3520 4673; baseline -0.004 -13"><span class='ocrx_word' id='word_1_661' title='bbox 1929 4604 2058 4660; x_wconf 89' lang='lat' dir='ltr'>bani</span> <span class='ocrx_word' id='word_1_662' title='bbox 2085 4603 2357 4668; x_wconf 89' lang='lat' dir='ltr'>sanctitas,</span> <span class='ocrx_word' id='word_1_663' title='bbox 2390 4602 2666 4657; x_wconf 90' lang='lat' dir='ltr'>miraculis</span> <span class='ocrx_word' id='word_1_664' title='bbox 2717 4601 3092 4673; x_wconf 87' lang='lat' dir='ltr'>frequentibus</span> <span class='ocrx_word' id='word_1_665' title='bbox 3147 4601 3520 4671; x_wconf 87' lang='lat' dir='ltr'>comprobata,</span> 
     </span>
    </p>
   </div>
   <div class='ocr_carea' id='block_1_102' title="bbox 1927 4687 3521 4765">
    <p class='ocr_par' dir='ltr' id='par_1_102' title="bbox 1927 4687 3521 4765">
     <span class='ocr_line' id='line_1_102' title="bbox 1927 4687 3521 4765; baseline -0.003 -16"><span class='ocrx_word' id='word_1_666' title='bbox 1927 4710 2029 4765; x_wconf 88' lang='lat' dir='ltr'>per</span> <span class='ocrx_word' id='word_1_667' title='bbox 2059 4700 2199 4748; x_wconf 89' lang='lat' dir='ltr'>totas</span> <span class='ocrx_word' id='word_1_668' title='bbox 2220 4692 2382 4763; x_wconf 85' lang='lat' dir='ltr'>coepit</span> <span class='ocrx_word' id='word_1_669' title='bbox 2412 4691 2602 4747; x_wconf 75' lang='lat' dir='ltr'>Galliae</span> <span class='ocrx_word' id='word_1_670' title='bbox 2623 4690 2710 4746; x_wconf 90' lang='lat' dir='ltr'>vel</span> <span class='ocrx_word' id='word_1_671' title='bbox 2741 4690 3054 4746; x_wconf 75' lang='lat' dir='ltr'>Germaniae</span> <span class='ocrx_word' id='word_1_672' title='bbox 3086 4687 3354 4743; x_wconf 79' lang='lat' dir='ltr'>diﬂ‘amari</span> <span class='ocrx_word' id='word_1_673' title='bbox 3385 4704 3521 4760; x_wconf 88' lang='lat' dir='ltr'>pro-</span> 
     </span>
    </p>
   </div>
   <div class='ocr_carea' id='block_1_103' title="bbox 1929 4777 3522 4850">
    <p class='ocr_par' dir='ltr' id='par_1_103' title="bbox 1929 4777 3522 4850">
     <span class='ocr_line' id='line_1_103' title="bbox 1929 4777 3522 4850; baseline -0.004 -12"><span class='ocrx_word' id='word_1_674' title='bbox 1929 4782 2155 4838; x_wconf 89' lang='lat' dir='ltr'>vincias.</span> <span class='ocrx_word' id='word_1_675' title='bbox 2188 4781 2528 4836; x_wconf 87' lang='lat' dir='ltr'>Laudabatur</span> <span class='ocrx_word' id='word_1_676' title='bbox 2554 4781 2621 4834; x_wconf 91' lang='lat' dir='ltr'>ab</span> <span class='ocrx_word' id='word_1_677' title='bbox 2641 4779 2913 4850; x_wconf 90' lang='lat' dir='ltr'>omnibus,</span> <span class='ocrx_word' id='word_1_678' title='bbox 2937 4777 3268 4834; x_wconf 89' lang='lat' dir='ltr'>colebatura</span> <span class='ocrx_word' id='word_1_679' title='bbox 3292 4778 3522 4848; x_wconf 89' lang='lat' dir='ltr'>cunctis,</span> 
     </span>
    </p>
   </div>
   <div class='ocr_carea' id='block_1_104' title="bbox 1928 4865 3525 4938">
    <p class='ocr_par' dir='ltr' id='par_1_104' title="bbox 1928 4865 3525 4938">
     <span class='ocr_line' id='line_1_104' title="bbox 1928 4865 3525 4938; baseline -0.003 -12"><span class='ocrx_word' id='word_1_680' title='bbox 1928 4871 2065 4927; x_wconf 90' lang='lat' dir='ltr'>adeo</span> <span class='ocrx_word' id='word_1_681' title='bbox 2093 4879 2150 4926; x_wconf 90' lang='lat' dir='ltr'>ut</span> <span class='ocrx_word' id='word_1_682' title='bbox 2187 4869 2559 4926; x_wconf 86' lang='lat' dir='ltr'>Theodericus</span> <span class='ocrx_word' id='word_1_683' title='bbox 2615 4886 2732 4938; x_wconf 87' lang='lat' dir='ltr'>rex,</span> <span class='ocrx_word' id='word_1_684' title='bbox 2791 4865 2935 4922; x_wconf 85' lang='lat' dir='ltr'>ﬁlius</span> <span class='ocrx_word' id='word_1_685' title='bbox 2982 4867 3301 4933; x_wconf 84' lang='lat' dir='ltr'>Hildeberti,</span> <span class='ocrx_word' id='word_1_686' title='bbox 3352 4883 3525 4938; x_wconf 87' lang='lat' dir='ltr'>nepos</span> 
     </span>
    </p>
   </div>
   <div class='ocr_carea' id='block_1_105' title="bbox 1931 4955 3525 5033">
    <p class='ocr_par' dir='ltr' id='par_1_105' title="bbox 1931 4955 3525 5033">
     <span class='ocr_line' id='line_1_105' title="bbox 1931 4955 3525 5033; baseline -0.004 -17"><span class='ocrx_word' id='word_1_687' title='bbox 1931 4960 2207 5033; x_wconf 85' lang='lat' dir='ltr'>Sigiberti,</span> <span class='ocrx_word' id='word_1_688' title='bbox 2241 4959 2332 5031; x_wconf 87' lang='lat' dir='ltr'>qui</span> <span class='ocrx_word' id='word_1_689' title='bbox 2363 4974 2427 5014; x_wconf 89' lang='lat' dir='ltr'>eo</span> <span class='ocrx_word' id='word_1_690' title='bbox 2449 4966 2696 5029; x_wconf 90' lang='lat' dir='ltr'>tempore</span> <span class='ocrx_word' id='word_1_691' title='bbox 2731 4955 3209 5029; x_wconf 89' lang='lat' dir='ltr'>Burgundionibus</span> <span class='ocrx_word' id='word_1_692' title='bbox 3240 4957 3525 5029; x_wconf 88' lang='lat' dir='ltr'>regnabat,</span> 
     </span>
    </p>
   </div>
   <div class='ocr_carea' id='block_1_106' title="bbox 1929 5044 3527 5119">
    <p class='ocr_par' dir='ltr' id='par_1_106' title="bbox 1929 5044 3527 5119">
     <span class='ocr_line' id='line_1_106' title="bbox 1929 5044 3527 5119; baseline -0.004 -15"><span class='ocrx_word' id='word_1_693' title='bbox 1929 5049 2001 5104; x_wconf 93' lang='lat' dir='ltr'>ad</span> <span class='ocrx_word' id='word_1_694' title='bbox 2047 5065 2171 5104; x_wconf 89' lang='lat' dir='ltr'>eum</span> <span class='ocrx_word' id='word_1_695' title='bbox 2221 5064 2365 5119; x_wconf 70' lang='lat' dir='ltr'>saepe</span> <span class='ocrx_word' id='word_1_696' title='bbox 2409 5046 2656 5116; x_wconf 91' lang='lat' dir='ltr'>veniret,</span> <span class='ocrx_word' id='word_1_697' title='bbox 2711 5053 2764 5101; x_wconf 92' lang='lat' dir='ltr'>et</span> <span class='ocrx_word' id='word_1_698' title='bbox 2811 5061 3035 5116; x_wconf 90' lang='lat' dir='ltr'>precum</span> <span class='ocrx_word' id='word_1_699' title='bbox 3094 5045 3212 5114; x_wconf 85' lang='lat' dir='ltr'>ejus</span> <span class='ocrx_word' id='word_1_700' title='bbox 3266 5044 3527 5117; x_wconf 75' lang='lat' dir='ltr'>suffragia</span> 
     </span>
    </p>
   </div>
   <div class='ocr_carea' id='block_1_107' title="bbox 1929 5133 3531 5206">
    <p class='ocr_par' dir='ltr' id='par_1_107' title="bbox 1929 5133 3531 5206">
     <span class='ocr_line' id='line_1_107' title="bbox 1929 5133 3531 5206; baseline -0.003 -13"><span class='ocrx_word' id='word_1_701' title='bbox 1929 5153 2142 5193; x_wconf 89' lang='lat' dir='ltr'>summa</span> <span class='ocrx_word' id='word_1_702' title='bbox 2167 5152 2292 5193; x_wconf 90' lang='lat' dir='ltr'>cum</span> <span class='ocrx_word' id='word_1_703' title='bbox 2320 5136 2607 5191; x_wconf 88' lang='lat' dir='ltr'>devotione</span> <span class='ocrx_word' id='word_1_704' title='bbox 2638 5134 2981 5206; x_wconf 89' lang='lat' dir='ltr'>deposceret.</span> <span class='ocrx_word' id='word_1_705' title='bbox 3009 5133 3184 5203; x_wconf 88' lang='lat' dir='ltr'>Quem</span> <span class='ocrx_word' id='word_1_706' title='bbox 3217 5149 3341 5189; x_wconf 92' lang='lat' dir='ltr'>cum</span> <span class='ocrx_word' id='word_1_707' title='bbox 3373 5135 3531 5189; x_wconf 86' lang='lat' dir='ltr'>Pater</span> 
     </span>
    </p>
   </div>
   <div class='ocr_carea' id='block_1_108' title="bbox 1929 5223 3530 5296">
    <p class='ocr_par' dir='ltr' id='par_1_108' title="bbox 1929 5223 3530 5296">
     <span class='ocr_line' id='line_1_108' title="bbox 1929 5223 3530 5296; baseline -0.004 -14"><span class='ocrx_word' id='word_1_708' title='bbox 1929 5235 2156 5284; x_wconf 89' lang='lat' dir='ltr'>sanctua</span> <span class='ocrx_word' id='word_1_709' title='bbox 2199 5225 2506 5296; x_wconf 90' lang='lat' dir='ltr'>increparet</span> <span class='ocrx_word' id='word_1_710' title='bbox 2559 5239 2656 5280; x_wconf 91' lang='lat' dir='ltr'>cur</span> <span class='ocrx_word' id='word_1_711' title='bbox 2711 5223 3138 5280; x_wconf 88' lang='lat' dir='ltr'>concubinarum</span> <span class='ocrx_word' id='word_1_712' title='bbox 3192 5223 3530 5294; x_wconf 88' lang='lat' dir='ltr'>pollueretur</span> 
     </span>
    </p>
   </div>
   <div class='ocr_carea' id='block_1_109' title="bbox 1927 5299 3526 5388">
    <p class='ocr_par' dir='ltr' id='par_1_109' title="bbox 1927 5299 3526 5388">
     <span class='ocr_line' id='line_1_109' title="bbox 1927 5299 3526 5388; baseline -0.005 -15"><span class='ocrx_word' id='word_1_713' title='bbox 1927 5299 2388 5388; x_wconf 66' lang='lat' dir='ltr'>amplexibus,’et</span> <span class='ocrx_word' id='word_1_714' title='bbox 2417 5329 2526 5368; x_wconf 86' lang='lat' dir='ltr'>non</span> <span class='ocrx_word' id='word_1_715' title='bbox 2555 5313 2734 5385; x_wconf 91' lang='lat' dir='ltr'>potius</span> <span class='ocrx_word' id='word_1_716' title='bbox 2780 5312 3038 5386; x_wconf 87' lang='lat' dir='ltr'>legitimae</span> <span class='ocrx_word' id='word_1_717' title='bbox 3087 5311 3338 5385; x_wconf 88' lang='lat' dir='ltr'>conjugis</span> <span class='ocrx_word' id='word_1_718' title='bbox 3390 5327 3526 5367; x_wconf 89' lang='lat' dir='ltr'>con-</span> 
     </span>
    </p>
   </div>
   <div class='ocr_carea' id='block_1_110' title="bbox 1929 5401 3530 5474">
    <p class='ocr_par' dir='ltr' id='par_1_110' title="bbox 1929 5401 3530 5474">
     <span class='ocr_line' id='line_1_110' title="bbox 1929 5401 3530 5474; baseline -0.004 -12"><span class='ocrx_word' id='word_1_719' title='bbox 1929 5405 2096 5462; x_wconf 92' lang='lat' dir='ltr'>nubio</span> <span class='ocrx_word' id='word_1_720' title='bbox 2126 5405 2420 5472; x_wconf 87' lang='lat' dir='ltr'>frueretur,</span> <span class='ocrx_word' id='word_1_721' title='bbox 2451 5401 2670 5458; x_wconf 90' lang='lat' dir='ltr'>monitis</span> <span class='ocrx_word' id='word_1_722' title='bbox 2703 5401 2820 5472; x_wconf 88' lang='lat' dir='ltr'>ejus</span> <span class='ocrx_word' id='word_1_723' title='bbox 2869 5402 3277 5474; x_wconf 89' lang='lat' dir='ltr'>obtemperans,</span> <span class='ocrx_word' id='word_1_724' title='bbox 3335 5408 3530 5457; x_wconf 89' lang='lat' dir='ltr'>cuncta</span> 
     </span>
    </p>
   </div>
   <div class='ocr_carea' id='block_1_111' title="bbox 1930 5531 2378 5592">
    <p class='ocr_par' dir='ltr' id='par_1_111' title="bbox 1930 5531 2378 5592">
     <span class='ocr_line' id='line_1_111' title="bbox 1930 5531 2378 5592; baseline -0.004 -12"><span class='ocrx_word' id='word_1_725' title='bbox 1930 5544 2088 5592; x_wconf 82' lang='lat' dir='ltr'>gnum</span> <span class='ocrx_word' id='word_1_726' title='bbox 2108 5531 2378 5590; x_wconf 88' lang='lat' dir='ltr'>spreverit.</span> 
     </span>
    </p>
   </div>
   <div class='ocr_carea' id='block_1_112' title="bbox 1983 5600 3522 5661">
    <p class='ocr_par' dir='ltr' id='par_1_112' title="bbox 1983 5600 3522 5661">
     <span class='ocr_line' id='line_1_112' title="bbox 1983 5600 3522 5661; baseline -0.003 -10"><span class='ocrx_word' id='word_1_727' title='bbox 1983 5609 2138 5661; x_wconf 58' lang='lat' dir='ltr'>°Quae</span> <span class='ocrx_word' id='word_1_728' title='bbox 2197 5605 2258 5651; x_wconf 89' lang='lat' dir='ltr'>de</span> <span class='ocrx_word' id='word_1_729' title='bbox 2337 5603 2461 5651; x_wconf 84' lang='lat' dir='ltr'>Galli</span> <span class='ocrx_word' id='word_1_730' title='bbox 2518 5602 2788 5660; x_wconf 84' lang='lat' dir='ltr'>piscatione</span> <span class='ocrx_word' id='word_1_731' title='bbox 2833 5603 2987 5648; x_wconf 84' lang='lat' dir='ltr'>Jonas</span> <span class='ocrx_word' id='word_1_732' title='bbox 3075 5601 3128 5646; x_wconf 92' lang='lat' dir='ltr'>in</span> <span class='ocrx_word' id='word_1_733' title='bbox 3187 5600 3295 5648; x_wconf 80' lang='lat' dir='ltr'>Vita</span> <span class='ocrx_word' id='word_1_734' title='bbox 3365 5601 3522 5648; x_wconf 79' lang='lat' dir='ltr'>sancti</span> 
     </span>
    </p>
   </div>
   <div class='ocr_carea' id='block_1_113' title="bbox 1931 5671 3266 5730">
    <p class='ocr_par' dir='ltr' id='par_1_113' title="bbox 1931 5671 3266 5730">
     <span class='ocr_line' id='line_1_113' title="bbox 1931 5671 3266 5730; baseline -0.004 -5"><span class='ocrx_word' id='word_1_735' title='bbox 1931 5675 2224 5726; x_wconf 86' lang='lat' dir='ltr'>Columbani</span> <span class='ocrx_word' id='word_1_736' title='bbox 2245 5686 2384 5724; x_wconf 84' lang='lat' dir='ltr'>num.</span> <span class='ocrx_word' id='word_1_737' title='bbox 2418 5679 2466 5722; x_wconf 88' lang='lat'>16</span> <span class='ocrx_word' id='word_1_738' title='bbox 2503 5674 2670 5730; x_wconf 83' lang='lat' dir='ltr'>refert,</span> <span class='ocrx_word' id='word_1_739' title='bbox 2692 5675 2774 5722; x_wconf 79' lang='lat' dir='ltr'>hic</span> <span class='ocrx_word' id='word_1_740' title='bbox 2802 5673 3038 5730; x_wconf 85' lang='lat' dir='ltr'>supplere</span> <span class='ocrx_word' id='word_1_741' title='bbox 3053 5671 3266 5730; x_wconf 83' lang='lat' dir='ltr'>oportet.</span> 
     </span>
    </p>
   </div>
  </div>
