4024 6194
377 256 478 312 981

1391 251 1554 310 VITA
1601 252 1659 309 S.
1713 249 1920 307 GALLI
1963 247 2278 309 ABBATIS.
2342 281 2411 294 —
2468 252 2595 319 LIB,
2628 252 2671 308 Ῑ.

3577 258 3682 313 982

380 376 692 449 hujusmodi
719 376 905 434 illicita
933 394 994 435 se
1021 378 1316 436 vitaturum
1358 377 1628 450 promisit.
1679 376 1789 433 Sed
1843 377 1977 430 Bru—
2005 374 2063 436 A
2083 376 2204 444 Qua
2232 390 2398 433 causa
2425 377 2677 449 permoti,
2711 377 2794 434 ira
2825 383 2878 434 et
2908 377 3167 435 individia
3189 384 3405 435 sanctos
3437 378 3681 437 insecta-

385 467 661 533 nichildis,
695 467 816 522 avia
843 468 1015 539 regis,
1048 468 1242 524 videns
1303 483 1426 523 eum
1455 466 1556 522 viri
1613 466 1714 520 Dei
1742 464 1990 521 consiliis

376 557 623 625 obedire,
657 556 875 611 stimulo
905 557 1125 612 malitias
1154 557 1437 623 concitata,
1468 563 1707 610 mentem
1743 569 1982 624 serpen-

382 645 498 700 tino
526 643 727 700 furoris
757 645 981 700 armavit
1023 661 1256 700 veneno.
1317 644 1618 699 Verebatur
1647 642 1792 698 enim
1819 659 1888 697 ne
1942 644 1990 699 si

384 732 611 803 abjectis
641 733 958 788 concubinis
990 733 1185 806 regina
1223 733 1279 788 in
1329 731 1662 788 consortium
1705 731 1863 804 regni
1900 745 1988 785 as-

387 829 711 887 sumeretur,
747 821 987 894 dignitas
1018 838 1113 876 sua
1132 822 1340 877 honore
1383 821 1656 876 subtracto
1675 819 1983 875 vilesceret.

386 911 510 980 Quo
556 910 752 964 timore
795 909 1072 977 laborans,
1118 910 1381 965 invidiam
1433 917 1617 964 contra
1663 907 1840 963 virum
1887 907 1986 962 Dei

386 999 554 1071 coapit
581 999 788 1054 habere
813 1016 826 1064 ;
851 1007 903 1052 et
932 1007 1056 1069 post
1075 999 1270 1053 multas
1312 997 1540 1067 injurias
1570 1013 1704 1069 quas
1734 996 1811 1051 illi
1864 1012 1984 1051 ma-

380 1091 599 1146 chinata
626 1095 710 1144 est
739 1087 820 1159 (ut
849 1088 1115 1158 scriptura
1143 1095 1343 1144 sancta:
1381 1085 1816 1143 conversationis
1863 1086 1981 1155 ejus

379 1178 654 1246 testatur),
675 1176 904 1232 consilio
932 1192 1056 1233 cum
1086 1193 1219 1248 rege
1247 1177 1378 1232 inito
1400 1184 1457 1231 ut
1488 1191 1611 1232 cum
1657 1191 1832 1247 regno
1882 1189 1982 1230 suo

385 1267 721 1334 deturbaret,
771 1267 916 1322 misit
957 1267 1249 1339 legatarios
1293 1281 1422 1321 suos
1463 1281 1584 1321 cum
1634 1264 1860 1335 epistola
1907 1263 1974 1318 ad

382 1366 631 1414 sanctum
660 1359 853 1426 virum,
890 1356 1217 1412 denuntians
1246 1355 1295 1410 ei
1325 1371 1393 1410 ne
1423 1354 1682 1424 deinceps
1710 1354 1763 1407 in
1811 1368 1982 1424 regno

380 1447 474 1503 ille
497 1447 836 1503 consisteret.
861 1447 957 1501 Ille
976 1444 1245 1500 Jezabelis
1282 1443 1510 1498 insidias
1532 1442 1834 1512 vitans,iter
1853 1458 1976 1497 cum

381 1536 498 1591 suis
528 1552 847 1609 aggressus,
881 1535 949 1588 ad
983 1532 1252 1588 Lotarium
1286 1549 1475 1604 regem
1521 1530 1790 1602 pervenit.
1823 1530 1980 1600 Apud

377 1641 541 1698 quem
569 1641 690 1680 cum
720 1625 998 1695 aliquanto
1031 1629 1277 1692 tempore
1325 1629 1644 1685 moraretur,
1678 1619 1892 1690 rogavit
1922 1626 1981 1672 ut

2093 466 2302 534 bantur,
2329 474 2380 521 et
2408 467 2683 523 communi
2729 467 2956 522 consilio
3008 467 3529 538 Gallum‘perimere
3574 484 3676 525 vo-

2090 555 2305 610 luerunt
2330 575 2344 610 :
2378 556 2768 638 Columbanum
2795 572 2926 612 vero
2956 556 3190 628 ﬂagellis
3227 572 3430 612 caesum
3462 565 3514 611 et
3544 573 3681 613 con-

2090 644 2324 699 tumeliis
2350 644 2599 700 affectum
2631 647 2698 700 de
2730 645 2841 700 suis
2872 644 3069 700 finibus
3096 645 3441 716 proturbare.
3483 646 3679 701 Beatus

2087 734 2265 802 Pater,
2300 734 2518 806 COgnito
2548 734 2775 791 consilio
2806 750 3014 800 eorum,
3050 733 3166 789 zelo
3207 734 3428 804 justitiaz
3471 734 3678 806 impre-

2088 830 2240 878 catus
2271 831 2352 878 est
2381 823 2459 878 eis
2490 822 2610 878 talia
2649 823 2837 879 dicens
2870 842 2882 878 :
2933 825 3099 893 Deus,
3152 823 3304 892 cujus
3337 823 3680 894 providentia

2085 913 2318 966 mundus
2345 912 2584 967 subsistit
2617 921 2669 968 et
2697 921 2887 968 cuncta
2931 919 3216 986 reguntur,
3250 912 3332 968 fac
3371 929 3536 984 super
3579 929 3674 969 ca-

2083 1009 2177 1071 put
2204 1001 2572 1074 generationis
2601 1001 2761 1070 hujus
2792 1003 2989 1057 reverti
3015 1002 3370 1057 contumelias
3420 1018 3553 1074 quas
3595 1001 3672 1056 fa-

2081 1091 2243 1145 mulis
2281 1091 2386 1145 tuis
2431 1098 2776 1162 paraverunt.
2821 1091 2947 1146 Nati
2988 1107 3178 1146 eorum
3220 1090 3379 1146 facile
3423 1099 3671 1162 pereant,

2082 1187 2135 1234 et
2163 1186 2453 1252 antequam
2482 1188 2785 1248 senescant,
2824 1197 2938 1251 prae
2967 1179 3247 1235 subitaneo
3278 1187 3500 1252 stupore
3531 1180 3674 1234 deli-

2081 1284 2208 1324 rare
2240 1278 2508 1342 cogantur
2542 1287 2554 1323 :
2587 1269 2799 1342 ipsique
2843 1285 2965 1325 cum
3009 1277 3154 1325 terra
3201 1285 3362 1341 quam
3405 1269 3666 1334 incolunt,

2081 1358 2211 1413 dura
2240 1359 2536 1430 potentium
2568 1359 2934 1414 dominatione
2977 1367 3314 1430 premantur,
3357 1367 3415 1412 ut
3458 1357 3668 1414 cunctis

2077 1447 2374 1520 ignominia
2406 1464 2595 1502 eorum
2625 1456 2804 1518 pateat
2834 1448 2888 1501 in
2916 1456 3192 1513 aeternum,
3231 1455 3283 1502 et
3321 1447 3458 1502 sicut
3489 1457 3494 1460 '
3527 1446 3671 1502 scri-

2078 1545 2230 1607 ptum
2244 1544 2344 1592 «est
2376 1555 2388 1590 :
2422 1537 2782 1593 Convertatur
2815 1537 2973 1592 dolor
3001 1553 3189 1592 eorum
3235 1536 3290 1590 in
3338 1544 3495 1607 caput
3523 1535 3672 1606 ipso-

2077 1641 2219 1692 rum,
2254 1626 2389 1680 etin
2419 1626 2679 1682 verticem
2727 1626 2946 1680 illorum
2989 1625 3244 1698 iniquitas
3289 1625 3358 1680 ab
3401 1623 3534 1695 ipsis
3577 1639 3671 1697 pa-

378 1713 527 1768 illius
557 1713 750 1769 solatio
779 1713 847 1767 ad
866 1712 1314 1780 Theodebertum,
1337 1709 1740 1765 Austrasiorum
1762 1724 1972 1779 regem,
2003 1737 2057 1798 B
2080 1721 2217 1770 irata
2245 1715 2538 1772 descendat
2567 1716 2741 1787 (Ρδαι,
2777 1714 2897 1785 νη),

380 1802 671 1874 pervenire
700 1802 984 1873 potuisset.
1017 1799 1098 1854 Ad
1131 1815 1288 1870 quem
1322 1815 1445 1855 cum
1483 1798 1781 1854 secundum
1831 1797 1974 1868 peti-

385 1891 593 1946 tionem
638 1889 932 1947 voluntatis
983 1902 1096 1942 suaa
1135 1887 1520 1942 venerabiliter
1566 1887 1766 1940 missus
1811 1893 1975 1952 esset,

383 1987 670 2050 susceptus
693 1986 776 2035 est
805 1979 871 2032 ab
900 1994 966 2033 eo
998 1993 1120 2033 cum
1151 1977 1297 2031 omni
1327 1978 1532 2031 honore
1564 1984 1617 2030 et
1647 1975 1851 2048 gaudio
1874 1990 1982 2028 ma-

381 2085 514 2141 gno.
549 2068 746 2123 Mansit
773 2068 954 2138 itaque
978 2067 1119 2138 apud
1151 2065 1301 2120 illum
1320 2066 1522 2136 aliquot
1550 2065 1764 2132 diebus,
1798 2079 1980 2120 sacras

383 2159 694 2229 Scripturas
737 2157 1023 2228 aperiens,
1095 2162 1146 2210 et
1211 2155 1490 2209 insinuans
1551 2155 1602 2209 ei
1674 2154 1976 2210 veritatem.

381 2247 628 2319 Cumque
664 2255 714 2301 et
763 2247 940 2317 ipsum
989 2251 1206 2316 rogaret
1239 2251 1295 2298 ut
1341 2244 1408 2298 ad
1456 2243 1748 2316 Agilolfum
1793 2259 1981 2316 regem

387 2336 876 2407 Langobardorum
909 2335 1024 2403 ejus
1051 2335 1208 2402 jussu
1246 2349 1342 2403 per
1387 2333 1758 2387 Alamanniam
1815 2333 1985 2388 duce-

377 2433 546 2494 retur,
578 2425 806 2479 moleste
835 2422 1020 2478 ferens
1052 2439 1148 2477 rex
1181 2430 1455 2476 tantorum
1497 2423 1798 2476 discessum
1835 2421 1980 2476 viro-

381 2530 525 2580 rum,
559 2513 830 2584 pollicitus
853 2522 936 2568 est
985 2511 1064 2566 eis
1107 2512 1245 2566 intra
1291 2511 1551 2565 terminos
1599 2511 1753 2583 regni
1797 2511 1879 2564 sui
1923 2527 1983 2566 se

381 2610 729 2674 reperturum
758 2602 878 2656 loca
909 2610 1140 2655 venusta
1170 2617 1292 2672 qua:
1323 2599 1537 2654 famulis
1588 2601 1686 2653 Dei
1720 2606 1770 2654 et
1800 2601 1867 2653 ad
1897 2599 1983 2652 in-

377 2691 672 2747 colendum
702 2699 885 2745 essent
915 2690 1222 2757 commoda,
1256 2697 1307 2743 et
1337 2688 1403 2742 ad
1447 2688 1796 2742 instruendas
1818 2689 1984 2743 verbo

379 2779 631 2835 veritatis
660 2778 1072 2849 circumpositas
1096 2778 1348 2832 nationes
1386 2785 1712 2848 opportuna.
1745 2777 1842 2830 Vir
1888 2777 1989 2831 Dei

382 2884 572 2924 semen
602 2868 758 2922 verbi
787 2867 841 2921 in
873 2867 1132 2922 cordibus
1169 2866 1416 2938 gentium
1463 2865 1710 2936 plantare
1765 2865 1982 2920 deside-

377 2972 528 3026 rans,
566 2955 958 3028 aliquantisper
986 2961 1325 3009 moraturum
1370 2971 1429 3010 se
1459 2954 1729 3026 promisit,
1763 2954 1808 3008 si
1839 2955 1990 3027 regia

375 3044 668 3101 auctoritas
699 3044 854 3102 factis
884 3043 1027 3099 dicta
1056 3041 1316 3099 firmaret.

1004 3203 1227 3260 CAPUT
1266 3203 1355 3258 IV.

391 3340 667 3412 Quomodo
699 3340 925 3412 optione
968 3339 1101 3394 data
1131 3337 1444 3410 quwrendte
1491 3337 1876 3400 habitationis,
1911 3337 1984 3392 ad

448 3431 771 3486 tucconiam
802 3432 1096 3494 venerunt,
1133 3431 1189 3482 et
1205 3426 1334 3499 quid
1356 3426 1557 3481 ibidem
1587 3429 1901 3497 gesserunt.

443 3566 681 3634 Accepta
709 3562 872 3636 igitur
901 3579 931 3617 a
960 3578 1091 3635 rege
1122 3559 1341 3617 licentia
1379 3559 1616 3629 eligendi
1637 3559 1817 3615 locum
1849 3558 1967 3613 ubi-

377 3668 594 3725 cunque
615 3651 934 3717 voluissent,
967 3651 1093 3705 dum
1124 3649 1245 3704 loca
1273 3648 1501 3719 plurima
1537 3649 1977 3719 perlustrassem,

377 3749 646 3798 venerunt
674 3740 809 3796 infra
836 3748 1024 3811 partes
1055 3737 1390 3794 Alamannis:
1418 3747 1442 3772 ⁸
1483 3738 1550 3791 ad
1597 3737 1841 3802 fluvium,
1898 3755 1968 3808 qu

373 3831 719 3886 Lindimacus
747 3827 774 3864 δ
795 3837 1040 3886 vocatur.
1071 3829 1229 3883 Juxta
1259 3844 1421 3898 quem
1444 3827 1513 3881 ad
1544 3827 1831 3897 superiora
1864 3835 1978 3882 ten-

377 3921 590 3985 dentes,
624 3927 989 3990 pervenerunt
1031 3918 1100 3973 ad
1145 3918 1323 3972 lacum
1369 3915 1702 3971 Turicinum.
1738 3917 1980 3987 Cumque

374 4026 476 4080 per
522 4010 668 4064 littus
714 4008 1073 4072 ambulantes,
1139 4007 1415 4060 venissent
1475 4005 1540 4058 ad
1606 4013 1763 4075 caput
1822 4005 1970 4060 lacus

375 4097 548 4170 ipsius
590 4097 644 4152 in
688 4098 867 4153 locum
915 4096 1004 4168 qui
1051 4094 1320 4150 Tucconia
1360 4094 1572 4161 dicitur,
1621 4093 1826 4164 placuit
1864 4094 1969 4148 illis

374 4187 482 4244 loci
512 4186 735 4259 qualitas
755 4186 823 4240 ad
850 4184 1286 4240 inhabitandum.
1340 4183 1506 4238 Porro
1564 4183 1813 4238 homines
1861 4183 1967 4237 ibi-

371 4277 499 4332 dem
520 4285 944 4341 commanentes,
987 4274 1236 4330 crudeles
1266 4280 1491 4327 erantet
1534 4271 1703 4342 impii,
1742 4272 1967 4327 simula-

369 4381 466 4422 cra
484 4365 744 4431 colentes,
775 4365 922 4419 idola
942 4362 1230 4420 sacriﬁciis
1257 4362 1966 4429 venerantes,observantes

373 4454 605 4528 auguria
632 4463 685 4510 et
705 4453 1084 4518 divinationes,
1113 4460 1165 4508 et
1195 4451 1360 4506 multa
1390 4468 1511 4522 qua:
1542 4451 1816 4506 contraria
1847 4459 1968 4505 sunt
1995 4466 2048 4525 D

373 4543 543 4600 cultui
581 4542 762 4598 divino
810 4542 1186 4613 superstitiosa
1231 4547 1521 4596 sectantes.
1571 4540 1751 4596 Sancti
1807 4540 1973 4613 igitur

373 4633 624 4688 homines
654 4648 776 4688 cum
806 4632 1100 4703 cmpissent
1137 4631 1279 4687 inter
1326 4631 1447 4686 illos
1484 4630 1748 4697 habitare,
1808 4630 1972 4686 doce-

373 4722 504 4777 bant
533 4737 626 4778 eos
655 4722 886 4777 adorare
917 4723 1130 4776 Patrem
1163 4730 1213 4776 et
1237 4721 1430 4776 Filium
1460 4730 1512 4776 et
1544 4719 1802 4790 Spiritum
1851 4735 1973 4773 san-

373 4821 540 4878 ctum,
583 4819 634 4867 et
679 4811 954 4867 custodire
997 4809 1122 4865 fidei
1168 4811 1469 4866 veritatem.
1517 4811 1711 4864 Beatus
1758 4823 1974 4879 quoque

374 4901 566 4956 Gallus
597 4901 771 4957 sancti
801 4900 904 4956 viri
933 4899 1254 4970 discipulus,
1302 4901 1417 4956 zelo
1462 4897 1674 4970 pietatis
1713 4905 1971 4962 armatus,

373 4989 505 5046 fana
532 4990 589 5045 in
614 4990 811 5062 quibus
842 4989 1126 5045 daemoniis
1157 4988 1557 5054 sacrificabant,
1592 4987 1707 5060 igni
1739 5002 1972 5042 succen-

373 5079 471 5147 dit,
505 5087 556 5136 et
587 5094 923 5153 quaecunque
945 5077 1153 5134 invenit
1173 5078 1372 5147 oblata,
1406 5076 1668 5133 demersit
1697 5076 1752 5131 in
1773 5075 1970 5131 lacum.

427 5244 443 5268 ι
477 5237 825 5284 Alamanniam
859 5236 1163 5284 Helveticam
1184 5237 1428 5284 Martinus
1446 5235 1652 5284 Crusius
1673 5235 1800 5282 libro
1817 5234 1980 5290 primo

372 5308 438 5356 de
467 5311 584 5365 Rep.
611 5309 721 5354 Hel.
743 5308 978 5365 appellat.

425 5385 452 5422 δ
475 5380 619 5428 Surio
640 5381 878 5437 Limagus
897 5380 1100 5436 dicitur,
1122 5381 1278 5436 vulgo
1301 5380 1345 5428 te
1366 5379 1544 5434 Limat,
1570 5379 1832 5425 hodiernae
1852 5381 1969 5425 Hel-

371 5453 521 5500 vetiae
544 5454 720 5500 ﬂuvius
749 5453 884 5499 haud
921 5453 1168 5508 ignobilis,
1195 5453 1683 5508 lacumTigurinum,
1708 5452 1783 5496 hic
1804 5452 1982 5497 Turici-

371 5535 495 5571 num
511 5525 699 5571 dictum
721 5524 1018 5580 ingreditur,
1038 5525 1181 5570 alluit
1200 5525 1441 5580 Tigurum
1473 5522 1727 5579 Tigurinze
1748 5524 1981 5578 regionis

382 5597 564 5644 urbem
601 5596 920 5654 primariam,
963 5600 1012 5642 et
1033 5599 1207 5653 postea
1237 5597 1288 5642 in
1305 5597 1502 5644 Arolam
1523 5597 1752 5645 inﬂuens.
1776 5593 1982 5642 insimul

374 5669 426 5714 in
447 5669 704 5716 sinistram
724 5668 880 5717 Rheni
904 5669 1066 5726 ripam
1087 5668 1385 5716 devolvitur.
1409 5670 1559 5716 Porro
1581 5668 1632 5715 in
1651 5667 1816 5724 capite
1843 5668 1984 5716 lacus

2711 1858 2935 1915 CAPUT
2975 1859 3039 1913 V.

2080 1995 2363 2051 Adventus
2394 2008 2587 2049 eor-um
2611 1991 2682 2047 ad
2717 1993 3095 2047 Willimarum
3113 1990 3497 2062 presbyterum
3523 1990 3675 2062 apud

2153 2085 2450 2148 Arbonam,
2477 2086 2535 2138 et
2562 2082 2892 2138 humanitas
2923 2082 3064 2152 ejus,
3099 2083 3154 2136 et
3183 2081 3462 2152 Brigantii
3519 2095 3674 2136 com-

2155 2173 2414 2228 moratio.

2155 2289 2279 2344 Post
2327 2289 2442 2343 hmc
2486 2303 2595 2342 non
2640 2287 2832 2342 timore
2891 2285 3288 2357 persecutionis
3334 2284 3673 2356 perterritus,

2084 2380 2182 2434 sed
2213 2393 2396 2432 amore
2439 2376 2695 2447 spiritalis
2729 2376 2863 2432 lucri
2907 2391 3224 2447 persuasus,
3279 2374 3677 2430 contumacium

2084 2468 2323 2523 sterilem
2369 2466 2578 2520 turbam
2623 2465 2858 2536 reliquit,
2918 2481 2985 2519 ne
3027 2464 3257 2518 inaniter
3303 2463 3453 2517 arida
3512 2463 3680 2519 corda

2083 2557 2264 2611 diutus
2293 2555 2558 2627 irrigaret,
2608 2553 2697 2626 qui
2743 2553 3022 2608 benevolis
3064 2552 3338 2606 mentibus
3389 2551 3678 2622 quamplu-

2084 2646 2279 2700 rimum
2321 2644 2582 2715 prodesse
2628 2641 2844 2696 interim
2900 2641 3184 2713 potuisset.
3236 2643 3481 2712 Pergens
3543 2656 3678 2712 ergo

2084 2734 2210 2788 inde
2256 2749 2378 2789 cum
2422 2733 2534 2786 suis
2579 2731 2827 2803 pervenit
2875 2731 2930 2784 in
2976 2739 3215 2786 castrum
3265 2730 3409 2803 quod
3458 2731 3679 2784 Arbona

2084 2832 2305 2878 vocatur
2346 2823 2572 2892 (Arbon)
2607 2838 2619 2874 :
2653 2830 2705 2875 et
2749 2821 2953 2875 invenit
2983 2820 3054 2873 ibi
3091 2820 3470 2890 presbyterum
3516 2818 3679 2874 boni-

2086 2921 2193 2967 tate
2224 2911 2594 2982 conspicuum,
2629 2909 2848 2964 nomine
2881 2909 3269 2963 Willimarum.
3306 2908 3408 2978 Qui
3439 2925 3562 2963 cum
3594 2908 3676 2962 in-

2086 3002 2248 3055 tuitus
2281 3018 2401 3054 eum
2450 3000 2658 3068 fuisset,
2704 2999 2840 3053 dixit
2876 3014 2888 3054 :
2935 2998 3257 3054 Benedictus
3301 2998 3390 3070 qui
3435 2998 3583 3053 venit
3626 2997 3680 3051 in

2007 3099 2056 3162 α
2089 3090 2310 3146 nomine
2337 3088 2574 3154 Domini,
2609 3097 2660 3143 et
2691 3088 2916 3160 reliqua.
2952 3087 3046 3142 Cui
3081 3087 3161 3142 vir
3193 3087 3290 3142 Dei
3321 3087 3395 3142 ita
3440 3102 3676 3158 respon-

2081 3181 2157 3234 dit
2180 3197 2191 3234 :
2215 3181 2293 3235 De
2313 3178 2627 3251 regionibus
2647 3177 3004 3249 congregavit
3025 3193 3123 3232 nos
3141 3176 3423 3231 Dominus.
3444 3176 3678 3247 Presby-

2079 3277 2158 3324 ter
2207 3286 2361 3340 ergo,
2401 3268 2744 3338 apprehensa
2803 3267 3024 3321 dextera
3066 3266 3201 3334 ejus,
3242 3265 3391 3320 duxit
3455 3282 3576 3320 eum
3623 3264 3676 3319 in

2077 3359 2394 3422 oratorium,
2433 3366 2484 3412 et
2513 3366 2795 3428 postquam
2826 3356 3026 3426 pariter
3060 3363 3374 3421 oraverunt,
3425 3354 3672 3409 introdu-

2078 3447 2151 3500 xit
2183 3462 2277 3501 eos
2307 3447 2362 3500 in
2393 3445 2705 3516 hospitium.
2732 3444 2837 3513 Qui
2867 3461 3058 3515 pacem
3075 3445 3260 3499 domui
3291 3445 3670 3515 imprecantes,

2076 3536 2443 3606 deposuerunt
2473 3534 2768 3589 sarcinulas
2799 3549 2946 3588 suas.
3005 3535 3293 3605 Postquam
3342 3550 3470 3588 vero
3519 3549 3677 3588 recn-

2075 3626 2329 3689 buerunt,
2355 3623 2600 3690 jussione
2630 3622 2836 3676 abbatis
2867 3622 3056 3676 Gallus
3083 3622 3263 3677 divina
3294 3623 3539 3677 recitavit
3562 3621 3668 3676 elo-

2074 3714 2220 3786 quia,
2255 3711 2524 3784 profunda
2555 3726 2809 3766 reserans
2843 3710 3101 3765 veritatis.
3147 3712 3290 3764 Inter
3336 3727 3488 3765 sacra
3533 3711 3672 3765 doc-

2074 3802 2229 3858 trinm
2282 3801 2530 3856 salutaris
2595 3799 2860 3864 convivia,
2920 3799 3266 3868 prudentiam
3323 3799 3424 3854 viri
3483 3813 3667 3852 sacer-

2073 3891 2172 3947 dos
2203 3890 2442 3954 miratus,
2477 3906 2507 3942 a
2539 3889 2664 3943 ﬂetu
2714 3904 2772 3943 se
2815 3887 3096 3944 continere
3139 3904 3246 3943 non
3291 3887 3480 3958 potuit.
3527 3888 3663 3941 Toto

2072 3989 2252 4035 autem
2284 3987 2491 4050 septem
2531 3978 2740 4033 dierum
2790 3977 2994 4032 circula
3039 3992 3165 4033 cum
3219 3992 3430 4032 summo
3464 3976 3672 4034 honore

2071 4078 2123 4124 et
2151 4069 2434 4142 diligentia
2464 4067 2568 4122 illis
2599 4067 2940 4135 ministravit,
2977 4076 3028 4122 et
3059 4081 3196 4139 quos
3228 4067 3542 4122 carnalibus
3590 4066 3675 4122 fo-

2070 4159 2145 4214 vit
2191 4158 2407 4224 diliciis,
2470 4157 2538 4212 ab
2597 4155 2730 4227 ipsis
2790 4156 3028 4228 quotidie
3093 4165 3278 4228 pastus
3321 4165 3403 4211 est
3441 4156 3669 4227 dapibus

2070 4248 2485 4319 Scripturarum.
2516 4248 2659 4300 Inter
2690 4261 2857 4302 sacrae
2887 4247 3053 4317 igitur
3085 4245 3459 4302 aedificationis
3488 4245 3664 4302 collo-

2069 4337 2212 4408 quia,
2264 4335 2628 4392 Columbanus
2682 4335 2822 4390 abba
2880 4337 3256 4407 presbyterum
3313 4335 3669 4406 interrogavit

2070 4426 2114 4480 si
2143 4427 2303 4482 sciret
2332 4426 2568 4498 aliquem
2600 4425 2653 4480 in
2685 4425 2974 4480 solitudine
3007 4426 3185 4480 locum
3215 4425 3271 4479 in
3320 4441 3426 4496 quo
3471 4425 3664 4480 cellula

2071 4513 2187 4570 ﬁeri
2227 4515 2512 4586 potuisset,
2570 4515 2829 4570 custodiis
2887 4515 3280 4587 aliquantulum
3326 4515 3668 4587 regularibus

2070 4612 2393 4676 Opportuna.
2419 4605 2630 4675 Hospes
2667 4611 2976 4660 sanctorum
3007 4604 3130 4658 huic
3174 4603 3506 4674 inquisitioni
3555 4620 3669 4658 res-

2070 4695 2258 4767 pondit
2292 4711 2304 4747 :
2339 4694 2399 4748 ld
2444 4694 2545 4748 hac
2591 4693 2876 4748 solitudine
2937 4693 3088 4749 locus
3133 4693 3352 4764 quidam
3403 4701 3484 4748 est
3532 4694 3670 4748 anti-

2073 4801 2194 4855 qua:
2233 4791 2516 4838 structurae
2567 4798 2790 4837 servans
2852 4782 2990 4836 inter
3047 4781 3230 4836 ruinas
3278 4783 3528 4854 vestigia,
3576 4782 3668 4836 ubi

2074 4881 2214 4928 terra
2241 4872 2458 4945 pinguis
2489 4879 2540 4927 et
2580 4870 2889 4926 fructuariis
2923 4872 3275 4942 proventibus
3319 4879 3462 4942 apta,
3510 4887 3666 4928 mon-

2075 4969 2156 5016 tes
2182 4978 2281 5032 per
2324 4978 2518 5033 gyrum
2565 4960 2787 5026 excelsi,
2840 4976 3054 5015 eremus
3094 4967 3244 5016 vasta
3285 4967 3334 5014 et
3380 4960 3671 5016 imminens

2075 5050 2294 5121 oppido,
2332 5049 2583 5121 planities
2628 5049 2851 5120 COpiosa
2901 5048 3098 5104 victum
3146 5049 3512 5121 quaerentibus
3559 5050 3672 5105 fru-

2077 5149 2222 5197 ctum
2250 5139 2449 5194 laboris
2500 5155 2608 5194 non
2651 5149 2829 5210 negat.
2875 5138 2944 5194 Et
2979 5153 3100 5194 cum
3147 5137 3253 5194 loci
3294 5138 3463 5210 ipsius
3507 5139 3669 5195 situm

2075 5289 2300 5345 Tigurini
2318 5290 2617 5336 Walatridus
2640 5289 2721 5335 hic
2751 5289 2892 5346 ponit
2911 5289 3224 5345 Tucconiam,
3252 5291 3408 5346 vulgo
3455 5298 3666 5347 ruggen.

2081 5363 2257 5409 Confer
2298 5362 2458 5408 Vitam
2480 5364 2526 5408 S.
2558 5361 2849 5408 Columbani
2873 5363 3074 5407 auctore
3094 5364 3233 5418 Jona,
3257 5373 3287 5408 a
3314 5373 3449 5408 num.
3467 5367 3537 5408 49.
3563 5364 3658 5407 Νοο

2082 5437 2152 5479 tat
2181 5434 2444 5481 Goldastus
2465 5433 2760 5480 Tucconiam
2783 5433 2934 5479 hodie
2954 5434 3223 5490 Tuggium,
3261 5433 3526 5480 vernaculo
3563 5438 3664 5488 Zttg

2082 5506 2195 5552 ideo
2230 5505 2529 5562 appellatam
2548 5507 2680 5561 quod
2702 5507 2897 5552 veteres
2917 5507 3177 5552 Alamanni
3199 5515 3242 5548 τδ
3268 5511 3300 5550 Τ
3320 5506 3514 5550 mutare
3537 5513 3668 5548 ama-

2082 5578 2196 5624 rent
2217 5577 2268 5622 in
2289 5583 2322 5622 Ζ
2353 5591 2363 5621 :
2394 5577 2529 5623 unde
2550 5576 2832 5623 Turicinum
2853 5577 3057 5633 Zurich,
3087 5577 3325 5624 Tabernas
3346 5575 3554 5632 zabern,
3573 5577 3670 5622 Du-

2084 5659 2298 5706 raeaqua:
2315 5648 2562 5705 zurxach,
2586 5649 2635 5696 et
2655 5649 2701 5694 id
2729 5659 2894 5706 genus
2914 5649 3112 5697 similia.
