3996 6184
325 229 426 282 983

771 221 1176 279 WALAF'RIDI
1214 222 1458 280 STRABI
1497 222 1693 281 FULD.
1737 221 1907 280 MON.
1951 221 2102 279 OPP.
2144 224 2319 282 PARS
2358 225 2428 282 II.
2468 255 2537 268 —
2574 224 2970 284 HISTORICA.

3534 233 3642 288 98L

328 366 429 422 per
457 349 628 406 multa
654 348 948 416 laudasset,
983 348 1238 405 indicavit
1281 365 1481 405 nomen
1536 350 1652 419 ejus
1707 349 1931 423 Brigan-
1951 349 2008 410 A
2039 358 2176 405 sent.
2209 351 2351 419 Quin
2383 352 2547 406 etiam
2574 352 2926 407 adventantes
2957 353 3288 426 peregrinos
3318 355 3640 424 hujusmodi

333 439 487 496 tium.

944 525 1166 582 CAPUT
1203 526 1296 582 VI.

341 651 408 707 Ut
438 648 696 705 eumdem
741 649 924 705 locum
961 647 1261 714 adierint,
1298 653 1356 704 et
1381 647 1513 721 quid
1550 649 1613 704 in
1651 651 1931 704 conventu

405 738 602 811 populi
630 738 823 794 beatus
857 737 1048 794 Gallus
1068 739 1270 808 fecerit
1301 738 1587 810 :quaiiter
1617 738 1932 794 oratorium

401 827 875 892 restauraverint,
917 830 974 882 et
1007 826 1262 899 quandiu
1305 827 1509 882 ibidem
1543 828 1928 884 constiterint.

402 959 516 1015 Illis
546 958 712 1030 igitur
732 958 862 1015 illuc
881 959 958 1014 ire
989 959 1350 1030 cupientibus,
1389 960 1604 1030 paravit
1648 959 1937 1031 presbyter

333 1048 636 1104 naviculam
668 1056 719 1104 et
763 1048 1020 1119 imposuit
1069 1049 1330 1121 remiges.
1377 1049 1716 1104 Venerabilis
1759 1056 1936 1103 autem

336 1138 481 1192 abba
510 1153 632 1191 cum
663 1137 953 1192 comitibus
992 1137 1150 1193 Gallo
1182 1146 1235 1192 et
1284 1138 1517 1208 quodam
1567 1138 1796 1193 diacono
1844 1153 1938 1191 na-

339 1243 462 1282 vem
495 1227 872 1282 conscendens
917 1227 1162 1282 invocato
1206 1227 1424 1281 nomine
1467 1227 1702 1296 Domini,
1750 1227 1821 1281 ad
1866 1226 1940 1281 lo-

340 1331 462 1371 cum
495 1316 865 1370 desideratum
897 1316 981 1370 via
1011 1324 1161 1370 recta
1191 1317 1456 1385 pervenit.
1489 1315 1713 1388 Egressi
1743 1316 1811 1370 de
1840 1330 1934 1368 na-

342 1404 541 1471 vicula,
575 1404 871 1459 oratorium
899 1404 955 1458 in
987 1405 1248 1459 honorem
1297 1412 1496 1460 sanctae
1540 1403 1772 1460 Aureliae
1813 1419 1943 1458 con-

347 1500 608 1548 structum
642 1493 910 1559 adierunt,
944 1494 1092 1564 quod
1123 1493 1467 1564 postmodum
1501 1493 1690 1548 beatus
1735 1492 1946 1548 Colum-

350 1582 524 1636 banus
555 1581 610 1637 in
651 1582 891 1653 priscum
945 1582 1220 1637 renovavit
1263 1583 1541 1637 honorem.
1582 1583 1710 1636 Post
1748 1582 1946 1637 oratio-

2019 441 2158 510 juvit
2188 440 2394 507 solatio,
2443 449 2496 495 et
2539 440 2607 495 de
2650 441 2846 496 eodem
2891 442 3080 498 labore
3123 443 3385 500 assiduas
3433 444 3639 516 populo

2029 528 2439 586 benedictiones
2469 529 2730 586 exhibuit.

2629 636 2858 693 CAPUT
2915 638 3032 693 VII.

2035 751 2180 819 Quas
2210 750 2528 810 daemonum
2558 767 2712 808 voces
2739 753 2931 809 Gali-us
2971 752 3243 820 audierit,
3276 758 3332 811 et
3365 755 3638 827 quomodo

2461 841 2609 896 idem
2650 858 2808 897 error
2850 843 3206 900 abscesserit.

2106 959 2174 1012 At
2216 957 2342 1010 dum
2398 957 2632 1027 quodam
2670 964 2914 1027 tempore
2957 959 3092 1013 retia
3141 976 3238 1013 sua
3287 960 3528 1016 mitteret
3584 961 3642 1016 in

2034 1046 2264 1118 pelagus
2294 1045 2348 1098 in
2379 1045 2591 1100 silentio
2623 1046 2816 1113 noctis,
2849 1046 3050 1101 audivit
3085 1048 3390 1104 darmonem
3437 1065 3644 1121 magno

2037 1134 2187 1190 vocis
2217 1133 2443 1205 strepitu
2473 1135 2541 1189 de
2582 1135 2785 1190 vertice
2832 1136 3031 1191 montis
3076 1137 3308 1208 proximi
3351 1148 3645 1194 vocantem

2039 1224 2330 1295 quemdam
2359 1223 2934 1279 alterummominatim
2963 1227 3121 1296 quasi
3147 1226 3202 1279 in
3237 1227 3438 1298 pelago
3483 1243 3642 1283 com-

2039 1321 2356 1367 morantem.
2419 1313 2662 1383 Cumque
2691 1321 2744 1368 et
2773 1313 2819 1367 is
2849 1315 2939 1385 qui
2990 1315 3288 1370 vocabatur
3333 1325 3534 1387 praesto
3581 1333 3642 1372 se

2042 1418 2163 1457 esse
2193 1402 2349 1472 quasi
2393 1402 2460 1456 de
2499 1401 2618 1456 lacu
2663 1403 3066 1473 responderet:
3111 1404 3414 1477 Consurge,
3467 1406 3648 1478 inquit

2043 1490 2152 1556 ille,
2187 1491 2241 1544 in
2271 1491 2588 1559 adjutorium
2621 1491 2772 1560 mihi,
2805 1499 2860 1545 ut
2909 1492 3232 1564 peregrinos
3280 1493 3412 1548 istos
3449 1495 3645 1563 ejicia-

2044 1595 2164 1633 mus
2193 1580 2260 1634 de
2289 1579 2372 1633 his
2403 1579 2624 1634 sedibus
2656 1597 2671 1634 :
2713 1580 2836 1651 quia
2885 1579 2988 1649 ipsi
3032 1581 3099 1635 de
3134 1581 3300 1654 longe
3335 1583 3640 1649 venientes,

347 1687 474 1726 nem
507 1687 633 1726 cum
662 1687 764 1742 per
791 1687 990 1743 gyrum
1026 1671 1197 1727 oculis
1243 1680 1434 1726 cuncta
1479 1671 1785 1740 lutrassent,
1831 1671 1945 1741 pla-
1975 1712 2028 1770 B
2048 1685 2135 1722 me
2166 1669 2234 1722 de
2266 1669 2462 1738 templo
2491 1685 2614 1722 meo
2659 1669 2998 1738 expulerunt,
3034 1669 3323 1726 simulacra
3351 1688 3472 1728 mea
3501 1689 3645 1729 con-

353 1760 462 1815 cuit
487 1759 594 1813 illis
627 1759 854 1832 qualitas
885 1767 938 1813 et
964 1760 1096 1814 situs
1135 1760 1401 1814 locorum.
1449 1759 1658 1815 Deinde
1700 1759 1944 1814 oratione

348 1849 635 1920 praemissa
681 1848 829 1905 circa
872 1848 1166 1905 oratorium
1211 1848 1610 1903 mansiunculas
1657 1847 1761 1902 sibi
1806 1849 1951 1904 fece-

353 1946 496 1992 runt.
559 1940 897 2009 Repererunt
945 1946 1125 1991 autem
1169 1937 1222 1990 in
1269 1938 1470 2009 templo
1520 1945 1630 1992 tres
1684 1938 1953 2008 imagines

357 2042 525 2082 aereas
557 2027 859 2091 deauratas,
884 2026 1077 2098 parieti
1101 2025 1307 2093 afﬁxas,
1328 2043 1462 2098 quas
1478 2026 1707 2097 populus
1727 2027 1951 2082 dimisso

361 2114 550 2169 altaris
581 2115 722 2170 sacri
754 2114 900 2171 cultu
929 2115 1206 2180 adorabat,
1246 2123 1296 2169 et
1326 2114 1519 2170 oblatis
1550 2114 1834 2172 sacrificiis
1863 2115 1950 2170 di-

361 2220 490 2260 cere
521 2204 803 2260 consuevit
838 2221 850 2259 :
884 2204 976 2258 Isti
1007 2211 1130 2258 sunt
1161 2204 1234 2258 dii
1262 2212 1493 2271 veteres,
1527 2212 1580 2260 et
1609 2205 1815 2276 antiqui
1845 2205 1952 2258 hu-

356 2294 444 2362 jus
475 2294 582 2349 loci
649 2301 866 2362 tutores,
921 2308 1153 2365 quorum
1199 2293 1388 2349 solatio
1437 2301 1488 2348 et
1530 2309 1631 2348 nos
1674 2301 1726 2348 et
1772 2301 1953 2348 nostra

363 2382 657 2453 perdurant
703 2398 874 2454 usque
923 2381 978 2435 in
1031 2389 1298 2453 praesens.
1347 2382 1712 2437 Columbanus
1770 2383 1952 2454 itaque

358 2471 518 2526 beato
552 2470 707 2527 Gallo
731 2471 783 2525 id
813 2470 1039 2539 injunxit
1069 2470 1251 2537 oilicii,
1285 2478 1342 2526 ut
1371 2472 1626 2542 populum
1657 2472 1725 2526 ab
1769 2487 1954 2528 errore

355 2560 680 2616 idololatriae
700 2561 769 2616 ad
800 2560 1002 2616 cultum
1033 2559 1134 2615 Dei
1163 2560 1538 2616 exhortatione
1552 2561 1770 2616 salutari
1789 2577 1953 2617 revo-

358 2658 525 2716 caret,
575 2649 702 2722 quia
746 2649 863 2720 ipse
905 2651 1045 2706 hanc
1095 2665 1127 2704 a
1178 2650 1410 2706 Domino
1454 2650 1681 2722 gratiam
1735 2651 1947 2717 meruit,

358 2747 415 2794 ut
444 2755 554 2794 non
585 2739 760 2794 solum
791 2739 1010 2806 Latinae,
1044 2738 1139 2794 sed
1185 2739 1347 2795 etiam
1392 2739 1694 2796 barbaricae
1735 2740 1957 2796 locutio-

355 2829 441 2884 nis
471 2829 840 2902 cognitionem
869 2845 978 2884 non
1005 2845 1226 2900 parvam
1271 2829 1513 2884 haberet.
1548 2829 1787 2902 Cumque
1821 2830 1956 2899 ejus-

355 2919 482 2973 dem
514 2919 701 2990 templi
734 2918 1047 2974 solemnitas
1067 2927 1346 2992 ageretur,
1376 2918 1819 2974 venitmultitudo
1845 2935 1954 2974 non

360 3007 580 3062 minima
610 3008 910 3079 promiscui
941 3023 1104 3063 sexus
1135 3016 1187 3063 et
1215 3008 1408 3073 aztatis,
1445 3023 1554 3062 non
1582 3016 1785 3062 tantum
1820 3025 1954 3078 pro-

2049 1757 2328 1823 triverunt,
2362 1765 2413 1813 et
2455 1758 2713 1828 populum
2751 1758 2842 1828 qui
2884 1775 2972 1814 me
3014 1764 3359 1830 sequebatur,
3411 1769 3537 1832 post
3587 1779 3650 1818 se

2050 1854 2376 1901 averterunt.
2411 1847 2759 1902 Commoveat
2798 1853 2851 1901 te
2894 1846 3090 1915 injuria
3136 1864 3301 1920 quam
3338 1850 3536 1920 patior,
3593 1860 3649 1907 et

2051 1935 2235 1990 hostes
2263 1951 2577 1990 communes
2624 1935 2786 1988 unitis
2828 1931 3032 1990 viribus
3077 1953 3107 1990 a
3147 1939 3346 1992 nostris
3393 1940 3648 1994 terminis

2052 2040 2352 2080 arceamus.
2386 2025 2452 2078 Et
2484 2025 2600 2095 ipse
2631 2023 2910 2094 respondit
2945 2040 2956 2078 :
2992 2024 3109 2079 Heu
3132 2023 3144 2079 ι
3165 2027 3309 2096 quod
3331 2027 3400 2082 de
3421 2027 3529 2081 tuis
3549 2043 3646 2084 ca-

2050 2113 2377 2168 lamitatibus
2405 2129 2615 2179 narras,
2651 2130 2716 2167 ex
2737 2128 2860 2167 meo
2877 2121 3189 2185 contemptu
3218 2117 3481 2188 percipio.
3504 2119 3645 2172 Nam

2052 2219 2193 2257 unus
2222 2218 2287 2257 ex
2318 2202 2424 2257 illis
2451 2219 2539 2257 me
2585 2202 2638 2257 in
2673 2201 2870 2272 pelago
2900 2202 3114 2272 premit,
3149 2212 3199 2258 et
3225 2221 3349 2260 mea
3379 2205 3645 2273 devastat,

2052 2291 2204 2360 cujus
2247 2307 2348 2348 nec
2394 2291 2526 2346 retia
2587 2306 2827 2362 unquam
2873 2305 3216 2362 corrumpere
3252 2309 3497 2364 possum,
3548 2311 3652 2352 nec

2053 2380 2230 2451 ipsum
2278 2379 2548 2451 decipere,
2594 2379 2722 2452 quia
2770 2379 3039 2435 invocatio
3085 2380 3253 2436 divini
3295 2383 3533 2437 nominis
3577 2384 3647 2440 de

2053 2484 2145 2526 ore
2174 2471 2290 2539 ejus
2322 2486 2601 2541 nunquam
2642 2469 2843 2524 recedit
2879 2484 2890 2523 :
2936 2468 3058 2539 quia
3105 2471 3343 2525 munitus
3387 2473 3649 2528 continua

2053 2559 2332 2631 vigilantia
2375 2559 2598 2614 insidias
2637 2565 2858 2613 nostras
2925 2559 3238 2613 contemnit.
3302 2559 3652 2634 Quapropter

2052 2655 2159 2701 tam
2189 2655 2377 2704 cautos
2417 2648 2706 2703 bellatores
2748 2645 2872 2702 fidei
2920 2657 3121 2705 nostra:
3160 2664 3268 2704 non
3310 2650 3650 2720 superabunt

2053 2737 2324 2794 versutiae.
2358 2737 2454 2792 His
2494 2737 2707 2805 auditis,
2758 2738 2842 2793 vir
2888 2738 2986 2794 Dei
3032 2737 3262 2792 munivit
3304 2754 3365 2793 se
3403 2739 3648 2812 undique

2055 2825 2212 2899 signo
2243 2835 2445 2883 sanetae
2473 2827 2667 2894 crucis,
2701 2835 2753 2882 et
2799 2827 2928 2882 dixit
2960 2827 3067 2881 illis
3103 2844 3115 2882 :
3164 2828 3225 2881 In
3267 2827 3488 2883 nomine
3533 2830 3649 2885 Do-

2053 2916 2184 2971 mini
2213 2917 2385 2972 nostri
2409 2917 2538 2972 Jesu
2571 2916 2788 2985 Christi,
2823 2918 3016 2986 adjuro
3047 2931 3145 2972 vos
3177 2923 3235 2970 ut
3271 2917 3551 2972 recedatis
3581 2919 3653 2974 de

2053 3005 2175 3061 loco
2205 3005 2326 3072 isto,
2361 3013 2412 3060 et
2433 3005 2703 3061 neminem
2723 3005 2809 3062 hic
2828 3005 3030 3062 laedere
3044 3006 3410 3077 praesumatis.
3431 3007 3650 3062 Deinde

358 3105 482 3168 pter
511 3097 816 3154 festivitatis
843 3098 1129 3162 honorem,
1164 3112 1351 3152 verum
1373 3095 1532 3150 etiam
1576 3096 1647 3151 ad
1693 3096 1956 3152 videndos
1977 3079 2025 3142 C
2055 3111 2178 3150 cum
2209 3095 2274 3149 ad
2306 3095 2451 3148 littus
2480 3094 2799 3150 festinanter
2835 3096 3085 3166 redisset,
3132 3095 3317 3150 abbati
3367 3110 3468 3151 suo
3525 3113 3652 3168 quae

358 3186 680 3260 peregrinos
703 3202 842 3257 quos
873 3191 1208 3256 agnoverant
1240 3184 1548 3239 advenisse.
1567 3185 1719 3257 Ergo
1741 3187 1868 3240 dum
1889 3187 1957 3242 ad

362 3275 556 3330 horam
587 3273 847 3329 orationis
875 3282 1279 3340 concurrerent,
1297 3273 1452 3342 jussu
1471 3275 1762 3329 venerandi
1783 3275 1955 3330 abba-

363 3363 432 3420 tis
463 3363 651 3419 Gallus
681 3363 843 3435 coepit
873 3362 1017 3418 viam
1048 3362 1284 3418 veritatis
1323 3363 1612 3421 ostendere
1652 3365 1871 3436 populo,
1905 3372 1958 3419 et

365 3459 423 3507 ut
451 3453 518 3507 ad
549 3452 724 3507 Deum
755 3459 1202 3508 converterentur
1231 3452 1547 3522 admonere,
1597 3461 1759 3526 utque
1803 3455 1956 3509 vanis

361 3541 585 3610 abjectis
614 3542 904 3598 adorarent
932 3543 1107 3597 Deum
1136 3543 1364 3609 Patrem,
1391 3551 1694 3599 creatorem
1716 3543 1957 3599 omnium

359 3647 561 3696 rerum,
596 3639 646 3686 et
678 3631 1015 3703 unigenitum
1046 3631 1239 3687 Filium
1267 3632 1383 3701 ejus
1421 3632 1476 3685 in
1525 3648 1630 3704 quo
1662 3640 1742 3687 est
1784 3633 1953 3699 salus,

359 3720 464 3776 vita
495 3728 548 3776 et
576 3721 906 3777 resurrectio
937 3729 1293 3776 mortuorum.
1343 3722 1410 3776 Et
1438 3721 1493 3775 in
1523 3729 1816 3794 conspectu
1842 3737 1958 3776 om-

355 3809 504 3867 nium
547 3809 812 3881 arripiens
856 3810 1160 3881 simulacra,
1219 3817 1270 3864 et
1337 3810 1610 3882 lapidibus
1672 3811 1728 3865 in
1785 3810 1958 3866 frusta

355 3900 752 3966 comminuens,
796 3899 1023 3970 projecit
1062 3900 1118 3953 in
1153 3899 1346 3954 lacum.
1394 3899 1492 3954 His
1536 3899 1666 3954 visis
1715 3900 1958 3954 nonnulli

357 3989 609 4046 conversi
639 3995 762 4043 sunt
798 3989 868 4042 ad
913 3988 1224 4055 Dominum,
1275 3996 1327 4042 et
1371 3987 1692 4044 confitentes
1735 3997 1960 4059 peccata

357 4093 475 4147 sua,
506 4077 694 4132 laudes
727 4075 956 4132 Domino
986 4093 1082 4147 pro
1114 4093 1211 4131 sua
1239 4076 1633 4132 illuminatione
1655 4077 1953 4132 dederunt.

357 4166 462 4222 Alii
492 4174 706 4238 pr0pter
735 4165 1032 4237 imaginum
1071 4166 1549 4222 comminutionem
1579 4167 1659 4220 ira
1691 4174 1742 4222 et
1777 4169 1959 4222 lurore

354 4256 629 4323 commoti,
663 4256 820 4329 gravi
840 4255 1232 4329 indignationis
1275 4255 1429 4311 rabie
1467 4255 1665 4310 turbidi
1703 4272 1953 4312 recesse-

349 4353 491 4400 runt.
524 4346 718 4400 Beatus
747 4354 927 4402 autem
959 4345 1324 4400 Columbanus
1351 4345 1511 4413 jussit
1526 4361 1721 4417 aquam
1742 4343 1949 4413 afferri,

2057 3185 2295 3239 audierat
2333 3184 2614 3239 nuntiavit.
2649 3185 2744 3240 Ille
2773 3187 2891 3240 hmo
2920 3185 3105 3239 auditu
3125 3184 3456 3256 percipiens,
3483 3184 3659 3242 eccle-

2059 3274 2196 3328 siam
2225 3273 2394 3344 petiit,
2426 3281 2478 3331 et
2508 3273 2667 3347 signo
2695 3273 2929 3345 pulsato,
2965 3273 3159 3330 fratres
3180 3274 3476 3329 convenire
3498 3274 3649 3330 fecit.

2059 3363 2214 3417 Prius
2245 3371 2421 3418 autem
2445 3378 2606 3434 quam
2638 3363 2844 3418 initium
2865 3363 3135 3434 psallendi
3155 3362 3432 3430 fecissent,
3457 3364 3658 3420 auditae

2059 3461 2183 3505 sunt
2220 3453 2352 3507 dirae
2385 3468 2547 3507 voces
2577 3453 2967 3507 darmoniorum
2998 3469 3099 3524 per
3126 3453 3388 3508 montium
3419 3455 3655 3508 summi-

2059 3549 2216 3608 tates,
2251 3551 2303 3596 et
2351 3541 2508 3613 quasi
2547 3542 2942 3597 discedentium
2991 3542 3221 3612 ejulatus
3268 3558 3392 3597 cum
3437 3551 3655 3600 terrore

2059 3630 2333 3687 confusus.
2370 3633 2495 3687 Haec
2526 3632 2808 3687 audientes
2841 3633 2982 3688 servi
3015 3633 3133 3698 Dei,
3166 3640 3576 3702 prostraverunt
3597 3650 3658 3688 se

2058 3722 2113 3776 in
2142 3721 2464 3789 orationem,
2500 3722 2715 3776 Domini
2746 3722 3081 3792 postulantes
3110 3722 3526 3792 protectionem,
3580 3722 3659 3776 illi

2058 3827 2161 3882 que
2192 3811 2381 3866 laudes
2411 3820 2463 3866 et
2483 3811 2690 3883 gratias
2706 3812 3096 3882 persolventes,
3133 3811 3259 3882 quia
3272 3827 3368 3867 eos
3388 3811 3656 3868 liberare-

2060 3900 2312 3974 dignatus
2351 3908 2434 3956 est
2463 3901 2532 3956 de
2563 3901 2858 3956 terroribus
2883 3901 3266 3974 malignorum.

2655 4008 2876 4064 CAPUT
2914 4009 3054 4064 VIII.

2065 4114 2403 4170 Machinatio
2426 4117 2480 4168 et
2497 4115 2726 4169 malitia
2763 4115 3082 4170 incolarum
3103 4115 3370 4170 adversus
3419 4119 3647 4170 sanctos

2133 4188 2301 4311 simi,
2322 4189 2378 4239 ct
2407 4189 2529 4257 post
2558 4190 2904 4258 prwceptum
2933 4186 3091 4242 ducis
3126 4186 3432 4242 consilium
3466 4187 3654 4242 disce-

2172 4272 2241 4311 en
2283 4273 2321 4310 ι.

2172 4272 2321 4311 enat.

2137 4363 2348 4417 Interea
2378 4361 2619 4417 nonnulli
2666 4362 2863 4418 civium
2894 4371 3120 4434 propter
3141 4361 3412 4418 idolorum
3433 4377 3659 4418 suorum

351 4442 404 4489 et
434 4434 765 4490 benedicens
793 4435 941 4490 illam
964 4433 1196 4503 aspere“
1217 4449 1279 4488 e3
1300 4433 1581 4522 templum,
1613 4443 1666 4489 et
1694 4435 1823 4489 dum
1844 4435 1947 4490 ei?“
1974 4443 2028 4503 D
2047 4451 2418 4518 abolitionem,
2452 4451 2858 4522 praedicationis
2906 4433 3098 4506 eorum
3149 4451 3356 4506 monita
3411 4461 3659 4507 contem-

344 4523 555 4579 cuirent
583 4524 895 4594 psallentes,
932 4522 1204 4578 dedicavit
1235 4521 1542 4578 ecclesiam.
1567 4523 1778 4578 Deinde
1800 4523 1949 4580 invo-

345 4621 465 4669 cato
493 4613 714 4669 nomine
743 4612 980 4679 Domini,
1016 4612 1165 4667 unxit
1195 4611 1382 4679 altare,
1425 4619 1476 4668 et
1505 4613 1679 4668 beatae
1708 4613 1946 4670 Aurelia:

348 4701 608 4774 reliquias
638 4702 692 4756 in
724 4717 790 4758 eo
818 4701 1126 4767 collocavit,
1179 4701 1481 4772 vestitoque
1525 4702 1696 4768 altari,
1751 4702 1948 4757 missas

343 4791 587 4864 legitime
615 4791 1044 4862 compleverunt.
1081 4789 1542 4862 Omnibusitaque
1559 4791 1662 4846 rite
1692 4792 1941 4862 peractis,

349 4895 604 4936 reversus
651 4888 733 4936 est
774 4880 1008 4951 populus
1060 4878 1117 4932 in
1165 4895 1260 4934 sua
1309 4894 1433 4934 cum
1477 4880 1678 4952 gaudio
1721 4896 1940 4952 magno.

349 4969 474 5022 Post
520 4971 638 5025 haec
679 4968 980 5040 permansit
1023 4967 1097 5022 ibi
1158 4967 1351 5022 beatus
1411 4967 1778 5024 Columbanus
1821 4986 1946 5025 cum

348 5056 804 5113 commilitonibus
861 5058 974 5112 suis
1036 5056 1208 5111 tribus
1268 5055 1424 5110 annis
1452 5064 1522 5110 εις
1570 5066 1622 5112 et
1678 5058 1946 5114 aedificata.

344 5143 478 5199 inibi
508 5145 720 5212 cellula,
755 5146 846 5200 alii
874 5147 1087 5202 hortum
1131 5145 1534 5213 laboraverunt,
1583 5146 1673 5200 alii
1719 5148 1943 5203 arbores

345 5233 640 5306 pomiferas
669 5235 1018 5290 excoluerunt
1052 5252 1065 5290 :
1099 5235 1288 5290 beatus
1316 5250 1449 5289 vero
1489 5234 1681 5290 Gallus
1726 5237 1944 5292 texebat

347 5323 499 5394 retia,
524 5330 594 5389 et,
645 5321 1018 5379 misericordia
1065 5323 1164 5379 Dei
1207 5331 1553 5394 cooperante,
1602 5333 1804 5380 tantam
1851 5326 1940 5397 pi-

348 5412 522 5470 scium
551 5412 766 5485 c0piam
806 5412 966 5483 cepit,
1018 5421 1073 5468 ut
1119 5429 1390 5485 nunquam
1439 5413 1690 5469 fratribus
1729 5414 1938 5470 defuis-

402 5574 678 5624 'Nimlrum
703 5573 1024 5632 tncompletis
1045 5590 1055 5619 :
1085 5582 1203 5619 nam
1217 5582 1350 5619 anno
1370 5578 1450 5620 612
1468 5584 1582 5621 cum
1602 5573 1939 5622 Columbanus

334 5646 541 5696 vidisset
562 5648 810 5697 devictum
829 5659 860 5696 a
884 5646 1186 5698 Theoderico
1211 5645 1605 5702 Theodebertum,
1635 5647 1820 5695 relicta
1838 5650 1940 5694 Ita-

2055 4548 2264 4607 nentes,
2290 4548 2571 4611 cmperunt
2601 4549 2790 4596 contra
2819 4556 2913 4596 eos
2941 4541 3069 4595 odia
3100 4541 3396 4608 concitare,
3424 4541 3653 4596 insidias

2049 4630 2367 4686 machinari.
2402 4629 2523 4699 Qua
2556 4629 2719 4684 etiam
2767 4630 3064 4684 intentione
3109 4630 3354 4685 locorum
3405 4631 3653 4701 ipsorum

2050 4720 2264 4786 ducem,
2296 4719 2513 4774 nomine
2544 4719 2880 4785 Gunzonem,
2926 4719 3200 4784 adierunt,
3253 4727 3306 4774 et
3342 4721 3489 4790 apud
3529 4737 3653 4775 eum

2048 4817 2438 4865 accusaverunt
2487 4817 2724 4878 sanctos,
2747 4809 2989 4864 dicentes
3007 4807 3357 4864 venationem
3377 4809 3652 4879 publicam

2047 4897 2102 4952 in
2132 4897 2338 4953 eisdem
2369 4897 2504 4953 locis
2535 4906 2758 4968 propter
2788 4897 3002 4952 illorum
3050 4897 3452 4953 infestationem
3486 4914 3650 4968 pere-

2047 4986 2327 5059 grinorum
2359 5002 2481 5041 esse
2511 4986 2802 5040 turbatam.
2832 4984 2950 5054 Quo
2982 4986 3167 5042 audito
3201 4986 3310 5041 dux
3336 4985 3520 5042 furore
3534 5004 3658 5042 suc-

2045 5093 2264 5140 census,
2297 5075 2480 5129 missis
2509 5075 2712 5130 nuntiis
2741 5074 2972 5130 famulos
3021 5075 3122 5130 Dei
3171 5075 3239 5130 de
3284 5075 3408 5131 loco
3458 5077 3652 5131 eodem

2043 5165 2328 5220 discedere
2350 5164 2530 5233 jussit.
2566 5164 2674 5219 Sed
2703 5180 2880 5234 neque
2925 5164 3027 5219 hoc
3073 5162 3272 5219 sufﬁcit
3320 5164 3647 5220 satellitibus

2042 5255 2350 5309 daemonum
2383 5271 2396 5307 :
2431 5253 2561 5325 quin
2591 5253 2752 5308 etiam
2772 5268 2997 5308 vaccam
3028 5267 3220 5308 eorum
3251 5251 3394 5307 furto
3426 5253 3646 5308 abstra-

2040 5345 2250 5411 hentes,
2285 5342 2339 5395 in
2369 5341 2511 5396 invia
2540 5342 2740 5397 ducunt
2771 5341 3049 5396 silvarum.
3092 5341 3244 5409 Quos
3274 5357 3400 5397 cum
3433 5341 3543 5396 duo
3575 5342 3644 5397 de

2039 5432 2301 5487 fratribus
2332 5447 2362 5486 e
2392 5431 2626 5504 vestigio
2673 5431 3055 5502 insequuntur,
3111 5438 3519 5503 consurgentes
3566 5430 3650 5485 Ia-

2039 5574 2116 5621 tia
2141 5576 2291 5632 atque
2336 5570 2610 5620 Germania
2647 5573 2858 5621 [talium
2876 5573 3187 5631 ingreditur,
3214 5557 3371 5631 inquit
3411 5575 3567 5620 Jonas
3609 5573 3657 5618 in

2039 5647 2151 5704 ejus
2181 5645 2307 5698 Vita.
2329 5655 2467 5691 num.
2489 5649 2556 5691 56.
