3996 6184
314 229 422 283 985

1393 219 1556 277 VITA
1612 221 1668 278 S.
1711 219 1915 278 GALLI
1960 220 2268 279 ABBATIS.
2317 252 2387 264 —-
2431 221 2558 281 LIB.
2616 222 2682 280 I.’

3513 233 3618 287 986

323 344 568 404 trunculi
596 339 927 400 interﬁciunt
957 357 1072 410 eos,
1099 351 1152 398 et
1183 341 1488 399 auferentes
1519 343 1694 416 spolia
1724 361 1930 414 eorum,
1951 347 2007 409 A
2036 346 2252 402 minus:
2278 345 2332 400 in
2364 346 2801 418 praedicatoribus
2843 346 2954 402 suis
2975 347 3087 418 jam
3129 348 3337 420 pridem
3382 349 3622 407 eontem-

324 437 635 493 discedunt.
673 433 857 488 Mirati
887 439 1067 488 autem
1102 431 1300 488 fratres
1329 449 1426 490 cur
1455 434 1641 488 tandiu
1672 433 1927 489 differant

325 525 530 593 redire,
564 523 782 577 mittunt
813 521 951 576 alios
980 521 1073 594 qui
1115 537 1211 577 eos
1250 522 1552 594 requirant.
1585 523 1668 577 Illi
1695 523 1929 596 vestigia

325 631 521 670 eorum
569 612 763 678 secuti,
815 611 1031 666 occisos
1075 627 1170 666 eos
1221 611 1520 678 inveniunt,
1574 619 1626 666 et
1655 613 1930 668 cadavera

325 703 570 775 ipsorum
604 700 718 754 suis
747 699 991 754 humeris
1020 699 1383 770 imponentes,
1420 700 1488 754 ad
1520 699 1716 756 cellam
1748 715 1932 772 repor-

322 799 464 847 tant.
501 791 652 844 Inter
681 791 782 843 hos
813 787 1186 861 angustiarum
1215 795 1266 842 et
1289 787 1519 843 tristitia:
1551 788 1766 858 ﬂuctus,
1800 805 1934 843 nun-

317 881 434 956 tius
456 880 614 936 ducis
637 877 958 944 adveniens,
1006 878 1073 932 de
1096 877 1188 932 illo
1211 892 1306 932 eos
1326 877 1448 933 loco
1470 892 1780 933 commeare
1801 894 1936 948 pra:-

329 969 495 1041 cepit,
545 983 648 1023 nec
693 966 980 1034 immerito,
1035 965 1158 1036 quia
1190 982 1299 1020 non
1329 975 1411 1020 est
1450 967 1683 1022 societas
1729 967 1833 1023 luci
1866 968 1934 1022 ad

327 1059 610 1114 tenebras.
644 1056 769 1128 Egit
799 1063 979 1109 autem
999 1057 1103 1110 hoc
1131 1063 1248 1109 arte
1271 1071 1370 1109 sua
1401 1055 1652 1110 diabolus
1682 1063 1739 1109 ut
1768 1072 1936 1127 popu-

329 1145 446 1201 lum
477 1162 640 1218 quem
671 1145 725 1198 in
756 1144 1050 1215 praesentia
1078 1143 1215 1200 lucis
1247 1143 1494 1199 amittere
1544 1145 1724 1216 cmpit,
1758 1146 1936 1201 disce-

328 1237 495 1290 dente
545 1233 847 1290 sanctitatis
895 1232 1131 1305 fulgore,
1185 1233 1425 1287 tenebris
1470 1243 1757 1304 occuparet
1788 1235 1933 1288 anti-

326 1324 471 1396 quis.
525 1323 708 1378 Sancti
757 1321 924 1394 igitur
953 1321 1075 1392 viri,
1110 1322 1338 1376 moleste
1369 1321 1607 1377 ferentes
1633 1323 1774 1394 quod
1805 1323 1934 1379 sede

330 1413 674 1485 pellerentur
706 1411 944 1476 amabili,
969 1411 1197 1467 consilio
1219 1410 1493 1466 communi
1515 1412 1726 1466 Italiam
1747 1421 1933 1483 petere

333 1503 806 1566 decreverunt;et
833 1500 962 1553 dum
1013 1499 1179 1554 nimio
1221 1508 1534 1556 tenerentur
1563 1500 1769 1565 dolore,
1804 1517 1932 1555 san-

327 1599 450 1646 ctus
482 1591 643 1644 Pater
663 1589 1032 1643 Columbanus
1081 1589 1165 1643 his
1198 1589 1376 1644 verbis
1403 1589 1568 1659 coapit
1600 1605 1695 1644 eos
1729 1605 1931 1644 conso-

332 1680 478 1735 lari:
514 1677 823 1733 Invenimus
881 1677 1122 1748 quidem,
1177 1677 1393 1748 fratres,
1453 1677 1537 1732 his
1585 1678 1640 1732 in
1687 1678 1932 1749 partibus
1961 1709 2016 1770 B

336 1783 560 1824 auream
590 1767 873 1833 concham,
909 1766 1005 1820 sed
1028 1767 1307 1820 venenatis
1329 1767 1673 1837 serpentibus
1693 1767 1928 1838 plenam.

335 1857 509 1913 Cedat
550 1864 728 1910 tamen
780 1853 1004 1908 tristitiae
1050 1855 1284 1927 languor
1333 1855 1578 1923 exitialis,
1628 1855 1753 1928 quia
1781 1865 1934 1912 certa

336 1949 423 1997 est
452 1939 646 1994 fiducia
676 1939 744 1994 de
775 1938 974 1993 auxilio
999 1939 1346 2010 protectoris.
1371 1941 1519 1994 Deus
1550 1940 1694 1995 enim
1723 1941 1807 1996 cui
1828 1957 1934 1996 ser-

335 2030 518 2086 vimus
546 2028 806 2102 angelum
839 2044 996 2082 suum
1024 2028 1196 2083 mittet
1227 2029 1531 2096 nobiscum,
1564 2030 1657 2101 qui
1685 2045 1787 2084 nos
1816 2047 1936 2101 per-

339 2119 505 2175 ducat
535 2117 604 2171 ad
653 2116 1003 2190 Agilolphum
1050 2117 1536 2188 Langobardorum
1584 2135 1791 2192 regem,
1842 2119 1936 2174 ubi

337 2208 459 2277 ejus
490 2205 773 2262 clementia
804 2214 1145 2276 praeparante
1167 2207 1431 2261 humanos
1475 2205 1702 2264 affectus
1722 2216 1774 2264 et
1801 2223 1935 2280 pace

339 2296 565 2369 plenum
592 2293 942 2350 habitationis
969 2294 1149 2350 locum
1179 2294 1539 2352 inveniemus.

947 2445 1172 2503 CAPUT
1210 2447 1307 2500 IX.

350 2597 605 2667 Qualiter
630 2593 1043 2667 discedentibus
1069 2595 1288 2649 caeteris
1305 2665 1314 2667 Α
1333 2593 1526 2649 Gallus
1552 2593 1614 2650 ob
1640 2594 1943 2667 inﬁrmita-

419 2672 532 2725 tem
563 2666 925 2729 remanserit,
966 2681 1181 2737 quaque
1219 2665 1527 2722 sedulitate
1556 2682 1591 2721 a
1631 2666 1940 2723 Willimaro

414 2737 733 2812 presbytero
763 2740 1022 2810 receptus
1053 2738 1152 2792 sit.

416 2871 546 2927 Post
570 2871 688 2926 hazc
735 2869 922 2942 igitur,
957 2884 1079 2924 cum
1107 2866 1488 2940 proficiscendi
1529 2876 1744 2940 tempus
1773 2869 1942 2924 insta-

349 2967 457 3028 ret,
486 2961 702 3014 beatum
749 2956 968 3013 Gallum
1015 2957 1298 3028 repentina
1326 2956 1495 3013 febris
1524 2957 1746 3014 invasit.
1787 2958 1941 3014 Unde

2027 445 2169 507 ptus,
2204 437 2329 490 dum
2381 437 2789 492 conversionem
2839 446 3180 508 peccatorum
3227 439 3467 508 sustinet,
3519 441 3622 498 do-

2030 532 2237 581 ctorem
2266 543 2335 582 ne
2361 535 2600 582 errantes
2632 527 2845 583 deserat
2872 527 3090 584 retinet.

2680 672 2906 728 CAPUT
2947 672 3016 726 X.

2035 789 2355 848 Insinuatio
2386 791 2677 847 Hiltiboldi
2701 792 2925 848 diaconi
2945 792 3010 846 de
3036 792 3150 848 loco
3181 792 3454 848 solitaria:
3479 791 3630 848 habi-

2253 880 2505 945 tationis,
2539 898 2706 953 quam
2739 881 2824 935 vir
2851 881 3076 936 Domini
3109 881 3477 937 desiderabat.

2106 1002 2380 1058 Diaconus
2446 1004 2621 1075 itaque
2688 1005 2963 1075 saepedicti
3030 1005 3348 1076 presbyteri,
3408 1005 3626 1063 nomine

2036 1091 2376 1158 Hiltiboldus,
2428 1109 2617 1148 omnes
2670 1095 2835 1148 eremi
2867 1094 3085 1149 semitas
3129 1103 3285 1150 notas
3315 1095 3548 1149 habebat
3576 1104 3630 1150 et

2036 1197 2286 1237 secessus
2313 1200 2327 1247 ;
2353 1182 2561 1237 solebat
2591 1183 2734 1237 enim
2783 1183 3012 1253 piscium
3043 1193 3095 1238 et
3122 1183 3435 1254 accipitrum
3466 1199 3628 1240 causa

2034 1270 2422 1340 capiendorum
2444 1271 2642 1342 saepius
2664 1272 3004 1326 solitudinem
3029 1273 3339 1344 pervagari,
3355 1281 3629 1329 etsecreta

2033 1359 2274 1414 locorum
2303 1376 2404 1414 usu
2451 1361 2760 1430 quotidiano
2818 1361 3148 1432 perdiscere.
3197 1361 3332 1417 Huic
3377 1378 3498 1417 cum
3548 1361 3632 1418 vir

2035 1456 2253 1503 sanctus
2283 1448 2668 1504 familiaritatis
2698 1466 2810 1504 suae
2839 1449 3074 1522 gratiam
3105 1450 3456 1520 praestitisset,
3492 1467 3635 1522 quaa-

2034 1536 2158 1590 sivit
2186 1538 2254 1590 ab
2283 1553 2349 1593 eo
2380 1554 2445 1592 an
2505 1538 2800 1594 invenisset
2855 1556 3090 1610 unquam
3123 1539 3176 1592 in
3202 1539 3490 1594 solitudine
3545 1539 3631 1595 lo-

2034 1640 2156 1680 cum
2185 1626 2340 1698 aquis
2390 1627 2753 1682 abundantem
2792 1628 2944 1699 puris
2967 1637 3018 1683 et
3051 1627 3377 1697 salubribus,
3410 1627 3632 1698 planitie

2041 1721 2288 1784 stratum,
2322 1723 2375 1770 et
2405 1717 2655 1770 humanis
2699 1717 2934 1772 cultibus
2979 1724 3362 1788 opportunum.
3397 1717 3631 1772 Deside-

2035 1803 2134 1871 rio,
2181 1803 2449 1874 inquiens,
2499 1805 2665 1859 animi
2687 1804 2946 1860 ferventis
2997 1814 3252 1875 exaestuo,
3299 1806 3526 1876 cupiens
3579 1805 3635 1861 in

2037 1892 2328 1947 solitudine
2372 1893 2570 1948 ducere
2617 1894 2735 1948 dies
2782 1894 2907 1949 huic
2952 1895 3075 1950 vitae
3123 1910 3439 1960 concessos,
3484 1895 3635 1963 juxta

2037 1981 2183 2052 quod
2231 1981 2520 2036 Psalmista
2567 1983 2878 2052 pronuntiat
2919 1982 3107 2037 dicens
3142 2001 3153 2036 :
3196 1986 3332 2039 Ecce
3380 1985 3637 2055 elongan

2036 2071 2261 2141 fugiens
2293 2074 2350 2125 et
2380 2073 2570 2126 mansi
2598 2072 2661 2126 in
2690 2073 3017 2128 solitudine.
3070 2073 3480 2145 Exspectabam
3507 2089 3636 2128 eum

2038 2159 2133 2231 qui
2153 2160 2370 2215 salvum
2387 2176 2476 2214 me
2496 2163 2730 2230 faceret,
2757 2169 2809 2215 et
2830 2160 3040 2231 reliqua
3063 2161 3245 2230 (Psal.
3276 2161 3422 2230 LIV).
3449 2160 3638 2217 Diaco-

2039 2264 2140 2301 nus
2168 2249 2470 2318 respondit:
2521 2249 2666 2315 Haec,
2703 2265 2735 2303 o
2766 2250 2947 2316 Pater,
2983 2250 3220 2304 solitudo
3249 2249 3407 2320 aquis
3437 2257 3520 2304 est
3549 2249 3636 2303 in-

2037 2335 2159 2390 fusa
2207 2335 2605 2408 frequentibus,
2665 2337 2960 2408 asperitate
3028 2337 3304 2403 terribilis,
3364 2337 3636 2393 montibus

2039 2423 2200 2495 plena
2247 2425 2543 2495 praecelsis,
2593 2427 2840 2497 angustis
2889 2426 3118 2480 vallibus
3149 2426 3410 2494 ﬂexuosa,
3445 2426 3636 2481 bestiis

2040 2529 2299 2583 possessa
2332 2515 2666 2570 saevissimis.
2688 2516 2828 2570 Nam
2858 2524 3057 2585 praeter
3085 2531 3278 2571 cervos
3295 2523 3349 2570 et
3369 2515 3638 2570 innocuo-

2041 2619 2160 2657 rum
2189 2619 2390 2675 greges
2420 2603 2757 2670 animalium,
2789 2620 2948 2660 ursos
2970 2604 3146 2678 gignit
3161 2604 3440 2676 plurimos,
3473 2619 3636 2674 apros

2041 2690 2483 2758 innumerabiles,
2535 2692 2692 2764 lupos
2747 2709 3026 2749 numerum
3082 2693 3429 2759 excedentes,
3489 2692 3638 2748 rabie

2043 2779 2369 2852 singulares.
2385 2781 2572 2836 Timeo
2611 2782 2772 2854 igitur
2816 2798 2884 2838 ne
2923 2782 2968 2836 si
3007 2791 3058 2837 te
3095 2781 3224 2838 illuc
3255 2782 3541 2847 induxero,
3565 2782 3634 2836 ab

2043 2869 2349 2938 hujusmodi
2367 2871 2612 2926 hostibus
2658 2871 2960 2926 devoreris.
3004 2871 3086 2926 Ad
3110 2872 3227 2926 haec
3257 2871 3342 2925 vir
3370 2878 3588 2926 sanctus
3623 2888 3637 2924 :

2044 2958 2308 3028 Apostoli,
2359 2959 2551 3030 inquit,
2601 2960 2870 3016 sententia
2913 2968 3036 3016 est:
3067 2960 3124 3016 Si
3153 2962 3297 3015 Deus
3327 2976 3428 3033 pro
3457 2961 3633 3027 nobis,

345 3049 557 3105 abbatis
584 3048 667 3103 sui
711 3047 943 3119 pedibus
989 3046 1292 3113 advolutus,
1343 3046 1600 3102 indicavit
1629 3064 1687 3103 se
1717 3047 1945 3102 inﬁrmi-
1963 3069 2013 3134 α
2044 3049 2170 3119 quis
2186 3051 2384 3104 contra
2404 3065 2505 3104 nos
2529 3049 2715 3118 (Rom.
2740 3048 2910 3119 vni)?
2929 3050 3013 3114 Et,
3036 3050 3255 3105 Scimus
3273 3051 3539 3118 quoniam
3556 3048 3641 3104 di-

348 3148 458 3194 tate
486 3137 793 3194 vehementi
820 3136 1092 3206 laborare,
1118 3144 1169 3190 et
1191 3135 1313 3190 ideo
1341 3135 1444 3190 iter
1471 3136 1806 3207 propositum
1831 3153 1942 3193 non

343 3245 507 3302 posse
538 3225 920 3298 perlicere.llle
951 3241 1081 3281 vero
1112 3224 1423 3280 existimans
1455 3241 1580 3280 eum
1597 3242 1694 3296 pro
1724 3226 1936 3282 labori-

349 3319 454 3373 bus
483 3317 684 3372 ibidem
709 3313 1151 3370 consummandis
1168 3329 1354 3368 amore
1385 3313 1490 3369 loci
1519 3314 1813 3382 detentum,
1846 3315 1946 3370 viae

350 3405 618 3480 longioris
647 3405 953 3460 detrectare
983 3402 1248 3472 laborem,
1282 3402 1410 3458 dicit
1441 3403 1491 3458 ei
1528 3421 1540 3457 :
1577 3403 1720 3470 Scio,
1754 3403 1942 3468 frater,

345 3497 460 3566 jam
491 3495 584 3549 tibi
615 3509 909 3549 onerosum
937 3509 1058 3548 esse
1091 3492 1252 3547 tantis
1280 3507 1383 3564 pro
1413 3508 1500 3548 me
1531 3491 1810 3548 laboribus
1835 3491 1948 3547 fati-

353 3585 477 3658 gari
501 3602 512 3638 :
537 3592 719 3638 tamen
739 3583 843 3638 hoc
859 3581 1204 3638 discessurus
1229 3581 1504 3648 denuntio,
1528 3597 1596 3636 ne
1617 3598 1702 3637 me
1733 3581 1946 3637 vivente

349 3674 408 3729 in
438 3687 686 3744 corpore,
718 3671 942 3726 missam
976 3669 1250 3726 celebrare
1295 3686 1614 3740 praesumas.
1649 3671 1713 3724 Et
1745 3685 1865 3726 cum
1897 3669 1946 3725 ei

353 3762 628 3818 licentiam
660 3776 756 3831 per
785 3775 844 3814 se
874 3758 1232 3815 conversandi
1262 3758 1522 3826 dedisset,
1555 3758 1697 3814 viam
1725 3758 1946 3830 ingres-

352 3869 449 3907 sus
481 3859 561 3906 est
589 3848 844 3906 abeundi.
870 3849 995 3904 Post
1011 3848 1288 3904 discessus
1308 3848 1558 3922 magistri
1581 3856 1633 3902 et
1653 3848 1944 3915 sociorum,

356 3940 547 3997 Gallus
577 3939 715 3994 retia
744 3953 840 3993 sua
861 3946 913 3994 et
934 3953 1194 4009 sagenam
1215 3938 1338 3993 navi
1368 3938 1672 4009 imponens,
1707 3937 1776 3991 ad
1806 3936 1949 3993 Wil-

353 4030 606 4085 limarum
651 4027 1030 4100 presbyterum
1079 4027 1245 4094 venit,
1299 4035 1350 4082 et
1394 4042 1515 4081 cum
1564 4026 1848 4082 obtulisset
1899 4025 1949 4082 ei

355 4117 514 4184 retia,
546 4117 688 4173 inter
716 4116 983 4187 lacrymas
1004 4123 1055 4170 et
1079 4115 1331 4186 suspiria,
1364 4114 1593 4170 retexuit
1623 4114 1802 4170 omnia
1830 4131 1949 4187 quae

357 4216 515 4280 gesta
543 4206 752 4262 fuerant
779 4205 924 4261 circa
953 4203 1150 4259 fratres
1197 4220 1346 4259 suos.
1378 4204 1588 4259 Deinde
1617 4203 1947 4258 infirmitatis

356 4314 469 4354 suae
498 4312 692 4352 causas
740 4294 1011 4366 aperiens,
1045 4293 1257 4365 rogavit
1289 4310 1413 4348 eum
1443 4301 1499 4348 ut
1530 4294 1613 4348 sui
1639 4309 1830 4349 curam
1859 4293 1948 4348 di-

356 4393 614 4463 gnaretur
660 4383 886 4440 habere.
941 4382 1043 4452 Qui
1105 4382 1407 4454 suscipiens
1463 4399 1586 4438 eum
1633 4398 1756 4439 cum
1802 4381 1949 4438 omni

358 4473 636 4532 charitatis
677 4473 961 4544 obsequio,
1012 4472 1232 4528 domum
1263 4471 1497 4527 vicinam
1541 4471 1787 4528 ecclesiae
1833 4472 1950 4540 ejus

356 4561 669 4620 necessitati
699 4561 989 4627 concessit,
1015 4569 1066 4616 et
1096 4560 1308 4615 duobus
1338 4559 1550 4616 clericis
1581 4560 1694 4614 suis
1724 4561 1952 4632 Magno-

358 4652 485 4709 aldo
515 4660 568 4707 et
593 4650 879 4706 Theodoro
907 4651 1049 4705 hanc
1079 4649 1499 4706 sollicitudinem
1532 4649 1947 4718 commendavit,

359 4749 417 4797 ut
447 4757 569 4797 cum
602 4739 747 4796 omni
779 4739 1058 4812 diligentia
1087 4739 1204 4808 ejus
1229 4737 1626 4809 recuperationi
1658 4738 1946 4793 servirent.

357 4830 581 4886 Exactis
629 4829 830 4901 aliquot
876 4828 1090 4894 diebus,
1143 4827 1394 4894 Domino,
1447 4827 1538 4900 qui
1584 4827 1828 4884 medicus
1871 4835 1953 4882 est

356 4936 542 4985 verus,
575 4918 843 4974 medelam
882 4916 1241 4988 impertiente,
1275 4916 1439 4988 coepit
1469 4933 1686 4972 sumere
1718 4917 1953 4983 cibos,et

357 5025 459 5082 per
504 5008 836 5065 incrementa
882 5014 1187 5077 temporum
1246 5004 1604 5072 confortatus,
1654 5004 1953 5077 perfectam

359 5098 611 5168 indeptus
658 5104 741 5151 est
787 5094 1097 5149 sanitatem.
1155 5094 1200 5149 Ο
1253 5093 1618 5150 infirmitatem
1670 5095 1816 5150 omni
1855 5097 1955 5150 hu-

360 5201 522 5242 mano
569 5186 770 5241 robore
817 5181 1421 5240 fortioremlofebrem
1472 5184 1621 5239 omni
1668 5185 1826 5240 laude
1855 5200 1952 5241 co-

353 5276 575 5332 lendam
599 5274 610 5330 l
635 5291 668 5329 o
695 5274 1019 5347 languorem
1067 5272 1284 5327 sanitati
1313 5280 1365 5328 et
1395 5273 1607 5344 gaudiis
1637 5275 1954 5330 adscriben-

358 5366 489 5420 dum
515 5363 526 5419 l
551 5362 817 5433 Exemplo
865 5361 1008 5417 enim
1056 5361 1272 5417 Domini
1321 5377 1420 5432 pro
1451 5361 1607 5416 nobis
1641 5362 1825 5418 Gallus
1856 5364 1953 5418 do-

357 5454 477 5520 luit,
511 5462 568 5508 ut
593 5453 890 5506 animarum
920 5451 1144 5506 morbos
1174 5451 1558 5521 praedicatione
1590 5466 1746 5507 sacra
1774 5452 1952 5523 depel-

356 5544 493 5598 leret
525 5561 538 5596 :
572 5541 653 5597 ire
704 5557 827 5596 cum
857 5540 1124 5613 magistro
1154 5556 1263 5595 non
1291 5539 1482 5611 potuit,
1515 5547 1572 5594 ut
1603 5540 1762 5595 nobis
1809 5541 1955 5596 viam

358 5631 603 5690 veritatis
644 5630 977 5688 ostenderet.
1011 5629 1155 5686 Vere
1184 5630 1395 5704 patiens
1424 5637 1476 5687 et
1504 5628 1810 5690 misericors
1837 5631 1953 5688 Do-

1973 4437 2025 4498 D

2051 3136 2349 3206 ligentibus
2362 3139 2539 3193 Deum
2551 3140 2743 3194 omnia
2755 3141 3126 3210 cooperantur
3138 3140 3199 3194 in
3212 3139 3415 3194 bonum
3429 3138 3636 3208 (Ibid.).

2047 3223 2152 3292 Qui
2200 3226 2483 3281 Danielem
2528 3226 2776 3282 liberavit
2824 3227 2892 3282 de
2943 3227 3064 3282 lacu
3093 3227 3328 3292 leonum,
3378 3234 3558 3297 potest
3589 3235 3643 3282 et

2046 3329 2135 3369 me
2177 3313 2394 3384 eripere
2439 3315 2507 3370 de
2539 3332 2705 3370 manu
2736 3316 3059 3372 bestiarum.
3101 3315 3198 3371 Cui
3229 3315 3491 3370 diaconus
3522 3317 3645 3372 haec

2045 3403 2328 3473 respondit
2352 3421 2364 3458 :
2389 3403 2536 3458 Mitte
2559 3404 2614 3458 in
2644 3421 2833 3474 peram
2865 3413 3011 3459 tuam
3040 3404 3247 3460 cibaria
3282 3413 3336 3460 et
3366 3412 3480 3461 rete
3509 3421 3642 3475 par-

2046 3491 2350 3557 vissimum,
2399 3509 2521 3547 cras
2569 3493 2714 3547 enim
2744 3494 3081 3549 introducam
3112 3501 3162 3549 te
3192 3494 3248 3548 in
3286 3510 3532 3550 eremum
3556 3513 3570 3561 ;
3594 3502 3646 3550 et

2050 3581 2095 3636 si
2141 3579 2415 3636 inveneris
2462 3580 2644 3636 locum
2688 3581 2785 3634 tibi
2823 3581 3236 3652 acceptabilem,
3289 3598 3392 3654 age
3440 3582 3645 3655 gratias

2048 3670 2183 3736 Deo,
2217 3677 2270 3724 et
2297 3669 2554 3740 praecepti
2602 3668 2871 3725 Dominici
2921 3669 3133 3740 comple
3181 3670 3447 3742 rigorem.
3495 3672 3644 3726 Deus

2048 3767 2228 3814 autem
2279 3758 2370 3829 qui
2419 3759 2602 3813 eduxit
2631 3765 2683 3813 te
2711 3757 2779 3812 de
2812 3757 3034 3828 regione
3063 3757 3381 3829 longinqua,
3416 3758 3532 3829 ipse
3563 3759 3643 3814 si-

2048 3857 2134 3904 cut
2165 3847 2346 3903 Tobiae
2376 3847 2576 3902 famulo
2607 3863 2705 3903 suo
2727 3847 2978 3902 comitem
3001 3846 3214 3902 caelitus
3243 3847 3409 3913 dedit,
3443 3847 3516 3901 ita
3542 3864 3644 3903 an-

2049 3936 2231 4008 gelum
2262 3953 2416 3991 suum
2461 3937 2632 3992 mittet
2673 3935 2976 4003 nobiscum,
3013 3944 3066 3992 et
3093 3936 3347 3992 ostendet
3374 3936 3530 3992 nobis
3559 3937 3645 3994 lo-

2049 4042 2171 4082 cum
2219 4025 2504 4082 desideriis
2557 4025 2880 4080 salutaribus
2908 4033 3114 4097 aptum.
3145 4025 3317 4100 Igitur
3345 4025 3429 4082 vir
3456 4025 3646 4082 beatus

2049 4115 2136 4171 die
2186 4116 2380 4171 eodem
2425 4115 2644 4184 jejunus
2694 4115 3012 4186 permansit,
3047 4123 3100 4170 et
3128 4131 3300 4186 usque
3329 4116 3398 4170 ad
3425 4115 3646 4171 alterius

2049 4204 2158 4260 diei
2207 4204 2504 4261 diluculum
2533 4204 2588 4258 in
2619 4203 2959 4260 orationibus
3003 4204 3360 4274 pernoctavit.
3407 4203 3645 4276 Dignum

2051 4293 2249 4365 quippe
2279 4301 2393 4349 erat
2413 4301 2471 4349 ut
2492 4293 2637 4366 quod
2665 4293 2848 4349 divino
2876 4293 3165 4350 inchoabat
3193 4308 3400 4360 amore,
3433 4292 3644 4350 instan-

2049 4382 2259 4439 tissima
2289 4399 2454 4455 prece
2491 4382 2724 4439 Domino
2755 4383 3181 4439 commendaret.

2655 4499 2880 4555 CAPUT
2917 4500 3020 4553 XI.

2057 4616 2328 4687 Quomodo
2353 4633 2483 4672 cum
2509 4615 2741 4672 diacono
2771 4616 3056 4672 desertum
3096 4619 3425 4688 penetrans,
3482 4619 3646 4688 opta-

2127 4707 2250 4758 tum
2280 4703 2560 4774 repererit
2599 4702 2783 4757 locum
2820 4701 3032 4774 sibique
3068 4701 3443 4774 praeelegerit,
3491 4705 3546 4757 et
3581 4702 3647 4756 de

2107 4791 2423 4849 obedientia
2453 4791 2600 4846 ursi.

2124 4909 2262 4962 Dum
2313 4914 2494 4961 autem
2543 4904 2735 4961 lucifer
2777 4921 2877 4961 suo
2923 4920 3181 4976 processu
3219 4904 3394 4961 noctis
3423 4905 3646 4961 latibula

2055 4997 2369 5062 detexisset,
2404 5004 2456 5050 et
2478 4994 2560 5050 sol
2580 4994 2841 5050 inferiora
2871 4994 3168 5061 dimittens,
3202 5010 3366 5051 cursu
3386 5003 3649 5052 consueto

2056 5086 2370 5157 superiores
2402 5084 2550 5140 orbis
2580 5084 2775 5156 plagas
2825 5083 3101 5149 inviseret,
3136 5084 3466 5158 igneumque
3490 5086 3652 5155 jubar

2055 5176 2124 5230 ab
2153 5174 2380 5230 orientis
2436 5190 2534 5229 exe
2593 5173 2914 5228 mortalibus
2969 5173 3389 5245 demonstraret,
3447 5176 3647 5231 athleta

2055 5265 2155 5321 Dei
2204 5280 2270 5320 ea
2317 5280 2438 5334 qua:
2486 5263 2680 5318 ductor
2727 5279 2855 5317 suus
2882 5262 3093 5319 dixerat
3123 5279 3306 5321 secum
3336 5281 3641 5331 assumens,

2056 5371 2179 5411 cum
2207 5352 2462 5408 orationis
2491 5350 2888 5418 benedictione,
2921 5351 3013 5407 illo
3044 5363 3340 5423 praeeunte,
3375 5353 3515 5409 viam
3545 5369 3646 5425 ag-

2056 5459 2284 5515 gressus
2331 5449 2432 5496 est.
2483 5441 2724 5513 Cumque
2756 5457 2852 5512 per
2880 5449 3048 5497 totum
3095 5443 3238 5498 diem
3268 5441 3369 5496 iter
3397 5447 3642 5513 agerent,

2055 5533 2198 5589 circa
2229 5533 2414 5586 horam
2448 5546 2647 5585 nonam
2689 5531 2824 5585 dixit
2851 5530 3116 5587 diaconus
3141 5549 3153 5584 :
3179 5532 3352 5593 Pater,
3383 5529 3517 5583 hora
3546 5544 3640 5583 re-

2055 5619 2304 5680 fectionis
2340 5621 2454 5690 jam
2499 5619 2664 5680 instat
2703 5639 2716 5676 :
2754 5637 3027 5678 sumamus
3072 5617 3348 5692 paululum
3405 5617 3560 5695 panis
3589 5625 3646 5678 et
