4024 6194
426 254 531 309 98³7

1030 247 1434 305 WALAFRIDI
1463 245 1707 303 STRABI
1736 245 1936 303 FULD.
1969 243 2142 302 MON.
2176 242 2328 301 OPP.
2368 243 2547 300 PARS
2575 241 2644 298 II.
2680 271 2746 286 —
2776 242 3170 301 HISTORICA.

3629 249 3739 303 988

425 393 601 450 aquae,
651 375 778 448 quia
820 374 892 430 ita
939 373 1253 443 confortati,
1295 373 1397 429 viae
1449 373 1594 444 quod
1635 379 1802 428 restat
1830 371 2024 427 melius
2053 371 2108 433 A
2128 369 2417 442 prostravit
2447 386 2505 425 se
2534 369 2602 424 ad
2633 369 2800 441 pedes
2832 370 2968 438 ejus,
3004 376 3057 424 et
3085 367 3247 423 dixit:
3269 368 3427 425 Nune
3455 369 3570 426 scio
3599 387 3730 427 vere

425 482 804 524 consummare
848 465 1167 536 poterimus.
1221 464 1393 518 Homo
1442 463 1540 517 Dei
1590 462 1914 534 respondit:
1947 464 2023 517 Tu

419 564 571 632 juxta
632 560 1014 617 necessitatem
1078 559 1325 631 corporis
1370 558 1722 614 refectionem
1779 559 2020 630 percipe,

429 651 537 718 fili;
563 667 667 722 ego
699 667 804 706 non
838 650 1070 722 gustabo
1102 648 1397 720 quidquam
1425 657 1716 720 antequam
1760 648 2023 703 Dominus

425 740 560 795 mihi
587 740 767 796 locum
797 739 1120 793 desideratas
1147 738 1448 793 mansionis
1478 738 1746 793 ostendat.
1783 740 1851 792 Et
1880 738 1970 792 ille
2005 755 2019 791 :

429 829 598 899 Sicut,
640 827 831 899 inquit,
882 827 1016 883 socii
1064 844 1251 882 sumus
1297 827 1591 898 passionis,
1636 827 1713 882 sic
1742 826 1942 882 erimus
1971 835 2024 881 et

423 917 826 982 consolationis.
906 917 1001 971 His
1032 916 1207 985 dictis,
1243 925 1522 987 coeperunt
1549 917 1653 970 iter
1682 932 1850 989 agere
1880 915 2022 970 festi-

422 1015 572 1076 nato,
602 1006 729 1078 quia
759 1006 877 1061 dies
901 1007 1016 1075 jam
1047 1005 1376 1076 declinabat,
1412 1015 1462 1060 et
1492 1005 1683 1060 solaris
1711 1005 1892 1061 fervor
1920 1021 2021 1076 ap-

421 1094 816 1167 propinquabat
845 1094 1082 1150 occasui.
1115 1096 1393 1150 Venerunt
1425 1103 1606 1149 autem
1634 1095 1700 1148 ad
1730 1094 2021 1166 quemdam

425 1184 703 1240 fluviolum
733 1183 826 1256 qui
855 1185 1110 1239 Stemaha
1145 1183 1558 1257 [al.,Stemiha,
1595 1183 1809 1256 Staina]
1840 1183 2020 1239 nomi-

418 1281 581 1330 natur
615 1290 627 1329 :
661 1273 1113 1345 ambulantesque
1159 1290 1260 1344 per
1309 1274 1602 1329 decursum
1649 1273 1838 1344 ipsius,
1891 1275 2020 1328 dum

416 1363 695 1419 venissent
740 1363 808 1416 ad
849 1379 1042 1433 rupem
1094 1363 1162 1418 de
1195 1379 1303 1434 qua
1357 1363 1500 1416 idem
1531 1379 1653 1418 cum
1683 1362 1886 1433 impetu
1918 1363 2020 1417 de-

417 1452 691 1507 scendens
720 1452 990 1524 gurgitem
1023 1452 1149 1507 facit
1169 1451 1486 1522 spatiosum,
1519 1451 1593 1505 ibi
1624 1451 1872 1506 viderunt
1900 1451 2020 1522 plu-

415 1541 582 1596 rimos
612 1541 813 1611 pisces,
849 1549 898 1595 et
921 1541 1264 1611 imponentes
1295 1540 1428 1594 retia
1460 1556 1577 1605 sua,
1611 1548 1870 1610 ceperunt
1900 1557 2015 1595 eos.

413 1630 545 1704 Igne
593 1631 789 1685 deinde
833 1646 1098 1685 succenso
1175 1630 1436 1685 diaconus
1481 1630 1661 1700 pisces
1707 1630 1926 1696 assavit,
1968 1638 2021 1684 et

2124 461 2414 515 Dominum
2443 475 2566 514 esse
2598 467 2795 523 tecum,
2829 458 3086 530 quoniam
3108 465 3162 513 et
3182 459 3371 514 bestia
3399 461 3567 515 eremi
3595 461 3731 516 obe-

2123 550 2274 604 diunt
2301 549 2414 604 tibi.
2455 549 2551 604 Ille
2579 556 2760 602 autem
2790 547 2922 601 dixit
2952 548 3002 602 ei
3037 565 3050 602 :
3084 547 3229 602 Cave
3260 564 3328 602 ne
3359 549 3583 606 omnino
3614 550 3725 606 hoc

2123 638 2286 695 alicui
2312 637 2536 705 dixeris,
2570 637 2746 693 donec
2777 636 2966 692 videas
2999 636 3234 710 gloriam
3263 636 3383 694 Dei.

2725 795 2948 853 CAPUT
2985 796 3109 852 XII.

2127 943 2190 999 Ut
2219 940 2538 998 daemonum
2560 938 3057 1014 phantasmata,in
3084 940 3265 1012 specie
3291 939 3603 997 mulierum
3631 957 3726 998 os-

2266 1035 2446 1095 tensa,
2492 1030 2689 1086 eodem
2723 1030 2836 1086 loco
2865 1032 3097 1085 sanctus
3126 1031 3294 1084 Pater
3321 1029 3623 1102 depulerit.

2191 1172 2362 1227 Nocte
2393 1171 2555 1243 igitur
2583 1178 2790 1238 exacta,
2825 1187 2945 1226 cum
2975 1170 3066 1224 lux
3097 1185 3262 1226 aurea
3291 1171 3554 1226 silvarum
3581 1171 3711 1226 illu—

2121 1269 2314 1317 straret
2362 1277 2554 1332 opaca,
2607 1261 2864 1316 diaconus
2893 1259 2965 1314 ait
2997 1277 3009 1313 :
3042 1260 3202 1314 Pater
3240 1259 3334 1326 mi,
3368 1260 3497 1330 quid
3527 1260 3724 1316 facturi

2121 1367 2309 1404 sumus
2338 1350 2502 1404 hodie
2530 1351 2558 1405 ?
2586 1352 2653 1403 At
2684 1349 2772 1404 ille
2805 1348 3100 1419 respondit.
3136 1348 3383 1404 Obsecro
3415 1357 3486 1413 te,
3521 1349 3616 1417 fili,
3650 1364 3723 1404 ne

2119 1438 2346 1493 moleste
2389 1431 2532 1492 feras
2579 1438 2724 1510 quod
2767 1437 2915 1492 dico.
2975 1436 3111 1505 Quia
3158 1437 3421 1492 Dominus
3464 1453 3565 1493 nos
3592 1437 3725 1492 fecit

2119 1529 2262 1598 quod
2295 1527 2643 1599 quaesivimus
2694 1526 2959 1592 invenire,
2994 1527 3136 1581 hunc
3167 1526 3324 1579 etiam
3357 1526 3503 1580 diem
3529 1527 3583 1580 in
3615 1527 3722 1580 hoc

2118 1617 2238 1671 loco
2268 1616 2550 1672 ducamus.
2586 1615 2737 1670 Tolle
2768 1623 2904 1681 rete,
2938 1623 2988 1669 et
3019 1614 3086 1668 ad
3107 1614 3382 1685 gurgitem
3410 1615 3548 1670 vade
3573 1633 3584 1668 :
3609 1631 3715 1685 ego

414 1735 608 1790 panem
660 1719 840 1790 posuit
891 1735 1051 1790 super
1102 1735 1309 1790 peram.
1360 1721 1552 1774 Beatus
1599 1726 1780 1774 autem
1828 1718 2013 1772 Gallus
2035 1737 2086 1797 B
2119 1721 2335 1778 quoque
2353 1713 2490 1797 _P_03l_
2505 1713 2558 1759 ῐθ
2579 1703 2899 1797 quantOCiUS
2928 1703 3036 1797 ibi}
3063 1705 3265 1758 Forsan
3288 1703 3553 1797 Dominus
3582 1704 3717 1797 SOlij

419 1808 549 1863 dum
593 1809 787 1862 orandi
834 1809 1010 1881 gratia
1041 1809 1314 1864 modicum
1348 1809 1418 1862 ab
1447 1808 1539 1862 illo
1570 1808 1816 1862 divulsus
1847 1815 2010 1874 esset,

378 1897 560 1950 -inter
607 1897 884 1952 condensa
929 1897 1172 1967 veprium
1215 1897 1408 1951 fruteta
1457 1897 1759 1961 ambulans,
1794 1905 1846 1951 et
1872 1897 2013 1967 pede

417 1985 652 2052 haerens,
705 1986 771 2039 ad
803 1993 1008 2040 terram
1055 1985 1276 2040 corruit.
1324 1985 1479 2054 Quod
1509 1986 1770 2040 diaconus
1799 1985 2007 2052 videns,

414 2073 648 2128 accurrit
677 2081 733 2127 ut
766 2074 1075 2128 sublevaret
1106 2082 1458 2145 prostratum.
1495 2075 1602 2129 Sed
1619 2074 1699 2128 vir
1731 2074 1850 2140 Dei,
1878 2091 2014 2145 pra:-

417 2161 568 2218 scius
600 2161 908 2217 futurorum
936 2181 948 2218 :
975 2163 1101 2218 Sine
1145 2180 1251 2228 me,
1286 2163 1377 2228 ait,
1414 2165 1528 2219 haec
1560 2163 1779 2234 requies
1805 2180 1929 2218 mea
1958 2164 2013 2217 in

415 2252 670 2306 saeculum
703 2252 906 2323 saeculi,
943 2253 1030 2308 hic
1072 2253 1343 2318 habitabo,
1394 2252 1650 2324 quoniam
1697 2253 1836 2324 elegi
1871 2269 2008 2308 eam.

411 2341 478 2396 Et
509 2357 627 2396 cum
657 2349 781 2412 post
813 2341 1115 2396 orationem
1166 2342 1512 2409 surrexisset,
1548 2359 1768 2396 sumens
1801 2342 2014 2413 virgam

409 2431 723 2486 colurneam
746 2439 771 2466 ³
803 2430 926 2486 fecit
973 2446 1212 2498 erucem,
1251 2439 1303 2486 et
1343 2431 1454 2486 fixit
1483 2432 1537 2485 in
1568 2439 1789 2486 terram.
1823 2433 2007 2487 liabe-

411 2519 503 2574 bat
533 2528 716 2574 autem
746 2521 1074 2590 pendentem
1103 2521 1244 2575 collo
1271 2521 1588 2591 capsellam,
1614 2521 1666 2574 in
1690 2538 1793 2593 qua
1825 2521 2007 2577 conti-

409 2608 678 2663 nebantur
725 2609 964 2680 reliquiae
1023 2609 1193 2664 beatae
1240 2609 1339 2664 Dei
1382 2610 1659 2680 genitricis
1718 2610 1901 2664 Maria:
1957 2621 2011 2666 et

408 2707 718 2754 sanctorum
764 2707 1060 2770 martyrum
1107 2698 1354 2754 Mauricii
1395 2708 1447 2753 et
1495 2699 1784 2754 Desiderii.
1839 2699 2008 2768 Quam

407 2803 531 2842 cum
561 2788 616 2841 in
646 2788 766 2858 ipsa
799 2803 962 2844 cruce
1013 2788 1407 2858 suspendisset,
1460 2789 1671 2844 vocavit
1700 2789 2007 2859 diaconum,

407 2884 458 2932 et
489 2886 870 2948 postravcrunt
903 2894 962 2932 se
993 2878 1198 2948 pariter
1246 2878 1301 2932 in
1332 2878 1594 2933 oratione.
1638 2879 1772 2932 Tum
1802 2879 1882 2933 vir
1909 2895 2006 2933 ve-

405 2967 660 3020 nerabilis
721 2967 1030 3036 hujusmodi
1096 2983 1289 3037 preces
1335 2967 1511 3022 emisit
1562 2967 1837 3022 :Domine
1877 2969 2004 3021 Jesu

409 3054 638 3122 Christe,
669 3055 760 3128 qui
797 3071 897 3126 pro
943 3056 1116 3110 salute
1162 3055 1384 3110 humani
1432 3055 1655 3128 generis
1685 3056 1753 3110 de
1788 3056 2008 3126 Virgine

2118 1801 2226 1849 tam
2276 1795 2434 1849 nobis
2478 1794 2778 1867 largitatem
2823 1792 3094 1858 ostendet,
3141 1800 3198 1846 ut
3244 1793 3619 1865 regredientes
3646 1794 3714 1848 ad

2115 1891 2376 1949 castrum,
2427 1881 2719 1938 offeramus
2773 1882 2912 1953 patri
2943 1889 3130 1936 nostro
3169 1881 3490 1952 presbytero
3516 1881 3584 1936 de
3612 1884 3714 1937 hoc

2112 1971 2234 2027 loco
2283 1972 2736 2038 benedictionem,
2800 1987 2962 2042 quam
3007 1969 3268 2024 Dominus
3310 1985 3412 2024 nos
3469 1969 3712 2026 invenire

2113 2062 2354 2117 donavit.
2405 2061 2683 2116 Diaconus
2731 2059 3014 2130 respondit
3051 2077 3062 2112 :
3098 2060 3323 2114 Gratum
3358 2059 3535 2114 habeo
3567 2059 3710 2131 quod

2111 2149 2380 2222 praecipis,
2412 2152 2607 2205 Pater:
2633 2158 2683 2205 et
2705 2165 2939 2220 surgens
2969 2147 3076 2204 cito
3097 2164 3215 2203 cum
3237 2147 3580 2204 invocatione
3606 2165 3707 2204 no-

2110 2240 2272 2294 minis
2321 2239 2555 2305 Domini,
2605 2246 2885 2308 assumpto
2931 2237 3192 2292 retiaculo
3235 2237 3476 2308 perrexit
3504 2238 3574 2292 ad
3606 2237 3707 2291 ilu-

2111 2328 2278 2383 vium.
2313 2328 2554 2399 Cumque
2585 2327 2719 2382 illud
2758 2327 2812 2380 in
2843 2326 3115 2397 gurgitem
3165 2326 3378 2381 mittere
3425 2326 3704 2394 voluisset,

2113 2418 2205 2472 diu
2237 2418 2514 2472 daemones
2537 2417 2590 2470 in
2607 2415 2786 2489 effigie
2814 2415 3104 2470 mulierum
3135 2422 3397 2469 steterunt
3443 2415 3499 2468 in
3525 2415 3702 2470 littore

2111 2507 2184 2561 ita
2214 2507 2415 2573 nudati,
2451 2506 2606 2577 quasi
2635 2505 2892 2560 balneum
2914 2505 3116 2558 intrare
3147 2504 3462 2558 voluissent.
3486 2505 3555 2558 Et
3584 2521 3704 2559 cum

2111 2595 2498 2666 turpitudinem
2547 2594 2631 2648 sui
2679 2594 2928 2664 corporis
2961 2593 3038 2646 illi
3086 2593 3404 2662 objicerent,
3456 2592 3705 2648 tollentes

2109 2683 2340 2754 lapides,
2385 2683 2724 2752 jactaverunt
2773 2690 2959 2737 contra
3002 2698 3143 2749 eum,
3193 2689 3246 2735 et
3291 2681 3542 2736 dixerunt
3586 2682 3705 2736 :Tu

2109 2771 2368 2826 induxisti
2414 2773 2590 2826 virum
2621 2772 2782 2825 istum
2813 2771 2866 2824 in
2892 2772 3031 2826 hanc
3075 2785 3338 2838 eremum,
3390 2768 3566 2823 virum
3597 2769 3703 2824 ini-

2110 2874 2278 2928 quum
2308 2866 2360 2912 et
2390 2857 2589 2912 invidia
2635 2857 2876 2927 plenum,
2919 2855 3008 2927 qui
3040 2855 3150 2910 suis
3180 2852 3462 2910 maleﬁciis
3493 2871 3706 2926 semper

2109 2963 2209 3000 nos
2238 2946 2454 3002 vincere
2485 2945 2786 3000 consuevit.
2823 2944 2917 2999 Ille
2935 2953 3116 2999 autem
3147 2960 3400 2998 reversus
3428 2945 3500 2998 ad
3532 2943 3704 2998 virum

2111 3035 2213 3102 Dei
2238 3035 2491 3091 indicavit
2512 3035 2588 3088 illi
2611 3052 2731 3106 qua)
2760 3035 2974 3089 viderat
2995 3042 3047 3088 et
3067 3033 3326 3088 audierat.
3360 3033 3584 3088 Electus
3605 3033 3703 3088 Dei

417 3105 760 3128 e-------,1_-
797 3105 892 3126 Γ--
945 3105 1114 3110 -_-_--
1162 3105 1384 3110 --κη-η-
1433 3105 1652 3128 υν---η
1690 3105 1751 3110 _-
1802 3105 2004 3126 .--ο-η-

401 3145 556 3200 nasci
583 3153 635 3200 et
654 3153 883 3199 mortem
915 3145 1100 3199 subire
1133 3144 1386 3214 dignatus
1409 3161 1487 3213 es,
1511 3161 1579 3199 ne
1601 3144 1870 3215 despicias
1901 3145 2002 3200 de-

2107 3124 2337 3180 bellator
2364 3124 2568 3195 pariter
2596 3105 2719 3179 cum
2759 3123 2988 3179 diacono
3018 3122 3312 3194 prostravit
3336 3139 3418 3188 se,
3440 3131 3495 3177 et
3514 3123 3701 3192 hujus-

412 3233 672 3288 siderium
721 3249 901 3287 meum
951 3249 1051 3302 pro
1099 3233 1336 3302 peccatis
1374 3233 1548 3299 meis;
1583 3233 1677 3288 sed
1707 3233 1762 3286 in
1794 3235 2002 3290 honore

406 3329 606 3376 sanctae
655 3320 935 3393 genitricis
963 3329 1066 3375 tua:
1096 3328 1148 3376 et
1177 3329 1470 3393 martyrum
1516 3321 2001 3396 confessorumque

401 3417 616 3464 tuorum
666 3425 916 3480 praepara
946 3410 1001 3464 in
1031 3411 1134 3466 hoc
1164 3411 1284 3466 loco
1332 3411 1718 3466 habitationem
1748 3413 1854 3467 tuis
1897 3429 2000 3484 ap-

404 3505 515 3552 tam
546 3498 800 3553 servitiis.
838 3499 1007 3554 Finita
1041 3500 1304 3567 oratione,
1340 3500 1454 3556 sole
1484 3503 1840 3558 occumbente
1873 3500 1999 3556 fini-

401 3594 488 3643 tus
521 3595 602 3643 est
633 3588 768 3654 dies,
807 3596 858 3644 et
887 3588 990 3660 ipsi
1040 3590 1255 3644 tandem
1304 3606 1425 3645 cum
1455 3591 1753 3663 gratiarum
1785 3592 2000 3647 actione

400 3676 580 3732 cibum
611 3686 980 3748 sumpserunt,
1015 3695 1341 3750 rursumque
1357 3680 1472 3734 Deo
1501 3681 1709 3752 gratias
1741 3681 1998 3735 exhiben-

397 3773 500 3833 tes,
551 3774 857 3822 straverunt
890 3783 948 3822 se
980 3766 1033 3821 in
1067 3775 1231 3837 terra,
1283 3776 1341 3822 ut
1370 3768 1758 3840 aliquantulum
1787 3769 1997 3841 requie-

397 3864 631 3912 scerent.
667 3856 776 3912 Sed
799 3855 880 3910 vir
901 3864 1124 3912 sanctus
1153 3872 1275 3912 cum
1307 3857 1563 3913 comitem
1593 3875 1758 3926 suum,
1779 3857 1887 3913 ulto
1918 3866 1996 3914 te-

395 3945 512 4000 neri
545 3961 736 4001 somno
766 3953 998 4016 putaret,
1033 3963 1267 4018 surgens
1296 3947 1584 4017 prostravit
1601 3964 1659 4002 se
1677 3948 1732 4001 in
1762 3946 1996 4018 figuram

397 4033 577 4090 crucis
599 4042 723 4090 ante
755 4035 1068 4104 capsellam,
1094 4041 1145 4090 et
1164 4051 1360 4106 preces
1389 4037 1620 4091 Domino
1648 4037 1876 4092 devotas
1909 4035 1994 4091 ef-

396 4121 553 4178 fudit.
603 4124 818 4178 Interea
861 4123 1203 4179 descendens
1239 4141 1400 4179 ursus
1428 4125 1496 4179 de
1527 4133 1711 4180 monte
1739 4125 1911 4181 micas
1941 4133 1996 4181 et

397 4211 705 4285 fragmenta
732 4227 852 4284 quae
894 4211 1308 4268 convivantibus
1351 4213 1682 4280 deciderant,
1727 4222 1882 4270 caute
1909 4215 1993 4270 le-

393 4303 576 4374 gebat.
601 4303 715 4357 Hoc
737 4300 935 4357 factum
952 4309 1008 4356 ut
1028 4301 1158 4356 vidit
1178 4303 1339 4358 homo
1358 4303 1475 4368 Dei,
1541 4303 1670 4358 dixit
1693 4303 1762 4358 ad
1782 4303 1950 4359 feram
1976 4322 1989 4358 :

395 4389 660 4461 Praecipio
681 4389 797 4459 tibi,
823 4390 1014 4459 bestia,
1034 4389 1088 4444 in
1109 4390 1326 4446 nomine
1357 4390 1591 4458 Domini,
1627 4392 1753 4448 tolle
1782 4393 1993 4466 lignum

2103 3213 2250 3268 modi
2280 3213 2462 3269 verbis
2504 3212 2794 3267 Dominum
2824 3212 3148 3283 deprecatus
3180 3219 3261 3266 est
3296 3229 3309 3266 :
3345 3213 3491 3266 Deus
3520 3211 3692 3267 omni.

2103 3310 2317 3374 potens,
2369 3301 2656 3357 ineffabilis
2705 3301 2938 3370 bonitas,
2995 3300 3387 3356 intestimabilis
3422 3301 3698 3369 majestas,

2104 3392 2403 3447 secundum
2429 3391 2862 3446 misericordiam
2912 3398 3075 3456 tuam,
3111 3405 3221 3444 non
3252 3391 3552 3446 secundum
3582 3405 3699 3444 me-

2102 3480 2202 3535 rita
2233 3496 2376 3546 mea,
2409 3481 2596 3534 auditu
2628 3479 2841 3550 placido
2871 3480 2968 3533 has
3002 3479 3220 3550 suscipe
3245 3494 3458 3550 preces,
3495 3488 3547 3534 et
3572 3479 3699 3548 jube

2101 3569 2201 3624 hos
2231 3569 2509 3623 dmmones
2539 3569 2683 3624 hunc
2706 3568 2888 3624 locum
2919 3569 3197 3636 deserere,
3222 3575 3280 3621 ut
3301 3567 3371 3621 sit
3402 3567 3699 3623 sanctiﬁca-

2100 3665 2184 3712 tus
2213 3657 2270 3712 in
2299 3659 2508 3714 honore
2558 3657 2793 3712 nominis
2839 3657 2932 3712 tui.
2986 3657 3285 3729 Surgentes
3332 3657 3401 3710 ab
3430 3657 3694 3722 oratione,

2100 3754 2364 3802 venerunt
2396 3747 2465 3802 ad
2511 3746 2809 3820 gurgitem,
2844 3754 2896 3801 et
2927 3745 3186 3801 continuo
3217 3745 3496 3800 daemones
3526 3745 3584 3800 in
3609 3745 3696 3800 fu-

2097 3852 2222 3907 gam
2270 3835 2542 3901 conversi,
2592 3835 2771 3890 ierunt
2801 3851 2900 3906 per
2927 3835 3221 3890 decursum
3268 3834 3471 3889 fluvioli
3509 3843 3696 3890 contra

2095 3925 2404 3996 proximum
2434 3933 2692 3980 montem.
2732 3925 2961 3980 Sanctus
2993 3939 3128 3978 vero
3161 3922 3352 3978 Gallus
3382 3921 3518 3977 dixit
3543 3923 3649 3977 illis
3680 3940 3693 3977 :

2097 4013 2362 4084 Przecipio
2391 4013 2566 4080 vobis,
2619 4014 3012 4084 phantasmata,
3058 4028 3159 4083 per
3187 4011 3471 4068 immensa:
3500 4021 3683 4082 poten-

2095 4101 2225 4156 tiam
2254 4101 2552 4172 Trinitatis,
2586 4110 2643 4156 ut
2672 4103 2814 4157 hunc
2844 4101 3024 4157 locum
3074 4101 3414 4167 deserentes,
3451 4100 3509 4155 in
3539 4117 3694 4156 mon-

2095 4199 2178 4246 tes
2227 4191 2477 4245 desertos
2520 4191 2676 4257 eatis,
2725 4199 2777 4246 et
2823 4191 2926 4246 huc
2974 4190 3286 4245 revertendi
3325 4189 3560 4245 ulterius
3591 4206 3696 4245 non

2094 4279 2338 4335 habeatis
2402 4278 2678 4335 ﬁduciam.
2739 4278 2949 4335 Deinde
2997 4279 3271 4334 mittentes
3319 4277 3374 4332 in
3423 4280 3694 4352 gurgitem

2094 4378 2225 4435 rete,
2288 4376 2551 4440 ceperunt
2607 4369 2788 4440 pisces
2853 4376 3081 4440 quantos
3137 4367 3427 4435 volebant;
3461 4377 3515 4424 et
3566 4369 3692 4423 dum

393 4486 446 4534 et
478 4456 630 4534 mitte
659 4479 714 4532 in
746 4456 952 4551 ignem.
986 4456 1069 4534 Ad
1100 4479 1252 4547 cujus
1282 4456 1614 4551 praeceptum
1645 4456 1988 4537 belluavcon-
2019 4471 2071 4532 D
2091 4458 2272 4529 Pisces
2301 4458 2369 4513 de
2390 4457 2632 4551 ‘macuns
2662 4457 2758 4512 Ῑίηί
2790 4457 3098 4551 ἓδὲοῙνυΠῦ
3131 4457 3353 4551 “flium
3386 4456 3442 4551 ίῖξ
3476 4458 3694 4551 ξυῐηῐηί’

394 4584 572 4634 versa,
621 4567 1015 4623 validissimum
1061 4567 1269 4640 lignum
1317 4569 1510 4639 attulit,
1550 4578 1602 4624 et
1632 4570 1746 4643 igni
1789 4571 1992 4640 injecit.

390 4669 459 4722 At
487 4667 572 4722 vir
603 4667 1030 4739 benignissimus
1079 4668 1148 4722 ad
1179 4683 1361 4738 peram
1409 4668 1695 4736 accedens,
1730 4669 1797 4724 de
1817 4662 1994 4740 parvo

389 4765 613 4822 cellario
645 4781 843 4836 panem
875 4765 1147 4836 integrum
1177 4764 1459 4820 famulanti
1488 4766 1749 4837 porrexit,
1773 4775 1825 4821 et
1846 4767 1992 4822 acci-

390 4863 560 4935 pienti
606 4863 679 4918 ita
722 4864 981 4935 praecepti
1019 4879 1030 4918 :
1067 4864 1126 4917 In
1174 4863 1391 4918 nomine
1436 4864 1652 4918 Domini
1699 4865 1809 4919 mei
1863 4867 1992 4921 Jesu

387 4961 586 5018 Christi
613 4968 681 5017 ab
713 4963 817 5019 hac
842 4961 983 5018 valle
1013 4961 1254 5028 discede,
1296 4969 1348 5016 et
1371 4963 1475 5018 hoc
1507 4971 1669 5034 pacto
1697 4971 1909 5019 montes
1939 4972 1992 5019 et

385 5061 554 5116 colles
600 5060 1013 5132 circumpositos
1058 5060 1260 5115 habeto
1311 5075 1648 5127 communes,
1691 5070 1750 5116 ut
1782 5063 1989 5118 nullum

387 5157 475 5214 hic
503 5157 796 5227 hominem,
827 5159 902 5213 nil
933 5159 1002 5214 de
1033 5159 1324 5230 pecoribus
1345 5159 1540 5214 laedas.
1573 5161 1715 5216 Dum
1735 5161 1818 5216 liae
1849 5178 1990 5235 age-

387 5264 593 5328 rentur,
627 5255 890 5312 diaconus
920 5257 1153 5314 dormire
1181 5273 1241 5313 se
1269 5257 1551 5325 simulans,
1583 5260 1727 5331 quod
1758 5261 1842 5316 vir
1872 5263 1989 5318 Deo

387 5357 584 5414 charus
635 5353 808 5428 gessit
855 5369 981 5410 cum
1030 5355 1200 5411 bestia
1231 5356 1724 5414 considerabatzet
1755 5375 1988 5432 surgens

442 5543 467 5570 ι
509 5526 563 5572 Id
611 5526 688 5571 est
741 5524 935 5579 virgam
973 5533 1033 5569 ex
1089 5533 1242 5571 corno
1299 5525 1493 5582 tactam,
1551 5536 1640 5573 seu
1696 5538 1757 5574 ex
1811 5529 1988 5577 frutice

383 5598 468 5655 qui
528 5607 712 5644 cornus
768 5607 856 5642 seu
904 5595 1138 5651 coryllus,
1201 5596 1355 5652 vulgo
1422 5599 1742 5646 cornouz‘ller
1781 5601 1983 5649 dicitur.

439 5676 466 5712 δ
493 5668 875 5726 Himttimberg,
931 5667 1193 5715 monachis
1241 5667 1494 5718 interdum
1520 5673 1834 5726 Mons-Coeli,
1863 5673 1985 5720 olim

2097 4555 2205 4602 tate
2235 4547 2432 4602 montis
2462 4561 2627 4604 voces
2659 4547 2811 4618 quasi
2839 4547 3069 4602 duarum
3090 4546 3380 4602 mulierum
3407 4545 3692 4602 defunctos

2093 4636 2488 4709 plangentium,
2513 4645 2566 4691 et
2586 4636 2844 4692 dicebant
2881 4636 2952 4691 ad
2982 4636 3250 4693 invicem:
3277 4634 3570 4706 Heulquid
3610 4635 3692 4690 ta-

2094 4725 2320 4790 ciemus,
2356 4733 2446 4779 aut
2466 4740 2574 4797 quo
2593 4741 2892 4798 pergemus
2913 4725 2940 4778 ‘?
2976 4725 3309 4798 Peregrinus
3326 4723 3411 4779 hic
3434 4724 3578 4779 inter
3593 4725 3692 4778 ho-

2093 4814 2270 4870 mines
2298 4830 2400 4870 nos
2430 4814 2673 4870 habitare
2705 4829 2814 4869 non
2845 4814 2989 4879 sinit,
3024 4814 3079 4867 in
3107 4829 3291 4868 eremo
3323 4829 3543 4885 quoque
3572 4828 3691 4867 ma-

2093 4919 2226 4959 nere
2272 4919 2380 4959 non
2424 4903 2644 4975 patitur.
2676 4904 2800 4959 Non
2830 4903 3007 4958 solum
3045 4910 3224 4958 autem
3257 4910 3385 4958 tunc
3413 4903 3502 4957 hae
3533 4917 3691 4958 voces

2093 4993 2290 5050 auditae
2320 5001 2462 5060 sunt,
2487 5010 2674 5049 verum
2696 4993 2858 5049 etiam
2889 4993 3238 5064 postmodum
3261 4992 3436 5047 tribus
3457 4992 3686 5056 vicibus,

2092 5083 2222 5137 dum
2250 5082 2367 5154 ipse
2414 5084 2674 5139 diaconus
2723 5083 2919 5138 saltum
2962 5082 3028 5137 ad
3058 5081 3348 5154 accipitres
3395 5080 3690 5152 capiendos

2091 5171 2419 5238 intravisset,
2470 5172 2672 5228 audivit
2715 5171 2980 5228 daemonia
3009 5171 3077 5227 de
3108 5172 3344 5244 quodam
3389 5178 3574 5226 monte
3603 5169 3689 5241 qui

2090 5262 2483 5334 Himilimberg
2588 5262 2800 5327 dicitur,
2853 5261 3136 5318 clamantia
3184 5267 3237 5316 et
3273 5269 3456 5316 utrum
3513 5259 3687 5314 adhuc

2091 5349 2279 5404 Gallus
2309 5359 2454 5407 esset
2484 5349 2536 5404 in
2567 5365 2774 5418 eremo,
2823 5348 3150 5407 sciscitantia
3182 5367 3197 5416 ;
3232 5348 3318 5404 vel
3356 5349 3402 5403 si
3426 5348 3543 5417 jam
3570 5347 3684 5402 dis-

2090 5439 2345 5495 cessisset

2089 5603 2362 5660 uonkelcn,
2442 5615 2574 5652 nunc
2633 5603 2886 5653 lenkclen
2952 5604 3128 5661 dictus,
3183 5604 3237 5650 ut
3283 5602 3550 5651 Goldastus
3599 5611 3683 5648 no-

2091 5676 2228 5722 tavit.
