4024 6194
166 249 274 305 989

778 371 1004 432 CAPUT
1038 373 1190 430 XIII.

308 516 440 574 Loci
468 515 650 590 ipsius
680 515 878 573 electio
907 519 964 573 et
992 517 1346 589 serpentium
1374 517 1662 574 discessio.

250 658 430 732 Igitur
458 665 584 730 post
615 657 920 715 discessum
953 658 1282 726 daemonum,
1324 658 1454 714 dum
1493 657 1684 714 ﬁdeles
1713 657 1794 714 illi

174 748 352 816 eremi
401 747 692 804 dilectores
742 747 941 804 vallem
996 747 1309 815 lustrarent,
1362 748 1612 806 videntes
1656 749 1796 804 inter

176 837 320 894 duos
351 837 602 893 fluviolos
630 837 799 893 multa
825 837 1224 904 desiderabilia,
1249 837 1438 894 silvam
1460 838 1789 909 speciosam,

176 935 398 983 montes
425 943 525 999 per
551 943 764 1000 gyrum,
796 926 1072 998 planitiem
1099 927 1155 981 in
1184 927 1386 992 medio,
1414 927 1788 998 probaverunt

177 1015 368 1073 locum
400 1017 470 1072 ad
500 1015 877 1072 aedificandum
926 1015 1176 1071 cellulam
1221 1016 1482 1088 optimum
1531 1033 1672 1072 esse.
1726 1016 1798 1073 Et

181 1106 506 1162 recordatus
534 1105 620 1161 vir
649 1113 868 1161 sanctus
898 1107 1179 1162 sententia“:
1226 1122 1391 1178 quam
1431 1106 1620 1174 Jacob,
1666 1115 1795 1178 post

176 1195 450 1253 visionem
495 1195 658 1252 scalae
689 1203 741 1250 et
768 1195 1089 1266 angelorum
1132 1196 1541 1252 ascendentium
1585 1203 1638 1250 et
1685 1196 1792 1251 de-

180 1286 561 1342 scendentium
594 1301 692 1356 per
737 1300 859 1339 eam
889 1285 1128 1355 protulit,
1160 1285 1349 1341 dicens
1384 1303 1397 1340 :
1437 1287 1566 1342 Vere
1608 1285 1798 1341 Domi-

187 1392 303 1430 nus
336 1379 422 1430 est
454 1375 516 1430 in
551 1374 664 1430 loco
686 1375 793 1429 isto
817 1375 976 1444 (Gen.
1000 1375 1226 1445 xxvm).
1259 1375 1387 1428 Erat
1414 1383 1595 1429 autem
1624 1389 1798 1446 usque

185 1464 255 1520 ad
294 1464 429 1518 illud
461 1471 675 1534 tempus
705 1463 760 1517 in
790 1462 983 1518 eadem
1014 1463 1156 1518 valle
1195 1463 1429 1534 plurima
1469 1463 1800 1535 serpentium

185 1553 496 1608 multitudo.
530 1553 696 1608 Porro
727 1569 792 1608 ex
824 1552 913 1606 illa
960 1552 1049 1608 die
1096 1561 1205 1606 tam
1253 1553 1484 1625 pleniter
1522 1554 1803 1608 abscesse-

189 1652 341 1710 runt,
374 1651 431 1697 ut
457 1650 647 1713 postea
677 1641 750 1696 ibi
781 1658 889 1696 non
935 1650 1333 1714 comparerent.
1386 1642 1649 1715 Congruit
1695 1643 1801 1698 hoc

183 1731 514 1788 miraculum
544 1746 666 1786 cum
688 1730 982 1801 prioribus.
1003 1733 1145 1785 Nam
1163 1731 1380 1786 diabolo
1400 1731 1525 1786 inde
1549 1731 1793 1802 expulso,
1830 1742 1883 1804 B

181 1821 410 1894 dignum
441 1827 556 1875 erat
584 1827 641 1874 ut
674 1819 873 1874 animal
893 1836 992 1890 per
1007 1821 1154 1892 quod
1174 1821 1446 1877 hominem
1469 1819 1777 1892 deceperat,

182 1909 500 1966 habitationi
529 1908 748 1965 cederet
779 1909 1094 1965 sanctitatis.

779 2078 1003 2135 CAPUT
1040 2079 1186 2134 XIV.

185 2225 445 2293 Qualiter
475 2224 660 2280 locum
689 2221 951 2279 eumdem
979 2223 1204 2295 jejunio
1233 2219 1598 2288 dedicaverit,
1634 2225 1691 2278 et
1719 2219 1791 2277 ad

254 2317 513 2371 castrum
542 2328 826 2386 regressus
857 2315 1095 2370 mortem
1117 2311 1360 2385 episcopi
1380 2313 1718 2384 cognoverit.

257 2445 512 2518 Dumque
540 2444 749 2500 reversi
781 2443 1010 2499 fuissent
1039 2443 1107 2499 ad
1137 2442 1318 2499 locum
1367 2443 1556 2514 primm
1603 2441 1793 2497 statio-

183 2535 292 2605 nis,
329 2534 422 2589 ubi
452 2534 664 2606 pridem
695 2533 778 2588 vir
808 2533 906 2588 Dei
937 2533 1263 2589 cruciculam
1291 2531 1572 2602 deﬁxerat,
1613 2532 1796 2588 diaco-

183 2641 288 2681 nus
322 2623 454 2678 dixit
485 2623 554 2678 ad
586 2640 710 2678 eum
747 2641 760 2678 :
795 2623 1080 2679 Sumentes
1111 2639 1300 2693 peram
1331 2630 1383 2677 et
1415 2630 1550 2692 rete,
1601 2637 1796 2694 regre-

183 2714 399 2769 diamur
429 2713 497 2768 ad
528 2721 790 2769 castrum.
827 2713 892 2766 Et
913 2711 1004 2767 ille
1030 2712 1160 2780 :Tu,
1190 2711 1377 2783 inquit,
1404 2709 1497 2780 fili,
1521 2718 1580 2765 ut
1599 2711 1796 2782 placet,

182 2803 252 2858 ad
281 2802 510 2873 propria
541 2809 816 2857 revertere
851 2819 864 2856 :
899 2817 1004 2874 ego
1036 2816 1164 2855 vero
1193 2801 1278 2854 his
1311 2800 1367 2854 in
1395 2799 1530 2856 locis
1560 2799 1798 2871 aliquan-

182 2891 360 2962 tisper
388 2898 650 2960 moratus,
687 2899 811 2961 post
841 2890 1081 2944 triduum
1113 2889 1344 2945 Domino
1367 2889 1504 2945 duce
1536 2897 1588 2944 te
1619 2889 1802 2944 subse-

187 2997 350 3054 quar.
385 2981 659 3036 Diaconus
707 2979 840 3034 dixit
891 2996 904 3034 :
951 2981 1314 3053 Nequaquam
1359 2987 1412 3034 te
1450 2979 1673 3034 absente
1718 2994 1802 3033 re-

188 3071 386 3125 meabo
413 3070 481 3125 ad
508 3070 721 3124 Patrem
751 3076 1018 3139 nostrum,
1051 3085 1119 3124 ne
1150 3067 1290 3124 forte
1321 3067 1472 3124 dicas
1502 3077 1553 3123 te
1581 3075 1803 3139 propter

185 3159 362 3230 spolia
393 3175 426 3214 a
452 3175 540 3214 me
569 3159 991 3229 interemptum;
1024 3156 1111 3212 vel
1142 3157 1188 3211 si
1219 3157 1570 3213 homicidium
1592 3172 1801 3228 negare

181 3249 432 3317 voluero,
467 3249 583 3303 haec
614 3247 745 3302 mihi
774 3246 992 3316 objieiat
1034 3264 1047 3300 :
1098 3247 1206 3301 Cur
1249 3246 1398 3301 illum
1447 3245 1700 3300 dimisisti
1747 3245 1800 3300 in

181 3337 526 3393 solitudine?
553 3338 660 3392 cito
693 3353 944 3392 reversus
975 3337 1114 3392 educ
1145 3353 1268 3390 eum
1302 3335 1372 3390 ad
1404 3352 1509 3391 me.
1548 3336 1615 3389 Et
1644 3343 1802 3390 erunt

182 3427 318 3481 mihi
351 3426 457 3480 duo
487 3425 715 3498 pariter,
751 3433 803 3481 et
832 3426 987 3481 labor
1033 3425 1358 3496 duplicatus,
1412 3432 1464 3480 et
1509 3423 1800 3479 manifesta

183 3513 458 3572 confusio.
489 3515 572 3570 Ad
599 3516 718 3571 haec
747 3515 835 3569 vir
864 3523 1086 3570 sanctus
1117 3513 1401 3586 respondit
1435 3532 1448 3568 :
1483 3514 1653 3582 Vade,
1699 3511 1795 3582 fili,

182 3620 288 3676 ego
327 3611 455 3675 post
503 3603 735 3676 vestigia
781 3611 875 3658 tua
923 3603 1249 3676 quantocius
1296 3603 1624 3674 preperabo.
1677 3600 1799 3670 Quo

182 3694 439 3758 abeunte,
472 3692 670 3747 athleta
699 3692 799 3748 Dei
830 3699 938 3748 toto
969 3691 1150 3747 triduo
1181 3693 1250 3747 ab
1284 3693 1432 3747 omni
1479 3691 1653 3748 victus
1696 3691 1798 3746 ad-

177 3784 429 3853 jumento
478 3781 724 3852 corporei
765 3781 982 3851 jejunus
1031 3782 1368 3853 permansit,
1436 3787 1494 3836 ut
1547 3780 1797 3836 videlicet

183 3871 364 3927 locum
397 3886 561 3942 quem
593 3869 858 3941 spirituali
888 3869 1094 3925 militiae
1128 3869 1472 3941 providebat,
1517 3869 1796 3940 parcimo-

185 3961 291 4016 niae
321 3965 673 4015 consecraret
703 3957 887 4013 initiis.
923 3957 1124 4026 Quarto
1155 3958 1340 4030 itaque
1369 3958 1456 4013 die
1487 3973 1673 4013 eremo
1715 3958 1798 4012 di-

187 4048 466 4119 grediens,
502 4049 726 4102 domum
759 4047 946 4103 revisit
978 4047 1307 4120 presbyteri,
1351 4054 1402 4102 et
1440 4047 1580 4102 inter
1609 4047 1798 4103 amicae

186 4136 530 4192 salutationis
561 4136 754 4204 ofﬁcia,
790 4136 996 4208 gratias
1027 4137 1143 4191 Deo
1191 4151 1291 4207 pro
1337 4137 1590 4191 omnibus
1637 4136 1796 4191 bonis

187 4243 311 4299 quae
340 4225 390 4281 ei
420 4226 656 4281 ostendit
684 4241 810 4282 cum
839 4225 1023 4280 debita
1050 4225 1212 4281 laude
1241 4225 1516 4296 persolvit.
1553 4226 1793 4297 Presby-

186 4323 270 4370 ter
299 4323 500 4384 autem,
533 4314 839 4386 suscipiens
869 4313 1021 4370 illum
1051 4330 1175 4370 cum
1205 4315 1426 4386 gaudio,
1456 4313 1614 4384 jussit
1641 4331 1794 4371 men-

187 4421 304 4459 sam
359 4403 610 4476 apponi;
678 4411 731 4459 et
778 4419 904 4460 cum
964 4403 1342 4460 consedissent
1404 4404 1790 4461 benedicentes

185 4494 387 4562 Deum,
420 4509 544 4549 cum
575 4492 878 4566 gratiarum
925 4493 1136 4549 actione
1186 4492 1369 4548 cibum
1419 4501 1786 4564 sumpserunt,

185 4589 242 4636 et
272 4582 416 4636 inter
444 4582 816 4652 prandendum
847 4581 1111 4637 diaconus
1159 4581 1292 4637 dicit
1337 4583 1658 4652 presbytero
1693 4599 1705 4638 :
1740 4583 1796 4638 Si

186 4686 355 4726 ursus
386 4670 620 4735 adesset,
655 4669 906 4726 fortassis
937 4670 1128 4726 Gallus
1157 4670 1492 4741 porrexisset
1522 4671 1599 4728 illi
1629 4671 1796 4727 bene-

186 4758 508 4814 dictionem.
560 4758 1031 4832 Interrogantique
1076 4759 1221 4814 unde
1272 4759 1583 4829 hujusmodi
1631 4760 1797 4816 verba

183 4845 480 4920 proferret,
513 4848 745 4905 narravit
775 4848 957 4904 omnia
988 4864 1110 4920 qua:
1139 4855 1292 4920 gesta
1322 4857 1474 4904 erant
1501 4848 1557 4904 in
1586 4865 1792 4907 eremo.

238 5034 257 5059 ι
284 5026 596 5083 ιδιιι-ιιίιιεω,
619 5027 736 5074 villa
757 5029 916 5084 regia,
954 5038 1047 5075 seu
1084 5028 1302 5075 castrum
1340 5027 1392 5074 in
1430 5028 1606 5075 dextro
1642 5029 1798 5076 latere

184 5099 329 5144 lacus
356 5099 615 5156 Potamici,
644 5100 750 5145 tum
770 5100 1080 5146 Alamanniae
1114 5109 1170 5146 ac
1200 5099 1397 5145 Sueviaa
1417 5099 1602 5146 ducum
1629 5101 1801 5155 sedes,

183 5179 326 5216 nunc
347 5170 505 5216 libera
530 5169 726 5226 imperii
751 5172 958 5219 Romani
979 5171 1103 5219 urbs
1123 5170 1422 5230 Oberlingen
1444 5171 1590 5227 dicta,
1606 5173 1662 5218 ut
1680 5172 1800 5221 Gol—

190 5241 376 5288 dastus
403 5240 710 5287 observavit.

243 5317 271 5354 b
307 5315 424 5358 Haec
447 5313 684 5367 narratio.
718 5312 762 5359 si
790 5323 909 5359 vera
933 5315 1010 5360 est
1047 5315 1179 5368 (eam
1207 5312 1344 5359 enim
1364 5313 1592 5361 moderni
1623 5315 1802 5361 aucto-

177 5393 268 5430 res
293 5385 526 5430 nonnulli
551 5385 603 5430 in
625 5384 828 5432 tabulas
866 5385 1138 5441 rejiciunt),
1173 5384 1449 5432 convenire
1497 5395 1599 5432 non
1635 5388 1802 5442 potest

182 5453 448 5510 Sigiberto
471 5455 768 5501 Theodorici
791 5456 910 5511 tilio,
941 5457 1045 5514 qut,
1068 5458 1196 5502 teste
1220 5457 1525 5513 Fredegario
1545 5458 1597 5502 in
1619 5459 1800 5504 Chron-

177 5537 293 5582 cap.
317 5530 386 5580 49,
419 5529 530 5582 post
549 5525 932 5574 Tulbiacensem
964 5539 1192 5585 pugnam
1217 5539 1320 5575 una
1348 5540 1462 5575 cum
1499 5529 1657 5576 Corbo
1695 5529 1802 5576 fra-

190 5603 271 5644 tre
296 5597 445 5654 jussu
467 5598 668 5646 c10tarii
696 5598 837 5654 regis
863 5599 1142 5646 exstinctus
1169 5601 1245 5646 est
1266 5600 1352 5647 vix
1373 5600 1688 5656 duodcnnis;
1713 5600 1802 5648 sed

181 5669 266 5718 vel
288 5669 549 5727 Sigiberto
568 5670 840 5729 Dagobertt
875 5670 978 5720 tilio
1001 5671 1445 5728 (quemadmodum
1488 5673 1686 5720 vetusta
1718 5672 1804 5720 ab‘

1177 248 1343 306 VITA
1401 249 1458 307 S.
1520 248 1728 307 GALLI
1764 248 2074 309 ABBATIS.
2136 283 2208 298 --
2245 255 2377 312 LIB.
2422 256 2465 313 I.

3390 265 3496 320 990

1806 377 1863 439 A
1893 377 1975 433 Ex
2005 378 2098 435 illo
2129 380 2217 436 die
2247 388 2300 436 et
2329 381 2590 455 deinceps
2612 382 2913 440 habuerunt
2942 400 3067 441 eum
3097 385 3237 443 sicut
3257 389 3498 460 prophe-

1889 474 2000 522 tam
2033 477 2084 524 et
2113 470 2290 525 virum
2312 481 2579 541 sanctum,
2616 473 2856 545 quotidie
2885 475 3208 531 meritorum
3239 477 3355 546 ejus
3387 493 3498 533 ma-

1891 557 2228 628 gnitudinem
2257 577 2358 631 per
2403 562 2528 618 vitae
2565 562 2709 618 illius
2753 564 3103 634 asperitatem
3143 573 3197 621 et
3240 566 3498 622 virtutum

1893 646 2072 702 studia
2101 649 2406 704 metientes.
2441 651 2653 706 Interea
2680 651 2789 706 illis
2819 654 3307 724 commanentibus,
3349 671 3496 710 nun-

1893 735 1999 791 tius
2028 737 2173 793 venit
2203 738 2272 793 ad
2302 740 2704 812 presbyterum,
2737 741 2984 798 indicans
3029 743 3497 800 Constantiensem

1895 826 2233 898 episcopum,
2269 828 2656 884 Gaudientium
2685 829 2922 896 nomine,
2971 831 3040 887 de
3083 833 3188 888 hac
3235 833 3346 889 vita
3387 835 3496 889 mi-

1895 931 2105 988 grasse.
2140 919 2254 973 Hoc
2283 918 2486 988 audito,
2517 919 2773 974 unanima
2804 919 3016 976 fervore
3045 937 3143 992 pro
3175 922 3366 994 requie
3394 923 3496 979 de-

1895 1003 2064 1061 functi
2091 1007 2322 1079 pastoris
2351 1007 2607 1080 precibus
2640 1016 2694 1063 et
2720 1009 2975 1080 lacrymis
3003 1010 3334 1066 institerunt.

2503 1194 2730 1251 CAPUT
2767 1193 2889 1250 XV.

1902 1361 2174 1430 Quomodo
2205 1362 2277 1418 ad
2307 1363 2505 1419 ducem
2533 1380 2665 1420 cum
2687 1364 3009 1438 presbytero
3040 1363 3114 1420 sit
3142 1367 3420 1430 evocatus,
3442 1368 3499 1420 et

1965 1453 2108 1509 illuc
2138 1454 2222 1510 ire
2252 1454 2450 1509 nolens
2481 1456 2719 1510 Raetiam
2747 1455 3102 1523 commearit,
3134 1457 3188 1509 et
3220 1471 3255 1510 a
3281 1455 3498 1511 Joanne

1971 1541 2202 1599 diacono
2233 1547 2524 1616 susceptus
2555 1544 2649 1599 sit.

1973 1682 2215 1754 Septima
2243 1690 2367 1754 post
2392 1684 2512 1741 haec
2540 1684 2628 1740 die
2661 1684 2941 1741 Gunzonis
2971 1684 3127 1741 ducis
3159 1681 3385 1755 epistola
3415 1697 3503 1738 ve-

1909 1771 1986 1825 nit
2017 1772 2086 1826 ad
2116 1773 2514 1844 presbyterum,
2546 1775 2869 1845 pracipiens
2900 1773 2973 1830 illi
2995 1782 3052 1829 ut
3072 1773 3160 1828 die
3181 1771 3505 1829 duodecimo

1881 1861 1950 1921 ad
1979 1860 2305 1934 Iburningas
2333 1871 2358 1896 ³
2387 1862 2570 1917 villam
2603 1863 2834 1929 veniret,
2869 1872 2921 1919 et
2950 1865 3127 1922 virum
3188 1866 3291 1922 Dei
3317 1876 3504 1919 secum

1885 1949 2203 2006 adduceret.
2236 1951 2375 2005 Nam
2423 1950 2591 2006 filiam
2640 1953 2778 2021 ejus,
2824 1953 3043 2011 nomine
3098 1956 3499 2028 Fridiburgam,

1888 2055 2010 2112 quae
2039 2039 2116 2093 illi
2143 2047 2258 2094 erat
2289 2039 2466 2109 unica,
2504 2041 2768 2114 singulari
2805 2043 3210 2113 pulchritudine
3257 2044 3495 2116 fulgens,

1890 2128 2114 2199 spiritus
2143 2129 2342 2184 invasit
2372 2129 2644 2203 malignus
2677 2148 2690 2185 :
2724 2147 2756 2186 a
2787 2148 2895 2202 quo
2924 2131 3054 2188 dum
3101 2134 3334 2190 diversis
3384 2141 3500 2188 tor-

1892 2224 2153 2289 queretur
2201 2218 2498 2288 molestiis,
2544 2235 2688 2290 pene
2736 2221 3050 2277 continuam
3099 2223 3348 2279 toleravit
3393 2221 3482 2276 ine

1893 2307 2060 2372 diam,
2096 2313 2149 2362 et
2180 2307 2378 2378 saepius
2409 2315 2568 2363 terrae
2603 2316 2864 2380 prostata,
2897 2309 3038 2366 inter
3069 2327 3292 2383 spumas
3321 2309 3504 2367 horri-

1897 2395 2036 2451 biles
2081 2395 2377 2451 miserabili
2425 2395 2774 2452 volutabatur
2821 2397 3066 2465 insania,
3125 2399 3265 2456 adeo
3307 2407 3366 2455 ut
3410 2398 3502 2456 vix

1897 2493 2128 2557 quatuor
2155 2484 2395 2540 virorum
2443 2486 2616 2541 teneri
2663 2494 2848 2556 posset
2895 2487 3170 2544 instantia.
3227 2490 3356 2543 Post
3403 2488 3506 2543 tri-

1899 2575 2047 2648 ginta
2078 2582 2257 2628 autem
2290 2575 2501 2629 dierum
2533 2575 2794 2631 circulum
2825 2592 2889 2630 ex
2916 2593 3022 2648 quo
3069 2579 3119 2632 ei
3150 2579 3255 2634 hoc
3285 2576 3502 2644 accidit,

1901 2664 2063 2734 coepit
2092 2663 2181 2718 ille
2210 2663 2482 2719 habitator
2500 2664 2774 2737 malignus
2802 2681 2902 2736 per
2930 2681 3050 2720 eam
3077 2666 3228 2722 diras
3257 2665 3503 2722 emittere

1901 2769 2084 2809 voces.
2115 2754 2268 2809 Hanc
2295 2754 2365 2808 ob
2394 2769 2617 2809 causam
2647 2762 2803 2824 pater
2831 2756 2947 2824 ejus
2978 2757 3197 2811 nuntios
3239 2756 3386 2810 misit
3429 2755 3499 2810 ad

1902 2859 2093 2915 regem
2124 2843 2456 2912 Sigibertum
2485 2837 2532 2908 δ,
2578 2843 2902 2899 Theoderici
2933 2843 3120 2914 ﬁlium,
3145 2845 3235 2918 qui
3267 2861 3388 2900 eam
3408 2845 3508 2900 ha-

1903 2932 2018 2987 buit
2047 2933 2449 3001 desponsatam,
2491 2939 2551 2986 ut
2598 2932 2648 2987 ei
2693 2933 3001 2988 nuntiarent
3049 2933 3316 3006 quidquid
3362 2935 3508 2990 circa

1906 3021 2145 3092 puellam
2174 3021 2456 3092 agebatur.
2490 3022 2606 3077 Rex
2635 3037 2768 3077 vero
2799 3037 2921 3078 cum
2968 3023 3114 3078 omni
3161 3022 3506 3079 festinatione

1847 3104 2046 3167 Cmisit
2077 3111 2216 3164 duos
2244 3107 2548 3181 pontifices,
2573 3110 2642 3165 de
2665 3126 2896 3182 quorum
2925 3111 3133 3167 meritis
3164 3111 3507 3182 potissimum

1901 3199 2284 3270 praesumebat,
2319 3215 2444 3254 cum
2474 3199 2633 3254 donis
2662 3199 2827 3272 regiis
2867 3201 2936 3255 ad
2979 3201 3236 3271 puellam,
3280 3208 3338 3256 ut
3381 3217 3505 3257 eam

1899 3288 2264 3344 medicamine
2295 3289 2597 3343 orationum
2617 3305 2646 3342 a
2667 3288 2865 3344 furoris
2904 3290 3092 3344 vesani
3125 3289 3390 3363 languore
3411 3305 3507 3346 sa-

1900 3385 2116 3433 narent.
2150 3377 2320 3450 Igitur
2339 3377 2687 3432 Willimarus
2709 3378 3017 3451 presbyter,
3040 3379 3232 3435 volens
3263 3386 3508 3451 tempore

1899 3483 2000 3538 per
2030 3466 2314 3537 epistolam
2342 3465 2565 3522 definito
2597 3468 2668 3522 ad
2701 3468 2898 3524 ducem
2928 3468 3136 3534 venire,
3162 3468 3296 3523 dixit
3315 3468 3508 3524 beatis-

1899 3556 2040 3610 simo
2071 3555 2260 3611 Gallo:
2289 3555 2410 3610 Scis
2439 3555 2593 3612 ducis
2621 3557 2933 3611 mandatum
2966 3575 2979 3612 :
3013 3573 3200 3613 eamus
3233 3558 3303 3614 ad
3332 3558 3506 3614 illum.

1903 3646 1970 3700 Et
1998 3644 2090 3700 ille
2125 3660 2138 3700 :
2171 3645 2346 3699 Tuum
2378 3651 2481 3710 est,
2513 3644 2704 3716 inquit,
2738 3647 2842 3702 hoc
2871 3647 2992 3712 iter,
3025 3663 3136 3702 non
3179 3663 3381 3702 meum.
3429 3649 3508 3704 Tu

1898 3749 2032 3805 ergo
2061 3732 2430 3804 proficiscere.
2457 3732 2602 3802 Quid
2617 3735 2750 3790 mihi
2770 3751 2890 3791 cum
2919 3735 3254 3808 principibus
3276 3737 3506 3794 saeculi?

1895 3823 2036 3878 Nam
2067 3823 2120 3877 in
2151 3839 2394 3878 eremum
2423 3823 2565 3878 unde
2597 3823 2736 3880 exivi
2788 3831 3046 3880 revertar.
3092 3825 3239 3892 Noli,
3289 3826 3382 3894 ait,
3431 3826 3505 3881 ita

1894 3928 2082 3985 agere,
2115 3913 2212 3968 sed
2243 3928 2414 3984 perge
2444 3928 2679 3980 mecum,
2713 3929 2782 3969 ne
2816 3913 2953 3969 forte
2982 3914 3111 3986 dux,
3137 3915 3229 3987 qui
3258 3915 3313 3970 in
3333 3931 3502 3972 vexa-

1895 4001 2040 4056 tione
2071 3999 2197 4057 filiae
2225 4002 2450 4057 nimium
2481 4003 2852 4070 contristatur,
2877 4003 2961 4059 ira
2989 4012 3295 4060 commotus
3327 4005 3503 4061 mittat

1894 4089 2150 4146 satellites
2179 4097 2340 4162 teque
2366 4090 2609 4147 vinctum
2638 4091 2767 4147 illuc
2796 4091 2958 4148 faciat
2983 4093 3233 4164 perduci.
3259 4093 3356 4149 Vir
3383 4095 3504 4150 Deo

1892 4178 2088 4250 plenus
2118 4179 2397 4250 respondit
2431 4197 2444 4234 :
2481 4181 2689 4235 Vadam
2719 4181 2872 4252 prius
2900 4181 2971 4236 ad
2999 4182 3252 4237 cellulam
3295 4199 3495 4249 meam,

1893 4276 1949 4322 ut
1977 4267 2298 4339 provideam
2325 4268 2610 4324 utilitatem
2640 4277 2695 4324 et
2725 4270 3034 4326 necessaria
3055 4270 3287 4326 fratrum
3305 4271 3398 4343 qui
3419 4271 3494 4326 ibi

1893 4365 2019 4412 sunt
2047 4357 2282 4413 Domino
2310 4357 2582 4414 servituri.
2616 4360 2731 4415 Hoc
2759 4359 2966 4416 idcirco
2996 4359 3130 4415 dixit
3160 4375 3229 4415 ne
3259 4360 3327 4414 ad
3357 4360 3497 4430 prin-

1811 4469 1865 4532 D
1898 4447 2076 4518 cipem
2103 4446 2226 4502 iret.
2257 4447 2326 4502 Et
2353 4463 2716 4521 consurgens,
2735 4449 2803 4503 ad
2833 4449 3020 4504 electae
3050 4449 3262 4520 pridem
3293 4449 3500 4504 habita-

1897 4536 2060 4591 tionis
2089 4537 2267 4592 locum
2314 4537 2472 4592 miles
2512 4537 2729 4592 Domini
2776 4537 3030 4594 tendebat
3077 4537 3355 4609 egregius.
3403 4538 3502 4594 Se-

1897 4626 2084 4697 quenti
2129 4626 2218 4682 die
2249 4624 2506 4681 fratribus
2551 4626 2643 4698 qui
2690 4642 2876 4682 secum
2911 4635 3065 4682 erant
3109 4627 3385 4683 interdixit
3430 4643 3502 4684 ne

1897 4714 2019 4786 quis
2050 4731 2237 4770 eorum
2264 4715 2499 4786 cuipiam
2522 4731 2629 4788 quo
2651 4723 2926 4788 pergeret,
2946 4714 3228 4771 indicaret.
3251 4716 3360 4772 Sed
3381 4723 3433 4771 et
3451 4716 3499 4772 si

1897 4803 2165 4860 curiosius
2196 4803 2521 4877 interrogati
2560 4803 2792 4859 fuissent
2839 4820 2871 4860 a
2915 4819 3207 4878 quoquam,
3253 4805 3416 4875 jussit
3444 4812 3503 4860 ut

1897 4908 2021 4947 eum
2049 4909 2150 4964 per
2180 4893 2462 4964 epistolam
2494 4892 2740 4967 magistri
2772 4893 2854 4948 sui
2883 4893 2954 4948 ad
3003 4894 3211 4949 Italiam
3252 4893 3500 4950 dicerent

1899 4981 2199 5038 invitatum.
2251 4983 2346 5038 His
2393 4982 2553 5040 dictis
2594 4999 2815 5039 sumens
2846 4999 3032 5040 secum
3062 4984 3200 5040 duos
3229 4983 3299 5041 de
3328 4982 3497 5041 disci-

1899 5171 2050 5218 batiaa
2069 5173 2116 5219 S.
2143 5171 2341 5218 Martini
2368 5172 2607 5219 Metensls
2629 5172 2960 5220 instrumenta
2984 5173 3166 5220 docent
3186 5173 3320 5230 apud
3354 5176 3500 5223 lieu-

1900 5243 2086 5290 rissum
2110 5245 2491 5291 Madaurensem
2527 5246 2823 5302 episcopum
2866 5245 2918 5291 in
2943 5245 3066 5292 Hist.
3093 5247 3302 5293 Metens.
3323 5247 3496 5304 episc.,

1900 5315 1959 5362 in
1983 5315 2244 5376 Pappolo),
2273 5316 2350 5362 vel
2391 5318 2526 5362 certe
2565 5316 2833 5363 tribuenda
2869 5318 2947 5364 est
2969 5317 3228 5374 Sigiberto
3261 5328 3351 5364 seu
3379 5319 3500 5374 Sig-

1903 5387 2107 5434 berchto
2127 5387 2450 5434 orientalium
2484 5389 2761 5445 Anglorum
2781 5389 2906 5445 regi,
2927 5389 3126 5436 homini
3147 5391 3270 5438 bono
3292 5400 3351 5436 ac
3370 5389 3498 5436 reti-

1901 5460 2062 5518 gioso,
2089 5459 2177 5516 qui
2212 5458 2398 5505 dudum
2435 5460 2494 5506 in
2529 5459 2701 5506 Gallia
2736 5459 2854 5506 dum
2894 5461 3204 5508 inimicitias
3241 5459 3500 5506 nedwatdi

1902 5530 2104 5588 fugiens
2139 5530 2410 5585 exsulant.
2441 5531 2704 5578 lauacrum
2739 5531 2986 5592 baptismi
3008 5533 3228 5594 percepit
3250 5532 3497 5586 regnante

1902 5603 2215 5659 Dagoberto.
2265 5605 2320 5652 ut
2359 5603 2489 5652 Beda
2534 5603 2586 5652 in
2632 5604 2722 5653 lib.
2762 5615 2817 5654 ιιι
2861 5605 3002 5662 Hist,
3045 5615 3155 5663 cap.
3197 5607 3274 5658 l8,
3319 5603 3498 5653 auctor

1905 5675 1994 5722 est.
