4024 6194
526 232 626 286 991

1014 227 1421 287 WALAFRIDI
1453 228 1695 287 STRABI
1725 227 1925 285 FULD.
1956 223 2130 283 MON.
2163 221 2316 282 OPP.
2348 227 2526 286 PARS
2554 228 2622 286 II.
2655 257 2726 273 --
2751 229 3146 288 HISTORICA.

3705 236 3812 294 992

529 353 675 429 pulis
719 353 830 410 suis
855 396 868 421 ,
921 370 1020 426 per
1072 354 1417 411 solitudinem
1474 354 1701 412 Raetiam
1756 353 2079 411 Curiensem
2106 350 2209 414 ιΑ
2236 352 2436 423 cisset,
2497 364 2810 412 manserunt
2866 355 2942 411 ibi
2997 356 3171 411 tribus
3216 364 3424 412 tantum
3472 357 3667 413 diebus
3703 376 3719 424 ς
3762 374 3828 416 ac

532 443 879 501 commeavit.
915 444 1153 517 Cumque
1182 444 1489 515 proximum
1516 452 1758 500 montem
1773 444 2129 501 transcende-

533 542 670 601 rent,
704 542 967 589 venerunt
997 534 1053 588 in
1082 548 1326 589 eremum
1370 550 1492 605 quae
1535 533 1735 589 Sennia
1773 533 2083 589 nominatur
2114 550 2128 589 :

533 621 770 694 indeque
798 622 865 676 ad
896 622 1201 693 proximum
1228 622 1405 678 vicum
1437 622 1525 695 qui
1548 622 1747 679 dicitur
1777 621 2132 692 Quaradaves

536 711 789 784 digressi,
824 718 1145 781 repererunt
1184 711 1260 766 ibi
1289 711 1555 767 Joannem
1602 711 1908 780 diaconem,
1958 711 2133 766 virum

528 799 733 869 justum
762 806 814 854 et
841 800 1016 855 Deum
1045 799 1324 856 timentem
1357 819 1370 855 :
1403 801 1559 872 isque
1589 801 1796 871 recepit
1826 816 1921 856 eos
1948 799 2133 871 hospi-

532 887 626 954 tio,
663 896 715 942 et
752 889 899 944 omni
939 887 1069 945 fovit
1112 889 1462 946 humanitatis
1504 890 1787 961 obsequio.
1842 890 2134 945 Finxerunt

533 975 678 1030 enim
707 992 767 1032 se
797 977 865 1032 de
896 977 1060 1049 longe
1086 986 1214 1036 tunc
1246 979 1481 1048 venisse,
1515 986 1567 1034 et
1599 979 1743 1050 apud
1773 995 1896 1035 eum
1924 994 2138 1035 manse-

464 1086 477 1107 ι
531 1073 658 1120 runt
688 1073 898 1138 septem
926 1066 1139 1123 diebus.

1131 1191 1356 1247 CAPUT
1392 1192 1538 1247 XVI.

536 1304 794 1371 Qualiter
821 1306 991 1361 misso
1019 1309 1147 1379 post
1166 1307 1353 1361 vir-um
1373 1307 1474 1362 Dei
1490 1307 1809 1378 presbytero
1840 1309 2084 1381 episcOpi
2103 1324 2139 1363 α

603 1410 731 1466 rege
759 1394 963 1450 directi
990 1394 1174 1464 ﬁliam
1194 1395 1352 1451 ducis
1385 1396 1622 1451 liberare
1653 1413 1767 1452 non
1796 1398 2047 1452 valentes
2067 1397 2139 1452 ad

604 1498 793 1555 regem
811 1500 941 1539 eum
959 1486 1287 1555 confusione
1304 1484 1598 1551 redierint,
1616 1488 1869 1557 confesso
1888 1486 2139 1543 dremone

609 1573 758 1628 beati
791 1573 941 1629 Galli
968 1574 1260 1629 virtutem.

2230 442 2429 498 deinde
2470 444 2541 498 ad
2589 460 2689 499 sua
2736 445 2984 513 reversi,
3040 446 3425 503 nuntiaverunt
3482 447 3668 505 omnia
3711 464 3829 523 qua

2230 540 2385 605 gesta
2413 531 2627 589 fuerant
2655 534 2795 605 regi.

2810 648 3035 708 CAPUT
3070 650 3244 708 XVII.

2308 766 2376 823 Ut
2403 765 2492 821 vir
2522 766 2626 821 Dei
2644 781 2749 838 per
2771 767 3159 841 presbyterum
3186 768 3260 824 ad
3287 767 3488 825 ducem
3516 772 3757 827 venerit.

2304 898 2595 971 Presbyter
2624 915 2754 956 vero
2785 908 2928 969 cum,
2962 901 3264 957 secundum
3304 902 3613 971 jussionem
3662 903 3831 971 ducis,

2232 988 2411 1043 virum
2440 988 2542 1043 Dei
2569 987 2760 1045 fuisset
2788 1005 2818 1045 e
2847 989 3079 1064 vestigio
3109 999 3450 1061 prosecutus,
3484 992 3688 1064 reperit
3715 1008 3838 1047 eum

2233 1084 2290 1139 in
2338 1076 2600 1147 spelunca
2648 1078 2889 1134 animum
2942 1095 3101 1134 suum
3162 1079 3414 1136 lectionis
3469 1079 3840 1138 consolatione

2234 1174 2587 1238 pascentem;
2619 1175 2672 1222 et
2698 1167 2967 1223 accedens
2997 1168 3249 1225 salutavit
3279 1169 3571 1235 humiliter,
3630 1177 3685 1224 et
3713 1169 3843 1224 dixit

2237 1255 2309 1310 ad
2338 1271 2460 1308 eum
2497 1273 2509 1309 :
2544 1256 2625 1310 Ne
2656 1256 2867 1323 timeas,
2900 1273 3056 1312 serve
3104 1257 3224 1323 Dei,
3276 1258 3343 1314 ad
3388 1258 3584 1315 ducem
3632 1258 3839 1316 venire.

2239 1343 2350 1398 Sub
2379 1342 2755 1400 testiﬁcatione
2787 1345 2930 1400 enim
2956 1345 3313 1414 jurisjurandi
3354 1347 3607 1418 promisit
3639 1363 3699 1401 se
3727 1346 3845 1403 nul-

2238 1431 2348 1486 lam
2378 1432 2472 1486 tibi
2503 1433 2868 1504 irrogaturum
2897 1434 3166 1503 injuriam.
3215 1435 3323 1490 Sed
3353 1444 3408 1491 et
3435 1451 3561 1491 cum
3589 1434 3843 1507 posueris

2239 1536 2463 1575 manum
2492 1529 2639 1575 tuam
2666 1538 2834 1593 super
2862 1531 3027 1593 caput
3053 1522 3270 1594 puellae,
3306 1530 3359 1578 et
3387 1524 3456 1579 ab
3488 1540 3554 1578 ea
3580 1540 3685 1596 per
3710 1540 3838 1580 ora-

2241 1609 2416 1665 tiones
2444 1616 2563 1665 tuas
2594 1611 2817 1683 spiritus
2848 1612 3159 1669 immundus
3205 1612 3554 1679 abscesserit,
3606 1612 3665 1667 in
3710 1613 3843 1671 sede

607 1678 773 1734 Porro
803 1694 927 1734 cum
957 1695 1102 1751 saepe
1133 1679 1311 1735 dictus
1339 1680 1643 1753 presbyter,
1679 1680 1881 1752 hospes
1911 1687 2136 1737 sancto-

2251 1678 2642 1754 Constantiensi
2672 1699 3013 1771 pontiﬁcatus
3042 1709 3094 1756 te
3123 1700 3433 1757 sublimabit
3452 1678 3681 1759 honore.
3704 1703 3848 1758 Dum

535 1783 673 1837 rum:
698 1767 940 1862 8Ud_isset
960 1768 1132 1862 νίξίιξη
1152 1770 1253 1824 Dei
1273 1770 1340 1825 de
1361 1769 1555 1862 ceu-“la
1576 1770 1916 1862 άξεοθεδίδεθ,
1942 1786 2139 1862 uallem
2164 1767 2218 1776 —
2242 1789 2311 1844 de
2330 1767 2703 1858 hujuscemodi
2742 1789 3069 1861 colloquium
3119 1791 3287 1846 rebus
3327 1790 3611 1855 haberent,
3656 1807 3848 1862 super-

536 1857 934 1925 conscendens,
966 1857 1036 1912 ad
1065 1858 1265 1913 ducem
1292 1858 1681 1926 transfretavit,
1733 1867 1786 1916 et
1833 1877 1955 1932 quae
1995 1860 2143 1916 circa

536 1945 814 2001 hominem
838 1946 940 2000 Dei
971 1945 1113 2002 facta
1139 1945 1373 2013 fuerant,
1410 1948 1686 2004 indicavit.
1737 1950 1858 2003 Dux
1905 1965 2037 2006 vero
2087 1957 2144 2005 ut

538 2034 646 2091 cito
675 2040 1057 2102 reverteretur,
1090 2034 1166 2088 illi
1197 2035 1505 2106 imperavit,
1530 2044 1584 2091 et
1603 2036 1785 2092 missis
1813 2046 1937 2109 post
1966 2038 2145 2094 virum

539 2121 641 2178 Dei
668 2120 885 2195 legatis,
919 2139 1045 2178 eum
1074 2123 1334 2179 advenire
1363 2124 1557 2181 devote
1600 2134 1841 2199 rogaret.
1894 2128 1963 2182 Et
2011 2127 2145 2197 adji-

538 2210 736 2266 ciens:
771 2211 1029 2279 Sienim,
1081 2212 1274 2284 inquit,
1323 2230 1424 2285 per
1469 2215 1584 2283 ejus
1632 2216 1929 2271 orationem
1979 2215 2147 2272 ﬁliam

533 2316 715 2356 meam
731 2301 996 2357 Dominus
1016 2317 1049 2356 a
1069 2303 1338 2358 daemonio
1360 2303 1699 2375 liberaverit,
1732 2305 1876 2362 dabo
1899 2305 1976 2361 illi
1997 2306 2147 2377 ponti

539 2386 762 2447 ﬁcetum
810 2390 1243 2447 Constantiensis
1290 2392 1588 2463 Ecclesiae,
1649 2400 1700 2450 et
1757 2394 1979 2467 insuper
2022 2411 2146 2452 eum

541 2478 780 2551 copiosis
806 2479 1160 2551 praemiorum
1187 2481 1508 2541 muneribus
1537 2483 1837 2539 honorabo.
1885 2484 1981 2541 Ille
2011 2501 2146 2557 pro-

538 2569 757 2624 mittens
787 2586 847 2625 se
877 2578 934 2625 ut
957 2570 1250 2640 jubebatur
1282 2578 1533 2627 acturum
1561 2572 1736 2628 sicubi
1768 2590 1892 2629 eum
1923 2573 2015 2646 qui
2044 2575 2145 2630 de-

542 2657 888 2714 siderabatur
916 2659 1161 2716 invenire
1190 2660 1477 2731 potuisset,
1509 2668 1677 2716 ratem
1695 2669 1888 2732 petens
1923 2663 1994 2718 ad
2015 2678 2147 2734 pro-

540 2747 657 2819 pria
684 2747 968 2804 remeavit.
1001 2748 1217 2805 Interea
1257 2747 1541 2821 pontiﬁces
1587 2767 1617 2805 a
1660 2767 1793 2823 rege
1840 2753 2148 2808 transmissi

538 2846 819 2907 venerunt,
855 2846 907 2894 et
935 2838 1255 2894 invenerunt
1296 2837 1473 2910 ipsam
1516 2839 1732 2912 quidem
1775 2840 2013 2912 puellam
2055 2841 2144 2896 ni-

539 2927 648 2983 mio
677 2926 1014 2983 laborantem
1044 2927 1250 2994 furore,
1272 2936 1526 2999 parentes
1549 2937 1730 2985 autem
1760 2930 1877 2999 ejus
1908 2946 2148 2987 omnem-

542 3033 649 3089 que
679 3015 942 3072 familiam
972 3024 1026 3073 et
1052 3017 1392 3088 propinquos
1440 3018 1632 3073 flentes
1681 3034 1848 3089 super
1893 3035 2035 3088 eam,
2089 3028 2143 3077 et

539 3106 844 3162 miserabili
870 3121 1109 3161 mmrore
1139 3106 1452 3176 depressos.
1484 3107 1616 3160 Tota
1644 3107 1788 3162 enim
1817 3107 2012 3163 domus
2034 3125 2143 3165 una

543 3194 701 3251 clade
751 3194 1047 3250 contabuit.
1100 3193 1287 3249 Puella
1336 3195 1632 3250 vexabatur
1678 3195 1915 3266 insania,
1965 3198 2150 3255 caeteri

537 3282 938 3354 torquebantur
967 3281 1200 3337 tristitia.
1232 3284 1526 3355 Postquam
1554 3300 1687 3357 ergo
1714 3284 1954 3359 ingressi
1972 3287 2152 3359 ponti-

545 3369 679 3426 ﬁces
707 3386 934 3426 munera
963 3387 993 3426 a
1025 3387 1159 3445 rege
1187 3371 1394 3428 directa
1420 3380 1838 3444 praesentarunt,
1871 3392 2065 3446 preces
2092 3376 2149 3432 in

540 3468 838 3532 conspectu
866 3460 1063 3532 puellae
1106 3450 1361 3518 fudbruut
1413 3463 1481 3518 ad
1526 3463 1836 3519 Dominum.
1882 3465 1978 3520 Illa
2019 3481 2150 3522 vero

541 3550 838 3607 tenentium
866 3551 1120 3606 manibus
1152 3567 1212 3608 se
1242 3552 1539 3619 excutiens,
1590 3553 1643 3609 vi
1672 3569 1859 3610 eorum
1903 3554 2150 3627 gladium

542 3639 779 3707 abstulit,
812 3640 1003 3696 volens
1032 3640 1320 3713 episcopos
1351 3641 1655 3699 interﬁcere
1686 3660 1699 3697 :
1737 3651 1788 3698 et
1818 3659 1944 3701 cum
1964 3644 2020 3699 id
2040 3660 2149 3701 non

540 3736 728 3801 posset
758 3727 992 3797 efﬁcere,
1026 3730 1249 3802 spiritus
1278 3731 1590 3787 immundus
1622 3732 1716 3787 uni
1748 3748 1937 3789 eorum
1966 3733 2101 3789 dixit
2133 3752 2146 3788 :

541 3818 599 3876 Si
631 3818 882 3876 volueras
910 3835 1016 3886 me,
1052 3819 1192 3876 sicut
1221 3820 1341 3892 regi
1371 3821 1687 3892 promisisti,
1710 3821 1778 3878 de
1799 3823 1904 3879 hoc
1924 3823 2149 3880 vasculo

541 3908 882 3981 prOpulsare,
916 3924 1015 3965 cur
1045 3907 1209 3964 ﬁliam
1237 3917 1401 3980 tuam,
1438 3926 1600 3982 quam
1632 3926 1813 3966 nonna
1859 3910 1951 3968 illa
1997 3912 2068 3967 de
2098 3920 2150 3967 te

541 3998 791 4069 concepit
820 4006 871 4054 et
902 3998 1108 4071 genuit,
1140 4014 1250 4054 non
1280 3998 1453 4056 fecisti
1476 4008 1656 4055 tecum
1684 4000 1914 4057 venire?
1939 4000 2152 4056 Deinde

543 4087 613 4143 ad
640 4086 870 4142 alterum
902 4104 915 4141 :
947 4088 1016 4143 Et
1046 4094 1119 4154 tu,
1151 4086 1343 4159 inquit,
1377 4104 1503 4145 cum
1532 4088 1704 4144 tribus
1736 4088 1954 4144 feminis
1984 4088 2153 4146 forni-

544 4175 815 4237 cationem
841 4176 1181 4233 commisisti.
1227 4177 1422 4233 Vestro
1463 4177 1683 4249 quidem
1715 4177 1969 4250 imperio,
2004 4179 2152 4251 quod

544 4265 696 4322 nullo
724 4265 1023 4322 sanctitatis
1060 4266 1254 4322 merito
1297 4266 1604 4333 roboratur,
1661 4283 1940 4339 nunquam
1991 4284 2153 4341 egre-

545 4355 679 4412 diar.
714 4355 815 4411 Est
842 4370 975 4412 vero
1004 4355 1226 4427 quidam
1256 4354 1339 4411 vir
1362 4370 1581 4429 magnae
1609 4357 1756 4428 apud
1803 4357 2151 4429 omnipoten-

2242 1878 2468 1933 veniens
2495 1879 2734 1933 Joannes
2763 1878 3045 1945 diaconus,
3073 1878 3375 1935 secundum
3395 1880 3847 1936 consuetudinem

2244 1965 2434 2021 obtulit
2463 1966 2514 2021 ei
2539 1982 2711 2037 panes
2740 1982 2959 2039 azymos
2990 1974 3043 2022 et
3089 1967 3441 2041 lagunculam
3482 1968 3615 2034 vini,
3665 1968 3847 2023 oleum

2244 2063 2297 2110 et
2328 2054 2603 2126 butyrum,
2636 2062 2687 2110 et
2715 2055 2825 2111 mel
2851 2055 2906 2110 in
2938 2056 3172 2113 vasculis
3221 2072 3344 2114 cum
3390 2056 3638 2129 piscibus
3682 2057 3843 2113 assis.

2246 2143 2342 2197 Vir
2371 2143 2471 2198 Dei
2500 2159 2625 2199 cum
2652 2160 2778 2199 eum
2826 2144 3010 2200 venire
3059 2145 3426 2217 cognovisset,
3478 2145 3689 2218 gratias
3736 2145 3848 2217 egit

2246 2232 2382 2300 Deo,
2415 2233 2617 2305 gaudio
2645 2233 2857 2304 plenus,
2893 2233 3394 2306 discubueruntque
3438 2241 3554 2290 tres
3603 2234 3847 2290 convivae

2246 2320 2514 2391 ﬁdissimi,
2567 2330 2619 2377 et
2662 2338 2785 2378 cum
2826 2322 3124 2395 gratiarum
3168 2322 3384 2379 actione
3438 2323 3581 2379 dona
3628 2322 3849 2379 Domini

2247 2418 2630 2483 perceperunt.
2662 2411 2806 2467 Inter
2834 2412 2951 2467 haec
2980 2411 3063 2468 vir
3092 2418 3309 2468 sanctus
3328 2412 3649 2484 presbytero
3673 2429 3688 2466 :
3712 2412 3849 2478 Duc,

2247 2499 2358 2566 ait,
2409 2500 2698 2556 nobiscum
2744 2509 2959 2557 noctem
3002 2500 3324 2567 instantem,
3376 2509 3429 2556 et
3475 2499 3722 2557 crastina
3766 2501 3854 2557 die

2248 2597 2449 2656 tecum,
2497 2589 2730 2645 Domino
2777 2589 3011 2659 volente,
3061 2588 3396 2660 proﬁciscar.
3443 2589 3689 2660 Cumque
3730 2589 3856 2644 huic

2250 2693 2577 2734 consensum
2627 2677 2970 2749 persuasioni
3017 2678 3360 2750 praebuisset,
3413 2678 3485 2733 ad
3532 2677 3715 2732 virum
3758 2676 3857 2734 Dei

2248 2767 2513 2823 diaconus
2544 2767 2678 2821 dixit
2711 2785 2725 2822 :
2757 2768 2915 2822 Mane
2957 2766 3137 2838 primo
3179 2765 3418 2822 diluculo
3464 2767 3573 2823 huc
3615 2765 3853 2833 veniam,

2250 2864 2302 2911 et
2331 2855 2596 2911 adducam
2625 2856 2827 2910 mulum
2858 2871 3038 2911 meum
3066 2863 3313 2925 stratum,
3343 2863 3401 2910 ut
3431 2854 3593 2910 simul
3622 2854 3707 2911 ire
3735 2870 3857 2927 pos-

2250 2944 2384 2999 sitis.
2419 2947 2538 3018 Ego
2568 2960 2697 3001 vero
2727 2945 2898 3001 cultor
2927 2960 3023 3000 ero
3051 2944 3346 3016 speluncae,
3381 2951 3435 3000 et
3462 2960 3583 3001 eam
3612 2961 3745 3000 cura
3774 2945 3856 3000 di-

2246 3033 2436 3107 ligenti
2465 3034 2787 3090 custodiam.
2832 3034 3060 3090 Sanctus
3108 3033 3298 3089 Gallus
3346 3033 3632 3105 respondit
3668 3051 3684 3088 :
3718 3034 3859 3089 Bene

2247 3122 2449 3189 dixisti,
2483 3121 2578 3188 fili,
2616 3130 2667 3179 et
2699 3138 2804 3193 ego
2834 3123 3057 3195 quidem
3084 3123 3171 3178 via
3198 3139 3305 3195 qua
3324 3130 3591 3178 venerunt
3610 3138 3717 3193 per
3740 3139 3856 3179 ere-

2246 3228 2396 3266 mum
2424 3212 2701 3283 regrediar
2733 3211 2803 3266 ad
2835 3212 3087 3267 cellulam
3130 3227 3329 3277 meam,
3376 3219 3431 3266 et
3460 3211 3705 3266 visitabo
3748 3211 3858 3266 fra-

2248 3308 2358 3356 tres
2389 3318 2401 3355 :
2434 3300 2784 3372 postmodum
2815 3316 2969 3367 vero,
3023 3316 3187 3373 quam
3221 3300 3482 3355 citissime
3511 3308 3767 3371 potuero,
3796 3300 3861 3355 ad

2249 3396 2490 3445 castrum
2520 3390 2850 3460 properabo.
2883 3389 3177 3461 Presbyter
3206 3405 3341 3462 ergo
3384 3388 3735 3458 adjuratione
3773 3403 3864 3443 va-

2247 3477 2360 3534 lida
2392 3478 2716 3536 constrinxit
2738 3495 2882 3549 eum,
2907 3486 2970 3533 ut
2995 3493 3338 3550 nequaquam
3363 3476 3570 3534 faceret
3599 3477 3864 3534 contraria

2250 3566 2428 3623 dictis.
2464 3568 2533 3622 Et
2563 3568 2919 3624 abcesserunt
2960 3567 3181 3638 pariter.
3224 3567 3465 3621 Joannes
3507 3582 3735 3638 quoque
3778 3581 3866 3621 ac-

2249 3664 2407 3727 cepta
2436 3657 2816 3713 benedictione
2846 3656 3007 3712 rediit
3037 3656 3092 3711 in
3121 3656 3339 3712 domum
3384 3671 3564 3711 suam.
3617 3656 3860 3728 Cumque

2249 3745 2332 3801 vir
2383 3746 2576 3801 beatus
2628 3753 2776 3802 recto
2825 3745 3016 3801 itinere
3062 3745 3405 3816 pervenisset
3452 3745 3522 3799 ad
3571 3744 3861 3812 cellulam,

2250 3833 2516 3906 requievit
2543 3833 2620 3888 ibi
2650 3842 2810 3890 nocte
2840 3834 2935 3888 illa
2974 3850 3099 3889 cum
3147 3833 3424 3888 fratribus.
3474 3835 3636 3888 Mane
3688 3842 3866 3888 autem

2251 3922 2519 3994 sequenti,
2553 3922 2783 3995 sumptis
2813 3938 2999 3978 secum
3031 3922 3241 3977 duobus
3293 3920 3572 3989 fratribus,
3623 3921 3866 3991 perrexit

2250 4012 2320 4066 ad
2351 3997 2607 4076 castrum,
2643 4011 2952 4083 reperitque
3006 4009 3138 4064 inibi
3165 4025 3288 4065 cum
3337 4009 3661 4080 presbytero
3708 4009 3863 4065 ducis

2253 4100 2479 4155 missum
2511 4100 2603 4172 qui
2636 4115 2732 4155 eos
2763 4116 2888 4155 cum
2918 4099 3068 4154 omni
3095 4097 3441 4154 festinatione
3469 4098 3548 4153 ire
3596 4098 3862 4169 deposce-

2252 4197 2367 4256 ret;
2399 4189 2491 4261 qui
2523 4188 2684 4245 etiam
2717 4188 2977 4245 indicavit
3004 4187 3238 4260 puellam
3264 4187 3578 4243 continuato
3617 4187 3729 4256 jam
3773 4187 3865 4241 tri-

2252 4278 2361 4333 duo
2393 4278 2509 4334 sine
2540 4277 2801 4334 alimonia
2830 4278 3153 4348 perdurare.
3206 4278 3274 4332 At
3319 4276 3396 4330 illi
3442 4275 3700 4331 navicula
3739 4291 3864 4330 con-

2255 4382 2469 4433 scensa,
2514 4367 2643 4422 totis
2688 4366 2898 4422 nisibus
2941 4368 3023 4423 ire
3070 4365 3413 4433 festinantes,
3464 4364 3621 4437 ligno
3665 4362 3867 4418 natatili

547 4453 658 4502 tem
689 4446 865 4501 Deum
895 4444 1126 4515 virtutis,
1159 4444 1378 4501 nomine
1420 4445 1629 4513 Gallus,
1676 4446 1767 4518 qui
1801 4462 1890 4503 me
1921 4446 1989 4503 de
2022 4437 2230 4503 Tuc-D
2259 4455 2515 4527 profundi
2545 4464 2697 4529 terga
2727 4455 2992 4524 sulcante,
3023 4464 3184 4513 nocte
3212 4453 3461 4528 proxima
3502 4462 3870 4526 pervenerunt

549 4534 724 4601 conia,
768 4533 862 4589 ubi
908 4534 1003 4590 diu
1049 4541 1231 4606 optata
1272 4534 1453 4606 quiete
1494 4535 1698 4606 potitus
1743 4552 1863 4591 sum
1907 4543 2160 4607 potenter

549 4623 729 4693 ejecit,
762 4624 1063 4696 domosque
1092 4639 1244 4680 meas
1273 4624 1534 4680 audenter
1564 4624 1829 4680 destruxit
1860 4641 1873 4679 :
1909 4632 2160 4695 postmo-

551 4713 682 4769 dum
717 4712 1001 4769 inveniens
1030 4729 1118 4769 me
1146 4713 1294 4784 apud
1324 4713 1658 4785 Brigantium
1704 4722 2156 4783 commorantem,

552 4801 747 4859 eadem
792 4801 1032 4858 virtitute
1079 4802 1465 4858 exhaeredavit.
1518 4803 1689 4858 Porro
1732 4803 1860 4873 quia
1906 4803 2015 4858 dux
2058 4803 2162 4859 iste

552 4908 678 4948 eum
706 4892 776 4948 de
798 4890 1000 4948 'eodem
1028 4891 1232 4963 expulit
1260 4891 1402 4958 loco,
1428 4892 1485 4946 in
1516 4891 1776 4948 ultionem
1808 4892 1926 4960 ejus
1954 4892 2163 4961 injuriae

554 4981 796 5053 puellam
822 4981 982 5036 istam
1012 4980 1221 5052 arripui
1253 4998 1267 5034 :
1298 4980 1366 5035 de
1398 4996 1509 5052 qua
1528 4980 1899 5052 possessione,
1922 4980 2025 5035 nisi
2047 4970 2163 5051 ipse

556 5070 861 5138 advenerit,
896 5070 1204 5126 nullatenus
1233 5070 1545 5126 amovebor.
1597 5071 1747 5126 Unus
1793 5069 1992 5125 deinde
2021 5086 2165 5141 pon-

557 5157 764 5214 tiﬁcum
804 5160 956 5216 dedit
997 5159 1196 5216 furenti
1241 5160 1457 5231 alapam
1482 5201 1496 5229 ,
1542 5159 1778 5215 dicens:
1812 5158 2163 5228 Obmutesce,

561 5246 777 5314 Satana,
811 5248 1061 5304 desertor
1089 5248 1351 5317 veritatis,
1372 5247 1623 5304 falsitatis
1652 5256 1858 5304 amator
1886 5256 1940 5303 et
1956 5257 2164 5305 auctor.

559 5336 775 5392 Putavit
804 5337 947 5392 enim
977 5353 1102 5393 eum
1130 5339 1199 5393 de
1230 5338 1532 5412 gallinaceo
1554 5338 1738 5394 dicere
1759 5338 1925 5412 gallo.
1951 5339 2019 5393 Et
2040 5339 2168 5394 dum

561 5425 783 5505 spiritus
813 5442 1049 5499 nequam
1074 5428 1324 5499 pluribus
1355 5444 1451 5484 eos
1480 5428 1771 5485 verborum
1802 5427 2014 5497 injuriis
2044 5427 2168 5484 atie-

613 5575 632 5601 ι
657 5569 864 5617 Raetiam
898 5567 1113 5625 primam
1154 5568 1425 5628 appellant,
1468 5570 1605 5616 Itala;
1641 5568 2030 5626 conterminam,
2076 5579 2168 5615 cu-

558 5640 644 5701 jus
669 5641 837 5691 metite
856 5644 1002 5698 caput
1028 5640 1106 5689 est
1134 5640 1281 5689 Curia
1309 5641 1567 5699 Oppidum,
1600 5641 1749 5690 Chur.
1771 5640 1981 5690 Raetiam
2001 5642 2170 5689 autem

2258 4545 2329 4600 ad
2359 4545 2575 4601 ducem.
3187 4610 3190 4613 ,

2823 4633 3049 4690 CAPUT
3095 4633 3295 4689 XVIII.

2263 4747 2520 4818 Qualiter
2548 4750 2803 4806 oratione
2832 4752 2891 4804 et
2919 4748 3077 4804 verbo
3123 4748 3305 4817 ﬁliam
3332 4747 3495 4804 ducis
3535 4762 3575 4803 a
3622 4746 3865 4804 damon:

2889 4837 3213 4895 liberaverit
3226 4878 3241 4892 .

2335 4953 2585 5025 Dumque
2645 4952 2874 5011 devictis
2927 4950 3217 5024 profundae
3268 4950 3443 5007 noctis
3500 4949 3748 5006 tenebris
3791 4947 3867 5003 sol

2264 5042 2427 5099 terris
2476 5057 2599 5097 cum
2642 5042 2981 5112 jucunditate
3038 5057 3289 5097 serenum
3332 5038 3645 5095 restitueret
3691 5039 3869 5105 diem,

2259 5132 2419 5204 jussit
2452 5146 2548 5187 eos
2574 5131 2685 5186 dux
2713 5131 2897 5188 venire
2927 5131 2983 5185 in
3013 5129 3339 5199 cubiculum,
3375 5129 3431 5183 in
3460 5144 3570 5200 quo
3599 5126 3873 5200 arreptitia

2267 5221 2607 5278 servabatur.
2640 5220 2864 5276 Jacebat
2894 5227 3081 5275 autem
3106 5227 3234 5275 tunc
3262 5218 3320 5272 in
3348 5218 3472 5272 sinu
3501 5217 3699 5271 matris
3742 5232 3869 5280 suae,

2266 5310 2439 5367 oculis
2470 5309 2693 5378 clausis,
2726 5324 2822 5365 ore
2850 5309 3037 5364 hianti.
3055 5308 3311 5364 Membra
3357 5321 3580 5379 quoque
3628 5306 3752 5374 ejus
3800 5306 3868 5360 ita

2268 5409 2423 5457 erant
2470 5399 2730 5471 disjecta,
2778 5406 2833 5453 ut
2895 5398 3049 5472 quasi
3100 5406 3313 5454 mortua
3366 5395 3667 5452 videretur.
3724 5395 3875 5451 Fetor

2268 5567 2542 5616 secundam
2570 5565 2756 5615 vocant
2780 5574 2893 5627 quae
2912 5574 2943 5612 a
2973 5564 3118 5612 Curia
3148 5573 3309 5624 usque
3335 5561 3401 5609 ad
3443 5560 3743 5611 Danubium
3762 5569 3882 5620 por-

2268 5638 2469 5685 nmmn
3106 5641 3119 5646 '

2268 5638 2469 5696 ηωωι
3106 5641 3119 5646 ’
