4024 6194
180 226 294 301 993

1225 254 1388 312 VITA
1419 256 1475 312 S.
1510 256 1718 313 GALLI
1746 257 2055 319 ABBATIS.
2096 294 2166 306 -
2185 266 2312 322 LIB.
2349 269 2389 322 Ι.

3398 286 3504 340 994

180 385 318 424 vero
349 377 457 424 tam
487 371 672 444 gravis
705 371 822 428 oris
849 375 1099 447 prorupit
1131 394 1197 433 ex
1227 380 1408 451 adyto,
1451 390 1508 437 ut
1540 383 1800 454 sulphure
1828 385 1886 446 A
1907 386 2206 460 discipulus
2239 393 2356 462 ejus
2385 393 2606 450 nomine
2652 395 3007 468 Magnoaldus
3051 401 3184 457 dixit
3231 405 3299 458 ad
3332 422 3456 463 eum
3490 428 3503 465 :

183 457 341 514 locus
388 459 505 530 ipse
553 477 810 532 aspersus
853 473 1155 534 putaretur.
1221 469 1384 523 Pater
1429 470 1609 543 itaque
1671 489 1794 528 cum

185 547 502 602 domesticis
533 550 646 604 suis
674 549 911 618 intravit,
944 562 999 608 ut
1031 555 1244 610 videret
1264 558 1394 628 quid
1413 559 1497 613 vir
1516 561 1613 614 Dei
1645 570 1791 616 esset

184 643 428 691 acturus.
461 637 578 706 Ille,
601 639 678 694 'de
708 641 923 696 Domini
951 642 1200 716 largitate
1230 646 1584 717 certissimus,
1617 650 1795 704 humi-

191 723 320 780 liter
347 742 407 780 se
427 735 803 796 prosternens,
835 731 933 786 has
960 748 1172 802 preces,
1209 734 1444 791 Domino
1475 752 1601 793 cum
1627 738 1796 810 lacry-

188 813 294 868 mis
316 813 498 869 fudit:
559 816 789 873 Domine
845 819 975 874 Jesu
1031 821 1262 890 Christe,
1317 825 1408 896 qui
1461 841 1563 896 pro
1621 827 1794 882 salute

183 901 408 957 humani
459 905 679 975 generis
736 922 959 963 carnem
1017 926 1233 966 sumere
1285 921 1335 967 et
1385 930 1486 984 per
1517 915 1794 987 Virginem

179 991 332 1046 nasci
404 992 659 1065 dignatus
716 1012 816 1060 es;
876 998 966 1068 qui
1015 1000 1192 1054 ventis
1223 1009 1274 1055 et
1307 1003 1445 1056 mari
1492 1003 1790 1074 imperasti,

183 1078 460 1135 diabolum
491 1082 673 1151 etiam,
707 1084 1013 1140 calliditatis
1053 1104 1165 1143 suae
1210 1087 1486 1145 fraudibus
1531 1092 1792 1148 insisten-

183 1175 314 1235 tem,
349 1178 494 1225 retro
523 1170 603 1226 ire
627 1172 857 1240 jussisti,
892 1174 1093 1246 quique
1122 1178 1380 1247 passione
1411 1188 1498 1234 tua
1529 1183 1794 1236 mundum

181 1257 451 1313 redimere
493 1267 544 1313 et
591 1260 832 1316 libertati
880 1263 1166 1320 restituere
1218 1267 1476 1340 dignatus
1525 1286 1623 1325 es:
1662 1271 1794 1340 jube

181 1345 328 1402 hunc
374 1346 864 1404 immundissimum
915 1352 1161 1423 spiritum
1206 1355 1274 1410 de
1323 1357 1502 1427 puella
1543 1359 1645 1415 hac
1691 1376 1793 1430 pro

182 1435 263 1488 tui
292 1434 470 1505 gloria
497 1437 732 1491 nominis
761 1438 930 1506 exire,
963 1448 1020 1495 ut
1061 1442 1269 1512 plasma
1324 1453 1474 1501 tuum
1522 1449 1794 1519 superbus

182 1522 409 1579 invasor
437 1524 676 1597 deserat,
728 1536 781 1581 et
835 1529 928 1582 tibi
974 1532 1210 1586 creatori
1259 1549 1359 1589 suo
1402 1545 1654 1591 creatura
1703 1544 1794 1593 tua

182 1613 430 1682 gaudens
461 1614 753 1672 deserviat.
784 1618 852 1672 Et
884 1634 1004 1674 cum
1036 1621 1361 1678 surrexisset
1410 1625 1480 1679 ab
1528 1626 1788 1696 oratione,

1896 477 2075 544 Pater,
2107 481 2286 535 habeo
2324 499 2418 538 vas
2469 493 2788 556 argenteum
2847 489 3166 558 pretiosum,
3231 495 3505 552 caelaturis

1895 565 2135 638 insigne.
2178 571 2234 625 Si
2264 571 2348 626 vis
2380 575 2672 630 reservabo
2703 575 2854 644 illud,
2887 585 2944 632 ut
2974 580 3115 636 sacri
3160 599 3287 638 vasa
3345 586 3504 640 mini-

1895 656 2043 710 sterii
2071 674 2136 712 ex
2165 675 2232 714 eo
2285 661 2567 718 faciamus.
2621 664 2715 720 Ille
2774 669 3090 738 respondit:
3144 673 3260 739 Fili,
3295 691 3504 732 memor

1896 747 2178 803 sententiae
2209 749 2350 804 beati
2380 752 2527 807 Petri
2557 755 2805 824 apostoli,
2839 773 3001 828 quam
3030 761 3325 833 paralytico
3372 766 3503 837 spe-

1895 835 2032 889 ranti
2087 838 2370 907 pecuniam
2417 842 2640 912 protulit
2674 861 2686 897 :
2721 845 3054 917 Argentum,
3103 849 3159 903 in
3190 835 3418 922 quiens,
3440 859 3496 910 et

1895 939 2104 980 aurum
2134 943 2248 982 non
2280 933 2364 984 est
2395 930 2541 985 mihi
2568 932 2713 1001 (Act.
2745 935 2862 1002 III);
2895 951 2964 990 ne
2995 939 3295 994 contrarius
3325 958 3504 998 exem-

1894 1011 1989 1081 plo
2018 1013 2320 1071 inveniaris
2350 1019 2575 1086 salubri,
2609 1036 2707 1075 vas
2740 1024 2885 1092 quod
2933 1026 3186 1095 possides
3241 1032 3502 1101 pauperi-

1895 1101 1997 1155 bus
2029 1104 2274 1161 conferre
2306 1116 2506 1163 curato.
2541 1110 2681 1164 Nam
2735 1121 3040 1184 praeceptor
3089 1133 3244 1172 meus
3297 1119 3501 1175 beatis-

1898 1189 2071 1245 simus
2104 1194 2468 1251 Columbanus
2497 1197 2552 1251 in
2583 1198 2730 1253 vasis
2759 1201 2925 1255 aeneis
2959 1203 3192 1260 Domino
3221 1207 3360 1263 solet
3413 1227 3505 1264 sa-

1895 1279 2156 1336 crificium
2187 1282 2386 1340 offerre
2419 1285 2627 1353 salutis,
2664 1288 2786 1358 quia
2814 1287 2988 1345 fertur
3008 1301 3059 1347 et
3091 1294 3340 1352 Salvator
3367 1313 3500 1353 nos-

1895 1375 1978 1422 ter
2007 1370 2176 1427 clavis
2206 1374 2372 1429 aeneis
2399 1375 2547 1430 cruci
2577 1374 2842 1432 confixus.
2877 1379 2972 1434 His
3016 1383 3266 1439 omnibus
3311 1387 3500 1458 exple-

1895 1456 1980 1524 tis,
2015 1476 2269 1517 reversus
2301 1471 2384 1518 est
2411 1465 2479 1519 ad
2511 1465 2722 1521 dilectae
2752 1467 3056 1525 solitudinis
3085 1472 3284 1527 aulam.

2489 1599 2715 1656 CAPUT
2764 1603 2873 1658 XX
2885 1644 2898 1656 .

181 1703 528 1772 apprehensa
577 1704 802 1761 dextera
859 1707 995 1777 ejus,
1057 1708 1307 1768 allevavit
1368 1728 1488 1768 eam
1547 1714 1786 1786 (spiritus

1901 1698 2012 1767 Quo
2045 1699 2347 1760 charitatis
2368 1708 2586 1808 fervore
2615 1711 2892 1808 Joann‘ern
2937 1712 3240 1808 difconum
3288 1716 3498 1774 litteris

182 1790 330 1845 enim
384 1793 660 1866 malignus
735 1797 1150 1854 conturbaverat
1207 1801 1389 1872 eam),
1424 1811 1478 1858 et
1536 1804 1791 1874 imposita

179 1893 349 1934 manu
381 1897 545 1951 super
571 1890 730 1953 caput
762 1885 895 1955 ejus,
930 1885 1063 1941 dixit
1097 1905 1110 1941 :
1169 1889 1380 1960 Impero
1442 1891 1534 1945 tibi
1578 1892 1632 1946 in
1683 1909 1787 1948 no-

179 1967 328 2023 mine
359 1969 576 2024 Domini
607 1973 778 2026 nostri
807 1975 937 2028 Jesu
968 1975 1184 2042 Christi,
1237 1979 1459 2048 spiritus
1488 1978 1785 2049 immunde,

178 2063 236 2110 ut
266 2072 429 2112 exeas
461 2066 512 2113 et
541 2061 767 2116 recedas
797 2062 865 2116 ab
895 2064 1000 2119 hoc
1047 2064 1311 2134 plasmate
1369 2068 1488 2124 Dei.
1541 2071 1609 2124 Et
1665 2087 1787 2126 cum

179 2145 300 2201 haec
331 2145 576 2215 dixisset,
611 2149 863 2219 aperiens
893 2151 986 2207 illa
1016 2153 1202 2208 oculos
1239 2157 1478 2226 respexit
1528 2158 1582 2211 in
1639 2175 1784 2229 eum,

183 2240 238 2287 et
295 2234 520 2304 spiritus
578 2237 852 2308 malignus
883 2239 966 2293 his
1000 2241 1177 2296 verbis
1208 2259 1330 2298 eum
1362 2245 1624 2302 allocutus
1656 2256 1737 2302 est
1771 2266 1783 2302 :

181 2322 334 2376 Tune
364 2338 443 2390 es,
479 2324 571 2390 ait,
608 2325 818 2392 Gallus,
853 2328 944 2398 qui
976 2329 1044 2384 de
1090 2331 1506 2388 habitationibus
1558 2352 1644 2390 me
1687 2352 1785 2391 ex-

181 2410 366 2480 pulisti
395 2412 720 2482 prioribus?
767 2417 888 2488 Ego
936 2417 1099 2487 plane
1149 2420 1220 2474 ob
1270 2421 1530 2477 ultionem
1576 2424 1787 2493 injuriae

187 2515 351 2570 quam
386 2500 492 2555 dux
524 2501 625 2557 iste
655 2503 752 2557 tibi
798 2512 850 2559 et
904 2507 1065 2561 sociis
1124 2509 1230 2563 tuis
1285 2509 1560 2584 irrogavit,
1622 2512 1787 2568 filiam

188 2587 366 2658 ipsius
397 2588 594 2656 invasi,
627 2599 678 2645 et
711 2592 788 2647 sic
818 2593 970 2663 ejicis
999 2612 1086 2650 me
1115 2596 1142 2649 ‘P
1165 2597 1220 2651 Si
1266 2599 1392 2655 hinc
1435 2601 1639 2668 exiero,
1679 2617 1787 2673 quo

184 2675 380 2730 vadam
401 2677 428 2730 ἱ)
456 2678 609 2744 Illuc,
643 2679 736 2746 ait,
767 2681 860 2734 ubi
892 2681 988 2736 tibi
1017 2693 1237 2753 paratur
1265 2686 1317 2740 in
1353 2687 1550 2759 abysso
1581 2691 1786 2760 suppli-

187 2765 331 2820 cium
362 2767 754 2837 sempiternum
785 2785 818 2823 a
847 2770 1096 2827 Domino.
1131 2774 1199 2828 Et
1239 2777 1436 2842 statim,
1479 2778 1786 2834 videntibus

184 2853 276 2924 qui
305 2854 554 2922 aderant,
587 2857 750 2912 exivit
777 2858 846 2913 de
877 2875 973 2914 ore
1004 2862 1198 2931 puellae
1231 2865 1384 2934 quasi
1429 2866 1545 2921 avis
1598 2867 1786 2940 niger-

178 2941 317 2996 rima
375 2951 427 2998 et
483 2945 714 3000 horrore
745 2947 1024 3003 terribilis.
1080 2951 1224 3005 Hora
1255 2955 1444 3008 eadem
1493 2971 1625 3010 sana
1657 2973 1785 3012 sur-

180 3030 341 3097 rexit,
376 3041 429 3087 et
458 3048 492 3088 a
531 3033 652 3090 viro
700 3035 800 3090 Dei
846 3037 1095 3109 gaudens
1142 3041 1401 3112 gaudenti
1449 3044 1659 3100 reddita
1705 3053 1787 3100 est

180 3119 362 3174 matri.

771 3256 996 3314 CAPUT
1033 3258 1186 3315 XIX.

191 3385 309 3453 Qua
327 3386 550 3442 ratione
565 3388 813 3445 oblatum
830 3393 1183 3465 episcOpatus
1202 3395 1466 3452 honorem
1479 3400 1780 3470 respuerit,

254 3477 313 3528 et
343 3477 610 3546 quo-modo
633 3481 973 3551 pauperibus
1005 3482 1150 3538 dona
1201 3483 1360 3540 ducis
1405 3486 1780 3558 distribuerit,

254 3562 601 3636 discipulum
630 3566 701 3620 ad
729 3567 1139 3640 eleemosynam
1171 3571 1429 3629 hortatus
1454 3576 1548 3630 sit.

256 3687 354 3741 His
381 3687 453 3742 ita
481 3690 726 3760 patratis,
775 3692 880 3746 dux
905 3693 1068 3762 jussit
1124 3696 1174 3750 ei
1228 3695 1414 3752 offerri
1469 3699 1609 3754 dona
1662 3718 1783 3772 quae

185 3790 282 3829 rex
312 3776 508 3845 puellae
538 3779 926 3836 transmiserat.
960 3791 1012 3838 et
1039 3782 1265 3855 insuper
1290 3793 1347 3840 ut
1392 3788 1602 3858 apicem
1638 3805 1781 3859 pon-

185 3861 420 3919 tificatus
449 3867 654 3937 gradus
683 3868 1002 3942 dignaretur
1031 3887 1314 3929 assumere
1356 3876 1664 3947 postulavit.
1699 3879 1783 3933 Ad

186 3952 331 4022 quod
361 3952 446 4007 vir
475 3953 661 4010 beatus
689 3956 764 4011 ita
794 3960 1077 4029 respondit
1127 3979 1140 4016 :
1192 3963 1418 4018 Vivente
1463 3965 1681 4020 domino
1730 3974 1783 4020 et

183 4048 338 4110 patre
368 4057 492 4098 meo
545 4044 899 4113 Columbano,
950 4048 1298 4104 interdictum
1329 4053 1513 4107 altaris
1543 4053 1782 4110 ofﬁcium

185 4143 296 4183 non
323 4133 621 4202 usurpabo,
655 4134 760 4188 nisi
790 4136 858 4189 ab
906 4136 1000 4191 illo
1036 4139 1353 4208 permissus.
1403 4142 1581 4210 Quare
1620 4145 1781 4213 hujus

185 4218 473 4289 regiminis
501 4223 716 4290 pondus
765 4225 910 4294 quod
966 4225 1132 4281 offers
1179 4228 1360 4283 subire
1397 4246 1506 4284 non
1533 4246 1776 4301 possum.

183 4304 345 4374 Quod
380 4308 425 4361 si
469 4309 571 4364 hoc
613 4311 979 4368 indubitanter
1021 4313 1136 4369 ﬁeri
1181 4317 1352 4387 cupis,
1407 4319 1609 4375 sustine
1637 4320 1780 4376 inte-

183 4394 290 4448 rim
349 4395 528 4452 donec
557 4399 764 4453 mittam
783 4401 1071 4471 epistolam
1101 4404 1168 4458 ad
1201 4405 1452 4461 abbatem
1482 4425 1682 4478 meum,
1711 4410 1781 4464 ad

2355 1783 2642 1836 euocatum
2694 1784 3034 1839 instituerit.

1971 1889 2181 1944 Deinde
2237 1891 2384 1946 misit
2443 1894 2732 1965 epistolam
2776 1898 2844 1952 ad
2890 1899 3155 1954 Joannem
3186 1900 3494 1970 diaconem,

1893 1998 2097 2054 rogans
2129 1997 2251 2036 eum
2283 1981 2352 2035 ad
2383 1999 2442 2037 se
2473 1984 2677 2039 venire.
2714 1985 2816 2055 Qui
2847 2003 2969 2042 cum
3013 1988 3195 2044 dilecti
3245 1991 3497 2062 magistri

1889 2069 2095 2125 litteras
2149 2071 2469 2140 accepisset,
2532 2073 2647 2128 tulit
2705 2076 2851 2146 quod
2921 2092 3022 2146 pro
3110 2077 3495 2135 benedictione

1889 2158 2087 2214 offerre
2117 2167 2348 2230 poterat,
2384 2168 2436 2214 et
2465 2161 2613 2216 venit
2642 2163 2709 2216 ad
2737 2179 2861 2218 eum
2895 2182 2906 2218 :
2942 2173 2994 2220 et
3024 2165 3216 2220 oblatis
3267 2167 3499 2241 eulogiis

1889 2247 2140 2303 salutavit
2189 2257 2416 2318 patrem,
2450 2257 2502 2304 et
2551 2251 2875 2308 salutatione
2933 2262 3159 2323 paterna
3206 2263 3289 2309 est
3315 2257 3494 2312 hono-

1888 2345 2057 2391 ratus.
2091 2337 2189 2391 Cui
2242 2337 2597 2409 interroganti
2654 2340 2828 2395 virum
2887 2351 3132 2398 sanctum
3165 2345 3234 2399 de
3263 2361 3496 2416 prospe-

1887 2425 2040 2480 ritate
2071 2425 2284 2480 itineris
2315 2427 2450 2494 ejus,
2485 2427 2576 2482 ille
2607 2429 2890 2499 respondit
2922 2448 2934 2484 :
2968 2431 3165 2487 Divina
3214 2449 3316 2488 nos
3343 2450 3488 2504 prae-

1888 2514 2138 2570 veniente
2165 2515 2541 2571 misericordia
2570 2525 2623 2570 et
2669 2518 3054 2590 subsequente,
3115 2530 3310 2576 cuncta
3367 2539 3495 2593 pro-

1889 2615 2047 2669 spere
2079 2608 2464 2669 provenerunt.
2498 2600 2638 2654 Nam
2685 2617 2810 2656 cum
2867 2620 3076 2674 summa
3132 2605 3494 2677 gratulatione

1889 2687 2127 2758 suscepit
2168 2703 2267 2742 nos
2315 2688 2590 2758 princeps,
2638 2698 2690 2744 et
2736 2691 2927 2761 eripuit
2970 2693 3117 2747 Deus
3165 2692 3332 2748 filiam
3376 2695 3492 2763 ejus

1887 2790 1920 2830 a
1951 2776 2238 2842 daemonio,
2274 2784 2325 2831 et
2353 2777 2470 2848 ipse
2500 2777 2648 2832 dedit
2675 2778 2830 2833 nobis
2886 2781 3032 2836 dona
3087 2798 3196 2836 non
3254 2783 3488 2850 modica,

1889 2872 1939 2917 et
1970 2864 2188 2935 insuper
2233 2865 2423 2920 obtulit
2477 2866 2608 2920 mihi
2663 2867 3008 2939 episcopatus
3036 2872 3301 2926 honorem
3335 2888 3348 2924 :
3386 2887 3491 2945 ego

1887 2967 2015 3008 vero
2047 2969 2157 3008 non
2205 2954 2460 3010 consensi
2509 2956 2789 3027 suscipere
2843 2966 2967 3012 ante
3022 2967 3358 3030 praeceptum
3385 2961 3487 3014 ab-

1887 3041 2029 3096 batis
2058 3043 2186 3098 mei.
2219 3045 2388 3116 Ergo,
2423 3043 2517 3110 fili,
2552 3045 2840 3115 acquiesce
2871 3045 3111 3102 consiliis
3141 3048 3314 3116 meis;
3367 3057 3488 3105 esto

1821 3107 2122 3198 Cmecum,
2157 3141 2210 3187 et
2237 3107 2360 3202 lege
2393 3131 2590 3186 divinae
2647 3133 2818 3189 libros
2847 3134 3106 3202 scientiae,
3168 3145 3220 3191 et
3280 3138 3492 3193 docebo

1886 3227 1957 3288 te,
1989 3230 2316 3291 cooperante
2344 3222 2520 3294 gratia
2572 3222 2690 3293 Dei,
2744 3223 3154 3295 intelligentiam
3184 3225 3492 3296 Scriptura-

1886 3325 2027 3363 rum.
2078 3309 2284 3365 Cecidit
2338 3319 2519 3365 autem
2577 3311 2838 3367 diaconus
2867 3313 2936 3367 ad
2978 3314 3149 3384 pedes
3208 3315 3322 3383 ejus
3355 3331 3492 3386 gra-

1887 3395 1991 3451 tias
2015 3413 2206 3469 agens,
2242 3397 2476 3470 fecitque
2502 3401 2684 3455 redire
2712 3401 2768 3454 in
2800 3417 2897 3456 sua
2954 3419 3158 3473 pueros
3189 3403 3280 3474 qui
3310 3420 3497 3459 secum

1886 3495 2191 3553 venerunt;
2247 3486 2365 3556 ipse
2421 3504 2553 3544 vero
2598 3491 2859 3545 remansit
2907 3493 3055 3561 apud
3113 3491 3289 3547 virum
3319 3509 3492 3549 vene-

1883 3575 2131 3642 rabilem,
2190 3584 2243 3630 et
2299 3575 2388 3630 ille
2449 3578 2613 3648 cmpit
2665 3595 2787 3632 eum
2816 3579 3160 3635 introducere
3190 3581 3246 3634 in
3275 3582 3490 3637 cellaria

1885 3664 2302 3735 Scripturarum,
2355 3667 2649 3721 ostendens
2680 3668 2731 3722 ei
2759 3667 2898 3723 Novi
2928 3677 2982 3722 et
3013 3669 3226 3723 Veteris
3283 3671 3494 3725 occulta

1883 3753 2238 3808 Testamenti.
2308 3756 2549 3825 Superna
2610 3756 2790 3827 itaque
2835 3757 3130 3811 illustratus
3184 3757 3488 3827 clementia,

1883 3841 2010 3895 tanti
2040 3843 2344 3914 magisterii
2373 3843 2602 3914 profecit
2632 3844 2904 3911 instantia,
2939 3846 3078 3902 adeo
3121 3854 3176 3900 ut
3230 3846 3287 3900 in
3342 3845 3492 3900 omni

1885 3931 2178 4002 Scriptura:
2207 3932 2406 3989 divinae
2435 3933 2716 3990 latitudine
2745 3934 3001 3990 nobiliter
3028 3935 3273 3991 eruditus
3289 3933 3492 3991 laboris

1881 4021 2096 4090 paterni
2124 4019 2341 4077 fructus
2366 4023 2684 4079 ostenderit.

2469 4140 2693 4194 CAPUT
2730 4139 2889 4194 XXI.

1889 4243 2092 4312 Quibus
2122 4245 2300 4300 verbis
2327 4245 2484 4300 ducis
2513 4247 2634 4314 ﬁlia
2671 4246 2844 4302 vitam
2895 4247 3042 4302 beati
3088 4247 3235 4305 Galli
3280 4250 3337 4305 et
3371 4245 3491 4302 vir-

1956 4319 2437 4392 tutesenarrans.
2481 4317 2742 4392 Sigiberti
2787 4321 2930 4389 regis
2989 4320 3080 4374 illi
3125 4323 3375 4392 gratiam
3433 4321 3490 4372 et

1949 4387 2218 4441 solatium
2251 4387 2658 4459 impetraverit.

185 4481 574 4539 insinuandam
607 4487 685 4541 illi
707 4467 1040 4545 voluntatem
1077 4500 1225 4547 tuam
1262 4512 1275 4548 :
1315 4502 1368 4548 et
1411 4496 1454 4549 si
1503 4497 1619 4566 ejus
1656 4467 1783 4569 per-
1814 4467 1867 4527 D
1960 4492 2263 4564 Sigiberlus
2291 4493 2455 4566 igitur
2484 4511 2576 4548 rex
2606 4509 2730 4548 cum
2779 4494 3019 4550 δυάίεεθι
3064 4497 3260 4566 P1191133
3303 4502 3490 4557 reddi-

184 4572 416 4627 missum
447 4589 780 4646 cognovero,
815 4586 940 4634 tunc
971 4581 1188 4635 demum
1219 4583 1461 4638 oblatum
1505 4602 1649 4640 cura!
1680 4603 1784 4657 pa-

179 4661 397 4716 storalis
455 4679 591 4718 onus
621 4666 932 4737 suscipiam.
998 4671 1067 4723 Et
1125 4671 1232 4725 dux
1283 4673 1355 4727 ad
1393 4673 1584 4728 illum:
1619 4676 1782 4743 Bene,

182 4748 378 4821 inquit,
413 4751 614 4818 dixisti,
649 4754 740 4809 fiat
771 4757 1067 4812 secundum
1097 4760 1323 4814 verbum
1373 4769 1540 4818 tuum.
1601 4765 1668 4819 Et
1696 4765 1785 4819 di-

182 4839 330 4893 misit
360 4855 485 4894 eum
515 4857 640 4897 cum
667 4860 819 4914 pace.
855 4846 968 4912 Ille,
1005 4849 1233 4918 sumptis
1265 4867 1384 4921 quae
1413 4852 1614 4908 donata
1662 4854 1785 4909 fue-

180 4935 320 4994 rant,
383 4929 706 5003 remigando
763 4933 990 5006 pelagus
1049 4938 1358 5006 superavit;
1417 4940 1526 4996 dux
1583 4951 1782 5010 autem,

183 5017 485 5072 sanctitatis
517 5019 635 5087 ejus
683 5028 790 5075 tam
816 5023 1102 5079 manifesto
1161 5036 1515 5097 compunctus
1562 5030 1780 5097 indicio,

174 5104 339 5172 jussit
366 5106 674 5162 Arbonensi
703 5110 958 5180 praefecto
985 5122 1042 5166 ut
1070 5130 1193 5169 cum
1224 5116 1372 5170 omni
1398 5117 1576 5188 plebis
1605 5119 1786 5176 officio

179 5192 283 5247 iret
311 5195 384 5248 ad
412 5195 590 5251 locum
623 5198 783 5254 Cella)
824 5201 1008 5273 (Gell),
1061 5211 1114 5257 et
1161 5221 1498 5276 quaecunque
1538 5209 1786 5264 necessi-

181 5288 268 5335 tas
298 5286 639 5354 poposcisset
689 5289 938 5359 azditicia,
988 5292 1136 5360 juxta
1180 5293 1283 5349 viri
1332 5295 1432 5348 Dei
1474 5295 1786 5366 dispositio-

178 5383 308 5425 nem
341 5383 704 5432 construeret.
746 5379 1083 5434 Venerabilis
1115 5399 1248 5453 ergo
1282 5384 1439 5438 Pater
1455 5393 1578 5454 post
1605 5386 1786 5440 celeu—

182 5475 277 5514 ma
347 5462 683 5518 celebratum
731 5481 851 5521 cum
883 5469 1203 5525 Arbonense
1256 5480 1497 5526 castrum
1539 5473 1782 5543 intraret,

181 5542 312 5599 fecit
341 5547 630 5602 convenire
659 5564 849 5605 omnes
873 5567 1143 5623 pauperes
1174 5563 1225 5608 et
1272 5570 1496 5626 egenos,
1550 5564 1603 5611 et
1645 5558 1786 5612 dona

181 5649 307 5704 qua
350 5634 620 5693 detulerat
659 5637 766 5695 illis
813 5639 1100 5699 distribuit.
1155 5643 1287 5703 Hac
1328 5645 1520 5702 videns
1564 5645 1786 5718 quidam

1883 4587 1995 4636 tam
2046 4583 2348 4648 sanitatem,
2395 4583 2674 4637 mandavit
2721 4583 2856 4653 patri
2919 4585 3034 4652 ejus
3081 4594 3169 4640 eut
3211 4602 3331 4642 eam
3380 4590 3492 4645 suis

1885 4671 2264 4741 conspectibus
2294 4671 2597 4726 exhiberet.
2639 4670 2741 4739 Qui
2774 4688 2994 4727 sumens
3029 4673 3171 4729 dona
3227 4677 3488 4750 ingentia,

1885 4768 1938 4815 et
1956 4776 2252 4830 puerorum
2280 4759 2678 4815 multitudinem
2724 4777 2790 4816 ac
2835 4762 3157 4832 puellarum,
3205 4780 3327 4820 cum
3375 4783 3492 4823 ma-

1885 4864 1994 4921 gno
2028 4865 2246 4903 suorum
2294 4849 2549 4904 comitatu
2598 4849 2750 4904 duxit
2806 4866 2924 4906 eam
2982 4869 3155 4924 usque
3209 4855 3275 4908 ad
3335 4857 3486 4912 Rhe-

1885 4953 2049 5002 num;
2098 4937 2333 5008 indeque
2381 4954 2482 5007 per
2537 4938 2762 4993 comites
2814 4940 2882 4994 ad
2932 4956 3123 5013 regem
3169 4945 3488 5001 transmisit.

1885 5027 1931 5079 A
1976 5025 2267 5096 quo‘dum
2315 5033 2590 5098 gratanter
2642 5036 2896 5098 suscepta
2943 5027 3152 5096 fuisset,
3205 5039 3257 5086 et
3314 5032 3490 5090 inter-

1885 5122 2075 5185 rogata
2105 5115 2380 5186 quomodo
2413 5131 2522 5169 sua:
2553 5115 2851 5171 remedium
2887 5133 3058 5173 conse
3079 5127 3206 5174 cuta
3257 5131 3400 5178 esset
3441 5123 3496 5180 in

1885 5201 2174 5268 firmitatis,
2209 5219 2332 5258 cum
2361 5221 2461 5274 per
2486 5203 2768 5274 pontiﬁces
2798 5205 2867 5260 ad
2896 5207 3000 5263 hoc
3051 5207 3280 5265 misssos
3338 5212 3488 5267 sani-

1885 5291 1982 5345 tati
2010 5308 2119 5345 non
2160 5301 2344 5362 posset
2400 5293 2627 5360 restitui,
2687 5295 2827 5350 hanc
2886 5295 3122 5352 reddidit
3171 5299 3484 5356 rationem:

1887 5380 2116 5434 Domine
2147 5380 2240 5450 mi,
2274 5381 2545 5452 inquiens,
2579 5390 2663 5437 est
2700 5379 2784 5438 vir
2814 5384 3034 5456 quidam
3092 5387 3146 5441 in
3200 5389 3486 5459 provincia

1888 5486 2048 5540 quam
2082 5470 2184 5524 huc
2207 5469 2368 5525 ducta
2397 5471 2605 5542 reliqui,
2640 5473 2915 5541 cujusdam
2944 5475 3121 5531 incola
3182 5476 3487 5532 solitudinis

1887 5557 1955 5612 de
2011 5565 2174 5629 gente
2241 5559 2546 5626 Scotorum,
2593 5561 2810 5617 nomine
2861 5563 3070 5634 Gallus,
3135 5571 3296 5618 tantae
3341 5565 3485 5635 apud

1887 5647 2062 5705 Deum
2089 5646 2299 5703 virtutis
2329 5654 2382 5703 et
2397 5647 2596 5717 meriti,
2625 5657 2683 5706 ut
2709 5651 2972 5709 adversus
2987 5652 3264 5710 daemones
3286 5650 3486 5726 singu-
