4024 6194
519 241 624 297 995

1040 235 1445 293 WALAFRIDI
1481 233 1725 292 STRABI
1761 232 1961 290 FULD.
2000 225 2174 286 MON.
2217 225 2371 284 OPP.
2409 227 2598 286 PARS
2624 228 2693 285 II.
2734 258 2806 271 —
2855 228 3247 288 HISTORICA.

3744 233 3848 286 996

529 379 634 436 lari
663 378 902 452 quadam
929 386 1113 435 utatur
1141 379 1408 450 potentia.
1441 379 1581 433 Nam
1610 394 1736 434 eum
1779 392 1884 449 ego
1939 373 2136 431 ancilla

2242 368 2365 410 cum
2392 353 2488 410 illa
2517 354 2869 412 advenerant.
2902 355 3166 427 Deposito
3211 369 3341 428 ergo
3400 361 3632 411 terrente
3660 353 3848 426 digni-

531 478 625 526 tua
646 469 805 542 gravi
835 469 1105 525 vexatoris
1134 468 1388 523 instantia
1402 468 1772 539 periculosum
1789 467 1914 524 vita:
1941 472 2137 521 nutan-

530 559 601 614 tis
632 557 797 614 finem
824 575 965 630 pene
1011 557 1273 624 subirem,
1331 565 1562 630 rogante
1607 565 1763 628 patre
1819 571 1942 612 meo
1989 556 2135 610 idem

531 648 615 704 vir
642 647 741 703 Dei
800 646 1130 718 supervenit,
1177 655 1230 701 et
1272 645 1430 720 signo
1488 646 1670 702 vexilli
1738 644 1989 700 salutaris
2044 659 2134 698 me

534 735 799 804 muniens,
827 734 1131 806 imperiosa
1168 751 1303 791 voce
1343 734 1504 804 jussit
1534 734 1680 790 exire
1712 743 2016 806 tyrannum.
2066 733 2136 788 Et

537 825 848 880 videntibus
877 824 1089 880 cunctis
1119 824 1210 896 qui
1241 824 1493 890 aderant,
1546 823 1709 879 exivit
1738 823 1806 878 de
1863 838 1988 878 meo
2039 837 2134 878 ore

528 912 682 985 quasi
711 928 910 968 corvus
939 913 1121 968 colore
1149 913 1356 983 piceus,
1380 913 1610 968 horrore
1630 920 1894 967 tartareus
1926 927 1939 966 :
1974 926 2132 967 cum-

531 1018 635 1074 que
667 1000 922 1058 sacriﬁcii
955 1001 1191 1057 ccclesiis
1221 1018 1307 1057 me
1336 1001 1536 1073 pabulo
1595 999 1959 1068 conﬁrmaret,
2014 1000 2135 1070 pri-

533 1091 693 1147 stinm
721 1091 966 1146 restituta
1014 1107 1134 1146 sum
1178 1090 1412 1145 sanitati.
1438 1091 1534 1144 His
1581 1090 1656 1146 ita
1700 1089 1905 1156 relatis,
1941 1089 2127 1161 puella

523 1179 817 1251 prodicens
846 1180 912 1234 ad
944 1180 1115 1250 pedes
1145 1179 1291 1251 regis
1325 1198 1338 1234 :
1374 1179 1641 1246 Obsecro,
1677 1178 1767 1248 ait,
1803 1178 2042 1244 domine,
2075 1185 2133 1232 ut

520 1268 698 1324 virum
727 1269 903 1339 ipsum
936 1277 1039 1323 tua:
1095 1269 1284 1340 gratiae
1330 1268 1519 1324 foveas
1550 1268 1790 1335 lenitate,
1826 1276 1878 1322 et
1912 1283 2010 1338 pro
2042 1283 2133 1322 me

522 1357 722 1431 dignas
751 1357 828 1412 illi
855 1357 1151 1430 gratiarum
1183 1357 1428 1413 actiones
1459 1357 1763 1428 rependere
1794 1372 1902 1412 non
1933 1371 2134 1429 grave-

519 1445 617 1500 ris.
650 1446 1012 1518 Interrogavit
1039 1454 1219 1502 autem
1247 1462 1369 1502 eam
1408 1446 1463 1499 in
1493 1462 1601 1517 qua
1649 1461 1833 1501 eremo
1863 1445 1945 1500 vir
1975 1461 2128 1500 man-

522 1535 710 1590 sitaret
739 1534 993 1589 eximius.
1032 1535 1100 1588 Et
1128 1535 1220 1588 illa
1249 1534 1530 1606 respondit
1563 1552 1578 1588 :
1612 1535 1672 1588 In
1699 1535 1836 1588 saltu
1897 1533 1989 1604 qui
2017 1536 2129 1587 Ar-

524 1624 756 1680 bonensi
786 1623 1062 1678 territorio
1120 1624 1351 1692 adjacet,
1387 1632 1439 1678 et
1483 1631 1564 1678 est
1604 1622 1809 1693 publici
1850 1621 2129 1692 possessio

514 1713 691 1782 juris;
725 1712 860 1767 situs
891 1720 1071 1768 autem
1101 1712 1240 1767 inter
1271 1712 1439 1783 Alpes
1488 1712 1779 1768 Raetiarum
1811 1720 1862 1766 et
1895 1711 2130 1782 Brigan-

521 1802 620 1856 tini
649 1802 955 1873 marginem
985 1802 1157 1856 lacus.
1195 1803 1306 1858 Rex
1366 1801 1532 1872 igitur
1579 1809 1636 1855 ut
1693 1800 1900 1854 audivit
1941 1799 1998 1853 in
2030 1817 2138 1870 pu-

525 1891 684 1946 blicis
729 1907 851 1945 eum
912 1890 1240 1946 commorari
1286 1889 1748 1961 possessionibus,
1802 1888 1966 1957 jussit
2022 1887 2142 1944 fieri

529 1978 992 2048 conscriptionem
1017 1978 1306 2046 firmitatis,
1333 1987 1389 2032 ut
1417 1979 1499 2034 vir
1529 1986 1751 2034 sanctus
1769 1977 1946 2033 locum
1978 1994 2140 2048 quem

524 2067 818 2134 incolebat,
853 2083 953 2137 per
981 2067 1356 2123 auctoritatem
1386 2067 1594 2139 regiam
1644 2066 1940 2122 obtineret.
2008 2067 2140 2121 Auri

531 2171 750 2227 quoque
779 2155 951 2210 libras
981 2157 1115 2210 duas
1147 2164 1200 2211 et
1242 2155 1454 2227 argenti
1512 2156 1695 2225 pondo
1740 2155 1964 2210 totidem
2018 2171 2140 2212 cum

534 2244 762 2315 epistola
793 2244 1164 2300 concessionis
1189 2245 1299 2314 jam
1327 2245 1484 2300 dictae
1512 2261 1612 2314 per
1628 2260 1756 2299 suos
1785 2245 2002 2299 nuntios
2023 2244 2140 2300 viro

530 2333 631 2389 Dei
660 2333 966 2400 destinavit,
1002 2349 1062 2388 se
1093 2333 1264 2389 sacris
1294 2334 1410 2402 ejus
1462 2333 1798 2388 orationibus
1854 2349 2140 2390 commen-

529 2422 663 2477 dans
692 2422 946 2477 attentius
981 2439 994 2476 :
1030 2422 1277 2477 Gunzoni
1305 2429 1486 2477 autem
1543 2421 1668 2478 duci
1725 2422 2052 2493 principiens
2081 2430 2142 2478 ut

529 2511 577 2565 si
607 2511 911 2567 solitudinis
941 2511 1116 2566 incola
1138 2527 1260 2566 esse
1307 2511 1489 2577 vellet,
1515 2510 1833 2566 solatiorum
1854 2511 1904 2566 ei
1929 2512 2140 2583 copiam

526 2599 597 2656 ad
625 2599 1004 2656 aedificandam
1034 2599 1230 2656 cellam
1262 2599 1715 2656 subministraret.

1104 2769 1327 2826 CAPUT
1364 2770 1543 2826 XXII.

536 2911 648 2984 Quo
671 2912 908 2970 consilio
938 2913 1133 2969 eadem
1157 2913 1354 2985 puella
1385 2912 1665 2968 thalamos
1716 2912 1861 2983 regis
1897 2909 2138 2968 evadens

869 3000 1074 3057 divin-az
1105 3017 1163 3056 se
1192 3001 1509 3057 subdiderit
1528 3001 1816 3056 servit-uti.

610 3134 732 3189 Non
780 3133 960 3188 multis
1014 3133 1070 3186 in
1125 3134 1307 3188 medio
1355 3133 1614 3188 revolutis
1672 3132 1883 3202 diebus,
1945 3132 2138 3187 volens

534 3239 632 3277 rex
686 3222 831 3277 idem
887 3221 1126 3291 puellam
1182 3221 1295 3276 suis
1355 3221 1605 3275 thalamis
1656 3221 1882 3288 sociare,
1935 3219 2138 3277 celebri

534 3310 714 3366 edicto
742 3310 1089 3364 sacerdotum
1139 3317 1192 3364 et
1244 3309 1553 3381 principum
1609 3325 1832 3367 suorum
1888 3318 2138 3365 senatum

533 3397 845 3468 nuptiarum
872 3398 1132 3469 praecepit
1185 3398 1381 3454 adesse
1414 3399 1713 3455 solemniis.
1747 3399 1990 3470 Cumque
2036 3399 2138 3453 sti-

537 3492 694 3556 patus
721 3485 939 3558 agmine
968 3502 1252 3558 procerum
1286 3487 1565 3543 introisset
1620 3487 1712 3542 ubi
1771 3488 1892 3559 ipsa
1945 3503 2137 3542 mane-

535 3573 645 3641 bat,
680 3574 811 3628 dixit
839 3574 916 3629 illi
949 3593 962 3629 :
997 3576 1372 3632 Ascendamus
1402 3576 1458 3631 in
1509 3576 1792 3648 palatium,
1851 3593 1976 3631 nam
2032 3592 2138 3630 nu-

534 3664 662 3734 ptiae
715 3671 921 3734 parata
979 3673 1142 3732 sunt;
1204 3667 1523 3722 sacerdotes
1570 3673 1624 3721 et
1670 3665 1848 3736 capita
1903 3665 2140 3736 populo-

534 3768 658 3807 rum
685 3768 809 3807 cum
842 3753 1311 3810 benedictionibus
1341 3753 1415 3826 [id
1461 3762 1562 3821 est,
1605 3752 1942 3825 muneribus]
2003 3769 2141 3809 con-

534 3841 690 3913 gruis
745 3842 1100 3898 advenerunt.
1161 3841 1369 3912 Quibus
1427 3842 1520 3898 illa
1577 3843 1794 3912 auditis,
1849 3842 2042 3899 cecidit
2070 3843 2143 3898 ad

535 3930 706 4001 pedes
761 3931 900 4000 ejus,
960 3931 1196 3988 dicens:
1258 3931 1330 3986 Mi
1388 3931 1626 4002 domine,
1688 3931 1816 4003 quia
1867 3931 2144 4002 praeterita

533 4017 719 4089 passio
751 4021 978 4091 suojme
1033 4020 1275 4091 pondere
1331 4019 1603 4087 tabefecit,
1663 4020 1807 4076 vires
1860 4020 2146 4075 absorbuit

532 4106 786 4162 valetudo
852 4109 1142 4176 contraria,
1188 4109 1561 4164 membrorum
1601 4107 1781 4164 officia
1821 4108 2145 4182 aegritudine

533 4203 658 4250 sunt
687 4195 964 4265 resoluta;
999 4197 1069 4252 da
1097 4197 1230 4252 mihi
1259 4197 1345 4254 vel
1379 4205 1588 4268 septem
1620 4197 1832 4252 dierum
1872 4197 2141 4262 inducias,

531 4292 590 4340 ut
622 4284 962 4357 aliquatenus
992 4285 1189 4342 virium
1217 4285 1538 4341 detrimenta
1565 4302 1905 4358 recuperem,
1955 4295 2008 4342 et
2067 4286 2146 4342 sic

533 4372 639 4428 tuis
683 4373 891 4445 possim
939 4373 1199 4445 applicari
1237 4375 1642 4446 conSpectibus.
1695 4374 1872 4444 Quam
1918 4375 2140 4446 petitio-

2162 3074 2211 3138 C

2235 443 2358 498 tatis
2406 444 2624 512 amictu,
2686 444 3060 502 sanctimonia:
3116 445 3349 500 nitorem
3434 459 3557 500 cum
3614 443 3850 516 quodam

2237 532 2320 587 sui
2351 541 2535 590 secuta
2565 541 2897 605 contemptu,
2923 534 3158 590 accessit
3181 534 3250 588 ad
3273 533 3462 599 altare,
3486 541 3540 588 et
3567 533 3625 586 in
3654 533 3849 587 faciem

2231 637 2524 694 proruens,
2572 623 2864 678 Dominum
2903 623 3199 679 studiosius
3243 623 3524 689 adoravit;
3561 637 3624 676 ac
3653 620 3850 676 deinde

2235 725 2359 766 cum
2400 727 2460 767 se
2498 711 2755 784 erigeret,
2821 728 2995 768 cornu
3058 710 3471 782 comprehendit
3512 709 3725 779 altaris,
3795 718 3846 764 et

2234 799 2609 868 hujuscemodi
2651 816 2816 858 voces
2864 801 3043 856 emisit
3101 819 3115 856 :
3175 802 3341 856 Beate
3393 799 3686 870 Stephane,
3752 799 3845 871 qui

2236 889 2506 962 sanguine
2535 898 2627 945 tuo
2668 890 3035 945 testimonium
3083 889 3299 944 Christo
3343 888 3688 960 perhibuisti,
3740 887 3844 942 de-

2232 978 2609 1047 precationem
2636 995 2815 1034 meam
2844 979 2951 1034 tuis
2998 978 3209 1034 meritis
3266 978 3498 1033 Domino
3555 992 3848 1060 comment

2233 1067 2380 1135 dato,
2427 1075 2486 1122 ut
2528 1075 2621 1123 tua
2661 1067 3057 1124 intercessione
3117 1067 3278 1123 hodie
3339 1082 3436 1122 cor
3481 1066 3692 1122 domini
3735 1067 3851 1121 mel

2235 1157 2387 1229 regis
2419 1164 2703 1212 convertat
2733 1157 3031 1212 secundum
3060 1157 3390 1212 voluntatem
3417 1171 3618 1220 meam,
3653 1170 3721 1209 ne
3753 1171 3850 1210 ve-

2236 1241 2417 1300 lamen
2441 1245 2587 1316 quod
2607 1261 2795 1301 amore
2816 1245 2916 1301 Dei
2934 1245 3170 1316 suscepi,
3190 1244 3396 1299 auferat
3413 1245 3480 1298 de
3499 1244 3680 1314 capite
3696 1259 3845 1299 meo.

2234 1333 2349 1388 Viri
2378 1350 2514 1406 ergo
2544 1333 2636 1406 qui
2669 1342 2822 1389 erant
2854 1350 2978 1390 cum
3007 1333 3103 1388 illa
3132 1333 3249 1389 haec
3277 1333 3526 1389 videntes
3576 1341 3851 1387 venerunt

2232 1423 2302 1477 ad
2320 1431 2586 1494 regem,et
2607 1424 2991 1478 nuntiaverunt
3011 1423 3062 1478 ei
3079 1440 3201 1494 quae
3220 1421 3360 1477 facta
3381 1421 3620 1477 fuerunt.
3638 1421 3710 1476 Et
3739 1421 3850 1487 ille,

2233 1511 2510 1568 advocans
2559 1513 2877 1568 sacerdotes
2933 1519 2985 1567 et
3031 1512 3298 1584 quosdam
3365 1510 3645 1582 principes
3699 1526 3847 1575 suos,

2233 1599 2398 1670 coepit
2419 1599 2697 1672 inquirere
2727 1601 2796 1655 ab
2826 1601 2906 1656 eis
2939 1602 3070 1673 quid
3099 1617 3264 1672 super
3294 1601 3395 1656 hac
3437 1616 3497 1655 re
3541 1599 3853 1655 faciendum

2159 1714 2211 1774 Β
2235 1697 2544 1744 censerent.
2579 1689 2880 1761 Cyprianus
2919 1699 2945 1725 ⁸
2988 1688 3329 1745 Arelatensis
3370 1688 3491 1760 regi
3523 1689 3849 1760 respondit:

2243 1776 2402 1847 Quia,
2434 1786 2489 1832 ut
2517 1778 2722 1850 liquido
2752 1779 2942 1845 claret,
2973 1779 3156 1850 puella
3186 1779 3301 1834 haec
3332 1794 3456 1834 cum
3485 1793 3520 1832 a
3573 1776 3849 1834 daemonio

2243 1874 2549 1933 erueretur,
2585 1868 2686 1923 hoc
2715 1884 2774 1922 se
2805 1877 2950 1936 voto,
2984 1868 3129 1940 quod
3150 1866 3447 1939 perfecisse
3466 1866 3701 1931 videtur,
3722 1881 3851 1922 con-

2243 1955 2476 2023 strinxit,
2511 1957 2814 2013 cavendum
2843 1957 2940 2011 tibi
2970 1966 3070 2027 est,
3104 1974 3172 2012 ne
3194 1956 3336 2011 forte
3366 1956 3413 2010 si
3454 1955 3671 2010 irritum
3703 1955 3850 2011 fece-

2242 2043 2319 2099 ris
2349 2053 2536 2100 votum
2565 2046 2702 2116 ejus,
2732 2045 2976 2101 redivivo
2999 2046 3308 2101 dmmonum
3339 2045 3742 2116 comprimatur
3762 2045 3847 2098 in-

2241 2159 2422 2208 cursu,
2475 2152 2528 2198 et
2576 2143 2682 2198 sint
2739 2143 2817 2197 illi
2861 2144 3158 2199 novissima
3215 2144 3406 2214 pejora
3449 2143 3755 2214 prioribus;
3796 2151 3848 2197 tn

2241 2247 2370 2286 vero
2400 2231 2532 2286 tanti
2564 2232 2807 2288 criminis
2834 2242 3040 2288 reatum
3069 2233 3326 2288 incurias.
3360 2233 3472 2288 Rex
3504 2248 3644 2304 ergo
3682 2232 3847 2301 justi—

2241 2320 2328 2374 tite
2357 2328 2534 2390 tenax,
2567 2329 2621 2376 et
2668 2321 2860 2377 timore
2909 2321 3125 2376 Domini
3168 2321 3382 2391 plenus,
3436 2321 3562 2376 huic
3611 2321 3842 2376 consilio

2242 2409 2452 2465 devotae
2482 2410 2678 2467 mentis
2705 2410 2893 2481 pendit
2922 2425 3244 2477 assensum;
3277 2418 3330 2465 et
3358 2410 3647 2482 ingressus
3677 2408 3848 2466 eccle-

2243 2497 2400 2565 siam,
2433 2498 2561 2554 fecit
2589 2498 2768 2554 aﬂerri
2794 2506 3004 2555 vestem
3033 2500 3234 2570 nuptiis
3264 2507 3646 2570 praeparatam,
3680 2507 3734 2553 et
3762 2514 3849 2554 co-

2243 2603 2434 2642 ronam
2464 2603 2681 2658 sponsae
2728 2588 2996 2643 nitoribus
3042 2587 3450 2660 imponendam.
3501 2587 3602 2641 His
3660 2587 3841 2652 illatis,

2243 2676 2375 2730 dum
2404 2677 2644 2747 puellam
2675 2677 2744 2731 ad
2775 2693 2834 2732 se
2858 2677 3113 2746 jussisset
3166 2677 3450 2744 accedere,
3497 2691 3709 2747 sponsa
3748 2673 3847 2730 Dei

2237 2764 2350 2833 jam
2383 2766 2526 2839 Agni
2556 2765 2900 2821 comitatibus
2931 2767 3162 2834 harens,
3192 2766 3355 2820 avelli
3404 2779 3513 2821 non
3558 2764 3737 2835 potuit
3776 2764 3844 2817 ab

2241 2853 2425 2922 altari,
2457 2854 2586 2926 quia
2615 2871 2674 2910 se
2704 2855 2925 2910 timebat
2981 2856 3050 2910 de
3106 2854 3337 2910 ecclesia
3382 2854 3836 2925 protrahendam.

2243 2958 2475 3016 cumque
2505 2943 2791 2998 instantius
2822 2959 2934 3000 arae
2963 2944 3221 2999 cornibus
3261 2943 3569 3008 inhaereret,
3603 2959 3702 2997 rex
3731 2957 3847 2996 eam

2239 3047 2309 3087 ne
2339 3031 2554 3087 timeret
2600 3032 2877 3088 admonuit
2911 3049 2923 3086 :
2969 3033 3161 3098 Hodie,
3211 3031 3484 3103 inquiens,
3524 3047 3627 3102 per
3669 3030 3847 3085 omnia

2243 3127 2346 3175 tua:
2375 3121 2665 3176 voluntatis
2694 3120 2904 3176 videbis
2921 3120 3191 3176 effectum.
3213 3122 3377 3175 Porro
3405 3120 3494 3174 illa
3524 3120 3673 3174 inter
3693 3135 3845 3190 spem

2237 3217 2290 3264 et
2343 3217 2551 3264 metum
2603 3210 2800 3281 posita,
2861 3218 3025 3280 caput
3081 3225 3247 3280 super
3299 3209 3470 3264 altare
3515 3208 3842 3264 reclinans:

2238 3299 2400 3367 Ecce,
2435 3298 2528 3367 ait,
2564 3298 2760 3354 ancilla
2788 3299 3024 3364 Domini,
3049 3297 3139 3352 fiat
3169 3297 3299 3352 mihi
3320 3297 3626 3353 secundum
3658 3297 3847 3352 volun-

2237 3394 2403 3442 tatem
2459 3387 2596 3456 ejus.
2645 3388 2757 3443 Rex
2789 3403 2921 3443 vero
2945 3387 3106 3456 jussit
3135 3387 3510 3442 sacerdotibus
3539 3395 3600 3440 ut
3657 3385 3843 3440 eleva-

2239 3484 2361 3531 rent
2389 3492 2509 3531 eam
2538 3484 2592 3531 et
2638 3477 2705 3530 ad
2746 3493 2805 3532 se
2844 3476 3226 3547 perducerent.
3261 3475 3381 3543 Quo
3437 3474 3601 3544 facto,
3655 3474 3845 3528 induta.

2241 3573 2343 3633 est,
2377 3565 2469 3620 illo
2492 3565 2734 3634 jubente,
2768 3573 2920 3622 veste
2949 3565 3140 3638 regali,
3176 3573 3228 3620 et
3257 3579 3412 3619 sacro
3450 3563 3726 3618 velamine
3753 3577 3843 3617 co-

2241 3663 2454 3710 ronata.
2489 3654 2716 3709 Intuitus
2746 3662 2925 3709 autem
2955 3670 3073 3709 eam
3103 3670 3199 3708 rex
3231 3653 3545 3726 religiosus,
3566 3651 3702 3706 dixit
3734 3650 3842 3704 illi:

2241 3744 2386 3800 Ecce
2416 3743 2554 3798 meis
2579 3751 2631 3798 te
2688 3743 2884 3814 nuptiis
2934 3751 3312 3815 praeparatam,
3375 3741 3564 3812 sponsi
3609 3739 3846 3796 caelestis

2243 3832 2459 3888 Domini
2488 3831 2660 3887 nostri
2686 3831 2939 3888 videlicet
2978 3833 3108 3887 Jesu
3139 3830 3337 3886 Christi
3367 3830 3506 3885 cedo
3537 3828 3844 3899 complexi-

2244 3921 2372 3977 bus.
2411 3923 2479 3976 Et
2506 3921 2789 3976 dexteram
2817 3921 2933 3990 ejus
2963 3920 3450 3992 comprehendens,
3485 3918 3668 3990 posuit
3697 3918 3753 3970 in
3773 3916 3845 3971 al-

2245 4010 2366 4078 tari,
2399 4010 2596 4065 deinde
2625 4010 2871 4066 ecclesiae
2899 4010 3064 4064 limen
3093 4008 3383 4078 excedens,
3415 4007 3678 4079 lacrymis
3711 4006 3841 4060 abs-

2245 4099 2520 4154 conditum
2551 4098 2804 4170 patefecit
2833 4114 3095 4154 amorem.
3130 4099 3257 4153 Post
3287 4097 3404 4152 hac
3449 4095 3665 4152 vocavit
3697 4110 3838 4159 eam,

2246 4195 2299 4244 et
2323 4188 2476 4257 juxta
2506 4204 2564 4242 se
2595 4187 2723 4244 fecit
2752 4188 2806 4242 in
2827 4188 3027 4260 palatio
3055 4186 3405 4252 residere,.et
3449 4184 3611 4240 donis
3641 4185 3840 4256 ingen—

2247 4277 2388 4331 tibus
2443 4277 2765 4332 honoratam
2838 4276 3074 4348 praetulit
3105 4269 3129 4305 δ
3157 4273 3494 4331 monasterio
3523 4273 3840 4328 ancillarum

2246 4365 2346 4421 Dei
2376 4366 2520 4438 quod
2558 4366 2613 4420 in
2642 4367 2848 4421 honore
2878 4365 3018 4420 beati
3047 4364 3190 4419 Petri
3237 4363 3504 4434 Principis
3560 4361 3840 4434 apostolo-

531 4477 658 4517 nem
688 4463 818 4517 dum
849 4479 945 4517 rex
975 4462 1063 4534 pie
1093 4436 1416 4534 susciperet,
1449 4464 1519 4519 ad
1558 4464 1818 4534 palatium
1847 4436 2132 4532 remeavit,
2163 4436 2358 4511 Drum
2389 4463 2763 4512 constructum
2793 4463 2876 4510 est
2905 4455 2959 4508 in
2975 4453 3293 4509 Metensium
3314 4452 3546 4522 civitate,
3569 4451 3661 4505 ubi
3683 4460 3839 4524 gesta

531 4549 621 4605 illa
651 4550 706 4605 in
735 4551 941 4622 privato
973 4560 1344 4608 commorante
1401 4552 1668 4608 cubiculo.
1717 4552 1906 4608 Fiebat
1953 4561 2135 4610 autem

532 4647 764 4711 utroque
794 4641 849 4695 in
878 4640 1000 4697 loco
1031 4641 1226 4714 ingens
1267 4650 1558 4712 apparatus
1603 4641 1821 4709 laetitiae,
1855 4641 2134 4696 admiran-

531 4726 677 4782 tibus
707 4729 893 4784 multis
923 4745 1016 4785 cur
1045 4731 1230 4785 tandiu
1260 4730 1439 4797 divisi,
1491 4730 1742 4786 convivio
1798 4730 2136 4786 distulissent

532 4817 817 4874 connubia.
851 4818 1159 4874 Transactis
1199 4819 1402 4875 interea
1450 4827 1660 4891 septem
1716 4817 1931 4888 diebus,
1986 4819 2136 4876 circa

529 4906 846 4962 matutinum
878 4905 1114 4964 oﬁicium
1151 4907 1335 4979 puella
1382 4923 1507 4963 cum
1563 4907 1775 4963 duobus
1823 4907 1955 4963 viris
2010 4909 2134 4964 toti-

532 4995 766 5067 demque
794 4997 992 5067 puellis
1023 4996 1316 5052 ecclesiam
1348 4996 1494 5052 beati
1525 4995 1782 5068 Stephani
1820 5003 2132 5067 protomar-

531 5084 664 5154 tyris
693 5084 968 5154 introivit;
1001 5093 1054 5141 et
1083 5085 1351 5142 secedens
1377 5093 1501 5156 post
1524 5085 1720 5154 januas
1749 5085 1954 5157 templi,
1989 5087 2134 5141 exuit

533 5187 594 5225 se
622 5174 959 5229 vestimentis
991 5175 1286 5248 regalibus,
1321 5182 1374 5229 et
1402 5173 1645 5229 habitum
1672 5175 1938 5246 propositi
1965 5191 2132 5232 sanc-

532 5260 687 5317 tioris
717 5263 1026 5336 assumpsit,
1059 5263 1432 5322 nescientibus
1463 5263 1568 5320 hoc
1597 5262 1730 5319 viris
1787 5264 1880 5336 qui
1927 5264 2134 5336 pariter

582 5429 600 5454 ⁶
622 5419 825 5470 Nullum
847 5421 941 5466 hoc
979 5423 1186 5468 nomine
1217 5422 1506 5479 episcopum
1541 5421 1648 5468 sedi
1687 5421 1965 5469 Arelatensi
2004 5431 2133 5479 prm-

529 5492 688 5541 fuisse
709 5491 886 5549 probat
907 5491 1086 5538 Saxlus
1116 5492 1168 5537 in
1192 5494 1365 5539 Pontif.
1393 5495 1593 5550 Arelat.,
1616 5503 1753 5538 num.
1773 5497 1843 5539 89.

583 5569 610 5606 b
628 5563 984 5612 Monasterium
996 5563 1279 5619 puellares.
1300 5565 1430 5610 Petri
1443 5564 1506 5611 ab
1523 5563 1808 5612 Eleutherio
1827 5567 2133 5611 Francorum

530 5635 658 5686 duce
678 5637 814 5686 intra
832 5644 1008 5684 muros
1031 5633 1176 5684 urbis
1195 5635 1434 5686 Metensis
1459 5635 1720 5686 conditum
1739 5637 1832 5694 est,
1861 5635 1942 5685 cui
1966 5645 2135 5686 coeno-

2234 4552 2360 4600 sunt
2388 4545 2641 4600 universa
2671 4560 2792 4616 quae
2823 4543 3067 4615 proxima
3095 4542 3398 4598 narratione
3444 4540 3749 4596 retulimus.
3781 4541 3838 4594 In

2232 4633 2317 4689 his
2347 4641 2524 4689 autem
2553 4633 2804 4688 omnibus
2824 4631 3168 4704 perficiendis
3185 4639 3366 4687 secuta
3398 4629 3679 4702 estfpuella
3710 4645 3838 4684 con-

2233 4723 2413 4778 silium
2443 4721 2740 4778 beatissimi
2770 4721 2927 4789 Galli,
2962 4721 3056 4794 qui
3101 4737 3221 4778 eam
3265 4719 3502 4778 Domino
3545 4717 3837 4775 auxiliante

2233 4827 2268 4867 a
2294 4811 2563 4869 daemonio
2591 4810 2862 4868 liberavit.

2801 4993 3026 5053 CAPUT
3055 4995 3258 5051 XXIII.

2235 5139 2524 5208 Quantum
2552 5154 2627 5195 ex
2656 5139 2766 5194 viri
2795 5138 2894 5194 Dei
2920 5137 3180 5194 doctrina
3211 5140 3268 5192 et
3304 5135 3584 5208 exemplis
3630 5149 3831 5206 supra—

2481 5229 2666 5285 dictus
2695 5229 2940 5284 Joannes
2971 5228 3220 5283 triennio
3246 5226 3574 5299 profecerit.

2303 5370 2407 5428 Per
2434 5369 2578 5427 idem
2607 5377 2822 5442 tempus
2851 5368 3092 5425 Joannes
3131 5368 3412 5436 diaconus,
3468 5377 3836 5438 perseverans

2232 5558 2319 5608 bio
2337 5562 2390 5607 B.
2436 5560 2701 5609 Waldrada
2744 5560 3055 5621 temporibus
3086 5557 3377 5608 Theoderici
3419 5558 3470 5604 et
3502 5550 3835 5604 Theodebertl

2234 5633 2407 5682 Galliae
2425 5643 2604 5694 regum
2623 5635 2676 5684 et
2693 5632 2998 5684 Childeberti
3021 5632 3162 5691 regis
3179 5631 3400 5681 illioram
3425 5628 3651 5688 prefuit.
