3996 6184
364 266 467 322 999

895 258 1302 318 WALAFRIDI
1328 256 1572 316 STRABI
1602 255 1807 314 FULD.
1837 250 2013 310 MON.
2052 250 2205 308 OPP.
2238 251 2415 308 PARS
2445 251 2514 308 ΙΙ.
2547 281 2616 295 -—
2643 249 3036 309 HISTORICA.

3532 249 3676 303 1000

369 405 512 478 apud
529 406 791 462 Joannem
816 404 1126 476 episcopum
1145 410 1350 474 septem
1383 400 1595 469 diebus,
1630 399 1768 456 inter
1795 398 1962 454 multa

2088 384 2125 433 at
2155 378 2365 449 accepit
2397 393 2430 434 a
2460 377 2715 433 fratribus
2743 376 3032 449 epistolam
3057 375 3128 430 ad
3174 373 3395 430 beatum
3427 371 3675 439 Gallum,

371 495 665 551 salutifera:
694 494 1080 551 consolationis
1102 493 1288 559 verba,
1323 492 1439 547 hazc
1485 491 1681 562 saepius
1717 488 1962 556 inculca-

369 585 478 640 vit:
511 584 686 653 Quem
716 585 861 640 Deus
881 583 1063 654 elegit,
1096 583 1258 637 homo
1284 597 1393 636 non
1414 580 1698 652 despiciet:
1732 579 1830 634 sed
1862 577 1964 633 erit

374 673 614 730 omnium
648 672 992 728 veneratione
1021 671 1286 737 sublimis,
1329 687 1489 742 quem
1539 669 1781 725 divinum
1811 683 1965 723 com-

369 763 590 817 mendat
599 761 879 832 judicium.
903 759 1131 827 Deinde,
1153 767 1372 830 accepta
1391 759 1459 814 ab
1476 774 1541 814 eo
1562 757 1962 824 benedictione,

371 867 619 908 reversus
663 858 745 905 est
793 850 862 904 ad
903 847 1153 904 cellulam
1211 847 1741 918 suam-Episcopus
1789 853 1965 900 autem

368 939 530 1008 jussit
557 939 640 992 his
669 937 760 1010 qui
790 937 951 992 rebus
987 937 1246 1008 episcopii
1293 931 1561 1008 praeerant
1606 943 1663 990 ut
1693 935 1760 988 ad
1792 933 1964 990 virum

375 1026 474 1083 Dei
503 1044 624 1082 cum
655 1027 757 1080 sibi
787 1027 1043 1095 subjectis
1066 1026 1332 1092 venirent,
1359 1033 1411 1080 et
1453 1025 1569 1094 ejus
1616 1025 1966 1094 obtempera-

372 1124 492 1171 rent
514 1115 764 1185 jussioni.
800 1117 926 1170 Post
956 1117 1072 1170 haec
1093 1123 1238 1169 tanto
1286 1114 1462 1168 studio
1511 1113 1749 1168 charitas
1787 1119 1968 1166 mutua

371 1205 682 1261 servabatur
710 1205 983 1276 utrinque,
1028 1212 1085 1258 ut
1131 1203 1386 1274 spiritalis
1433 1202 1638 1274 glutino
1706 1199 1970 1257 clientela:

371 1293 476 1349 sibi
505 1309 724 1365 semper
751 1295 1108 1359 cohaerentes,
1147 1293 1261 1348 solo
1280 1305 1520 1362 corpore
1550 1291 1863 1345 viderentur
1893 1289 1970 1343 di-

374 1383 496 1439 visi.
529 1383 787 1456 Magister
813 1391 1040 1454 paterna
1071 1381 1450 1444 sollicitudine,
1484 1379 1736 1450 precibus
1764 1386 1817 1434 et
1846 1394 1970 1434 con-

375 1471 497 1527 silio
515 1470 736 1526 salutari
764 1473 1036 1526 matheten
1080 1470 1356 1526 refovebat
1387 1487 1402 1536 ;
1435 1468 1524 1523 ille
1572 1484 1704 1523 vero
1746 1475 1972 1538 paterno

373 1562 578 1616 honore
600 1569 653 1616 et
691 1560 839 1615 omni
885 1559 1266 1616 necessitatum
1311 1557 1554 1612 subsidio
1603 1555 1973 1611 didascalcum

375 1649 710 1717 sublevabat,
767 1649 963 1721 Sicque
1020 1665 1171 1706 sacra
1227 1647 1437 1718 piorum
1507 1645 1742 1702 societas
1817 1652 1972 1700 aucto

2065 468 2430 523 continentem
2447 467 2740 524 venerandi
2769 466 3056 522 transitum
3086 462 3429 520 Columbani.
3481 460 3590 531 Qui
3622 468 3678 516 et

2064 556 2318 612 baculum
2358 556 2546 628 ipsius,
2587 573 2749 628 quem
2798 556 2962 629 vulgo
2991 555 3322 612 cambottam
3364 552 3464 624 [αι.
3517 567 3675 606 cam-

2064 646 2290 713 buttam,
2338 647 2397 702 id
2435 651 2538 713 est,
2584 645 2839 702 baculum
2884 643 3242 717 pastoralem]
3303 649 3521 706 vocant,
3573 655 3677 710 per

2065 751 2289 792 manum
2353 735 2569 792 diaconi
2627 735 3066 801 transmiserunt,
3121 733 3369 789 dicentes
3421 737 3678 786 sanctum

2065 825 2316 880 abbatem
2367 832 2492 880 ante
2542 824 2831 879 transitum
2877 840 3036 879 suum
3061 822 3295 893 jussisse
3345 828 3399 876 ut
3430 836 3528 891 per
3563 820 3674 876 hoc

2066 913 2410 968 notissimum
2454 913 2654 986 pignus
2707 913 2894 968 Gallus
2946 912 3338 968 absolveretur.
3389 909 3678 979 Dimissus

2068 1010 2249 1058 autem
2281 1003 2350 1057 ab
2379 1002 2504 1068 illis,
2539 1003 2643 1058 iter
2672 1001 3018 1069 acceleravit,
3070 1009 3122 1056 et
3166 1015 3427 1072 prospere
3470 998 3524 1052 in
3549 1013 3680 1052 om-

2069 1092 2228 1146 nibus
2259 1107 2449 1164 agens,
2481 1091 2569 1146 die
2591 1099 2786 1148 octava
2814 1091 3064 1162 pervenit
3094 1091 3161 1145 ad
3183 1089 3469 1144 dominum
3512 1103 3677 1141 suum

2071 1188 2123 1235 et
2166 1181 2398 1245 Patrem,
2454 1179 2636 1235 ferens
2665 1179 2953 1251 epistolam
2999 1178 3296 1245 relationis,
3351 1187 3402 1232 et
3449 1175 3678 1231 absolu-

2070 1268 2232 1324 tionis
2280 1268 2555 1324 indicium.
2604 1269 2766 1324 Lecta
2796 1268 3028 1338 epistola
3058 1276 3276 1323 sanctus
3312 1265 3506 1322 Gallus
3535 1267 3679 1321 cha-

2071 1356 2275 1411 rissimi
2293 1357 2464 1428 patris
2503 1372 2748 1412 amorem
2779 1357 2943 1428 pleno
2978 1357 3220 1412 retinens
3267 1355 3456 1420 corde,
3489 1353 3681 1424 lacry—

2070 1461 2189 1500 mas
2219 1445 2456 1516 profudit
2484 1445 2809 1511 uberrimas,
2845 1453 2899 1501 et
2928 1445 3171 1501 collectis
3198 1443 3460 1500 fratribus
3479 1457 3682 1498 causas

2073 1535 2327 1590 mceroris
2375 1535 2608 1606 aperuit.
2664 1535 2876 1590 Deinde
2936 1535 3070 1590 tanti
3120 1534 3291 1605 patris
3356 1532 3679 1588 memoriam

2072 1623 2331 1694 precibus
2379 1623 2554 1681 sacris
2588 1631 2642 1680 et
2673 1622 2959 1680 sacrificiis
2990 1623 3316 1679 salutaribus
3345 1621 3679 1696 frequenta-

375 1739 658 1794 crescebat
701 1739 928 1808 honore,
981 1745 1034 1793 et
1092 1735 1450 1809 multiplicato
1496 1733 1976 1792 commendabatur
2003 1721 2219 1800 Βΐιωιο

379 1843 582 1884 amore.

951 1959 1178 2015 CAPUT
1205 1957 1405 2014 XXVI.

390 2095 454 2151 Ut
479 2093 788 2147 transitum
809 2091 956 2146 beati
982 2091 1311 2146 Colu‘mbani
1347 2093 1578 2145 sanctus
1613 2089 1806 2145 Gallus
1828 2090 1978 2144 sicut

496 2165 616 2218 rius
633 2179 734 2234 per
766 2163 1037 2217 visionem
1057 2166 1406 2233 cognoverat,
1425 2162 1509 2216 ita
1524 2165 1649 2232 post
1685 2161 1977 2232 discipulis

481 2236 796 2305 egationem
833 2235 1049 2303 factam
1065 2235 1357 2304 comperit.

451 2359 715 2428 Tempore
745 2355 1095 2427 subsequenti
1139 2355 1302 2427 cmpit
1341 2355 1597 2410 virtutum
1640 2355 1814 2410 cultor
1859 2354 1978 2410 exi-

380 2446 522 2502 mius
553 2446 843 2502 oratorium
872 2452 1203 2510 construere,
1236 2443 1619 2499 mansiunculis
1657 2460 1757 2514 per
1787 2460 1980 2516 gyrum

382 2535 658 2606 dispositis
697 2535 764 2589 ad
795 2534 1247 2590 commanendum
1280 2532 1555 2599 fratribus,
1607 2549 1835 2604 quorum
1869 2533 1980 2600 jam

382 2624 672 2680 duodecim
714 2623 998 2679 monastici
1045 2623 1326 2678 sanctitate
1378 2621 1643 2693 propositi
1696 2621 1982 2676 roboratos

386 2713 629 2769 doctrina
679 2721 731 2767 et
774 2712 1038 2783 exemplis
1080 2713 1148 2766 ad
1197 2720 1523 2766 aeternorum
1553 2710 1823 2765 desideria
1853 2725 1984 2764 con-

385 2802 587 2858 citavit.
625 2800 872 2870 Quadam
919 2801 1100 2872 itaque
1129 2801 1237 2871 die,
1273 2801 1399 2855 dum
1429 2807 1552 2870 post
1583 2799 1824 2855 laborem
1862 2814 1982 2853 ma-

385 2890 624 2946 tutinalis
654 2889 815 2946 officii
861 2889 1178 2962 quiescendi
1219 2889 1391 2960 gratia
1421 2888 1589 2944 lectos
1619 2904 1750 2943 suos
1781 2887 1986 2942 revise-

385 2987 527 3047 rent,
579 2979 756 3050 primo
794 2978 1030 3034 diluculo
1073 2979 1154 3032 vir
1203 2977 1302 3031 Dei
1346 2977 1560 3033 vocavit
1601 2975 1986 3048 Magnoaldum

385 3069 672 3123 diaconem
699 3084 875 3134 suum,
908 3068 1096 3123 dicens
1113 3066 1221 3119 illi:
1247 3067 1457 3120 Instrue
1492 3081 1659 3120 sacrae
1697 3063 1982 3120 oblationis
2013 3097 2064 3162 α

387 3156 769 3221 ministerium,
820 3163 877 3209 ut
923 3154 1129 3225 possim
1171 3153 1350 3207 divina
1397 3153 1512 3208 sine
1552 3153 1810 3207 dilatione
1843 3153 1978 3208 cele.

387 3246 549 3300 brare
578 3242 851 3315 mysteria.
894 3243 963 3296 Et
989 3242 1116 3296 ille:
1151 3242 1312 3309 Num,
1347 3241 1536 3312 inquit,
1572 3249 1628 3296 tu
1657 3242 1834 3311 Pater,
1881 3242 1984 3295 mis

389 3350 509 3389 sam
554 3331 896 3387 celebrabis?
943 3329 1087 3383 Dixit
1133 3346 1264 3401 ergo
1314 3330 1385 3384 ad
1433 3330 1612 3386 illum:
1666 3331 1790 3386 Post
1824 3331 1985 3399 hujus

391 3420 610 3492 vigilias
652 3419 826 3474 noctis
872 3419 1104 3491 cognovi
1160 3436 1259 3490 per
1309 3417 1573 3474 visionem
1620 3419 1897 3474 dominum
1934 3427 1987 3474 et

393 3511 604 3566 Patrem
650 3525 832 3564 meum
863 3508 1252 3564 Columbanum
1282 3509 1349 3563 de
1381 3509 1539 3577 hujus
1570 3508 1692 3563 vitae
1720 3508 1986 3581 angustiis

393 3597 556 3654 hodie
609 3599 676 3652 ad
719 3597 956 3669 paradisi
1002 3597 1198 3670 gaudia
1232 3596 1646 3666 commigrasse.
1703 3597 1810 3650 Pro
1869 3597 1987 3665 ejus

392 3687 576 3760 itaque
618 3688 806 3759 requie
845 3686 1172 3743 sacrificium
1230 3685 1414 3740 salutis
1459 3687 1633 3740 debeo
1678 3685 1983 3740 immolare.

395 3776 463 3830 Et
492 3775 649 3847 signo
677 3776 910 3846 pulsato,
943 3774 1234 3831 oratorium
1277 3773 1531 3847 ingressi,
1575 3780 1989 3844 prostraverunt

395 3881 455 3920 se
483 3864 540 3917 in
569 3865 890 3931 orationem,
925 3871 976 3918 et
1004 3871 1291 3934 coeperunt
1320 3863 1512 3917 missas
1543 3879 1710 3934 agere
1728 3871 1780 3918 et
1803 3861 1991 3934 :preci-

392 3953 495 4008 bus
524 3953 774 4008 insistere
794 3968 895 4024 pro
939 3951 1448 4008 commemoratione
1482 3951 1621 4005 beati
1645 3950 1985 4006 Columbani.

395 4041 572 4097 Finito
614 4058 783 4097 sacrae
825 4041 1128 4096 devotionis
1167 4039 1362 4108 ofﬁcio,
1418 4040 1749 4096 venerabilis
1805 4040 1991 4095 Gallus

397 4130 530 4186 dixit
551 4130 620 4185 ad
647 4129 1031 4201 Magnoaldum
1063 4129 1374 4185 diaconem:
1409 4129 1528 4194 Fili,
1559 4144 1669 4183 non
1700 4128 1794 4182 tibi
1823 4144 1993 4200 grave

393 4219 640 4276 videatur
667 4218 942 4290 petitionis
973 4233 1109 4272 mete
1147 4220 1378 4288 pondus,
1411 4219 1506 4272 sed
1538 4217 1714 4288 arripe
1746 4217 1907 4284 viam,
1941 4225 1996 4272 et

398 4308 607 4363 Italiam
646 4308 830 4380 petite,
880 4306 1354 4378 pertransiensque
1389 4323 1561 4378 usque
1604 4307 1672 4361 ad
1711 4315 1995 4362 monaste-

397 4397 537 4453 rium
568 4398 712 4469 quod
741 4396 966 4451 Bobium
995 4395 1319 4466 nominatur,
1367 4395 1657 4467 diligenter
1698 4395 1996 4468 perquirito

397 4487 526 4560 quid
570 4495 746 4542 actum
791 4485 857 4540 sit
900 4485 1048 4542 circa
1095 4485 1346 4540 abbatem
1411 4501 1612 4540 meum.
1664 4487 1800 4540 Nota
1857 4501 1990 4558 ergo

403 4571 548 4626 diem
579 4579 633 4626 et
677 4571 887 4636 horam,
923 4579 980 4624 ut
1013 4569 1056 4624 si
1091 4587 1212 4625 eum
1255 4570 1585 4642 cOmpereris
1615 4586 1736 4625 esse
1791 4569 1992 4624 defun-

400 4669 564 4728 ctum,
627 4660 806 4730 possis
860 4675 1158 4732 agnoscere
1215 4667 1393 4714 utrum
1437 4659 1573 4714 visio
1603 4675 1725 4714 mea
1752 4658 1992 4715 veritatis

400 4749 650 4805 fulciatur
695 4747 910 4804 effectu.
962 4750 1090 4804 Haec
1121 4764 1255 4820 ergo
1284 4749 1462 4803 omnia
1509 4747 1732 4803 sollicita
1773 4747 1996 4803 investi-

400 4839 621 4909 gatione
641 4839 977 4910 perdiscens,
1024 4853 1312 4908 regressus
1360 4837 1631 4892 nuntiabis
1673 4837 1822 4890 mihi.
1872 4836 1998 4890 Dia-

404 4942 575 4982 conus
605 4928 674 4982 ad
717 4927 886 4998 pedes
925 4926 1168 4998 magistri
1219 4927 1556 4997 provolutus,
1603 4927 1844 4998 ignotum
1892 4924 1997 4979 sibi

403 5013 505 5068 iter
529 5031 650 5071 esse
667 5024 998 5087 conquestus
1036 5023 1144 5072 est:
1181 5016 1276 5070 sed
1307 5015 1390 5070 vir
1421 5016 1607 5070 beatus
1639 5031 1774 5070 voce
1804 5014 1997 5068 blanda

407 5117 529 5158 eum
551 5119 620 5158 ne
651 5105 857 5160 timeret
915 5106 1210 5162 admonuit.
1262 5105 1456 5178 Perge,
1509 5103 1781 5176 inquiens,
1818 5112 1867 5158 et
1897 5105 2003 5159 Do-

406 5190 586 5245 minus
616 5191 813 5264 diriget
847 5209 1068 5264 gressus
1115 5203 1252 5250 tuos.
1288 5196 1398 5250 Hac
1429 5193 1798 5249 consolatione
1829 5193 1999 5248 robo-

406 5287 557 5335 ratus
586 5278 662 5350 pii
689 5279 924 5336 doctoris
953 5283 1200 5337 alumnus
1229 5290 1501 5354 praecepto
1531 5282 1726 5353 paruit,
1763 5290 1814 5337 et
1853 5298 2003 5337 acce-

405 5377 500 5441 pto
522 5368 916 5425 benedictionis
945 5371 1157 5438 viatico,
1196 5372 1337 5427 viam
1364 5372 1678 5427 festinenter
1704 5387 2003 5445 aggressus

409 5467 511 5514 cst.
547 5459 789 5530 Cumque
819 5459 1159 5530 pervenisset
1187 5463 1254 5516 ad
1281 5461 1665 5517 monasterium
1680 5470 1736 5516 ut
1763 5461 2000 5528 volebat,

407 5548 612 5604 invenit
640 5549 820 5605 omnia
843 5549 914 5604 ita
935 5548 1233 5619 contigisse
1261 5551 1397 5606 sicut
1418 5551 1562 5606 Patri
1592 5567 1689 5606 suo
1720 5567 1820 5622 per
1847 5550 2006 5605 visio-

409 5651 540 5694 nem
554 5637 774 5696 fuerant
815 5639 1076 5698 revelata.
1124 5638 1320 5695 Mansit
1353 5647 1534 5696 autem
1582 5639 1658 5696 ibi
1686 5656 1792 5696 una
1822 5647 2004 5707 nocte,

2630 1802 2855 1859 CAPUT
2884 1802 3112 1858 XXVII.

2183 1923 2521 1980 Miraculum
2555 1923 2758 1979 tabqu
2777 1925 3127 1979 incremento
3156 1925 3561 1978 monstratum.

2149 2046 2386 2119 Contigit
2428 2054 2610 2102 autem
2655 2046 2892 2118 quadam
2924 2045 3032 2112 die,
3066 2045 3197 2100 dum
3224 2045 3278 2099 in
3309 2044 3682 2101 construendo

2077 2135 2316 2190 oratorio
2348 2151 2470 2191 cum
2502 2134 2762 2190 fratribus
2789 2135 3086 2201 laboraret,
3118 2142 3178 2188 ut
3208 2134 3388 2188 tabula
3427 2134 3684 2206 quaedam

2077 2223 2268 2294 parieti
2312 2223 2642 2294 imponenda
2675 2223 2894 2278 brevior
2921 2223 3134 2279 car-teris
3179 2238 3436 2277 mensura
3465 2222 3683 2293 palmo-

2079 2329 2199 2366 rum
2227 2320 2462 2383 quatuor
2489 2320 2797 2382 appareret.
2831 2311 3009 2381 Quam
3038 2313 3170 2366 dum
3214 2312 3458 2380 ejusdem
3500 2312 3685 2382 operis

2080 2401 2316 2457 artiﬁces
2384 2401 2586 2456 vellent
2647 2401 2905 2470 adjicere,
2968 2401 3156 2455 beatus
3219 2400 3409 2455 Gallus
3473 2400 3687 2454 virtutis

2081 2506 2237 2560 quam
2270 2490 2326 2544 in
2345 2490 2578 2545 Domino
2627 2490 2863 2545 habebat
2910 2489 3018 2544 sibi
3057 2489 3331 2555 conscius,
3376 2490 3542 2557 jussit
3589 2503 3687 2544 eos

2081 2578 2148 2633 ab
2206 2594 2368 2649 opere
2425 2579 2758 2651 disjungere,
2805 2586 2856 2633 et
2886 2578 3108 2632 domum
3163 2578 3229 2632 ad
3273 2576 3684 2647 percipiendam

2084 2682 2269 2723 secum
2327 2665 2674 2722 refectionem
2719 2681 2882 2736 quam
2911 2666 3175 2720 Dominus
3216 2665 3545 2736 praeparavit
3595 2665 3684 2718 in-

2082 2764 2247 2810 trare.
2275 2754 2484 2824 Quibus
2514 2754 3128 2824 secundumjussionem
3173 2755 3289 2823 ejus
3337 2754 3682 2822 facientibus,

2085 2843 2432 2898 benedictum
2466 2859 2664 2914 panem
2700 2859 2864 2898 manu
2905 2859 3002 2897 sua
3046 2843 3306 2913 porrexit.
3346 2843 3475 2897 Post
3520 2858 3687 2912 pran-

2084 2933 2232 2987 dium
2263 2939 2443 2988 autem
2469 2947 2591 2987 cum
2623 2948 2813 2986 omnes
2843 2932 3047 3003 pariter
3073 2947 3209 3001 opus
3236 2939 3549 3001 repeterent
3583 2931 3684 2984 im-

2085 3020 2405 3092 perfectum,
2441 3021 2764 3076 invenerunt
2822 3019 3064 3075 tabulam
3110 3035 3274 3090 quam
3319 3027 3541 3090 propter
3605 3019 3690 3073 sui

2085 3110 2407 3165 brevitatem
2449 3109 2660 3180 pridem
2691 3109 2923 3178 abjicere
2953 3108 3258 3176 voluerunt,
3291 3108 3507 3164 ceteris
3564 3123 3691 3162 om-

2082 3199 2242 3253 nibus
2273 3198 2576 3271 longiorem
2605 3214 2864 3253 mensura
2893 3197 3100 3252 dimidii
3143 3196 3319 3267 pedis;
3353 3205 3406 3251 et
3453 3195 3694 3252 admira-

2083 3287 2226 3343 tione
2244 3287 2312 3342 de
2334 3303 2400 3342 eo
2413 3288 2559 3358 quod
2577 3295 2833 3342 evenerat
2852 3286 3055 3350 habita,
3071 3285 3277 3356 lignum
3295 3286 3441 3357 quod
3455 3285 3690 3340 mirabili

2087 3384 2326 3431 creverat
2357 3375 2522 3430 modo
2549 3375 2605 3428 in
2631 3375 2753 3430 loco
2787 3374 3115 3445 suo'parieti
3163 3381 3504 3444 aptaverunt.
3529 3373 3690 3441 Quod

2085 3465 2264 3535 ipsum
2285 3464 2450 3537 longo
2471 3464 2729 3533 deinceps
2760 3470 3004 3534 tempore
3035 3479 3067 3517 a
3094 3461 3344 3518 fidelibus
3373 3463 3689 3533 expetitum,

2087 3553 2320 3608 Domino
2341 3552 2592 3620 faciente,
2628 3552 2868 3607 dentium
2919 3551 3197 3606 doloribus
3253 3550 3549 3607 efﬁcacitur
3577 3567 3693 3606 me-

2087 3642 2337 3706 debatur,
2362 3649 2563 3712 praeter
2581 3640 2786 3711 antiqui
2820 3639 3392 3696 commemorationem
3413 3640 3684 3707 miraculi,

2087 3731 2245 3785 novis
2268 3731 2507 3800 {semper
2537 3727 2817 3785 eﬂ‘ectibus
2860 3729 3258 3783 honorandum.
3292 3730 3353 3782 In
3399 3744 3506 3799 quo
3533 3727 3693 3798 ffacto

2089 3819 2407 3874 meritorum
2452 3819 2568 3887 ejus
2597 3816 3046 3889 magnitudinem,
3078 3825 3132 3872 et
3173 3816 3429 3872 orationis
3493 3832 3694 3887 possu-

2088 3923 2210 3961 mus
2253 3922 2487 3976 pensare
2533 3905 2803 3969 virtutem;
2849 3904 2973 3975 quia
2991 3913 3044 3959 et
3069 3905 3275 3975 lignum
3304 3904 3524 3974 aridum
3553 3919 3690 3958 con-

2090 4003 2177 4050 tra
2225 4002 2467 4048 naturam
2523 3992 2867 4048 incrementis
2898 4001 3113 4048 auctum
3170 4001 3271 4059 est,
3324 4000 3377 4048 et
3432 4008 3504 4048 ne
3534 3999 3688 4046 vetus

2091 4084 2396 4138 aboleretur
2436 4081 2774 4148 miraculum,
2853 4081 3091 4138 rediviva
3139 4079 3419 4153 signorum
3479 4088 3691 4136 attesta-

2091 4173 2240 4228 tione
2269 4187 2485 4243 semper
2513 4178 2595 4226 est
2621 4169 2923 4241 repetitum.

2635 4307 2859 4362 CAPUT
2896 4305 3148 4361 XXVIII.

2023 4454 2077 4518 D
2102 4412 3694 4518 Q“ﬁfﬁ“31‘i./Iﬁ"£§’i'ﬁf.52“’.°,fii°,.ﬁif?fi’iﬁ3§”ﬁgi/‘32

2170 4488 2330 4550 cerit,
2356 4489 2414 4540 et
2433 4501 2601 4557 quam
2629 4485 2880 4540 mirabili
2904 4501 2993 4540 cos
3022 4484 3157 4540 doni
3172 4485 3412 4540 caelestis
3442 4484 3697 4540 ubertate

2169 4557 2454 4629 refoverit.

2171 4665 2297 4720 Post
2333 4665 2451 4719 haec
2500 4663 2640 4717 abba
2687 4662 2996 4718 monasterii
3033 4661 3177 4734 quod
3220 4660 3522 4716 Luxovium
3566 4661 3698 4717 dici-

2098 4761 2206 4822 tur,
2239 4753 2457 4808 nomine
2478 4752 2780 4817 Eustasius,
2816 4768 2976 4824 quem
3006 4752 3162 4806 bonaa
3183 4750 3460 4805 memoriae
3490 4751 3707 4806 Colum-

2101 4843 2277 4898 banus
2320 4841 2496 4897 eidem
2543 4841 2663 4897 loco
2706 4840 2950 4912 praefecit
2981 4841 3048 4894 ab
3078 4841 3236 4909 hujus
3259 4839 3451 4895 exsilio
3482 4840 3605 4896 vita:
3632 4838 3700 4893 ad

2103 4946 2391 5001 supernam
2438 4929 2670 5001 patriam
2727 4929 3120 5002 commigravit.
3171 4928 3387 4984 Fratres
3451 4943 3583 4999 ergo
3649 4928 3702 4981 in

2103 5020 2298 5075 eodem
2333 5018 2582 5075 ccenobio
2615 5018 2886 5074 constituti
2914 5017 3196 5074 consilium
3235 5017 3471 5072 inierunt
3518 5024 3576 5072 ut
3604 5032 3700 5071 ve-

2105 5109 2407 5165 nerabilem
2464 5106 2680 5162 Gallum
2710 5115 3046 5174 revocarent,
3088 5116 3142 5162 et
3188 5106 3304 5175 ejus
3347 5105 3604 5178 regimini
3644 5120 3701 5160 se

2105 5198 2389 5254 subdendo
2417 5196 2815 5252 contraderent.
2848 5195 3110 5251 Miserunt
3155 5195 3336 5267 itaque
3383 5211 3480 5250 sex
3511 5182 3703 5249 fratres

2105 5305 2171 5344 ex
2201 5287 2284 5341 his
2315 5285 2406 5357 qui
2435 5286 2502 5339 ab
2533 5285 2788 5340 Hibernia
2822 5293 3099 5348 venerunt,
3139 5284 3233 5355 qui
3265 5284 3548 5354 epistolam
3587 5284 3706 5338 fer-

2105 5385 2222 5433 rent
2238 5376 2603 5432 continentem
2631 5389 2821 5431 causas
2843 5373 3086 5443 ejusdem
3121 5372 3470 5445 legitationis.
3534 5373 3707 5442 Igitur

2105 5466 2185 5521 illi
2230 5473 2377 5521 recto
2407 5464 2595 5520 itinere
2639 5481 2763 5519 cum
2801 5464 2869 5518 ad
2912 5462 3010 5517 viri
3040 5461 3141 5517 Dei
3180 5461 3373 5516 cellam
3416 5467 3706 5531 pervenis-

2106 5563 2246 5621 sent,
2265 5554 2489 5610 nuntiati
2520 5553 2827 5619 advenisse,
2851 5552 2995 5608 ducti
3017 5559 3142 5606 sunt
3157 5550 3225 5605 ad
3247 5550 3582 5606 orationem:
3605 5566 3707 5622 qua

2107 5645 2337 5720 expleta,
2413 5644 2633 5702 domum
2698 5641 2938 5717 ingressi
2991 5648 3351 5715 porrexerunt
3421 5639 3707 5714 epistolam
