3996 6184
326 225 459 280 1001

1489 228 1654 285 VITA
1685 227 1741 283 S.
1774 227 1981 284 GALLI
2011 229 2316 288 ABBATIS.
2347 262 2416 273 —
2436 231 2563 288 LIB.
2597 233 2641 287 Ι.

2229 80 2254 94 τ’

3482 239 3619 297 1002

325 349 507 420 Quam
536 357 594 406 ut
622 349 708 406 vir
735 358 956 407 sanctus
984 351 1238 424 perlegit,
1270 350 1402 407 dixit
1441 352 1548 408 illis
1584 371 1597 407 :
1629 353 1752 426 Ego
1801 352 1924 425 qui-
1951 354 2151 414 Avino
2181 356 2394 428 plenos,
2423 365 2476 412 et
2494 364 2680 413 ternos
2709 355 2899 413 farina
2941 357 3154 414 modios
3185 360 3255 415 ob
3287 376 3399 416 sua
3423 360 3619 420 'devo-

333 440 478 509 dem,
512 456 544 496 ο
576 440 790 506 fratres,
824 441 992 497 verba
1015 442 1296 511 Propheta
1325 442 1550 513 cupiens
1591 442 1794 496 imitari
1850 442 1932 496 di-

333 529 540 586 centis:
572 531 899 586 Extraneus
919 533 1110 601 factus
1139 547 1267 586 sum
1287 533 1564 601 fratribus
1585 532 1744 596 meis,
1765 535 1819 586 et
1838 547 1933 602 pe-

333 620 595 690 regrinus
624 619 763 688 ﬁliis
801 619 1007 674 matris
1038 635 1176 674 meae
1206 619 1382 688 (Psal.
1406 634 1599 688 vam,
1623 621 1698 690 9),
1720 618 1935 674 deserui

334 715 496 762 notos
524 723 678 762 meos
726 715 779 761 et
825 707 1181 778 propinquos,
1237 715 1289 762 et
1327 715 1384 761 ut
1428 707 1652 762 liberius
1700 706 1935 762 Domino

330 810 555 868 possem
583 811 804 864 vacare,
839 796 1146 850 solitudinis
1177 795 1319 869 elegi
1350 805 1597 863 secreta;
1631 804 1796 867 utque
1829 813 1934 867 pa-

331 893 550 939 rentum
581 893 634 940 et
661 884 992 956 praediorum
1022 884 1392 940 dimissionem
1451 893 1788 957 prateream,
1811 885 1932 956 epi-

333 982 601 1045 scOpatus
635 975 901 1029 honorem
923 982 975 1028 et
1017 973 1232 1029 divitias
1279 974 1467 1028 mundi
1505 974 1784 1045 suscipere
1829 989 1938 1028 non

342 1063 619 1118 consensi.
653 1064 720 1118 Et
748 1079 855 1135 quo
886 1071 1046 1134 pacto
1080 1071 1203 1133 post
1224 1064 1365 1119 hanc
1396 1063 1858 1118 renuntiationem
1889 1072 1941 1118 et

337 1151 703 1207 voluntariam
749 1159 1126 1222 paupertatem
1160 1152 1342 1207 saculi
1388 1152 1713 1223 implicabor
1761 1168 1939 1224 nego-

337 1240 447 1309 tiis,
481 1240 762 1296 exaltabor
789 1241 1108 1307 honoribus,
1159 1241 1496 1310 ponderibus
1543 1240 1943 1314 aggravabor?

339 1329 517 1395 Absit,
546 1329 790 1401 inquam,
822 1337 880 1383 ut
909 1329 1001 1401 qui
1021 1345 1244 1384 manum
1264 1330 1317 1384 in
1339 1338 1576 1384 aratrum
1594 1329 1734 1394 misi,
1752 1329 1942 1385 oculos

339 1418 410 1473 ad
441 1417 636 1474 relicta
683 1425 1052 1489 retorqueam,
1103 1426 1155 1474 et
1199 1418 1338 1474 sicut
1386 1418 1540 1474 canis
1587 1426 1831 1475 revertar
1875 1417 1943 1472 ad

341 1508 628 1563 vomitum.
659 1507 821 1563 Scitis
854 1507 957 1578 ipsi
987 1524 1074 1563 me
1103 1507 1244 1562 inter
1273 1524 1371 1564 vos
1399 1508 1634 1579 positum
1654 1506 1946 1562 humilitati

344 1613 568 1668 semper
614 1597 833 1652 dedisse
895 1613 1116 1667 operam
1179 1604 1230 1651 et
1295 1597 1652 1666 subjectioni:
1704 1605 1756 1652 et
1802 1612 1944 1668 quo-

2034 445 2193 501 tionis
2222 445 2506 502 indicium.
2546 446 2754 516 Quibus
2782 463 2910 502 cum
2938 448 3235 521 gratiarum
3256 450 3465 507 actione
3495 469 3620 508 sus-

2035 535 2204 605 ceptis
2235 535 2417 590 cibum
2439 543 2804 607 sumpserunt,
2835 544 2889 591 et
2915 544 3037 606 post
3075 538 3320 608 corporis
3362 539 3619 597 refectio-

2034 639 2178 691 nem,
2210 624 2464 695 spiritalis
2480 624 2733 696 colloquii
2762 625 2991 695 dapibus
3010 625 3219 681 animas
3241 643 3367 682 suas
3395 644 3622 699 pascere

2037 712 2371 768 studuerunt.
2414 713 2652 769 Detinuit
2700 721 2873 768 autem
2917 729 3012 769 eos
3054 714 3245 769 beatus
3285 715 3474 772 Gallus
3523 719 3622 774 ali-

2037 802 2249 872 quantis
2299 819 2482 857 secum
2529 802 2736 870 diebus,
2787 811 2839 857 et
2898 803 3172 858 charitatis
3221 803 3412 860 intuitu
3475 809 3623 864 omni

2037 891 2380 945 humanitatis
2437 889 2568 946 fovit
2629 891 2908 962 obsequio.
2972 893 3226 947 Narravit
3283 909 3498 966 quoque
3558 897 3627 953 de

2039 980 2308 1034 communi
2347 981 2523 1049 Patre,
2573 980 2733 1034 beato
2776 979 3026 1036 videlicet
3072 981 3428 1049 Columbano,
3481 987 3627 1056 quod

2038 1076 2182 1123 certa
2210 1069 2473 1123 relatione
2501 1068 2780 1124 didicerat.
2806 1068 3014 1124 Deinde
3035 1069 3224 1125 osculo
3244 1071 3395 1141 pacis
3425 1073 3626 1145 oblato,

2041 1156 2243 1211 dimisit
2275 1172 2408 1223 eos;
2441 1166 2491 1212 et
2518 1157 2594 1211 illi
2625 1157 3002 1214 benedictione
3048 1158 3182 1214 tanti
3221 1160 3392 1216 Patris
3437 1164 3629 1218 armati

2038 1245 2103 1301 ad
2133 1262 2228 1301 sua
2249 1254 2578 1302 remearunt.

2608 1391 2834 1447 CAPUT
2852 1392 3058 1448 XXIX.

2046 1505 2320 1574 Quomodo
2360 1508 2760 1562 sanctissimus
2809 1510 2980 1564 Pater
3030 1510 3184 1564 inter
3237 1509 3628 1577 adiﬁcationis

2147 1579 2337 1633 studia
2355 1578 2504 1650 apud
2523 1579 2802 1634 Arbonam
2824 1579 3088 1650 migrarit
3107 1580 3179 1636 ad
3205 1582 3526 1638 Dominum.

345 1687 510 1741 modo
541 1685 764 1742 creditis
795 1685 865 1740 ad
895 1685 1025 1740 tanti
1057 1685 1306 1741 culminis
1335 1703 1422 1740 me
1451 1686 1735 1757 provocari
1783 1701 1944 1756 posse
1970 1718 2023 1776 B
2114 1685 2231 1739 Nec
2261 1684 2427 1739 multo
2453 1692 2593 1755 post,
2618 1701 2740 1740 cum
2751 1685 2864 1753 jam
2887 1685 3156 1740 bonorum
3175 1686 3416 1742 omnium
3435 1690 3638 1745 Auctor

348 1774 632 1848 fastigium
663 1776 690 1830 ?
721 1775 982 1829 Innovate
1014 1774 1260 1843 consilia,
1292 1773 1553 1829 aliorsum
1582 1790 1680 1829 vos
1709 1774 1941 1841 vertite;

341 1863 477 1917 mihi
513 1864 659 1934 quod
688 1863 870 1918 animo
899 1863 1070 1918 semel
1118 1861 1342 1917 infixum
1392 1871 1491 1929 est,
1536 1863 1800 1917 Dominus
1845 1861 1946 1915 im-

339 1959 553 2006 mutare
606 1968 715 2008 non
760 1952 917 2005 sinet.
963 1953 1059 2006 His
1101 1959 1154 2007 et
1195 1952 1459 2005 similibus
1507 1951 1692 2006 verbis
1736 1951 1947 2005 animos

344 2055 536 2096 eorum
567 2041 636 2095 ab
671 2057 766 2111 spe
798 2039 1192 2111 impetrationis
1249 2040 1409 2109 hujus
1457 2040 1680 2094 amovit.
1723 2038 1950 2094 Vocavit

345 2128 544 2184 deinde
576 2146 744 2182 unum
778 2145 807 2184 e
839 2128 1121 2195 fratribus,
1156 2137 1209 2184 et
1253 2145 1377 2183 eum
1423 2128 1775 2199 interrogavit
1821 2127 1950 2199 quid

345 2233 438 2274 ess
457 2225 546 2273 ent
579 2227 826 2288 tempore
875 2217 1188 2273 refectionis
1239 2218 1523 2288 sumpturi.
1573 2217 1816 2288 Cumque
1860 2233 1952 2271 re-

343 2323 608 2377 sponsum
661 2314 804 2361 esset
871 2308 1245 2362 tantummodo
1295 2306 1588 2361 sextarium
1637 2305 1828 2360 farina
1883 2305 1953 2360 ad

340 2411 505 2451 usum
536 2396 726 2450 haberi
757 2405 1098 2464 cunctorum,
1143 2395 1305 2465 jussit
1337 2395 1455 2450 fieri
1487 2411 1678 2466 panes,
1714 2395 1902 2450 dicens
1935 2411 1947 2448 :

343 2486 541 2540 Potens
571 2493 654 2539 est
695 2487 841 2540 Deus
874 2501 1074 2556 parare
1102 2502 1347 2540 mensam
1378 2485 1432 2538 in
1465 2485 1701 2540 deserto.
1735 2486 1802 2538 Et
1832 2500 1954 2539 cum

341 2573 565 2630 fecisset
594 2574 742 2629 olera
772 2574 976 2646 colligi,
1011 2573 1128 2645 ipse
1173 2591 1395 2629 sumens
1445 2582 1561 2628 rete
1590 2581 1643 2628 et
1669 2589 1836 2628 unum
1889 2589 1955 2628 ex

341 2663 625 2733 discipulis
647 2663 760 2717 suis
791 2679 911 2718 eum
946 2661 1202 2717 fratribus
1232 2663 1323 2734 qui
1387 2670 1837 2733 supervenerant,
1863 2661 1958 2716 ivit

347 2751 417 2805 ad
440 2752 734 2824 gurgitem,
790 2751 1024 2806 dicens:
1075 2751 1372 2806 Videamus
1418 2760 1600 2804 utrum
1643 2751 1956 2805 misericors

344 2841 610 2896 Dominus
642 2840 856 2911 aliquos
881 2839 1078 2895 nostris
1128 2840 1255 2896 velit
1303 2839 1717 2895 necessitatibus
1764 2839 1959 2911 largiri

347 2929 660 3001 pisciculos.
699 2931 948 3000 Cumque
977 2929 1358 3000 pervenissent
1390 2929 1458 2983 ad
1480 2928 1771 3001 gurgitem,
1805 2927 1958 2982 vide-

350 3025 472 3072 runt
521 3018 726 3089 piscem
777 3034 1040 3090 magnum
1087 3018 1142 3071 in
1184 3034 1341 3088 aqua
1390 3018 1711 3074 collectione
1756 3025 1956 3072 natan-

2046 1781 2098 1828 et
2125 1774 2460 1845 Propagator
2490 1773 2746 1828 athletam
2779 1791 2931 1828 suum
2961 1775 3030 1830 de
3051 1776 3434 1847 mundiagone
3457 1777 3639 1832 subla-

2047 1870 2159 1917 tum
2189 1862 2544 1932 pramiorum
2576 1862 2775 1917 laureis
2802 1863 2966 1919 vellet
3003 1864 3333 1934 perennibus
3349 1865 3636 1932 adornare,

2047 1950 2388 2004 Willimarus
2418 1952 2708 2022 presbyter
2736 1951 2963 2006 veniens
2992 1953 3060 2006 ad
3091 1952 3281 2007 cellam
3311 1953 3414 2008 viri
3444 1953 3638 2021 sancti,

2048 2039 2260 2110 rogavit
2291 2055 2411 2094 eum
2433 2047 2491 2093 ut
2537 2055 2724 2095 secum
2766 2041 3121 2113 egrederetur
3154 2042 3223 2096 ad
3269 2049 3543 2109 castrum;
3591 2051 3646 2099 et

2050 2135 2110 2182 ut
2137 2127 2408 2183 obtineret
2437 2129 2581 2199 quod
2611 2129 2798 2197 voluit,
2833 2129 3143 2198 hujusmodi
3162 2146 3296 2187 voce
3318 2130 3483 2186 ﬂebili
3517 2147 3646 2202 que-

2052 2217 2337 2272 rimoniam
2366 2217 2667 2271 submissus
2697 2218 2952 2288 explicuit
2983 2236 2996 2272 :
3038 2219 3161 2285 Cur,
3188 2220 3456 2291 inquiens,
3489 2236 3523 2276 o
3545 2222 3644 2276 Pa-

2055 2313 2156 2370 ter,
2183 2323 2290 2374 me,
2325 2306 2418 2377 qui
2446 2314 2663 2361 tuorum
2693 2306 2911 2361 monitis
2942 2307 3210 2362 dictorum
3240 2308 3453 2377 invitor,
3488 2309 3646 2380 quasi

2055 2395 2372 2465 despectum
2404 2395 2762 2466 dereliquisti,
2796 2402 2849 2450 et
2878 2395 3138 2451 doctrina
3165 2403 3272 2452 tua
3319 2397 3644 2454 salutaribus

2058 2484 2318 2538 institutis
2351 2484 2654 2538 auditorem
2685 2483 2948 2538 fraudasti
2963 2485 3285 2540 benevolum
3312 2487 3340 2541 ?
3368 2485 3464 2540 Cui
3507 2487 3646 2543 hanc

2057 2572 2419 2641 objectionem
2447 2572 2724 2628 ascribere
2741 2572 2966 2642 possim,
2999 2572 3102 2627 nisi
3125 2581 3478 2643 peccatorum
3497 2589 3650 2630 meo-

2057 2677 2180 2715 rum
2210 2660 2473 2716 fetoribus
2505 2666 2528 2716 ?
2560 2661 2678 2715 Nisi
2711 2663 2855 2716 enim
2885 2662 2997 2716 vita
3043 2677 3163 2717 mea
3193 2670 3285 2718 tuo
3315 2663 3652 2734 disipliceret

2052 2749 2279 2818 judicio,
2313 2749 2535 2805 amabili
2564 2766 2651 2805 me
2686 2749 3059 2806 aditicationis
3106 2760 3213 2807 tua
3257 2767 3364 2808 non
3409 2753 3651 2824 privares

2060 2838 2272 2894 solatio.
2305 2840 2462 2895 Nunc
2492 2855 2626 2912 ergo
2656 2839 2768 2894 noli
2791 2855 2891 2894 nos
2919 2856 3021 2911 pro
3049 2840 3287 2912 peccatis
3315 2842 3518 2897 nostris
3546 2843 3650 2898 ab-

2056 2927 2248 2998 jicere,
2283 2928 2380 2983 sed
2412 2928 2628 2983 Domini
2655 2936 2988 3000 provocatus
3016 2930 3307 2998 mandatis,
3342 2931 3488 2991 viam
3517 2932 3658 2988 veri-

2061 3015 2186 3071 tatis
2213 3017 2648 3072 desiderantibus
2677 3017 2851 3089 aperi,
2884 3028 2938 3073 et
2967 3019 3138 3074 solita
3166 3019 3324 3075 nobis
3347 3020 3655 3094 benignita-

348 3115 477 3171 tem,
517 3076 762 3179 duosque
828 3076 977 3161 illum
1042 3076 1255 3178 insequi
1314 3107 1505 3173 lutros,
1552 3107 1706 3178 quasi
1755 3123 1950 3177 capere
1979 3076 2027 3140 Ο
2063 3106 2132 3160 tis
2160 3123 2356 3161 munus
2388 3107 2661 3177 impende.
2710 3076 2888 3162 lifotus
2933 3108 3096 3181 igitur
3144 3109 3250 3165 hoc
3301 3076 3656 3182 suppliZantis

345 3195 645 3268 fugientem
677 3196 940 3250 volentes.
968 3196 1224 3250 Immisso
1257 3196 1381 3260 reti,
1409 3204 1624 3264 captum
1647 3211 1772 3249 eum
1795 3202 1965 3250 traxe-

348 3293 474 3338 runt
505 3285 574 3339 ad
605 3285 770 3338 littus.
804 3285 1050 3339 Habebat
1111 3292 1295 3339 autem
1339 3285 1396 3337 in
1442 3283 1782 3355 longitudine
1841 3284 1966 3353 pal-

349 3389 471 3428 mos
504 3373 812 3438 duodecim,
849 3381 901 3428 et
930 3374 984 3426 in
1025 3373 1312 3427 latitudine
1341 3380 1588 3444 quatuor.
1634 3370 1755 3440 Quo
1799 3371 1958 3439 facto,

346 3461 474 3517 lutri
502 3479 562 3517 se
592 3461 875 3533 profundis
907 3461 1263 3534 immergunt.
1296 3460 1558 3532 Imposito
1583 3477 1805 3514 rursum
1838 3460 1956 3525 reti,

351 3565 477 3606 cum
509 3551 808 3620 piscatores
840 3551 1013 3606 sancti
1033 3551 1265 3621 piscium
1296 3550 1535 3605 latebras
1566 3549 1839 3620 pulsando
1871 3548 1959 3602 in—

348 3640 668 3712 quietarent,
714 3640 907 3695 iterato
928 3639 1055 3694 lutri
1105 3647 1498 3711 apparuerunt,
1555 3637 1784 3709 piscium
1832 3646 1959 3693 tan-

349 3736 458 3783 tam
497 3729 895 3784 multitudinem
953 3729 1320 3799 propellentes
1366 3729 1419 3782 in
1462 3735 1600 3792 rete,
1644 3736 1702 3781 ut
1749 3727 1805 3781 id
1862 3743 1960 3782 sua

346 3817 656 3891 pluralitate
687 3835 784 3889 per
816 3818 938 3873 loca
967 3817 1369 3888 disrumperent
1390 3858 1402 3870 .
1443 3817 1634 3871 Prada
1672 3815 1854 3887 itaque
1889 3817 1959 3871 ad

347 3906 499 3961 littus
531 3907 812 3978 perducta,
850 3906 932 3960 vir
963 3906 1292 3962 discretione
1323 3905 1672 3976 plenissimus
1690 3905 1958 3976 quosdam

350 3994 553 4067 pisces,
590 3994 970 4064 adjuvantibus
1016 3995 1108 4067 qui
1153 3995 1400 4059 aderant,
1428 4012 1614 4049 rursus
1659 3994 1714 4047 in
1761 4010 1958 4065 aquam

348 4083 597 4158 projecit,
631 4093 683 4139 et
713 4084 971 4138 fratribus
1020 4084 1151 4137 dixit
1186 4100 1197 4138 :
1235 4083 1428 4150 Hodie,
1480 4090 1702 4154 propter
1747 4082 1957 4139 adven-

352 4179 468 4228 tum
489 4182 751 4241 vestrum,
783 4173 1091 4228 mirabilem
1142 4188 1257 4228 sua
1305 4171 1575 4244 largitatis
1624 4171 1956 4228 evidentiam

351 4260 620 4318 Dominus
649 4261 995 4317 manifestare
1030 4261 1285 4332 dignatus
1326 4270 1428 4315 est.
1459 4260 1541 4314 Illi
1574 4269 1794 4317 econtra
1835 4277 1957 4316 me-

357 4349 477 4405 ritis
508 4351 623 4420 ejus
650 4351 796 4423 quod
827 4351 1030 4406 factum
1060 4350 1236 4405 fuerat
1265 4349 1613 4421 imputantes,
1650 4366 1716 4406 eo
1759 4350 1955 4406 alacri-

2063 3195 2300 3267 alloquio
2324 3196 2542 3267 pietatis
2572 3204 2802 3266 amator,
2836 3197 3118 3253 descendit
3146 3199 3398 3266 cumillo,
3420 3207 3472 3256 et
3492 3216 3658 3257 vene-

2061 3293 2186 3338 runt
2224 3285 2278 3338 in
2309 3294 2563 3340 castrum.
2599 3287 2800 3342 Vocata
2848 3294 3026 3341 autem
3071 3287 3417 3344 multitudine
3464 3289 3520 3344 in
3566 3290 3656 3346 die

2062 3373 2310 3442 solemni,
2345 3374 2430 3428 vir
2461 3381 2681 3435 sanctus
2712 3375 3117 3444 pradicationis
3145 3377 3432 3434 dulcedine
3461 3378 3656 3435 avido-

2059 3478 2179 3516 rum
2209 3462 2564 3532 (auditorum)
2597 3464 2764 3517 corda
2792 3462 3003 3532 refecit,
3038 3471 3092 3518 et
3118 3473 3269 3522 tanta
3299 3483 3421 3538 qua
3448 3467 3659 3524 dixerat

2061 3550 2343 3620 sapientia
2372 3549 2494 3606 luce
2525 3551 2760 3618 vestivit,
2792 3559 2849 3605 ut
2871 3568 3085 3606 summa
3123 3555 3365 3610 omnium
3409 3558 3656 3627 gratula-

2060 3638 2206 3694 tione
2237 3639 2475 3705 auditus,
2508 3646 2562 3694 et
2603 3639 2768 3710 plena
2813 3647 3135 3695 cunctorum
3184 3643 3533 3700 veneratione
3591 3647 3659 3701 sit

2059 3729 2372 3784 honoratus.
2426 3728 2595 3784 Biduo
2645 3728 2825 3800 itaque
2865 3728 3069 3784 ibidem
3133 3730 3314 3798 ducto,
3367 3733 3522 3787 tertia
3567 3735 3656 3790 die

2059 3817 2209 3873 febre
2239 3826 2544 3888 correptus,
2578 3825 2788 3872 tantum
2820 3817 2874 3871 in
2905 3817 3058 3875 brevi
3096 3819 3214 3888 ejus
3255 3819 3511 3877 violentia
3550 3823 3651 3878 de-

2057 3924 2284 3978 pressus
2312 3915 2411 3975 est,
2447 3915 2504 3962 ut
2531 3923 2633 3963 nec
2659 3908 2728 3962 ad
2758 3907 2951 3963 cellam
2982 3908 3162 3964 redire
3191 3924 3293 3965 nec
3310 3909 3416 3966 cibi
3433 3919 3654 3967 susten-

2057 3995 2292 4052 taculum
2321 3996 2586 4066 potuisset
2615 3997 2918 4067 percipere.
2957 3997 3204 4069 Cumque
3235 3998 3337 4054 hac
3369 3998 3653 4057 inﬁmitate

2057 4102 2155 4156 per
2175 4085 2292 4140 dies
2323 4086 2733 4158 quatuordecim
2781 4087 3106 4154 laborasset,
3141 4087 3228 4144 die
3258 4097 3409 4145 sexto
3438 4089 3652 4146 decimo

2057 4175 2261 4230 mensis
2293 4175 2554 4243 octobris,
2580 4175 2635 4230 id
2653 4184 2735 4230 est
2755 4191 2875 4230 xvn
2902 4175 3179 4232 Kalendas
3204 4178 3536 4246 novembris,
3561 4195 3654 4234 ex-

2057 4263 2217 4334 pletis
2248 4264 2544 4337 nonaginta
2574 4265 2812 4337 quinque
2842 4265 3000 4321 annis
3031 4282 3142 4322 sua
3180 4266 3379 4335 atatis,
3398 4266 3454 4322 in
3487 4284 3652 4324 sene-

2057 4360 2201 4409 ctute
2231 4354 2395 4423 bona,
2432 4354 2590 4423 hujus
2619 4354 2742 4410 vitae
2779 4355 3038 4410 liberatus
3085 4355 3380 4429 ergastulo,
3415 4355 3653 4413 animam

352 4448 438 4495 ter
464 4448 740 4511 praeunte
785 4441 1005 4495 domum
1053 4439 1352 4496 redierunt.
1403 4441 1470 4494 Et
1515 4454 1642 4494 ecce
1681 4439 1836 4507 juxta
1883 4439 2028 4504 in-D
2059 4443 2266 4498 meritis
2297 4443 2516 4514 plenam
2546 4443 2796 4502 felicibus
2843 4444 3078 4502 reddidit
3121 4444 3284 4501 bonis.
3318 4445 3653 4504 inbasuram

353 4538 573 4594 troitum
603 4539 812 4596 cellula
842 4540 926 4596 vir
947 4556 1087 4595 unus
1117 4538 1385 4611 apparuit,
1421 4536 1604 4593 ferens
1638 4537 1776 4594 duos
1807 4545 1957 4593 utres

409 4713 426 4739 ⁸
448 4705 516 4755 Ex
542 4707 690 4755 dictis
711 4708 860 4764 hujus
875 4707 1056 4764 capitis
1079 4705 1236 4763 initio,
1265 4705 1441 4752 beatus
1484 4705 1650 4752 Gallus
1689 4705 1818 4752 obiit
1849 4715 1958 4752 non

353 4780 517 4825 multo
556 4783 673 4839 post
694 4781 897 4825 beatum
936 4778 1235 4831 Eustasium,
1271 4786 1419 4835 quem
1447 4788 1579 4823 anno
1607 4783 1686 4823 695
1715 4777 1777 4822 ad
1802 4787 1959 4833 supe-

354 4861 442 4898 ros
482 4851 786 4906 mlgravisse
825 4853 1034 4897 constat.
1081 4853 1135 4896 In
1183 4850 1290 4894 Vita
1323 4849 1481 4895 sancti
1526 4849 1820 4905 Magni,seu
1855 4851 1961 4895 Ma-

348 4922 584 4977 gnoaldi,
606 4923 772 4970 Gallus
795 4922 940 4969 beato
958 4921 1278 4974 columbano,
1300 4931 1433 4967 anno
1450 4925 1530 4966 635
1567 4922 1765 4975 denato,
1811 4922 1960 4967 annis

350 4993 604 5045 duntaxat
645 4994 819 5039 decem
862 4994 1172 5049 superfuisse
1194 4993 1395 5050 dicitur,
1420 4996 1475 5039 ut
1497 4993 1709 5049 proinde
1729 5002 1862 5038 anno
1883 4997 1962 5037 695

362 5065 552 5112 mundo
574 5066 854 5112 excessisse
884 5065 1129 5111 videatur.
1159 5069 1340 5112 Verum
1364 5066 1516 5110 multa
1540 5067 1670 5110 hunc
1714 5064 1958 5110 calculum

364 5139 612 5183 evertunt.
636 5138 682 5184 Si
719 5137 886 5184 Gallus
903 5147 1064 5183 annos
1086 5139 1236 5183 natus
1257 5136 1533 5191 nonaginta
1553 5137 1776 5193 quinque
1796 5136 1964 5181 deces-

360 5208 446 5264 sit,
475 5209 591 5264 quis
611 5209 749 5264 putet
769 5209 1153 5265 Constantiensi
1174 5209 1309 5254 clero
1329 5211 1444 5254 ante
1473 5219 1637 5253 annos
1670 5208 1842 5253 decem
1873 5218 1962 5253 ve-

361 5279 503 5325 nisse
531 5280 583 5324 in
606 5283 846 5332 mentem,
871 5282 928 5326 ut
953 5280 1208 5326 hominem
1229 5281 1496 5335 decrepita
1518 5280 1680 5326 atatis
1708 5279 1840 5325 ultra
1874 5288 1964 5324 an-

362 5360 461 5397 nos
490 5351 714 5408 quinque
736 5357 785 5398 et
814 5352 1066 5407 octoginta
1107 5354 1396 5407 provectum
1432 5351 1483 5396 in
1518 5351 1689 5396 sedem
1737 5360 1960 5404 vacuam,

361 5422 435 5468 uti
456 5433 608 5478 supra
629 5435 737 5478 cap.
772 5429 826 5469 22
863 5423 1060 5479 legitur,
1099 5423 1452 5479 promoveret?
1499 5425 1603 5467 lmo
1640 5421 1754 5477 quis
1791 5420 1964 5466 credat

360 5495 637 5540 monachos
660 5495 1000 5541 Luxovienses
1020 5497 1133 5552 post
1154 5494 1367 5541 Eustasii
1392 5495 1601 5540 mortem
1621 5492 1684 5538 de
1705 5493 1842 5539 Gallo
1858 5492 1963 5547 jam

359 5563 466 5612 fere
487 5566 780 5614 centenario
815 5567 1083 5623 cogitasse,
1131 5569 1185 5613 ut
1230 5566 1372 5613 illum
1417 5575 1478 5612 ex
1515 5567 1707 5612 remota
1745 5563 1960 5619 regione

726 5641 968 5699 Paraon.
1011 5639 1207 5697 CXIV.

2057 4533 2388 4603 perennibus
2419 4541 2462 4590 ⁸.

2057 4703 2292 4750 abbatem
2347 4702 2445 4749 sibi
2509 4702 2872 4750 arcesserent?
2917 4701 3108 4750 Deinde
3159 4703 3266 4760 jam
3322 4705 3652 4761 grandaevum

2057 4773 2217 4821 fuisse
2289 4775 2480 4821 Gallum
2553 4785 2610 4820 ac
2681 4775 2830 4820 beato
2897 4774 3204 4822 Columbano
3260 4777 3504 4832 magistro
3559 4787 3654 4825 suo

2061 4848 2206 4892 atate
2263 4845 2577 4901 superiorem
2620 4845 2739 4890 dum
2799 4845 2853 4891 in
2903 4846 3112 4893 Galliam
3168 4847 3308 4893 venit
3345 4848 3516 4894 dicere
3567 4860 3661 4896 ne-

2059 4927 2199 4963 cesse
2245 4918 2334 4966 est,
2399 4916 2441 4961 si
2500 4916 2848 4972 nonagenario
2900 4916 3066 4971 major
3121 4927 3254 4963 anno
3290 4923 3371 4964 625
3427 4920 3659 4968 mortuus

2062 4990 2152 5035 est.
2218 4988 2440 5044 Denique
2479 4988 2672 5035 Gallum
2734 4989 2881 5035 beato
2921 4989 3227 5043 Dagoberto.
3286 4991 3484 5037 Clotarii
3533 4993 3657 5048 ﬁlio,

2061 5061 2402 5115 supervixisse
2434 5060 2538 5116 jam
2578 5059 2640 5105 ad
2697 5070 2805 5116 cap.
2851 5063 2898 5104 14
2938 5060 3242 5107 notavimus.
3312 5062 3397 5109 Cui
3443 5063 3514 5110 rei
3573 5075 3661 5112 ar-

2060 5133 2300 5189 gumento
2338 5132 2414 5178 est
2443 5132 2576 5188 quod
2620 5131 2762 5178 Talto
2798 5132 2880 5177 vir
2930 5131 3172 5184 illustris,
3216 5134 3487 5192 Dagoberti
3526 5138 3662 5193 regis

2061 5208 2393 5257 eamea-artus,
2449 5204 2678 5249 sanctum
2717 5203 2910 5250 Gallum
2957 5215 3070 5250 cum
3114 5204 3174 5250 in
3218 5215 3439 5265 corpore
3477 5208 3664 5254 viveret

2062 5275 2280 5322 coluisse
2315 5275 2500 5321 dicitur
2539 5277 2833 5331 (Ratpertus.
2875 5275 2934 5323 de
2991 5275 3200 5323 Casibus
3257 5283 3302 5325 s.
3347 5278 3497 5333 Galli,
3555 5288 3667 5332 cap.

2066 5348 2149 5402 1).
2227 5349 2295 5392 De
2369 5348 2664 5393 auctoritate
2726 5347 2990 5403 scriptoris
3063 5347 3188 5395 Vita
3275 5349 3433 5395 sancti
3498 5347 3664 5403 Magni

2063 5428 2156 5464 suo
2195 5419 2305 5464 loco
2362 5418 2690 5464 disseremus.
2748 5419 3035 5466 Notandum
3097 5430 3248 5476 porro
3311 5421 3388 5466 est
3443 5420 3671 5465 sanctum

2065 5489 2256 5537 Gallum
2294 5489 2348 5536 in
2399 5489 2614 5538 sinceris
2670 5491 2882 5540 Usuardi
2931 5493 2981 5539 et
3037 5491 3226 5539 Adonis
3280 5489 3676 5547 Martyrologiis,

3206 5634 3274 5691 32
