4024 6194
421 263 552 317 1003

985 386 1210 444 CAPUT
1255 387 1436 442 XXX.

462 477 529 533 Ut
547 475 744 549 funeri
775 477 896 548 ejus
933 478 1177 532 Joannes
1210 479 1497 549 episcopus
1540 477 1901 549 interfuerit,
1953 482 2008 533 et

510 548 976 620 quemadmodum
1023 548 1342 620 cognoverit
1381 548 1585 604 nonibi
1637 548 1767 604 eum
1813 549 2007 606 debere

496 619 746 674 recondi.

483 703 621 760 Cum
651 706 814 778 igitur
840 705 1078 761 audisset
1116 707 1372 772 Joannes,
1425 706 1856 762 Constantiensis
1893 707 2002 762 Ec-

410 792 593 850 clesiae
619 794 836 864 praesul,
869 794 1087 850 beatum
1119 793 1336 850 Gallum
1366 797 1512 867 apud
1541 797 1820 852 Arbonam
1852 793 2004 849 inﬁr-

407 882 563 951 mari,
595 883 896 938 ascendens
917 883 1240 951 naviculam,
1273 894 1496 954 potuum
1545 893 1597 939 et
1646 886 1893 940 ciborum
1938 899 2002 940 ea

407 985 591 1026 secum
621 986 825 1043 genera
855 971 971 1026 tulit
1003 989 1123 1044 quae
1151 971 1460 1028 infirmitate
1484 974 1754 1029 laboranti
1777 981 2002 1029 noverat

406 1073 734 1132 congruere,
767 1068 823 1114 ut
853 1061 1103 1117 videlicet
1143 1077 1243 1117 sua
1281 1061 1585 1117 visitatione
1625 1061 2000 1117 fidelissimum

403 1147 674 1203 refoveret
701 1148 956 1205 amicum.
991 1151 1236 1222 Cumque
1267 1151 1418 1221 potui
1447 1151 1860 1223 propinquaret,
1896 1167 1998 1206 au-

402 1236 535 1292 divit
564 1237 618 1291 in
665 1237 828 1293 domo
874 1239 1178 1310 presbyteri
1227 1239 1501 1309 planctum
1549 1256 1809 1313 magnum
1853 1240 1999 1296 circa

403 1324 566 1380 funus
594 1326 696 1382 viri
727 1326 824 1382 Dei
869 1327 1158 1393 celebrari,
1207 1336 1259 1382 et
1302 1328 1659 1401 interrogavit
1700 1345 1820 1400 qua:
1863 1329 1997 1383 tanti

403 1422 548 1470 esset
577 1430 745 1470 causa
775 1416 1041 1486 ploratus.
1070 1417 1311 1470 Audiens
1331 1425 1511 1472 autem
1533 1418 1747 1472 Gallum
1769 1433 1997 1473 venera-

401 1503 584 1573 bilem,
617 1503 985 1558 ﬁrmissimum
1018 1521 1130 1560 sua:
1159 1504 1535 1560 familiaritatis
1575 1505 1874 1570 custodem,
1927 1506 1996 1561 de

402 1592 560 1661 hujus
593 1592 777 1648 seaculi
809 1594 1113 1666 emigrasse
1141 1594 1421 1664 periculis,
1455 1595 1602 1649 misit
1632 1610 1691 1649 se
1723 1595 1776 1648 in
1799 1610 1993 1666 aquam

399 1683 600 1752 (neque
629 1681 773 1736 enim
804 1691 1012 1753 poterat
1040 1691 1266 1754 propter
1294 1683 1517 1737 nimium
1548 1683 1794 1738 dolorem
1827 1683 1994 1737 susti-

399 1785 534 1825 nere
565 1771 741 1830 donec
769 1771 1177 1826 naviculalittus
1193 1772 1526 1845 attingeret),
1545 1772 1996 1844 descendensque

400 1875 524 1915 cum
573 1859 657 1913 his
705 1859 797 1931 qui
863 1876 1050 1916 secum
1098 1869 1380 1927 venerant,
1423 1861 1639 1916 intravit
1680 1861 1736 1915 in
1774 1849 1994 1916 domum

399 1947 702 2019 prebyteri,
737 1948 956 2020 lugubri
987 1964 1122 2004 voce
1154 1957 1208 2004 et
1235 1949 1482 2019 corporis
1512 1958 1671 2022 gestu
1701 1965 1994 2004 maerorem

403 2036 587 2091 cordis
617 2035 918 2091 insinuans.
951 2037 1161 2092 Invenit
1208 2046 1390 2093 autem
1437 2053 1638 2109 corpus
1684 2038 1786 2094 viri
1821 2039 1994 2094 sencti

400 2124 702 2179 involutum
731 2133 784 2180 et
812 2125 868 2179 in
896 2125 1079 2182 loculo
1123 2127 1453 2198 repositum;
1479 2127 1837 2200 aperiensque
1868 2143 1992 2183 sar-

399 2214 725 2285 cophagum,
786 2222 838 2270 et
879 2216 1124 2271 examine
1175 2216 1336 2272 amici
1398 2217 1632 2272 cadaver
1675 2217 1989 2288 inspiciens,

400 2303 701 2358 amariores
733 2319 856 2359 cum
886 2305 986 2361 hac
1016 2320 1151 2361 voce
1182 2305 1452 2378 lacrymas
1473 2305 1623 2360 dedit
1658 2324 1671 2361 :
1705 2307 1842 2370 lleu,
1863 2308 1988 2376 heu,

399 2393 561 2446 Pater
589 2401 784 2459 amate,
819 2393 924 2449 heu
954 2395 1148 2450 doctor
1178 2395 1421 2467 egregie,
1458 2411 1556 2450 cur
1594 2411 1683 2451 me
1712 2396 1780 2450 de
1829 2396 1991 2452 domo

399 2480 568 2551 patris
599 2481 847 2537 eductum
868 2482 921 2535 in
952 2481 1036 2536 his
1066 2482 1320 2554 periculis
1350 2484 1507 2554 quasi
1555 2485 1857 2554 orphanum
1902 2484 1990 2538 di-

396 2569 610 2639 misisti,
646 2579 699 2626 et
727 2569 1108 2626 confidentiam
1139 2587 1336 2639 meam,
1371 2587 1479 2643 qua
1507 2572 1575 2627 de
1615 2572 1720 2626 tuis
1750 2573 1991 2628 consiliis

396 2658 688 2729 plurimum
733 2661 1152 2730 praesumebam,
1203 2661 1490 2715 immatura
1529 2669 1706 2716 morte
1752 2661 1991 2732 rupisti?

396 2747 514 2801 Tibi
543 2748 763 2819 quidem
795 2749 847 2802 in
877 2749 1284 2819 perceptionem
1323 2749 1548 2820 prmmii,
1582 2750 1727 2822 quod
1757 2758 1868 2804 tam
1900 2766 1988 2805 ar-

394 2834 588 2891 denter
615 2837 991 2903 desiderabas,
1043 2839 1161 2894 haec
1209 2847 1301 2893 tua
1346 2855 1496 2893 mors
1536 2847 1618 2894 est
1662 2838 1986 2907 fructuosa;

395 2924 552 2979 nobis
577 2933 756 2980 autem
785 2925 840 2979 in
860 2935 938 2981 tot
959 2927 1312 2981 mundialium
1344 2927 1818 2997 perturbationum
1851 2943 1988 2998 pro-

388 3013 541 3068 cellis
587 3013 962 3069 laborantibus
1011 3015 1379 3085 multipliciter
1427 3023 1509 3070 est
1557 3016 1825 3072 luctuosa.
1879 3016 1987 3072 Sed

984 261 1390 320 WALAFRIDI
1428 262 1671 318 STRABI
1708 261 1906 319 FULD.
1946 260 2121 318 MON.
2163 261 2316 320 OPP.
2355 264 2534 321 PARS
2572 265 2637 320 II.
2679 294 2749 307 —
2786 265 3178 323 HISTORICA.

3561 269 3698 324 1004

2036 387 2092 449 Α
2115 403 2237 443 cum
2268 388 2412 446 clero
2443 391 2754 460 hujusmodi
2775 391 3076 448 orationem
3094 391 3243 448 dedit
3275 391 3462 449 :Deus
3493 393 3585 465 qui
3605 411 3702 464 per

2108 479 2406 548 potentiam
2435 481 2731 548 majestatis
2764 489 2868 536 tuae
2895 482 3098 553 ubique
3129 489 3271 536 totus
3301 499 3379 549 es,
3414 498 3513 554 pro
3551 483 3698 552 cujus

2108 583 2296 622 amore
2326 568 2409 623 vir
2437 567 2537 624 iste
2569 570 2787 641 reliquit
2818 571 3046 640 patriam
3095 586 3270 637 suam,
3321 579 3376 624 ut
3426 581 3698 642 praecepta

2105 663 2196 710 tua
2227 666 2610 725 conservaret;
2646 659 2732 715 fac
2765 675 2962 730 corpus
2993 660 3109 729 ejus
3131 660 3199 714 ab
3230 660 3316 714 his
3362 661 3520 732 equis
3542 660 3698 716 indo-

2104 745 2250 800 mitis
2279 745 2411 801 ferri
2439 747 2494 801 in
2524 747 2703 803 locum
2730 765 2891 820 quem
2914 757 3002 802 tua
3021 748 3270 805 voluntas
3299 750 3509 804 meritis
3530 749 3696 820 ipsius

2103 833 2372 905 praevidit.
2405 836 2648 909 Cumque
2679 835 2830 892 finita
2860 845 3006 893 esset
3034 838 3230 906 oratio,
3255 838 3435 896 cuncti
3455 838 3548 911 qui
3568 839 3696 895 ade-

2102 930 2238 990 rant,
2273 925 2447 980 Amen
2475 926 2890 997 responderunt.
3237 921 3244 930 “

2669 1067 2893 1123 CAPUT
2917 1067 3126 1124 XXXI.

2207 1181 2416 1238 Debilis
2428 1197 2533 1254 per
2553 1183 3017 1239 vestimentorum
3044 1185 3233 1241 sancti
3253 1184 3361 1240 viri
3380 1201 3589 1241 munus

2595 1275 2890 1344 acceptum
2937 1277 3194 1329 sanatus.

2169 1413 2486 1486 Congruum
2515 1413 2730 1469 videtur
2755 1414 2812 1468 in
2842 1415 2947 1471 hoc
2988 1415 3110 1472 loco
3154 1423 3404 1472 retexere
3452 1416 3690 1472 miracu-

2097 1500 2208 1556 lum
2239 1503 2382 1574 quod
2412 1502 2850 1559 Dominus'inter
2899 1503 2983 1558 sui
3029 1503 3363 1561 confessoris
3409 1505 3692 1578 exsequias

2097 1591 2352 1646 exhibere
2374 1591 2628 1664 dignatus
2659 1601 2738 1647 est
2764 1612 2776 1659 ;
2811 1608 2916 1664 quo
2932 1593 3137 1665 liquido
3155 1594 3365 1650 cunctis
3386 1595 3692 1650 ostenderet

2097 1695 2312 1734 servum
2336 1696 2493 1734 suum
2514 1696 2699 1736 secum
2716 1682 2982 1738 veraciter
2998 1690 3125 1737 tunc
3144 1682 3348 1748 vivere,
3364 1683 3493 1737 dum
3511 1683 3690 1738 carnis

2022 1747 2074 1807 B
2096 1767 2210 1836 ejus
2225 1784 2440 1824 carcere
2458 1769 2737 1824 liberatur.
2759 1771 2892 1826 Erat
2912 1771 2986 1825 ibi
3007 1771 3226 1842 quidam
3248 1747 3532 1827 mendicus
3550 1780 3692 1826 tanta

2094 1873 2193 1928 per
2222 1873 2412 1913 omnes
2443 1859 2810 1914 membrorum
2835 1860 3118 1928 juncturas
3149 1861 3429 1916 debilitate
3473 1870 3690 1916 contra-

2095 1955 2231 2014 ctus,
2265 1955 2322 2000 ut
2351 1947 2568 2017 penitus
2600 1947 2740 2003 inter
2770 1948 2908 2002 alias
2937 1965 3051 2004 sua:
3073 1947 3398 2003 inﬁrmitatis
3417 1949 3692 2005 molestias

2093 2033 2311 2090 incessu
2333 2035 2534 2105 pedum
2581 2044 2810 2092 careret.
2864 2037 2999 2092 Huic
3040 2037 3168 2092 dum
3215 2037 3503 2109 presbyter
3537 2038 3693 2093 indu-

2092 2133 2276 2180 menta
2307 2124 2411 2180 viri
2444 2125 2544 2180 Dei
2575 2125 2927 2181 distribueret
2956 2126 3310 2196 pauperibus,
3344 2127 3549 2200 caligas
3578 2128 3691 2197 ejus

2093 2229 2218 2269 cum
2249 2213 2636 2268 calceamentis
2667 2214 2832 2269 dedit.
2861 2215 3161 2286 Statimque
3190 2215 3408 2282 debilis,
3448 2231 3550 2287 pro
3597 2231 3690 2273 ac-

2091 2309 2248 2372 cepto
2292 2319 2519 2358 munere
2570 2319 2783 2358 summo
2850 2303 3090 2374 repletus
3136 2304 3359 2376 gaudio,
3406 2313 3464 2358 ut
3509 2320 3690 2360 sacras

2090 2391 2339 2446 cruribus
2366 2399 2418 2446 et
2448 2391 2651 2462 plantis
2680 2391 2883 2462 aptavit
2931 2393 3173 2457 exuvias,
3224 2409 3320 2464 per
3356 2409 3550 2448 omnes
3600 2410 3688 2449 ar-

2092 2486 2241 2533 tuum
2271 2496 2566 2553 compages
2611 2489 2834 2552 repente
2879 2481 3088 2536 solutus
3132 2489 3250 2548 est;
3299 2489 3352 2537 et
3409 2482 3684 2554 exsiliens,

2090 2583 2223 2623 voce
2271 2568 2528 2624 clamavit
2574 2569 2802 2643 ingenti,
2847 2577 2898 2626 et
2945 2570 3148 2643 gratias
3195 2570 3305 2642 egit
3353 2571 3590 2626 Domino
3637 2580 3690 2627 et

2091 2655 2270 2722 Gallo,
2303 2673 2402 2726 per
2431 2657 2582 2726 cujus
2613 2658 2808 2713 merita
2839 2659 3107 2714 redditam
3155 2659 3260 2712 sibi
3288 2659 3508 2714 videbat
3538 2660 3687 2714 sani-

2089 2752 2273 2800 tatem.
2307 2746 2512 2800 Videns
2541 2755 2725 2802 autem
2754 2747 3045 2818 episcopus
3075 2755 3126 2802 et
3153 2747 3329 2802 cuncti
3350 2748 3443 2818 qui
3460 2749 3686 2802 aderant

2089 2834 2333 2889 sanitatis
2381 2836 2542 2904 hujus
2579 2836 2917 2905 miraculum,
2964 2837 3290 2892 unanimiter
3335 2836 3686 2910 glorificave-

2087 2931 2213 2977 runt
2243 2924 2434 2991 Deum,
2459 2933 2621 2996 atque
2637 2925 2889 2980 dixerunt
2921 2941 2933 2980 :
2967 2925 3248 2980 Manifesta
3269 2925 3467 2980 virtute
3490 2927 3682 2997 digna-

2086 3019 2172 3066 tus
2200 3021 2282 3066 est
2311 3013 2574 3067 Dominus
2604 3014 2765 3068 hodie
2797 3013 3030 3085 gloriam
3051 3015 3196 3069 servi
3213 3015 3294 3069 sui
3314 3015 3474 3070 nobis
3499 3024 3679 3070 osten-

390 3101 482 3173 qui
525 3103 594 3158 de
653 3102 776 3157 vitae
814 3103 1114 3172 corporalis
1156 3103 1553 3173 interruptione
1601 3104 1870 3173 dolemus,
1922 3105 1989 3160 de
2017 3106 2066 3169 C
2087 3100 2238 3156 dere.
2271 3101 2550 3156 Dederunt
2578 3101 2760 3174 itaque
2791 3102 2841 3157 ei
2864 3102 2956 3173 qui
2985 3111 3210 3157 sanatus
3240 3103 3411 3158 fuerat
3430 3119 3673 3171 cereum,

387 3189 584 3246 animm
612 3190 934 3245 immortalis
961 3191 1205 3246 libertate
1237 3191 1482 3262 gaudere
1519 3191 1801 3262 debemus,
1851 3194 1986 3249 certi

389 3277 515 3350 quia
545 3278 879 3334 orationibus
909 3294 1018 3333 non
1048 3278 1268 3334 desinas
1317 3280 1572 3348 adjuvare
1612 3298 1750 3353 quos
1797 3283 1985 3338 consi-

389 3366 466 3420 lio
513 3375 567 3421 et
613 3367 878 3437 exemplis
921 3367 1186 3423 roborare
1235 3384 1626 3425 consueveras.
1677 3371 1821 3426 [nter
1867 3372 1986 3428 haec

387 3454 577 3520 verba,
609 3456 899 3528 presbyter
929 3473 1050 3511 eum
1081 3466 1138 3511 ut
1160 3467 1413 3530 surgeret
1445 3459 1670 3524 monuit,
1696 3468 1753 3514 ut
1774 3476 1875 3531 pro
1896 3477 1984 3516 re-

387 3542 513 3615 quie
543 3542 783 3599 defuncti
812 3545 1151 3600 ambitiosius
1182 3547 1474 3602 Dominum
1506 3558 1844 3618 precaretur.
1895 3551 1984 3604 In-

383 3639 666 3688 traverunt
696 3633 875 3705 itaque
905 3635 1216 3702 ecclesiam,
1245 3644 1298 3690 et
1331 3636 1621 3707 episcopus
1642 3654 1739 3708 pro
1769 3639 1982 3694 charis-

385 3721 522 3776 simo
576 3723 840 3778 salutares
904 3724 1110 3778 hostias
1175 3725 1474 3781 immolavit
1539 3727 1735 3781 amico.
1807 3727 1981 3783 Finito

383 3818 560 3866 autem
598 3810 850 3868 fraternae
899 3815 1434 3868 commemorationis
1480 3815 1764 3886 obsequio,
1819 3815 1984 3886 respi-

383 3901 532 3955 ciens
598 3908 721 3970 post
767 3909 1003 3974 tergum,
1046 3902 1179 3956 vidit
1221 3901 1427 3957 fossam
1469 3903 1524 3957 in
1573 3920 1684 3975 qua
1732 3913 1980 3960 sanctum

382 4004 582 4058 corpus
611 3990 835 4044 humare
866 3990 1139 4044 volebant.
1191 3992 1536 4063 Acceptaquc
1585 4008 1748 4048 cruce
1795 4002 1848 4048 et
1896 3993 1980 4048 his

380 4093 501 4149 qua:
531 4077 807 4148 exsequiis
835 4079 1176 4143 exhibentur,
1214 4079 1546 4134 intraverunt
1576 4081 1822 4146 domum,
1877 4098 1977 4137 vo-

379 4165 554 4221 lentes
585 4169 894 4222 thesaurum
927 4167 1154 4238 pretiosi
1181 4170 1432 4239 corporis
1452 4169 1519 4223 ad
1540 4169 1721 4225 locum
1742 4170 1978 4241 sepulcri

378 4255 670 4310 deducere.
697 4256 939 4328 Cumque
968 4273 1154 4312 arcam
1185 4273 1292 4328 qua
1340 4257 1692 4313 claudebatur
1741 4260 1980 4314 cadaver

381 4341 583 4398 feretro
613 4344 942 4414 impositum,
977 4346 1046 4400 ad
1077 4346 1283 4400 fossam
1317 4347 1616 4416 sepultura)
1647 4357 1978 4404 conarentur

381 4431 615 4500 deferre,
647 4433 809 4488 nullis
858 4434 1064 4489 viribus
1123 4452 1352 4506 usquam
1398 4437 1568 4505 potuit
1624 4438 1972 4492 commoveri.

380 4519 538 4590 Quod
568 4523 694 4577 novi
723 4540 896 4594 genus
925 4524 1172 4578 miraculi
1203 4524 1331 4577 dum
1361 4525 1558 4578 mutuis
1586 4526 1834 4581 mirando
1856 4527 1974 4582 col-

378 4608 578 4681 loquiis
628 4620 1007 4678 retractarent,
1073 4613 1308 4667 Joannes
1380 4613 1668 4684 cpiscopus
1703 4615 1880 4670 dixit:
1915 4617 1975 4670 In

378 4697 607 4754 veritate
638 4714 912 4769 cognosco
951 4701 1091 4754 hanc
1139 4701 1377 4770 sepulcri
1423 4703 1606 4756 sedem
1658 4703 1804 4758 Patri
1850 4720 1973 4764 meo

379 4787 539 4842 Gallo
567 4803 677 4841 non
706 4787 943 4858 placere.
968 4790 1035 4842 Et
1050 4789 1210 4857 jussit
1227 4791 1550 4860 presbytero
1571 4800 1626 4844 ut
1647 4793 1785 4846 duos
1803 4810 1973 4864 equos

377 4875 646 4931 inveniret
676 4876 987 4942 indomitos,
1022 4885 1073 4931 et
1094 4877 1298 4932 faceret
1344 4879 1628 4935 introduci.
1661 4881 1818 4950 Quod
1849 4899 1974 4938 cum

381 4964 580 5020 factum
610 4974 775 5032 esset,
811 4975 1118 5022 straverunt
1149 4983 1246 5022 eos
1274 4983 1398 5024 cum
1431 4986 1630 5041 magno
1660 4970 1869 5038 labore,
1921 4979 1974 5026 et

379 5053 450 5108 ad
480 5053 658 5109 locum
689 5055 780 5109 ubi
809 5072 1008 5127 corpus
1029 5057 1247 5126 jacebat
1275 5057 1565 5128 duxerunt,
1611 5066 1664 5114 et
1682 5059 1972 5132 episcopus

377 5233 478 5270 non
500 5233 603 5270 xvu
624 5224 830 5271 Kalend.
865 5226 1126 5282 Novemb.,
1147 5237 1248 5283 quo
1269 5227 1352 5273 die
1372 5238 1400 5272 a
1438 5229 1711 5276 Walat‘rido
1759 5231 1839 5278 hic
1861 5235 1907 5278 et
1943 5242 1971 5278 ιι

376 5295 731 5342 Wandalberto
759 5297 1054 5352 celebratur,
1077 5299 1163 5342 sed
1190 5308 1221 5341 x
1242 5297 1438 5343 kalend.
1480 5301 1640 5346 Martii
1683 5303 1971 5348 memorari.

377 5368 458 5414 Sic
494 5369 629 5414 enim
659 5367 950 5415 Usuardus:
978 5369 1279 5414 Alemannt‘a
1314 5371 1486 5416 sancti
1523 5371 1660 5418 Galli
1692 5375 1974 5431 presbyteri

371 5443 416 5484 et
439 5440 572 5496 conf.
603 5443 657 5485 Et
679 5439 894 5484 Adozm
917 5439 1210 5484 Alemannia
1254 5442 1422 5486 sancti
1461 5443 1596 5488 Galli
1638 5444 1771 5501 conf.
1811 5447 1972 5491 Wala-

378 5511 538 5557 l'ridus
564 5511 814 5569 siquidem
833 5513 882 5556 et
901 5511 1282 5557 Wandalbertus
1302 5513 1433 5558 diem
1456 5514 1625 5560 obitus
1646 5524 1746 5560 xxxi
1769 5517 1972 5563 Kalend.

382 5584 626 5629 Novemb.
649 5583 1048 5639 consignatum;
1081 5583 1336 5629 Usuardus
1365 5585 1415 5629 et
1438 5586 1542 5630 Αᾱο
1571 5596 1600 5630 x
1626 5588 1832 5635 Kalend.
1854 5591 1976 5635 Mar-

376 5653 442 5700 eil
469 5655 716 5703 collocant
736 5655 944 5703 forsitan
967 5652 1269 5702 elevationis
1289 5656 1598 5715 memoriam,
1641 5658 1761 5707 dum
1811 5663 1972 5709 sancti

2089 3197 2141 3244 et
2169 3199 2490 3260 prosecutus
2523 3199 2606 3245 est
2625 3189 2784 3245 funus
2813 3207 2939 3246 cum
2958 3199 3159 3247 caztero
3178 3193 3395 3262 p0pulo.
3420 3193 3537 3248 Hoc
3572 3192 3683 3263 pri-

2085 3293 2232 3332 mum
2263 3278 2482 3352 signum
2512 3287 2636 3350 post
2664 3280 2955 3335 transitum
2988 3280 3104 3350 ejus
3135 3279 3399 3336 Dominus
3441 3281 3512 3336 ad
3561 3296 3680 3337 me-

2084 3366 2314 3422 moriam
2343 3367 2491 3424 illius
2521 3368 2839 3425 declaravit.

2628 3527 2852 3583 CAPUT
2906 3526 3142 3582 XXXII.

2086 3642 2259 3713 Signa
2287 3641 2744 3710 mortiﬁcationis
2779 3645 2900 3714 ejus
2927 3646 3055 3714 post
3073 3643 3284 3699 obitum
3303 3641 3670 3714 deprehensa.

2153 3785 2295 3839 Inter
2341 3785 2561 3840 easdem
2611 3801 2827 3857 quoque
2886 3785 3031 3840 beati
3079 3785 3316 3856 pastoris
3363 3785 3671 3858 exsequias,

2077 3871 2224 3926 aliud
2255 3888 2364 3926 non
2395 3873 2668 3928 mediocre
2699 3873 3004 3928 sanctitatis
3036 3874 3150 3942 ejus
3199 3873 3458 3928 indicium
3509 3889 3674 3944 appa-

2077 3960 2204 4014 ruit.
2239 3960 2439 4014 llabuit
2470 3961 2550 4015 vir
2580 3962 2678 4016 Dei
2710 3962 3004 4032 capsellam
3037 3961 3104 4016 de
3136 3961 3286 4017 corio
3315 3961 3519 4017 factam
3549 3962 3674 4016 dili-

2077 4057 2271 4120 genter
2302 4057 2589 4116 serratam,
2624 4051 2777 4118 cujus
2809 4051 3018 4106 clavem
3051 4051 3150 4104 sub
3169 4057 3278 4104 tam
3309 4050 3462 4122 vigili
3493 4058 3672 4106 custo-

2077 4137 2168 4191 dia
2196 4137 2314 4208 ipse
2346 4137 2582 4204 retinuit,
2617 4147 2673 4192 ut
2702 4139 2883 4193 nullus
2913 4138 3303 4209 discipulorum
3325 4140 3465 4208 ejus,
3509 4155 3675 4211 quan-

2076 4225 2169 4279 diu
2199 4225 2251 4279 in
2278 4243 2506 4297 corpore
2529 4227 2676 4294 vixit,
2703 4228 2830 4299 quid
2848 4227 2990 4282 intus
3009 4236 3320 4282 servaretur
3335 4243 3672 4300 cognoscere

2075 4314 2360 4384 potuisset.
2395 4316 2548 4371 Hanc
2580 4324 2761 4370 autem
2793 4333 2856 4371 ex
2899 4317 3012 4371 suis
3056 4317 3298 4372 humeris
3346 4317 3674 4388 pendentem

2078 4401 2216 4458 ferre
2239 4403 2468 4470 solebat,
2505 4421 2832 4476 quocunque
2879 4406 3200 4460 ambulavit.
3240 4407 3308 4460 At
3335 4406 3427 4459 ubi
3457 4405 3527 4460 de
3576 4407 3675 4460 hac

2079 4490 2186 4546 vita
2216 4492 2491 4564 migravit,
2521 4501 2736 4562 sumpta
2781 4493 2931 4548 clave
2979 4502 3309 4563 aperuerunt
3354 4493 3670 4564 capsellam,

2075 4587 2127 4633 et
2157 4580 2480 4635 invenerunt
2509 4581 2563 4634 in
2602 4597 2664 4634 ea
2713 4581 2947 4637 cilicium
2997 4581 3292 4648 modicum,
3327 4591 3381 4636 et
3425 4591 3673 4637 catenam

2074 4684 2276 4722 aeream
2307 4669 2573 4742 sanguine
2595 4685 2904 4739 aspersam.
2936 4670 3144 4724 Deinde
3166 4685 3364 4740 corpus
3386 4670 3671 4741 inspicien-

2075 4764 2155 4811 tes
2181 4757 2448 4830 magistri,
2483 4758 2806 4813 invenerunt
2852 4758 3033 4815 locum
3081 4767 3288 4814 catena:
3334 4759 3428 4813 ubi
3473 4759 3671 4830 saepius

2073 4845 2335 4918 praecingi
2365 4847 2592 4913 solebat,
2625 4864 2954 4918 carnemque
2987 4847 3162 4918 ipsam
3189 4847 3244 4901 in
3273 4847 3410 4902 locis
3439 4856 3671 4919 quatuor

2072 4933 2396 5003 profundius
2425 4943 2615 4990 catena
2645 4936 2928 5003 sulcatam,
2961 4937 3099 4992 adeo
3128 4944 3186 4990 ut
3214 4936 3282 4990 de
3312 4937 3523 4991 eisdem
3551 4935 3671 4991 vul-

2072 5022 2297 5076 neribus
2325 5038 2488 5079 cruor
2507 5024 2828 5088 decurrens,
2860 5024 3094 5080 cilicium
3127 5041 3228 5096 per
3257 5025 3377 5080 loca
3405 5024 3668 5096 perfude-

2073 5111 2158 5166 rit.
2193 5112 2502 5168 Posuerunt
2529 5121 2706 5168 autem
2739 5114 3039 5184 capsellam
3069 5130 3193 5169 cum
3224 5113 3402 5170 cilicio
3425 5114 3500 5169 ad
3519 5122 3674 5185 caput

2072 5209 2189 5276 ejus
2217 5207 2273 5263 in
2302 5209 2581 5280 feretrum,
2616 5219 2669 5267 et
2697 5210 3120 5282 deportaverunt
3161 5227 3287 5268 cum
3333 5227 3568 5282 corpore
3605 5209 3672 5266 ad

2073 5384 2198 5432 Galli
2223 5395 2405 5441 corpus
2429 5397 2456 5431 a
2501 5389 2696 5434 Bosone
2737 5387 3110 5435 Constantlensi
3143 5389 3382 5444 episcopo
3407 5387 3458 5433 in
3482 5388 3669 5435 decen-

2071 5457 2252 5503 tiorem
2281 5458 2444 5504 locum
2477 5459 2670 5505 illatum
2711 5463 2800 5514 est,
2840 5459 3265 5518 quemadmodum
3313 5459 3366 5504 in
3418 5459 3504 5505 lib.
3547 5470 3669 5516 seq.,

2071 5539 2179 5584 cap.
2210 5533 2252 5583 2,
2276 5531 2499 5575 refertur.
2541 5531 2672 5577 Obiit
2716 5541 2838 5586 ergo
2871 5536 3076 5578 sanctus
3111 5531 3278 5578 Gallus
3316 5541 3419 5576 xvu
3463 5526 3666 5577 Kalend.

2070 5600 2330 5656 Novemb.,
2351 5602 2482 5647 circa
2509 5611 2695 5647 annum
2717 5606 2810 5648 645.
2834 5605 2964 5657 Lege
3007 5601 3209 5648 Notkeri
3251 5602 3667 5658 Martyrologium

2074 5681 2176 5717 xvn
2198 5671 2404 5719 Kalend.
2425 5673 2688 5730 Novemb.,
2709 5675 2842 5731 apud
2857 5674 3127 5722 Henricum
3156 5674 3426 5730 Canisium,
3449 5677 3573 5722 tom.
3594 5673 3666 5718 VI.
