3996 6184
412 274 552 328 1005

1175 279 1336 337 VITA
1357 281 1415 338 S.
1447 282 1672 340 GALLI.
1705 315 1774 326 —
1801 285 1928 342 LIB.
1961 287 2030 343 II.
2057 285 2269 345 SIGNA
2296 289 2394 348 ΕΟ
2420 290 2713 351 MORTUO
2742 293 2987 352 FACTA.

3563 309 3586 362 1
3597 309 3699 364 006

408 396 595 498 locum
621 400 979 498 monumenti,
1011 410 1064 459 et
1092 406 1488 476 suspenderunt
1515 408 1633 465 haec
1678 409 1775 464 tria
1818 418 2010 484 mortg-
2029 420 2083 481 Α
2110 414 2357 472 miraculi
2383 417 2636 489 patefecit
2664 436 2772 492 qua
2802 422 2945 493 apud
2975 437 3034 478 se
3081 423 3324 482 claritate
3354 427 3575 498 spiritus
3594 431 3700 488 ful-

407 482 678 542 ﬁcationis
709 490 824 559 ejus
854 491 1052 547 indicia
1076 493 1226 562 juxta
1253 496 1517 551 tumulum
1561 498 1630 552 ad
1660 508 1818 571 caput
1847 482 2001 570 ejus;

405 590 508 645 per
536 593 658 648 qua:
685 578 942 651 deinceps
970 581 1038 636 ad
1068 584 1437 640 ostensionem
1465 587 1783 642 meritorum
1810 589 2002 660 ipsius,

405 663 670 734 plurimas
698 668 963 724 Dominus
991 671 1218 728 virtutes
1247 673 1336 745 pie
1367 676 1734 746 querentibus
1766 678 2006 734 exhibuit

407 751 530 821 Qua
559 770 626 809 ex
643 771 702 812 re
734 756 1041 830 intelligere
1061 777 1352 832 possumus
1364 763 1492 835 quia
1520 764 1667 820 idem
1695 766 1791 832 vir,
1826 776 1878 822 et
1909 767 2008 822 sia

401 851 758 912 persecutore
789 849 1072 921 sanguinis
1103 849 1366 907 effusione
1397 869 1504 908 non
1554 863 1636 908 est
1676 854 2002 922 immolatus,

406 933 760 1004 semetipsum
789 944 974 992 tamen
1004 937 1240 995 offerens
1269 941 1500 997 Domino
1545 943 1774 997 hostiam
1826 944 2007 1000 vivam

403 1018 459 1074 in
490 1022 716 1078 odorem
748 1026 1046 1097 suavitatis,
1079 1036 1131 1083 et
1171 1045 1389 1086 crucem
1421 1047 1573 1085 suam
1615 1031 1832 1099 tollens,
1866 1050 2006 1104 quo-

405 1109 648 1183 tidieque
697 1113 1031 1171 Salvatorem
1081 1125 1317 1188 secutus,
1365 1119 1608 1192 martyrii
1649 1120 1898 1178 laborem
1954 1130 2009 1178 et

411 1198 651 1270 palmam
664 1202 946 1260 confessor
974 1205 1199 1276 adeptus
1229 1215 1330 1262 est.

942 1346 1168 1404 CAPUT
1212 1348 1474 1404 XXXIII.

407 1456 684 1526 Quomodo
721 1463 788 1518 ab
815 1459 987 1536 'equis
1024 1464 1317 1521 indomiti:
1366 1466 1438 1522 ad
1469 1466 1654 1524 locum
1699 1468 2011 1541 sepultum

960 1555 1080 1625 ejus
1101 1555 1354 1610 delatum
1376 1557 1473 1610 sit.

480 1668 776 1740 Postquam
807 1670 1062 1726 sanctitas
1089 1671 1384 1727 venerandi
1423 1671 1597 1726 Patris
1652 1680 1704 1727 et
1758 1671 2010 1731 miraculi

2106 521 2237 577 gere
2295 507 2472 562 amici.
2507 510 2644 563 Nam
2676 510 2783 566 duo
2813 513 2960 568 cerei
3004 512 3060 568 in
3103 522 3286 571 castro
3332 517 3461 572 dum
3503 535 3700 592 corpus

2106 594 2222 661 ejus
2278 595 2582 651 elevaretur
2636 600 2872 670 accensi,
2933 601 3004 656 ita
3061 603 3315 660 ardentes
3370 606 3536 662 delati
3581 617 3706 665 sunt

2104 698 2276 754 usque
2292 685 2362 738 ad
2383 681 2561 741 locum
2585 689 2896 758 sepulturae.
2921 691 3087 746 Positi
3115 701 3312 764 autem,
3347 711 3486 751 unus
3513 697 3582 752 ad
3611 714 3703 754 ca-

2106 779 2220 842 put,
2256 773 2393 828 alter
2421 774 2488 828 ad
2517 777 2706 846 pedes,
2738 794 2835 847 per
2864 779 3090 852 triginta
3117 781 3374 855 deinceps
3414 785 3532 841 dies
3572 788 3702 857 (mi-

2107 860 2283 916 rabile
2313 862 2458 917 dictu
2495 863 2534 933 l)
2564 881 2672 920 non
2714 866 3017 924 deﬁciendo
3065 871 3348 939 ardebant,
3384 882 3436 929 et
3463 876 3703 934 ardendo

2106 964 2216 1003 non
2263 948 2603 1006 deﬁciebant.
2636 955 2704 1008 Et
2741 963 2797 1009 ut
2826 966 3216 1014 monstraretur
3238 962 3336 1016 has
3360 962 3589 1019 durandi
3619 965 3706 1021 vi-

2107 1053 2198 1092 res
2227 1053 2366 1094 cerae
2395 1039 2622 1110 liquenti
2651 1043 2859 1098 caelitus
2887 1047 3180 1116 attributas,
3215 1049 3283 1105 de
3312 1050 3430 1120 ejus
3458 1052 3707 1110 miraculi

2107 1127 2334 1182 materia
2362 1129 2608 1198 plurima:
2637 1130 2694 1185 in
2739 1141 3018 1202 posterum
3075 1136 3304 1193 virtutes
3361 1150 3701 1199 emanarunt.

2105 1215 2246 1270 Nam
2276 1216 2581 1289 quicunque
2608 1219 2850 1275 dentium
2883 1221 3089 1296 fatigati
3119 1225 3417 1297 doloribus,
3452 1229 3538 1284 vel
3568 1242 3706 1287 ocu-

2107 1303 2281 1358 lorum
2309 1304 2648 1377 lippitudine,
2681 1309 2768 1363 vel
2798 1311 3007 1365 aurium
3055 1314 3414 1383 praeclusione
3443 1317 3707 1375 laboran-

2108 1399 2209 1459 tes,
2243 1392 2311 1448 de
2339 1393 2546 1449 eisdem
2565 1396 2740 1451 ceries
2757 1398 3033 1470 quippiam
3050 1417 3190 1458 cera:
3206 1403 3457 1473 tulerunt,
3491 1415 3542 1462 et
3572 1407 3708 1464 locis

2109 1497 2232 1552 qum
2282 1482 2590 1552 hujusmodi
2623 1487 2944 1542 tenebantur
2970 1489 3327 1547 incommodis
3365 1503 3706 1566 aptaverunt,

2109 1578 2304 1640 optata:
2347 1571 2601 1627 celeriter
2642 1574 2786 1630 dona
2826 1592 3121 1649 percepere
3170 1581 3376 1636 salutis.
3424 1583 3549 1639 Post
3590 1587 3710 1642 haec

2113 1666 2260 1713 tanta
2317 1660 2483 1715 virtus
2531 1662 2601 1716 ad
2649 1665 2924 1720 sanandos
2945 1667 3114 1722 variis
3170 1668 3570 1728 inﬁrmitatibus
3613 1674 3708 1731 de-

404 1757 802 1828 magnitudine,
853 1766 906 1813 et
967 1759 1162 1815 horum
1212 1759 1648 1815 manifestatione
1695 1760 2006 1834 signorum,
2043 1771 2352 1848 Bpressos,
2387 1759 2534 1829 apud
2564 1760 2870 1831 sepulcrum
2896 1763 3039 1818 beati
3066 1765 3165 1820 viri
3192 1767 3400 1823 cunctis
3445 1769 3574 1827 illuc
3619 1789 3714 1828 ve-

401 1844 618 1901 cunctis
649 1846 741 1916 qui
767 1845 975 1902 funeris
1006 1847 1121 1916 ejus
1151 1847 1452 1903 intererant
1479 1849 1735 1921 negétiis,
1770 1858 2017 1920 patenter
2043 1844 2086 1848 ﬁ
2117 1844 2407 1916 nienlibus,
2443 1855 2494 1902 et
2523 1849 2824 1904 Orationum
2845 1851 2962 1920 eius
2984 1852 3246 1926 suffragia
3265 1855 3497 1913 ﬁdeliter
3525 1869 3714 1931 postu-

405 1941 632 1988 ostensa
660 1941 764 2003 est,
797 1935 1088 2006 episcopus
1120 1937 1188 1990 ad
1238 1936 1498 1992 feretrum
1543 1937 1795 2004 accessit,
1849 1947 1902 1993 et
1946 1955 2013 1993 ex

409 2037 521 2077 una
574 2030 730 2094 parte
760 2022 894 2078 illud
950 2024 1261 2091 sublevans,
1312 2026 1634 2097 presbytero
1691 2026 2011 2083 altrinsecus

400 2111 740 2176 sustollente,
773 2112 930 2184 equis
978 2114 1348 2184 superposuit,
1399 2120 1453 2169 et
1483 2113 1784 2169 astantibus
1824 2115 1962 2169 dixit
1994 2128 2008 2166 :

394 2198 620 2255 Auferte
652 2199 840 2256 frenos
870 2202 938 2257 de
960 2202 1226 2274 capitibus
1257 2219 1461 2269 eorum,
1494 2203 1836 2269 ut,libertate
1867 2220 2008 2258 con-

399 2302 582 2355 cessa,
621 2305 727 2360 quo
765 2290 1031 2346 Dominus
1060 2291 1290 2346 voluerit
1319 2299 1574 2365 pergant.
1609 2295 1845 2363 Accepta
1876 2308 2010 2364 ergo

396 2391 562 2433 cruce
603 2385 656 2433 et
684 2379 950 2446 candelis,
980 2380 1224 2451 psalmos
1254 2388 1306 2436 et
1348 2381 1611 2436 melodias
1637 2381 2008 2448 concinentes,

396 2465 497 2520 iter
525 2481 694 2539 agere
725 2477 1026 2539 cmperunt.
1051 2469 1194 2540 Equi
1224 2477 1406 2524 autem
1434 2470 1490 2524 in
1518 2479 1769 2526 neutram
1797 2477 2009 2540 partem

399 2554 756 2623 declinantes,
791 2565 944 2613 recto
975 2557 1169 2614 itinere
1197 2567 1553 2629 perrexerunt
1582 2559 1650 2614 ad
1678 2559 1872 2615 cellam
1905 2556 2009 2614 viri

397 2642 523 2698 Dei.
565 2643 686 2712 Quo
713 2662 838 2700 cum
865 2647 1264 2717 pervenissent,
1297 2649 1602 2719 depositum
1648 2657 1730 2704 est
1751 2647 2006 2703 feretrum

395 2739 520 2787 ante
550 2734 864 2790 oratorium.
898 2736 1163 2806 Discipuli
1191 2745 1372 2792 autem
1402 2739 1538 2807 ejus,
1601 2737 1874 2793 elevantes
1928 2736 2005 2807 pii

395 2820 636 2877 doctoris
683 2823 956 2896 reliquias,
991 2825 1293 2880 intulerunt
1348 2834 1401 2880 et
1448 2835 1572 2880 ante
1598 2827 1767 2881 altare
1797 2841 2002 2897 posue—

394 2918 534 2964 runt.
577 2911 786 2967 Deinde
835 2915 1037 2983 pariter
1079 2930 1204 2970 cum
1253 2913 1511 2985 episcopo
1562 2915 1860 2970 orationem
1901 2929 2002 2984 pro

390 2998 485 3053 illo
516 2998 798 3071 facientes,
830 3001 1088 3058 fecerunt
1117 3002 1324 3058 fossam
1379 3003 1617 3074 sepulcri
1646 3004 1786 3058 inter
1814 3003 2002 3074 parie-

393 3094 502 3142 tem
531 3097 583 3143 et
611 3090 803 3156 altare,
835 3091 1016 3162 ibique
1036 3092 1295 3162 precibus
1319 3092 1442 3148 huic
1464 3091 1546 3147 rei
1576 3091 2003 3164 congruentibus

392 3177 708 3248 prmmissis,
743 3180 1070 3249 sepelierunt
1092 3196 1252 3245 eum;
1285 3181 1646 3252 omnibusque
1711 3181 1810 3235 rite
1865 3195 1997 3236 con-

393 3266 694 3334 summatis,
727 3268 1014 3323 multitudo
1045 3285 1166 3340 quze
1195 3269 1264 3322 ad
1295 3269 1426 3323 tanti
1456 3269 1556 3324 viri
1587 3269 1864 3325 concurrit
1895 3286 1994 3324 ex-

393 3355 634 3426 sequias,
658 3356 896 3429 epiSCOpi
919 3357 1296 3413 benedictione
1316 3357 1662 3428 communita,
1688 3358 1756 3412 ad
1777 3358 1996 3429 propria

395 3445 676 3500 remeavit.

937 3577 1162 3634 CAPUT
1199 3577 1455 3633 XXXIV.

719 3693 1062 3749 Miraculum
1079 3694 1142 3748 in
1171 3694 1348 3749 cereis
1378 3696 1684 3749 ostensum.

474 3809 616 3864 Dum
647 3809 796 3864 beati
825 3810 1071 3881 corporis
1099 3810 1415 3864 thesaurum
1437 3807 1562 3862 felix
1591 3807 1744 3862 locus
1773 3804 1918 3860 intra
1946 3821 2007 3862 se

393 3899 751 3970 suscepisset,
799 3899 990 3954 volens
1020 3898 1280 3954 Dominus
1336 3898 1404 3953 de
1457 3904 1632 3952 morte
1690 3895 1874 3951 famuli
1922 3895 2005 3951 sui

400 3997 762 4053 mmrentibus
781 3997 1166 4054 consolationis
1185 3996 1434 4068 praebere
1453 3994 1742 4063 medelam,
1766 3995 2004 4052 novitate

2116 1933 2353 1988 lantibus
2384 1937 2652 2006 apparuit,
2684 1946 2742 1992 ut
2781 1947 2834 1994 et
2889 1939 3036 1996 fama
3087 1943 3216 1998 tanti
3270 1946 3447 2000 meriti
3502 1950 3711 2006 cunctis

2116 2039 2238 2092 quae
2267 2022 2657 2095 circumposita;
2689 2036 2841 2083 erant
2868 2030 3186 2103 regionibus
3228 2030 3615 2106 innotesceret,
3661 2047 3716 2094 et

2113 2109 2266 2167 locus
2290 2111 2410 2184 ipse
2437 2128 2548 2170 non
2572 2115 2918 2174 mediocriter
2944 2118 3385 2192 frequentaretur
3411 2140 3443 2180 a
3470 2127 3707 2198 populis.

2671 2312 2897 2370 CAPUT
2922 2311 3154 2373 XXXV.

2245 2475 2270 2502 .
2645 2444 2939 2506 Conclusio
2972 2451 3168 2508 libelli.

2179 2579 2314 2650 Quia
2345 2581 2527 2654 igitur,
2561 2599 2595 2639 ο
2624 2585 2921 2644 beatissimi
2968 2591 3177 2664 Patres,
3227 2595 3338 2653 vita
3379 2607 3432 2655 et
3478 2601 3706 2664 virtutes

2107 2670 2280 2726 sancti
2310 2671 2472 2738 Galli,
2505 2673 2551 2728 si
2580 2674 2635 2728 in
2663 2692 2829 2730 unum
2859 2681 3276 2753 compingantur
3316 2687 3536 2759 librum,
3568 2711 3706 2766 pos-

2107 2768 2230 2815 sunt
2271 2760 2340 2816 ob
2392 2761 2476 2816 sui
2517 2763 2881 2834 prolixitatem
2928 2769 3149 2842 aliquod
3202 2773 3403 2848 legenti
3451 2760 3704 2853 ingerere

2104 2848 2399 2916 fastidium,
2434 2852 2594 2907 statui
2616 2853 2827 2910 duobus
2848 2857 2952 2914 hoc
2967 2875 3102 2930 opus
3118 2862 3318 2920 libellis
3340 2848 3698 2944 distinguere,

2103 2947 2161 2993 ut
2192 2939 2339 3009 prior
2368 2940 2582 2996 illorum
2612 2942 2780 2998 vitam
2811 2947 2926 3016 ejus
2957 2956 3011 3003 et
3031 2958 3184 3006 actus
3214 2971 3386 3027 usque
3416 2958 3487 3014 ad
3510 2939 3703 3033 sepul-

2101 3035 2278 3121 turam
2301 3028 2449 3122 “illius
2502 3031 2746 3088 veridica
2793 3035 3056 3094 relatione
3103 3043 3408 3114 perducat;
3457 3028 3698 3122 sequens

2104 3111 2370 3167 mirabilia
2399 3130 2520 3184 quas
2551 3118 2900 3185 postmodum
2927 3138 3024 3192 pro
3062 3125 3267 3181 meritis
3298 3111 3415 3198 ejus
3437 3111 3700 3194 Dominus

2097 3201 2378 3255 ostendit:
2411 3202 2587 3272 primo
2630 3204 2883 3262 videlicet
2923 3225 2990 3264 ea
3038 3229 3159 3283 quae
3196 3216 3436 3285 priorum
3484 3223 3553 3278 ad
3597 3242 3698 3282 nos

2098 3289 2300 3359 scripto
2329 3291 2539 3360 perlata
2569 3302 2693 3348 sunt
2721 3303 2957 3365 retexat;
2990 3299 3188 3358 deinde
3209 3322 3330 3376 quae
3360 3324 3394 3364 a
3421 3312 3701 3381 probatis-

2097 3377 2249 3431 simis
2297 3378 2526 3433 testibus
2574 3381 2829 3454 indicata,
2879 3395 3065 3442 nostra
3125 3401 3282 3450 aetate
3325 3413 3357 3451 a
3406 3377 3701 3463 Gotzberto

2095 3465 2422 3522 charissimo
2452 3467 2622 3524 fratre
2651 3471 2850 3526 litteris
2881 3484 3005 3530 sunt
3055 3483 3335 3550 mandata,
3370 3488 3650 3550 subuectat
3682 3514 3697 3552 :

2096 3570 2165 3609 ne
2195 3556 2342 3626 quod
2373 3556 2730 3626 particulatim
2782 3561 3044 3632 scriptum
3101 3577 3202 3639 est,
3264 3571 3531 3635 laciniosa
3561 3583 3704 3641 divi-

2105 3642 2257 3742 sione
2284 3643 2650 3742 disjungatur,
2684 3649 2780 3703 sed
2809 3650 2987 3720 potius
3019 3657 3164 3724 quod
3179 3657 3425 3726 junctum
3445 3677 3528 3722 est
3555 3674 3704 3742 pari-

2102 3731 2250 3786 litate
2279 3731 2566 3804 factorum,
2597 3735 2665 3790 sit
2694 3737 2856 3792 etiam
2879 3741 3187 3811 copulatum
3211 3731 3702 3822 comprehensione

2101 3821 2388 3876 dictorum.
2422 3825 2599 3894 Atque
2619 3825 2705 3880 hic
2720 3826 2917 3896 prioris
2946 3829 3114 3886 libelli
3136 3833 3257 3890 finis
3274 3821 3396 3909 quae
3417 3851 3705 3914 praemissa

2102 3918 2224 4008 sunt
2251 3910 2522 4009 terminet,
2557 3921 2610 4009 et
2640 3916 2887 4009 sequenti
2917 3935 3038 3990 quae
3058 3930 3264 3981 restant
3294 3910 3700 4009 sine—prtejudi-

2099 3998 2185 4055 cio
2211 4001 2723 4072 comprehendenda
2750 4016 3011 4063 reservet.

492 4153 3667 4206 _—_—_—_'_—_—————-——I—_-—________

1427 4226 1840 4342 LIBER
1935 4229 2643 4349 SECUNDUS

1222 4434 1296 4480 DE
1339 4435 1628 4481 MIBACULIS
1670 4435 1807 4481 POST
1849 4436 2077 4484 MORTEM
2117 4438 2282 4486 BEATI
2323 4440 2486 4490 GALLI
2527 4443 2804 4492 PATRATIS

911 4631 1133 4689 CAPUT
1171 4633 1463 4689 PRIMUM.

426 4723 700 4791 Quomodo
731 4723 913 4779 hostes
935 4725 1258 4795 sepulcrum
1287 4725 1346 4777 B.
1382 4723 1529 4777 Galli
1572 4723 1946 4780 violaverunt.

456 4812 657 4868 Meritis
686 4811 986 4866 beatissimi
1017 4811 1160 4866 Galli
1209 4811 1447 4882 quotidie
1475 4827 1575 4881 per
1606 4810 1984 4867 miraculorum

381 4901 539 4975 signa
568 4900 903 4955 radiantibus
933 4908 985 4955 et
1007 4900 1170 4973 longe
1202 4900 1416 4970 lateque
1472 4900 1983 4971 circumpositorum

382 5007 550 5046 aurea
578 4989 734 5045 fama:
781 5005 894 5045 sua}
940 4989 1224 5044 dulcedine
1271 4989 1652 5054 mulcentibus,
1704 5006 1826 5046 cum
1866 4991 1981 5059 jam

383 5087 506 5151 post
533 5079 818 5134 transitum
849 5078 966 5147 ejus
997 5078 1122 5132 anni
1151 5077 1514 5151 quadraginta
1541 5087 1566 5112 ³
1595 5076 1822 5134 fuissent
1852 5096 1980 5135 evo-

379 5168 495 5240 luti,
522 5170 670 5224 venit
701 5168 1006 5237 Othwinus,
1058 5167 1293 5239 partium
1349 5167 1665 5223 earumdem
1712 5176 1979 5239 potestate

2017 4637 2346 4708 Dpraeditus
2375 4654 2498 4694 cum
2539 4639 2780 4696 exercitu
2835 4657 3056 4715 magno,
3114 4651 3168 4700 et
3222 4645 3302 4702 ira
3359 4647 3693 4715 intolerabili

2087 4727 2383 4784 concitatus
2440 4728 2745 4784 devastavit
2792 4746 2900 4786 non
2959 4731 3239 4790 minimam
3290 4748 3501 4810 partem
3556 4748 3686 4821 pagi

2087 4817 2178 4888 qui
2235 4817 2300 4870 ab
2373 4816 2716 4874 interfluente
2775 4819 2938 4875 ﬂuvio
2995 4822 3264 4894 Turgowe
3336 4816 3679 4909 nominatur,

2085 4905 2498 4962 Constantiense
2553 4924 2771 4979 quoque
2822 4909 3152 4967 territorium
3223 4923 3277 4970 et
3340 4905 3682 4984 Arbonensis

2081 5003 2210 5075 pagi
2239 5002 2474 5060 confinia
2501 5005 2818 5076 depOpulari
2844 5007 3007 5079 cmpit
3038 5017 3091 5064 et
3143 5011 3273 5086 igne
3322 5023 3674 5082 succendere.

2083 5101 2257 5171 Viros,
2292 5101 2598 5174 quicunque
2629 5103 2856 5160 inveniri
2876 5113 3187 5180 potuerunt,
3220 5112 3401 5183 gladio
3420 5123 3671 5192 peremit,

2081 5215 2277 5256 uxores
2306 5208 2358 5255 et
2386 5201 2644 5271 parvulos
2675 5217 2864 5257 eorum
2891 5203 2946 5257 in
2964 5206 3329 5277 captivitatem
3354 5216 3483 5287 egit.
3516 5219 3678 5276 Pecu-

434 5300 451 5326 ·
477 5299 532 5342 In
552 5296 773 5372 vulgatis
792 5296 953 5342 sancti
989 5295 1375 5372 Δᾏςεισεξῐιίηλιςιίεςι
1413 5295 1462 5372 id
1505 5297 1621 5372 post
1651 5295 1979 5372 triennium}:
2078 5297 2165 5354 liis
2195 5314 2410 5371 quoque
2442 5306 2495 5353 et
2525 5299 2674 5354 omni
2704 5301 3028 5372 supellectili
3058 5306 3269 5364 sublata
3298 5309 3506 5368 fructus
3554 5332 3672 5372 om-

380 5371 540 5414 morte
561 5368 720 5414 sancti
746 5369 866 5414 Galli
895 5367 1141 5413 accidisse
1170 5366 1369 5414 dicitur.
1415 5371 1534 5422 Qua)
1575 5369 1709 5423 Acta,
1762 5367 1877 5413 licet
1904 5367 1979 5412 vi-

382 5439 658 5486 tiosissima
683 5440 798 5493 sint,
825 5439 1073 5484 rationem
1097 5441 1262 5484 tamen
1286 5439 1514 5494 praebent
1554 5438 1818 5483 dubitandi
1853 5449 1974 5485 num
2075 5440 2250 5493 moret,
2271 5441 2564 5496 certumque
2587 5440 2817 5488 videatur
2833 5443 2892 5499 (si
2917 5445 3038 5501 quid
3063 5447 3117 5494 in
3137 5450 3294 5494 sancti
3318 5453 3482 5508 Magni
3504 5455 3666 5505 histo-

376 5510 701 5558 librariorum
743 5511 1134 5557 hallucinatione
1179 5511 1229 5556 in
1268 5509 1524 5556 Walafridi
1566 5511 1754 5555 textum
1792 5510 1974 5556 menda
2074 5511 2148 5557 ria
2167 5511 2270 5557 veri
2296 5514 2388 5565 est)
2409 5522 2498 5557 eos
2520 5512 2669 5568 longe
2690 5516 2862 5569 postea
2885 5516 3150 5572 devixisse,
3186 5523 3376 5567 tantum
3416 5524 3664 5576 interval-

379 5584 655 5640 trrepscrit.
699 5587 841 5630 Certe
899 5593 1012 5629 cum
1050 5583 1101 5627 in
1161 5582 1328 5638 capite
1376 5582 1621 5638 proximo,
1673 5580 1971 5626 Walafridus
2072 5582 2228 5628 luma
2258 5585 2415 5629 morte
2435 5585 2592 5629 sancti
2617 5585 2738 5631 Galli
2769 5588 2832 5632 ad
2850 5589 3042 5635 cladem
3090 5590 3170 5635 hic
3189 5591 3491 5648 descriptam
3520 5599 3663 5650 efﬂu-

373 5655 727 5713 Magnoaldum
737 5666 794 5702 ac
807 5655 1123 5702 Theodorum
1137 5653 1216 5701 isti
1227 5654 1293 5700 im
1299 5652 1546 5710 pressioni
1564 5651 1858 5710 superstites
1873 5662 1974 5701 me-
2069 5654 2204 5703 xisse
2221 5664 2323 5702 non
2337 5657 2522 5713 potest.
2549 5657 2728 5705 Confer
2745 5661 3039 5718 sequentem
3059 5660 3448 5716 adnotationem.
