3996 6184
298 263 457 319 ,1007
847 258 1253 322 WALAFRIDI
1288 257 1532 315 STRABI
1570 256 1768 315 FULD.
1807 254 1983 313 MON.
2024 254 2181 312 OPP.
2218 254 2397 313 PARS
2435 254 2502 311 II.
2541 246 2613 296 4—-
2649 250 3042 310 HISTORICA.
3486 249 3630 303 1008

296 403 421 444 .nes
449 386 665 459 penitus
693 384 945 443 demoliri
972 384 1116 442 fecit.
1150 382 1496 440 Arbonenses
1524 383 1703 456 itaque
1748 382 1911 453 hujus
1943 382 1999 444 A
2018 390 2076 437 ut
2105 380 2358 438 omnibus
2388 380 2554 454 longo
2583 387 2831 452 tempore
2874 375 3093 433 ultionis
3121 373 3317 431 incum
3366 372 3631 429 divinitus

298 477 549 534 terroris
577 475 909 531 immanitate
938 473 1224 545 compulsi,
1257 489 1382 530 cum
1398 473 1650 529 omnibus
1679 488 1801 544 qua
1829 472 1928 527 ha-
2029 470 2240 527 collata
2270 470 2430 543 signa
2456 476 2727 541 paterent,
2769 466 2978 524 cunctis
3005 465 3129 523 vita
3159 480 3274 520 sua
3303 462 3499 520 diebus
3524 463 3631 518 hac

321 566 526 623 bebant
554 565 809 637 fugerunt
837 564 891 619 in
925 563 1297 629 solitudinem,
1349 571 1403 619 et
1457 562 1526 618 ad
1572 562 1766 618 cellam
1820 550 1925 616 viri
2031 558 2377 616 deformitate
2404 557 2658 614 notabilis
2686 556 2802 612 fuit.

290 696 295 703 .
320 656 423 711 Dei
454 671 516 710 se
544 654 920 721 contulerunt;
952 652 1149 708 deinde
1178 651 1323 708 facta
1350 651 1406 706 in
1435 666 1570 725 agro
1598 650 1775 719 favea,
1807 649 1928 704 abs-

322 743 627 799 conderant
657 742 731 797 ibi
763 739 1027 812 quidquid
1081 740 1373 806 habebant,
1406 748 1460 795 et
1516 738 1724 795 fessum
1780 747 1925 794 terra

321 830 700 902 cooperientes
729 845 799 885 ne
827 835 1099 885 secretum
1156 844 1345 884 eorum
1401 828 1919 898 deprehenderetur,

286 919 413 975 -lini
444 936 631 975 semen
659 919 896 989 desuper
912 917 1314 988 insperserunt.
1344 918 1586 989 Cumque
1611 917 1722 985 jam
1749 916 1924 971 Arbo-

318 1025 543 1064 nensem
573 1024 774 1079 pagum
804 1007 989 1062 hostes
1020 1005 1435 1075 desolavissent,
1462 1006 1694 1079 vestigia
1709 1004 1924 1076 fugien-

316 1098 451 1152 tium
481 1096 671 1165 secuti,
703 1103 972 1151 venerunt
1001 1095 1071 1149 ad
1093 1095 1287 1150 cellam
1319 1095 1492 1150 sancti
1523 1094 1715 1162 Patris,
1747 1101 1801 1148 et
1830 1092 1920 1147 fu-

316 1186 516 1259 gitivos
571 1201 710 1257 quos
766 1191 1089 1255 repererunt
1163 1183 1371 1239 vinctos
1445 1183 1809 1251 abduxerunt,
1868 1189 1921 1236 et

279 1318 285 1323 .
310 1275 544 1344 juvenes
566 1289 756 1329 eorum
777 1273 832 1326 in
855 1272 1218 1343 captivitatem
1238 1271 1521 1326 miserunt.
1546 1270 1920 1326 Erchonaldus

278 1394 281 1397 ν
321 1364 421 1433 (al.
446 1362 726 1430 Erwinus)
747 1369 950 1427 autem,
974 1359 1215 1431 praefecti
1231 1360 1486 1425 vicarius,
1503 1376 1628 1415 cum
1642 1359 1818 1415 vicina
1838 1374 1921 1413 so-

309 1451 527 1505 litudini
553 1450 882 1505 inhabitaret
909 1450 1049 1516 loca,
1083 1449 1271 1503 habuit
1301 1465 1392 1504 res
1420 1449 1663 1518 ejusdem
1709 1447 1918 1504 cellula

274 1574 277 1577 ν
310 1539 643 1595 notissimas.
675 1539 728 1593 Is
756 1537 1051 1594 oratorium
1081 1537 1364 1608 ingressus
1384 1537 1587 1593 invenit
1606 1536 1917 1591 mendicum

269 1672 277 1676 .
310 1629 603 1700 quemdam
622 1628 768 1683 intus
790 1627 1088 1696 sedentem,
1105 1643 1268 1698 quem
1286 1627 1424 1681 bene
1446 1634 1689 1691 noverat,
1713 1632 1765 1681 et
1785 1624 1917 1679 dixit

2663 717 2891 773 CAPUT
2930 717 2979 771 ΙΙ

2079 844 2336 912 Qualiter
2360 846 2495 901 Bosa
2524 845 2815 916 episcOpu:
2844 858 3045 915 corpus
3077 842 3200 914 ejus
3230 840 3567 914 reposucrit.

2076 987 2316 1042 Audiens
2361 983 2791 1042 Constantiensis
2822 984 3084 1040 Ecclesia
3111 981 3334 1055 prasul,
3399 980 3627 1038 nomine

2019 1075 2162 1131 Boso
2192 1083 2236 1142 ³,
2299 1074 2611 1146 sepulcrum
2638 1073 2936 1129 beatissimi
2968 1071 3113 1128 Galli
3133 1071 3388 1127 violatum
3405 1087 3528 1126 esse
3549 1070 3624 1125 ab

2020 1163 2285 1230 hostibus,
2318 1163 2634 1235 nullumque
2681 1162 3010 1218 remansisse
3056 1161 3109 1215 in
3152 1159 3369 1227 cellula,
3415 1167 3625 1231 prater

2019 1252 2157 1308 duos
2186 1252 2378 1307 fratres
2407 1251 2791 1324 Magnoaldum
2819 1259 2872 1306 et
2918 1249 3283 1316 Theodorum,
3331 1249 3424 1320 qui
3472 1246 3625 1303 sacri

2018 1341 2263 1413 corporis
2288 1341 2543 1413 reliquias
2572 1341 2778 1396 tumulo
2812 1339 3094 1395 restituere
3114 1337 3440 1409 potuissent,
3471 1335 3625 1393 venit

1973 1476 1976 1480 .
2016 1430 2145 1486 illuc
2172 1447 2295 1486 cum
2324 1429 2538 1486 clericis
2568 1430 2681 1484 suis
2703 1437 2755 1484 et
2783 1428 2987 1484 invenit
3014 1427 3267 1484 cellulam
3290 1425 3619 1493 desolatam,

2016 1520 2185 1574 sancti
2216 1519 2391 1573 Patris
2441 1534 2643 1589 corpus
2700 1519 2768 1573 de
2799 1517 3051 1589 sepulcro
3110 1516 3364 1585 ejectum,
3421 1514 3623 1569 altaria

2016 1607 2233 1673 nudata,
2282 1608 2527 1679 duosque
2569 1607 2768 1662 fratres
2815 1606 2906 1677 qui
2944 1613 3321 1661 remanserant
3358 1603 3620 1675 spoliatos

262 1767 281 1777 -
411 1735 425 1771 :
462 1716 648 1773 Indica
674 1716 806 1772 mihi
835 1715 927 1771 ubi
954 1692 1232 1786 isti,'q—uos
1265 1722 1373 1769 tam
1403 1715 1578 1770 nudos
1607 1722 1659 1769 et
1688 1714 1903 1769 miseros

2009 1696 2257 1767 jacentes
2286 1695 2341 1750 in
2366 1695 2622 1765 oratorio,
2656 1703 2710 1751 et
2735 1694 3165 1767 magnitudinem
3182 1692 3501 1750 calamitatis
3528 1708 3627 1763 ge.

263 1804 634 1873 ,invenirnus,
724 1813 908 1861 vestes
953 1805 1191 1859 habeant
1238 1804 1499 1874 repositas
1542 1811 1595 1858 et
1642 1802 1911 1869 utensilia,

270 1936 275 1939 -
307 1910 615 1965 aurumque
643 1902 696 1949 et
716 1901 1022 1964 argentum,
1047 1908 1279 1964 quorum
1296 1892 1455 1963 copia
1486 1893 1742 1946 hactenus
1762 1890 1912 1946 frue-

303 1983 520 2038 bantur.
552 1982 647 2037 Ille
705 1981 985 2052 respondit
1019 1998 1033 2034 :
1067 1982 1262 2036 Nonne
1290 1980 1423 2035 mihi
1451 1980 1648 2035 melius
1686 1988 1770 2035 est
1800 1979 1915 2035 ἱΙΙο·

268 2134 278 2145 ⁶
304 2088 426 2127 rum
457 2071 735 2126 denudare
766 2077 996 2135 secreta,
1021 2084 1186 2141 quam
1208 2078 1409 2125 vestra
1439 2069 1745 2125 severitatis
1775 2068 1914 2123 iram

304 2160 580 2216 incurrere
629 2158 656 2213 ‘P
697 2159 753 2214 Si
796 2159 890 2224 ita,
938 2158 1129 2229 inquit,
1179 2158 1378 2231 egeris,
1420 2157 1529 2213 eris
1558 2158 1612 2211 in
1640 2157 1912 2212 consonio

303 2256 512 2316 nostro,
546 2256 599 2302 et
627 2246 916 2319 participio
946 2246 1218 2303 societatis
1249 2254 1450 2301 nostra
1479 2246 1766 2319 gaudebis.
1792 2244 1913 2314 Qua

307 2336 672 2411 promissione
701 2350 1019 2407 persuasus,
1046 2333 1298 2401 surrexit,
1332 2342 1385 2390 et
1405 2350 1527 2389 eum
1549 2335 1618 2389 ad
1648 2334 1912 2389 subterra-

305 2442 471 2482 neum
499 2425 648 2499 duxit
676 2424 996 2480 armarium.
1036 2421 1197 2492 Quod
1212 2440 1333 2479 cum
1363 2423 1508 2479 idem
1524 2422 1761 2479 vicarius
1792 2439 1913 2495 ape-

308 2515 404 2570 riri
432 2514 671 2585 fecisset,
707 2513 921 2585 species
952 2529 1086 2585 quas
1118 2512 1251 2567 inibi
1281 2512 1483 2583 reperit
1523 2512 1608 2566 his
1667 2511 1760 2584 qui
1817 2529 1910 2568 se-

305 2617 428 2660 cum
461 2610 634 2669 erant,
659 2602 793 2657 facta
815 2601 1101 2668 divisione,
1125 2600 1418 2656 distribuit.
1451 2601 1546 2655 His
1572 2599 1646 2655 ita
1666 2601 1907 2672 patratis,

262 2696 557 2764 ‘putantes
614 2690 822 2762 passim
875 2690 981 2745 tale
1036 2690 1168 2761 quid
1199 2689 1471 2755 occultari,
1534 2689 1911 2746 discurrerunt

264 2802 267 2805 ν
302 2779 424 2837 loca
453 2780 668 2853 singula
697 2779 867 2852 signis
891 2779 1216 2851 quibusdam
1272 2778 1499 2835 sollicite
1528 2780 1901 2850 explorantes.

303 2867 565 2940 Ejusdem
594 2869 672 2925 rei
720 2869 889 2941 gratia
944 2867 1345 2935 Erchonaldus,
1377 2868 1668 2939 assumptis
1724 2883 1911 2924 secum

305 2968 515 3031 septem
556 2957 759 3030 pueris,
792 2956 1033 3013 introivit
1060 2957 1379 3012 oratorium.
1428 2957 1669 3028 Cumque
1711 2956 1911 3012 clausis

306 3048 460 3103 ostiis
504 3046 795 3119 pavimenti
824 3045 1102 3117 planitiem
1132 3045 1432 3116 pulsarent,
1466 3045 1535 3098 ob
1567 3060 1719 3116 spem
1749 3045 1905 3099 vide-

304 3136 429 3192 licet
460 3136 796 3191 invenienda
823 3133 1086 3205 pecunia,
1133 3149 1271 3187 unus
1313 3132 1525 3187 illorum
1572 3142 1694 3204 post
1734 3133 1903 3189 altare

307 3225 556 3291 veniens,
593 3224 960 3295 pavimentum
976 3221 1244 3292 percussit
1268 3239 1281 3287 ;
1305 3228 1358 3275 et
1376 3221 1604 3276 audiens
1623 3237 1655 3276 a
1677 3221 1904 3278 cavitate

260 3314 265 3321 ’
307 3310 501 3368 tumuli
530 3311 761 3366 sonitum
791 3309 948 3364 reddi
982 3327 995 3362 :
1029 3309 1127 3365 Hic
1158 3315 1259 3376 est,
1294 3307 1486 3380 inquit,
1530 3309 1675 3382 quod
1704 3310 1904 3381 oppido

306 3398 644 3456 desideratis.
692 3400 1055 3453 Accurrentes
1100 3396 1265 3470 igitur
1304 3396 1655 3468 pollinctores
1700 3398 1900 3465 infesti,

264 3480 269 3485 ⁷
306 3496 586 3560 coeperunt
614 3486 839 3554 fodere;
872 3494 924 3541 et
953 3502 1076 3541 cum
1105 3486 1171 3540 ad
1226 3485 1458 3542 loculum
1505 3487 1900 3557 pervenissent,

255 3580 263 3586 ’
306 3577 611 3634 extulerunt
640 3576 812 3642 illum,
845 3576 1088 3631 dicentes
1121 3592 1134 3629 :
1168 3574 1306 3644 Quia
1326 3575 1413 3630 isti
1443 3576 1665 3632 Raetiani
1694 3576 1903 3632 callidi-

301 3675 409 3723 tate
435 3666 668 3722 naturali
688 3665 981 3732 abundant,
1006 3665 1286 3720 videamus
1304 3681 1372 3721 ne
1390 3666 1665 3737 quippiam
1681 3666 1779 3720 sub
1799 3666 1902 3723 hac

302 3772 427 3813 arca
457 3756 654 3813 occulti
681 3762 979 3812 remaneat.
1014 3754 1152 3810 Huic
1181 3754 1470 3827 sacrilegio
1517 3754 1896 3822 inservientes,

299 3846 495 3903 invasit
526 3860 621 3901 eos
650 3846 844 3899 horror
874 3844 1189 3899 immensus.
1214 3842 1318 3913 Qui
1335 3843 1391 3897 in
1415 3842 1598 3917 fugam
1628 3844 1895 3910 conversi,

254 3942 255 3945 “
297 3945 426 4001 dum
455 3942 653 4000 ostium
682 3941 907 3998 oratorii
930 3940 1128 4015 singuli
1162 3958 1547 4013 praeoccupare
1576 3943 1894 4013 niterentur,

297 4040 508 4096 insania
535 4037 739 4111 agitati,
766 4035 1069 4110 evaginatis
1115 4036 1310 4110 gladiis
1355 4037 1587 4094 invicem
1616 4057 1675 4094 se
1706 4041 1895 4097 conci-

294 4138 505 4193 derunt.
539 4135 914 4192 Erchonaldus
944 4148 1092 4203 vero,
1141 4134 1299 4203 hujus
1328 4143 1518 4190 auctor
1546 4136 1786 4203 sceleris,
1822 4138 1894 4193 ti-

293 4250 449 4290 more
478 4238 728 4307 cogente,
762 4229 952 4285 volens
982 4229 1200 4285 exsilire
1228 4246 1326 4301 per
1354 4230 1572 4297 ostium,
1605 4241 1765 4302 caput
1796 4251 1892 4289 su-

290 4329 627 4402 perliminari
656 4328 828 4396 illisit,
863 4335 914 4382 et
944 4327 1012 4382 ad
1042 4334 1239 4383 terram
1271 4327 1586 4396 concidens,
1621 4329 1890 4388 alienatus

289 4438 470 4487 mente
493 4428 732 4499 jacebat.
766 4428 1009 4499 Cumque
1035 4442 1066 4481 a
1095 4426 1207 4482 suis
1236 4427 1628 4497 perduceretur
1654 4430 1723 4484 ad
1754 4446 1885 4501 pro-

283 4529 421 4601 pria,
453 4526 616 4583 nimia
645 4525 953 4580 infirmitate
983 4532 1036 4580 et
1064 4524 1222 4580 novis
1270 4525 1551 4582 doloribus
1599 4529 1762 4599 erepit
1788 4546 1887 4585 ur-

254 4626 423 4699 geri.
454 4624 588 4681 Toto
636 4623 814 4695 itaque
858 4622 1032 4695 ipsius
1076 4622 1204 4678 anni
1259 4622 1531 4679 curriculo
1578 4624 1888 4682 fortissimis

284 4731 594 4782 maceratus
623 4722 905 4788 molestiis,
939 4720 1256 4793 capillorum
1284 4720 1492 4777 honore
1545 4731 1598 4778 et
1626 4723 1767 4780 cutis
1796 4742 1889 4780 su-

264 4820 508 4892 perficie
540 4819 823 4892 spoliatus,
848 4818 1013 4875 etiam
1042 4818 1337 4892 digitorum
1364 4835 1579 4892 ungues
1595 4821 1796 4879 amisit.
1818 4822 1888 4879 Et

338 5030 356 5055 ι
381 5024 468 5070 Hic
488 5024 1257 5072 adversusWalafridlcalculum
1274 5024 1537 5071 Goldastus
1548 5026 1886 5082 opponitHer-

284 5104 523 5142 manuum
537 5098 867 5151 Contractum,
880 5097 1029 5155 utqui
1051 5096 1233 5143 Bosoni
1258 5098 1625 5143 Constantiensi
1644 5097 1885 5155 episcopo

284 5165 541 5213 Ernﬂdum
562 5166 695 5211 dicat
714 5168 1016 5214 successisse
1036 5178 1170 5215 anno
1207 5172 1302 5224 736.
1342 5178 1443 5225 quo
1486 5180 1619 5215 anno
1662 5170 1714 5215 in
1753 5169 1885 5217 vivis

285 5249 399 5285 esse
423 5247 524 5284 non
547 5237 711 5293 potuit
734 5240 876 5294 Boso,
899 5239 941 5285 si
962 5239 1153 5286 cladem
1175 5240 1240 5287 ab
1280 5241 1514 5287 0thwino
1553 5241 1741 5287 illatam
1776 5242 1882 5298 jam

262 5310 551 5367 'episc0pus
588 5307 730 5353 vidit.
796 5311 962 5365 Longe
1022 5312 1239 5358 validius
1285 5314 1640 5367 argumentum
1683 5313 1879 5360 desumi

2014 1785 2235 1840 mitibus
2265 1793 2318 1840 et
2376 1785 2629 1857 lacrymis
2683 1792 3064 1855 protestantes.
3122 1784 3190 1838 Et
3246 1780 3622 1837 misericordia

2014 1883 2212 1940 motus,
2246 1873 2409 1945 capit
2438 1889 2535 1929 eos
2563 1873 2834 1929 consolari
2891 1871 3278 1943 multiplicibus
3307 1870 3511 1936 verbis,
3543 1869 3620 1924 il-

2012 1962 2119 2016 lam
2149 1962 2422 2033 replicans
2450 1962 2751 2018 Psalmista
2805 1961 3124 2016 sententiam
3183 1975 3288 2032 qua
3321 1958 3454 2015 dicit
3486 1976 3501 2014 :
3551 1959 3620 2015 In

2014 2053 2380 2109 tribulatione
2408 2053 2663 2108 invocavi
2690 2053 3009 2116 Dominum,
3042 2053 3098 2106 et
3128 2050 3427 2106 exaudivit
3447 2050 3620 2105 meis

2014 2140 2338 2196 latitudine.
2360 2143 2632 2196 Dominus
2652 2140 2795 2195 mihi
2817 2140 3066 2212 adjutor,
3091 2155 3205 2195 non
3254 2138 3459 2194 timebo
3480 2138 3619 2211 quid

2010 2230 2194 2300 faciat
2218 2230 2361 2285 mihi
2390 2231 2549 2285 homo
2580 2230 2755 2301 (Psal.
2789 2230 2988 2299 cxvu).
3018 2228 3112 2283 His
3159 2227 3340 2293 dictis,
3389 2242 3619 2282 sumens

2010 2317 2249 2373 loculum
2280 2317 2334 2372 in
2365 2334 2473 2390 quo
2502 2325 2743 2373 sanctum
2787 2332 2987 2388 corpus
3030 2324 3167 2383 erat,
3214 2316 3401 2387 posuit
3448 2330 3622 2386 super

2012 2415 2212 2464 terram
2242 2407 2382 2462 inter
2408 2407 2708 2478 parientem
2740 2414 2793 2462 et
2823 2406 3011 2472 altare,
3045 2413 3099 2461 et
3122 2405 3379 2476 desuper,
3408 2413 3467 2460 ut
3497 2419 3617 2460 mo-

2010 2495 2084 2551 ris
2117 2504 2219 2561 est,
2251 2511 2435 2552 arcam
2457 2497 2705 2552 altiorem
2725 2495 3043 2564 construxit,
3077 2492 3281 2550 fossam
3317 2510 3450 2550 vero
3470 2503 3617 2549 terra

2010 2585 2263 2657 replevit.
2304 2585 2384 2640 De
2415 2601 2513 2641 suo
2544 2601 2760 2657 quoque
2789 2583 3051 2639 fratribus
3078 2584 3404 2640 vestimenta
3433 2583 3614 2656 largi-

2009 2682 2095 2729 tus
2125 2681 2225 2739 est,
2258 2682 2310 2730 et
2339 2674 2483 2729 unde
2513 2673 2793 2729 alerentur
2820 2672 3138 2745 disponens,
3170 2672 3241 2728 ad
3269 2672 3615 2744 episcopium

2009 2763 2288 2819 remeavit.

2613 2905 2838 2961 CAPUT
2868 2906 2963 2960 III.

2042 3011 2159 3079 Qua
2183 3026 2351 3084 paena
2379 3011 2647 3067 mulctati
2675 3013 2796 3068 sint
2844 3011 3093 3084 ejusdem
3149 3012 3257 3068 ioci
3284 3013 3609 3069 violatores.

2080 3136 2204 3189 Post
2229 3133 2456 3189 multum
2485 3150 2614 3191 vero
2644 3134 2923 3206 temporis,
2953 3134 3100 3189 misit
3129 3135 3389 3206 Pippinus
3417 3137 3614 3207 major-

2005 3222 2197 3278 domus
2227 3231 2253 3267 ι)
2286 3223 2577 3279 exercitum
2609 3223 2890 3301 copiosum
2938 3223 3008 3278 ad
3049 3224 3435 3279 devastandam
3481 3226 3613 3280 Ala-
3634 3277 3652 3297 ,

2004 3327 2328 3367 marmorum
2355 3312 2711 3383 provinciam,
2763 3320 2816 3368 et
2843 3313 3034 3368 iterato
3049 3312 3383 3369 Francorum
3413 3314 3615 3369 ditioni

2006 3400 2422 3471 subjugandam.
2453 3400 2695 3472 Cumque
2724 3409 2873 3456 terra
2902 3409 3009 3457 tota
3051 3401 3232 3457 hostili
3277 3412 3607 3459 conterere-

2003 3496 2093 3543 tur
2142 3488 2381 3554 incursu,
2442 3489 2585 3544 avidi
2636 3490 2927 3561 pradones
2977 3490 3354 3547 Arbonensem
3397 3508 3609 3564 pagum

2002 3586 2383 3647 percurrentes
2413 3578 2483 3633 ad
2509 3576 2703 3634 cellam
2733 3578 2836 3634 viri
2866 3578 2968 3634 Dei
2995 3588 3276 3647 venerunt,
3327 3588 3381 3635 et
3429 3597 3607 3653 quos-

2002 3680 2216 3737 cunque
2262 3665 2464 3722 ibidem
2509 3667 2832 3723 invenerunt
2882 3668 3032 3738 (nam
3070 3667 3225 3723 multi
3251 3668 3378 3724 illuc
3409 3669 3608 3725 confu-

2001 3763 2196 3826 gerant
2227 3763 2509 3826 sperantes
2538 3755 2592 3810 in
2622 3755 2723 3811 Dei
2770 3756 3141 3813 misericordia
3186 3764 3239 3811 et
3282 3759 3607 3828 patrociniis

2001 3843 2172 3898 sancti
2191 3843 2357 3913 illius)
2389 3844 2590 3900 duxere
2620 3845 2882 3915 captivos.
2920 3843 3170 3916 Quinque
3226 3853 3407 3900 autem
3436 3862 3606 3918 supra

1998 3932 2285 3987 memorati
2310 3932 2573 4004 principis
2602 3933 2862 3989 satellites
2889 3934 3126 4006 ingressi
3154 3935 3474 4003 oratorium,
3507 3952 3606 3992 re-

1995 4030 2256 4092 pererunt
2284 4022 2358 4077 ibi
2391 4023 2653 4094 quasdam
2683 4022 2907 4079 ancillas
2937 4023 3181 4092 ejusdem
3197 4023 3301 4078 loci
3322 4040 3448 4080 cum
3476 4042 3604 4097 par-

1995 4110 2136 4164 vulis
2191 4126 2394 4181 earum,
2454 4119 2508 4166 et
2563 4129 2684 4183 qua
2712 4119 2894 4167 essent
2922 4112 3228 4183 percontati
3256 4122 3400 4169 sunt.
3460 4114 3601 4184 Qua

1993 4198 2123 4253 dum
2152 4216 2212 4255 se
2239 4200 2308 4255 de
2340 4198 2543 4255 familia
2571 4199 2742 4270 ipsius
2773 4200 2947 4256 sancti
2988 4217 3113 4257 esse
3168 4202 3594 4272 proclamarem,

1991 4288 2097 4345 hoc
2124 4303 2157 4343 a
2176 4288 2522 4359 pradonibus
2538 4289 2823 4345 audierunt
2845 4305 2858 4344 :
2881 4289 3055 4359 Exite,
3080 4290 3406 4361 egredimini
3431 4309 3446 4358 ;
3466 4305 3595 4347 san-

1991 4384 2138 4432 ctum
2167 4393 2330 4449 quem
2360 4377 2556 4433 dicitus
2586 4377 2918 4450 ignoramus.
2976 4378 3045 4433 Et
3099 4379 3441 4434 abduxerunt
3496 4395 3596 4436 eas

1914 4455 1966 4516 D
1990 4466 2227 4536 captivas
2256 4464 2312 4520 in
2330 4460 2648 4521 ‘Franciam.
2672 4466 2881 4522 Eodem
2898 4481 3058 4522 verro
3083 4482 3247 4538 anno,
3276 4483 3307 4522 a
3334 4468 3594 4542 malignis

1991 4552 2266 4625 spiritibus
2295 4555 2494 4625 arrepti
2523 4563 2577 4610 et
2632 4562 2876 4611 amentes
2923 4554 3122 4623 effecti,
3178 4555 3309 4611 nudi
3351 4556 3591 4613 circum-

1991 4658 2206 4715 quaque
2236 4643 2615 4700 discurrebant
2647 4663 2661 4710 ;
2693 4651 2747 4699 et
2792 4644 3100 4717 ubicunque
3126 4644 3295 4700 urbes
3322 4645 3409 4700 vel
3438 4645 3589 4702 vicos

1986 4730 2223 4803 ingressi
2252 4739 2395 4801 sunt,
2428 4731 2702 4788 cruciatus
2745 4732 2830 4789 sui
2874 4748 3072 4790 causas
3125 4734 3465 4801 retexebant,
3498 4734 3587 4790 di-

1988 4828 2174 4876 centes
2207 4838 2221 4874 :
2255 4819 2446 4876 Gallus
2474 4820 2648 4876 abbas
2676 4836 2777 4876 nos
2797 4821 2961 4877 habet
2980 4821 3198 4896 ligatos.
3231 4822 3300 4879 Et
3327 4838 3456 4880 cum
3483 4823 3585 4880 hac

1985 5024 2272 5071 auctoritas.
2312 5027 2369 5071 In
2409 5024 2761 5082 episcoporum
2816 5024 3275 5074 Constantiensium
3334 5028 3583 5086 catalogo.

1984 5106 2133 5152 quem
2160 5096 2358 5143 Gabriel
2395 5097 2660 5143 Bucelinus
2698 5097 3068 5150 Benedictinus,
3105 5097 3185 5144 vir
3224 5099 3495 5146 multorum
3522 5100 3586 5145 li-

1983 5166 2204 5218 brorum,
2254 5168 2526 5223 ordinavit,
2569 5170 2713 5224 Boso,
2759 5168 2860 5215 alio
2902 5168 3114 5215 nomine
3151 5168 3439 5217 Obihardus
3477 5171 3583 5225 (seu

1983 5237 2275 5293 Obbaldusl,
2297 5241 2411 5295 post
2429 5242 2673 5286 Joannem
2698 5239 2827 5285 beati
2852 5239 2973 5286 Galli
2994 5239 3302 5296 discipulum
3345 5251 3584 5288 recense-

1983 5311 2079 5365 tur,
2103 5312 2250 5366 atque
2272 5309 2403 5355 inter
2427 5311 2673 5356 Bosonem
2695 5313 2744 5356 et
2769 5310 3059 5356 Ernfridum
3099 5310 3325 5368 episcopi
3366 5322 3469 5368 sex,
3490 5322 3583 5369 po-

281 5382 455 5439 posset
482 5380 544 5427 ab
570 5381 717 5426 atate
738 5380 1018 5435 Magnoaldi
1041 5383 1092 5427 et
1124 5382 1387 5440 Theodori,
1417 5383 1575 5430 sancti
1608 5383 1734 5431 Galli
1769 5384 1882 5430 dis-
1978 5382 2199 5428 stremus
2212 5380 2477 5428 Audonius
2496 5391 2586 5428 seu
2606 5380 2858 5428 Ausonius
2886 5381 3193 5430 inseruntur.

266 5453 561 5509 'cipulorum
582 5451 666 5508 qui
690 5450 986 5496 adoctavum
998 5452 1234 5499 saculum
1252 5454 1515 5511 pervenire
1529 5456 1877 5512 nequiverunt.

266 5526 459 5572 'Verum
479 5524 611 5581 apud
635 5527 974 5570 Hermannum
996 5532 1098 5568 non
1127 5525 1273 5579 Boso,
1296 5526 1381 5570 sed
1409 5525 1670 5571 Audonius
1692 5526 1878 5573 Ernrrl-

268 5593 400 5641 dum
423 5595 660 5643 habuisse
679 5604 1025 5643 successorem
1041 5593 1227 5648 legitur
1250 5605 1372 5642 :nec
1396 5596 1439 5642 si
1462 5597 1608 5643 aliter
1629 5597 1879 5653 legeretur

2030 5506 2268 5562 bNempe
2290 5503 2543 5562 Pippinus,
2582 5504 2741 5550 Caroli
2784 5504 2951 5561 Magni
2999 5505 3156 5561 pater,
3195 5505 3281 5562 qui
3316 5516 3453 5554 anno
3495 5510 3578 5555 τω

1976 5574 2325 5622 Alamanniam
2365 5584 2692 5632 Oppugnasse
2717 5576 2891 5623 fertur.
2929 5578 3060 5633 Lege
3080 5576 3391 5627 Hadrianum
3429 5578 3572 5626 Vale-

280 5666 549 5715 Walatﬁdo
586 5667 904 5725 praferenda
947 5646 1371 5717 essethermanni
1401 5667 1554 5725 longe
1582 5646 1879 5725 post'eriorls
1956 5646 2111 5731 ξείνω
2130 5647 2185 5693 in
2206 5649 2314 5696 ne"
2336 5646 2621 5733 Ῑτηηθκυδσ
2647 5656 2769 5697 nv-
