4024 6194
403 306 540 361 1009

1169 302 1327 361 VITA
1358 304 1415 360 S.
1445 303 1664 360 CALLI.
1699 334 1768 345 —
1795 304 1920 358 LIB.
1945 303 2009 358 II.
2047 302 2261 360 SIGNA
2289 300 2385 358 EO
2414 300 2707 360 MORTUO
2739 301 2982 360 FACTA.

3589 306 3728 361 1010

415 447 705 504 criminum
739 445 941 502 misera
990 447 1511 504 commemoratione
1559 463 1803 514 suorum,
1853 433 2097 503 vitamA
2125 462 2268 511 mus,
2319 445 2461 500 beati
2488 445 2588 501 viri
2625 446 2854 512 meritis,
2887 454 2944 500 ut
2980 445 3120 501 sicut
3151 443 3369 500 famulis
3405 446 3520 513 ejus
3550 446 3606 501 in
3642 447 3724 502 si-

427 535 717 592 infeliciter
761 537 1025 592 ducentes
1055 536 1310 592 ﬂebiliter
1337 536 1587 591 ﬁnierunt

1051 652 1274 709 CAPUT
1296 653 1384 707 IV.

497 769 611 838 Quo
639 769 918 825 miraculo
938 769 1095 841 palla
1113 784 1280 840 super
1317 769 1527 823 lectum
1565 770 1753 824 sancti
1783 769 2020 825 incensa

943 858 1334 928 redintegrata
1364 857 1466 912 sit.

487 965 606 1022 Alio
627 973 892 1036 tempore,
914 965 1171 1019 diaconus
1189 964 1410 1036 quidam
1431 963 1650 1019 nomine
1687 963 2014 1034 Stephanus,

413 1056 545 1110 dum
575 1055 631 1110 in
659 1053 1093 1124 ejusdemPatris
1125 1054 1296 1109 sancti
1335 1053 1570 1109 ecclesia
1619 1054 1858 1108 custodis
1891 1052 2016 1108 fun-

412 1153 639 1218 geretur
673 1141 869 1211 oﬂicio,
897 1143 1128 1216 quadam
1176 1158 1408 1212 vespera
1439 1143 1719 1198 incensam
1773 1143 2016 1197 oratorio

411 1233 654 1288 inferens
697 1232 1001 1297 candelam,
1050 1232 1231 1302 posuit
1278 1248 1397 1288 eam
1429 1248 1592 1302 supra
1624 1231 2014 1287 candelabrum

407 1323 560 1391 juxta
597 1321 739 1376 beati
789 1321 892 1376 viri
941 1320 1274 1391 sepulcrum;
1307 1337 1428 1392 quae
1461 1335 1493 1374 a
1538 1320 1859 1375 rectitudine
1902 1329 2013 1374 sta-

420 1419 504 1465 tus
551 1427 786 1483 vergens
824 1410 876 1463 in
917 1417 1147 1480 partem,
1195 1409 1394 1463 ardens
1441 1409 1636 1463 cecidit
1667 1425 1831 1478 super
1862 1424 2015 1464 aram

415 1500 676 1570 sepulcri.
731 1499 896 1568 Cujus
927 1499 1136 1553 ardoris
1177 1498 1429 1552 violentia
1461 1514 1620 1551 unam
1650 1500 2014 1569 comprehen-

417 1589 554 1643 dens
602 1587 822 1658 pallam,
858 1604 1029 1659 usque
1067 1587 1137 1641 ad
1185 1586 1530 1641 medietatem
1579 1587 1799 1653 exussit,
1843 1595 1893 1642 et
1946 1587 2013 1642 ita

415 1676 679 1732 restincta
711 1684 809 1744 est,
845 1676 976 1730 nihil
1007 1676 1166 1743 lecto,
1202 1676 1334 1730 nihil
1369 1675 1561 1731 baculo
1584 1676 1674 1747 qui
1703 1676 1756 1729 in
1787 1692 1852 1730 eo
1882 1692 2014 1746 pen-

416 1765 598 1834 debat,
632 1765 720 1819 vel
749 1764 871 1819 aliis
909 1764 1310 1819 linteaminibus
1355 1781 1519 1834 super
1564 1764 1873 1834 sepulcrum
1921 1782 2013 1820 ex-

417 1854 608 1927 pansis
636 1853 876 1909 inferens
908 1853 1166 1908 laasionis.
1201 1853 1320 1922 Qua
1342 1870 1407 1908 ex
1439 1870 1498 1908 re
1527 1854 1800 1925 colligitur
1819 1855 1889 1908 ad
1919 1855 2016 1909 de-

418 1944 764 2000 clarationem
827 1943 1082 1997 virtutum
1141 1943 1284 1996 beati
1333 1942 1432 1997 viri
1480 1941 1658 2012 potius
1727 1959 1887 2014 quam
1948 1943 2016 1997 ad

415 2033 674 2088 damnum
705 2032 867 2087 rebus
890 2031 1005 2100 ejus
1027 2031 1368 2086 inferendum
1384 2031 1528 2086 idem
1549 2047 1798 2086 evemsse
1830 2032 2015 2087 incen—

413 2121 584 2176 dium.
620 2120 774 2189 Quia,
801 2128 856 2174 ut
886 2119 1310 2191 insequentibus
1333 2129 1576 2190 apparet,
1609 2121 1812 2191 pallam
1852 2137 2015 2192 quam

419 2209 555 2264 levis
600 2209 819 2264 ﬂamma
881 2209 1147 2273 diminuit,
1193 2209 1360 2263 virtus
1417 2208 1700 2263 manifesta
1759 2209 2010 2264 restituit.

414 2300 574 2354 Mane
610 2299 790 2370 itaque
821 2297 982 2364 facto,
1017 2297 1235 2363 fratres,
1273 2298 1566 2352 oratorium
1591 2298 1841 2369 ingressi,
1886 2298 2014 2370 quid

415 2386 616 2443 factum
645 2387 820 2441 fuerat
862 2387 1234 2457 perviderunt,
1302 2394 1354 2441 et
1396 2386 1748 2441 admiratione
1779 2402 1886 2442 non
1923 2387 2018 2440 mi-

413 2477 560 2532 nima
593 2485 712 2530 sunt
758 2475 1006 2546 perculsi.
1031 2475 1207 2530 Tertia
1237 2491 1365 2530 vero
1395 2476 1502 2540 die,
1537 2491 1658 2530 cum
1690 2475 1758 2529 ad
1795 2475 2013 2528 matuti-

426 2563 552 2620 nale
583 2564 938 2619 convenirent
959 2563 1547 2633 oﬂicium,invenerunt
1569 2564 1621 2617 in
1651 2563 1893 2619 oratorio
1925 2579 2017 2618 ce-

413 2669 542 2709 reos
588 2653 863 2718 ardentes,
915 2661 967 2707 et
1012 2653 1174 2718 duos?
1187 2653 1418 2720 juvenes
1468 2660 1690 2717 stantes,
1742 2669 1907 2707 unum
1946 2652 2014 2706 ad

413 2749 574 2812 caput
597 2748 649 2796 et
680 2741 907 2795 alterum
928 2741 996 2795 ad
1027 2741 1214 2810 pedes,
1240 2741 1611 2796 distendentes
1642 2741 1782 2795 inter
1809 2757 1867 2796 se
1897 2741 2015 2811 pal-

414 2831 524 2885 lam
556 2845 677 2901 qua‘:
699 2829 909 2900 pridem
948 2829 1106 2884 fuerit
1138 2830 1279 2902 ignis
1311 2837 1510 2884 attacta
1535 2830 1848 2899 vaporibus.
1898 2831 2012 2886 Iloc

413 2919 550 2982 viso,
577 2919 768 2974 timore
807 2918 972 2972 nimio
1003 2917 1298 2984 conterriti,
1323 2934 1445 2974 cum
1477 2917 1750 2973 celeritate
1783 2918 2010 2990 egressi,

415 3007 483 3062 ad
517 3007 741 3062 lectulos
773 3007 1068 3061 redierunt.
1102 3007 1343 3078 Cumque
1366 3023 1424 3062 se
1455 3007 1800 3072 collocarent,
1835 3007 2012 3062 eccle-

415 3096 513 3151 siae
544 3111 866 3166 campanum
886 3096 1142 3161 insonuit,
1168 3095 1401 3150 etauditi
1433 3103 1555 3150 sunt
1584 3097 1691 3150 duo
1723 3096 1895 3165 chori,
1921 3096 2011 3148 in-

415 3185 665 3242 credibili
722 3185 1064 3241 alternatium
1121 3199 1481 3254 personarum
1542 3185 1827 3239 dulcedine
1887 3201 2012 3254 per-

415 3281 738 3344 strepentes.
783 3275 954 3347 Igitur
993 3273 1081 3344 pie
1112 3273 1199 3327 illa
1235 3289 1573 3346 nequaquam
1596 3273 1713 3328 ausi
1745 3282 1865 3327 sunt
1893 3289 2020 3328 ora-

413 3361 616 3417 torium
661 3361 905 3416 introire.
975 3361 1072 3416 Die
1111 3369 1290 3416 autem
1326 3361 1593 3431 sequenti,
1640 3369 1763 3416 ante
1814 3361 2012 3416 ostium

422 3450 542 3518 ejus
573 3450 902 3504 unanimiter
940 3450 1268 3522 conglobati,
1309 3457 1691 3519 prostaverunt
1721 3449 1848 3504 sein
1878 3465 2010 3504 ora-

410 3538 634 3603 tionem;
679 3547 731 3594 et
788 3554 913 3594 cum
971 3539 1351 3604 surrexissent,
1399 3554 1522 3592 cum
1579 3554 1781 3609 magno
1820 3539 2013 3592 timore

418 3627 682 3682 intrantes
729 3627 1052 3682 invenerunt
1095 3627 1296 3697 pallam
1330 3642 1492 3698 quam
1528 3627 1727 3697 partim
1757 3626 1900 3698 ignis
1923 3642 2012 3680 as-

416 3724 720 3786 sumpserat
765 3731 928 3786 super
971 3715 1167 3770 lectum
1200 3731 1520 3786 expensam,
1569 3714 1706 3770 sicut
1740 3715 1889 3785 prius
1928 3730 2016 3769 ex-

412 3804 581 3874 pandi
613 3804 836 3868 solebat,
871 3804 1018 3857 nulla
1047 3804 1432 3858 imminutionis
1464 3804 1753 3858 habentem
1792 3803 2010 3869 iudicia;

415 3893 514 3946 sed
544 3892 719 3962 potius
767 3892 1100 3946 latitudinem
1134 3893 1220 3947 vel
1267 3893 1663 3964 longitudinem
1695 3892 1812 3960 ejus
1854 3892 2012 3945 trium

413 3988 626 4036 auctam
655 3997 780 4035 esse
813 3981 1183 4053 magnitudine
1221 3981 1547 4036 cubitorum.
1593 3982 1759 4050 Hujus
1808 3980 2016 4051 perspi-

415 4069 616 4124 cuitate
644 4069 889 4124 miraculi
911 4069 1116 4125 hilares
1148 4069 1292 4139 facti,
1329 4069 1715 4125 benedixerunt
1756 4070 2010 4135 Domino,

413 4157 507 4228 qui
559 4165 668 4211 tarn
712 4156 983 4213 manifesti
1015 4158 1208 4228 gratia:
1255 4159 1543 4214 virtutibus
1590 4159 1731 4214 servi
1772 4158 1854 4213 sui
1899 4174 2014 4214 me-

415 4245 518 4300 rita
538 4245 820 4302 declarare
851 4246 1104 4318 dignatus
1135 4255 1236 4302 est.

1059 4388 1283 4444 CAPUT
1313 4389 1379 4442 ν.

858 4489 1190 4546 Miraculum
1222 4491 1410 4546 missw
1434 4491 1575 4546 avis.

486 4605 638 4660 Idem
687 4606 1016 4676 Stephanus,
1060 4606 1189 4660 dum
1241 4607 1472 4678 quodam
1509 4615 1754 4678 tempore
1778 4621 1902 4662 cum
1933 4606 2018 4660 his

411 4694 505 4766 qui
558 4694 719 4749 simul
777 4695 1000 4749 aderant
1046 4711 1264 4750 carnem
1307 4696 1375 4749 ad
1406 4695 1816 4766 percipiendum
1857 4695 1910 4748 in
1935 4711 2021 4751 cu-

412 4782 636 4851 jusdam
667 4799 892 4838 accessu
928 4783 1115 4852 jejunii
1156 4799 1263 4838 non
1301 4784 1543 4848 haberet,
1583 4783 1782 4838 resedit
1821 4783 1875 4837 in
1920 4784 2025 4838 cel-

419 4871 554 4936 lula,
611 4871 678 4925 de
753 4872 946 4926 eadem
991 4872 1217 4942 penuria
1265 4888 1386 4928 cum
1438 4872 1647 4927 caeteris
1720 4872 2016 4926 locuturus.

420 4958 668 5031 Dumque
717 4976 972 5015 sermone
1021 4961 1174 5015 vario
1221 4961 1558 5032 paupertatis
1597 4959 1787 5015 solatia
1841 4969 2023 5015 mutuo

419 5048 813 5117 ministrarent,
865 5049 980 5104 avis
1011 5049 1259 5121 quaedem
1294 5051 1495 5122 ignota:
1547 5049 1740 5105 forma:
1772 5049 2020 5105 consedit

411 5137 471 5191 in
501 5136 708 5192 limine.
735 5139 886 5194 Unus
906 5139 1260 5193 assidentium
1283 5146 1486 5193 torrem
1520 5140 1588 5194 de
1619 5139 1744 5209 igne
1778 5138 2019 5208 rapiens,

419 5225 605 5281 alitem
625 5227 917 5297 percussit.
960 5227 1122 5295 Cujus
1153 5242 1346 5282 carnes
1377 5228 1504 5281 dum
1535 5228 1646 5281 suis
1669 5227 1856 5281 usibus
1889 5242 2024 5296 pra}-

418 5323 728 5384 paressent,
763 5315 1136 5370 incredibilem
1169 5315 1379 5387 saporis
1400 5316 1746 5372 dulcedinem
1779 5316 1831 5370 in
1861 5323 2025 5388 gustu

421 5419 607 5458 earum
649 5403 1144 5474 deprehenderunt;
1189 5404 1506 5461 facientibus
1557 5406 1679 5472 hoc,
1735 5414 1790 5458 ut
1839 5404 2024 5460 credi-

474 5580 503 5614 a
539 5569 594 5613 td
643 5569 721 5614 est
772 5567 962 5614 circulo
1013 5579 1172 5616 cereo.
1214 5570 1310 5625 Sic,
1367 5572 1382 5614 ι
1431 5572 1635 5624 Regum,
1684 5578 1804 5624 xvu,
1837 5573 1910 5614 18:
1943 5568 2026 5616 de—

421 5649 522 5685 cem
543 5638 803 5696 formellas
825 5651 982 5685 casei.
1018 5642 1346 5696 Septuaginta
1386 5640 1566 5686 habent
1602 5641 1840 5697 τρυτξαλύδις
1873 5651 2025 5697 quam

417 5721 594 5758 vocem
655 5713 780 5759 Gaza
847 5711 979 5767 apud
1043 5712 1357 5761 Aristotelem
1408 5707 1749 5769 formagtnem
1788 5711 2022 5767 reddidit,

2123 533 2482 589 militudinem
2497 535 2703 605 antiqui
2730 535 2974 589 miraculi
3008 550 3114 605 quo
3135 533 3368 604 populus
3400 535 3499 589 Dei
3536 543 3716 590 cotur-

2122 623 2306 678 nicum
2335 623 2586 678 carnibus
2620 623 2673 677 in
2707 623 3004 678 solitudine
3035 631 3118 677 est
3139 622 3395 688 refectus,
3422 623 3536 677 avis
3564 623 3723 679 inco-

2120 711 2269 784 gnita
2324 711 2492 765 missa
2536 719 2638 777 est,
2679 711 2753 766 ita
2801 727 2960 782 sapor
2996 720 3298 781 procuratae
3335 711 3550 767 caelitus
3581 727 3724 769 escae

2125 816 2281 856 novae
2319 799 2623 856 dulcedinis
2652 800 3111 855 delectamentum
3142 800 3386 855 haberet.

2748 941 2971 997 CAPUT
3005 942 3094 996 VI.

2296 1040 2370 1094 De
2398 1039 2692 1112 signorum
2723 1041 2911 1095 sancti
2941 1039 3047 1096 viri
3079 1037 3533 1111 multiplicitatc.

2187 1169 2360 1223 Tanta
2403 1177 2580 1224 autem
2603 1177 2684 1224 est
2724 1169 3111 1224 miraculorum
3139 1167 3299 1238 copia
3355 1186 3477 1239 quae
3525 1170 3719 1227 Domi-

2116 1273 2218 1311 nus
2241 1258 2383 1328 apud
2417 1257 2677 1311 tumulum
2709 1258 2824 1326 ejus
2865 1258 3096 1312 diversis
3137 1257 3472 1326 temporibus
3523 1270 3714 1317 osten-

2117 1345 2214 1406 dit,
2262 1355 2317 1399 ut
2344 1362 2477 1400 .non
2520 1345 2678 1402 facile
2761 1347 3033 1403 scribendi
3092 1349 3269 1405 studio
3341 1353 3729 1420 comprehendi

2115 1434 2288 1504 possit
2319 1451 2384 1489 ex
2423 1435 2620 1506 quibus
2649 1445 2874 1506 propter
2905 1437 3292 1493 abundantiam
3336 1441 3501 1494 multa
3543 1442 3708 1496 omit-

2115 1532 2316 1589 tantur;
2350 1539 2526 1594 pauca
2564 1539 2692 1578 vero
2740 1532 2793 1579 et
2823 1525 3176 1580 eminentiora
3232 1537 3456 1598 propter
3511 1545 3712 1584 memo-

2117 1611 2255 1665 riam
2287 1612 2523 1683 posteris
2545 1613 3032 1668 commendandam
3067 1615 3193 1670 huic
3222 1615 3537 1671 inseruntur
3575 1634 3717 1688 opu-

2117 1700 2294 1755 sculo.
2324 1701 2522 1756 Praeter
2543 1710 2878 1756 mortuorum
2909 1703 3052 1756 enim
3086 1705 3556 1760 resuscitationem
3586 1722 3716 1762 cor-

2046 1791 2330 1858 Bporum,
2366 1799 2687 1844 cseterarum
2726 1789 3065 1844 infimitatum
3109 1793 3351 1848 remedia
3387 1794 3720 1850 creberrima

2116 1877 2248 1932 inibi
2279 1877 2522 1948 largitate
2551 1894 2582 1932 a
2613 1879 2843 1932 Domino
2876 1880 3114 1949 praestita
3131 1890 3253 1934 sunt
3276 1890 3329 1936 et
3368 1891 3712 1952 praestantur.

2120 1965 2399 2034 Siquidem
2451 1974 2503 2020 et
2531 1967 2849 2021 daemoniaci
2881 1967 3102 2033 ibidem,
3153 1977 3206 2022 et
3237 1969 3560 2041 languentes
3592 1979 3716 2025 sunt

2120 2054 2368 2119 recreati,
2391 2054 2600 2107 aurium
2633 2055 2868 2110 claustra
2892 2063 3150 2122 reserata,
3177 2057 3454 2111 oculorum
3480 2059 3714 2115 detersa;

2120 2142 2406 2214 caligines,
2459 2151 2727 2197 mutorum
2758 2143 2975 2198 exclusa
3008 2144 3243 2209 silentia,
3288 2147 3714 2218 paralyticorum

2119 2230 2389 2285 eliminata
2421 2231 2672 2286 defectio.
2704 2232 2812 2286 Sed
2844 2240 2895 2285 et
2911 2232 3218 2304 quicunque
3251 2234 3448 2290 anima:
3478 2237 3565 2291 vel
3593 2252 3716 2292 cor-

2117 2317 2266 2387 poris
2315 2319 2638 2374 necessitate
2695 2328 2916 2374 coactus
2962 2319 3067 2374 tide
3113 2321 3328 2392 integra
3359 2325 3500 2392 apud
3523 2325 3713 2394 sepul-

2117 2421 2268 2460 crum
2297 2407 2438 2460 beati
2454 2407 2592 2460 Galli
2624 2407 2936 2461 instantiam
2953 2408 3217 2463 orationis
3239 2411 3569 2480 exsequitur,
3602 2413 3713 2467 Do-

2116 2493 2262 2549 mino
2319 2494 2650 2549 confessoris
2705 2497 2784 2550 sui
2816 2497 3006 2552 merita
3055 2499 3461 2568 comprobante,
3512 2516 3710 2570 pecum

2118 2598 2340 2636 suarum
2394 2584 2699 2638 nullatenus
2766 2583 2937 2639 fructu
2985 2586 3244 2655 privatur,
3299 2603 3491 2640 verum
3548 2588 3710 2643 etiam

2118 2671 2240 2726 sine
2279 2672 2524 2728 tarditate
2574 2673 2770 2728 divinae
2823 2673 3088 2746 largitatis
3147 2673 3386 2729 sentiens
3421 2675 3562 2730 dona
3608 2677 3708 2732 lte-

2115 2767 2279 2815 tatur.

2727 2874 2952 2930 CAPUT
2980 2875 3077 2930 VII

2122 2989 2394 3057 Quomodo
2415 2989 2714 3045 donarium
2731 2994 2924 3044 sancto
2953 2989 3322 3061 deferendum
3352 2989 3418 3046 ab
3446 2991 3708 3048 incendio

2670 3079 2744 3132 sit
2774 3082 3125 3134 reservatum
3138 3120 3150 3132 .

2186 3193 2450 3264 Tempore
2481 3191 3016 3262 igiturCarIomanni
3053 3192 3487 3260 majorisdomus,
3532 3193 3706 3249 mira-

2113 3280 2291 3335 culum
2323 3281 2577 3335 memoria
2609 3280 2832 3355 dignum
2862 3297 2961 3351 per
2996 3281 3191 3336 merita
3221 3282 3392 3336 sancti
3428 3282 3601 3336 Patris
3632 3281 3712 3338 ef-

2115 3367 2335 3436 fectum,
2388 3369 2514 3423 huic
2561 3369 2712 3439 operi
2753 3369 2998 3424 inserere
3042 3369 3170 3424 utile
3215 3369 3548 3438 judicamus.
3620 3371 3714 3426 Vir

2115 3456 2338 3528 quidam
2379 3456 2740 3526 pauperculus
2757 3457 2809 3510 in
2842 3473 2983 3529 pago
3014 3457 3102 3527 qui
3121 3458 3598 3528 Perahtoltespara
3625 3458 3714 3513 di-

2115 3545 2271 3612 citur,
2307 3561 2372 3598 ex
2401 3561 2609 3598 summa
2643 3543 2930 3599 devotione
2963 3560 3088 3599 cum
3120 3561 3287 3600 uxore
3310 3563 3404 3600 sua
3433 3547 3501 3601 ad
3522 3547 3716 3602 cellam

2115 3633 2258 3688 beati
2289 3632 2432 3687 Galli
2464 3647 2628 3687 causa
2657 3633 2919 3686 orationis
2949 3649 3246 3702 properare
3278 3635 3562 3704 disposuit.
3610 3637 3715 3690 Cu-

2108 3721 2196 3790 jus
2227 3721 2520 3776 intentione
2551 3720 2875 3785 devotionis,
2901 3721 3029 3774 dum
3059 3721 3253 3775 mulier
3273 3722 3530 3791 pallulam
3547 3738 3712 3794 quam

2115 3811 2168 3864 in
2201 3810 2321 3865 loco
2351 3810 2602 3865 oblatura
2655 3817 2786 3874 erat,
2837 3816 3141 3864 contextam
3172 3811 3492 3880 paravisset,
3525 3811 3706 3866 invol-

2116 3898 2190 3952 vit
2229 3915 2348 3953 eam
2400 3897 2868 3962 formella‘cerm,
2914 3912 3077 3968 quam
3129 3897 3288 3951 simul
3350 3898 3589 3952 oblatum
3634 3899 3712 3955 ire

2117 3987 2412 4059 cogitabat,
2449 3995 2500 4040 et
2531 3986 2583 4039 in
2615 4001 2740 4040 arca
2767 4002 2861 4039 sua
2890 3985 3032 4040 inter
3059 3985 3164 4039 alia
3195 3986 3512 4042 vestimenta
3555 4003 3714 4057 repo-

2117 4075 2245 4129 suit.
2287 4075 2524 4146 Contigit
2557 4083 2757 4140 autem,
2793 4075 2921 4129 dum
2951 4073 3027 4128 ire
3058 4081 3327 4144 pararent,
3352 4075 3575 4129 domum
3602 4074 3718 4130 illo-

2117 4180 2237 4219 rum
2267 4180 2388 4219 cum
2419 4163 2668 4219 omnibus
2690 4180 2809 4234 quas
2836 4161 2972 4216 infra
3003 4162 3152 4217 illam
3183 4171 3337 4218 erant
3384 4163 3544 4217 rebus
3589 4164 3716 4234 igne

2119 4253 2372 4308 cremari.
2403 4253 2646 4324 Cumque
2677 4251 3012 4322 consumptis
3041 4251 3294 4306 omnibus
3341 4251 3556 4306 ﬂamma
3595 4267 3718 4307 ces-

2118 4348 2272 4397 sante
2305 4341 2537 4411 SOpitum
2567 4339 2759 4395 fuisset
2795 4339 3125 4405 incendium,
3159 4347 3440 4410 coeperunt
3460 4339 3603 4395 inter
3629 4339 3716 4394 fa-

2116 4425 2360 4484 villarum
2417 4429 2660 4484 cumulos
2698 4428 3148 4483 ferramentorum
3205 4427 3462 4498 reliquias
3511 4428 3717 4498 quaari-

2048 4513 2252 4574 Dtare.
2305 4519 2373 4572 Et
2419 4533 2547 4573 ecce
2593 4517 2872 4573 inveniunt
2914 4517 3132 4587 (mirum
3164 4515 3574 4587 dictul)ceram
3602 4515 3724 4586 pal-

2121 4606 2540 4662 lulainvolutam
2571 4607 2712 4661 inter
2744 4606 2959 4661 cineres
2979 4614 3031 4660 et
3051 4605 3339 4673 carbones,
3385 4604 3628 4676 nihilque
3669 4604 3726 4658 in

2120 4695 2199 4750 eis
2220 4696 2459 4751 lassionis
2479 4695 2743 4766 apparuit,
2786 4711 2909 4749 cum
2951 4695 3127 4766 ipsam
3155 4709 3342 4749 arcam
3372 4699 3424 4748 et
3463 4693 3727 4765 quidquid

2120 4784 2264 4838 aliud
2295 4785 2351 4838 in
2381 4784 2469 4838 illa
2520 4784 2814 4854 repositum
2864 4792 2978 4839 erat
3024 4783 3240 4854 penitus
3299 4781 3729 4852 consumpsisset

2119 4873 2449 4928 incendium.
2506 4873 2634 4927 Viso
2683 4872 2848 4943 igitur
2885 4880 3049 4928 tantae
3093 4871 3307 4927 virtutis
3347 4869 3647 4935 miraculo,
3676 4877 3730 4925 et

2119 4960 2523 5016 benedixerunt
2570 4963 2686 5016 Deo
2731 4969 2782 5016 et
2815 4961 2915 5016 iter
2947 4961 3091 5032 quod
3141 4960 3542 5032 disposuerant,
3590 4975 3723 5031 per-

2121 5057 2370 5121 egerunt.
2404 5051 2472 5103 Et
2505 5057 2786 5104 narrantes
2839 5049 3091 5104 fratribus
3123 5066 3243 5120 quae
3273 5056 3429 5121 gesta
3494 5047 3729 5116 fuerant,

2120 5137 2431 5192 obtulerunt
2477 5138 2784 5200 donarium,
2823 5139 2968 5210 quod
2995 5138 3118 5193 huic
3163 5146 3287 5194 voto
3318 5146 3723 5203 consecratum,

2122 5225 2177 5281 in
2207 5225 2478 5296 Supremis'
2503 5243 2613 5281 non
2650 5236 2862 5297 poterat
2908 5227 3089 5298 perire
3139 5227 3412 5298 periculis.
3479 5227 3726 5282 Servata:

2123 5322 2244 5368 sunt
2272 5323 2448 5368 autem
2479 5315 2552 5369 ibi
2582 5317 2790 5370 eaedem
2829 5332 2914 5370 res
2939 5317 2994 5370 in
3022 5317 3393 5372 testimonium
3423 5323 3546 5385 post
3576 5313 3723 5368 futu-

2121 5403 2218 5467 ris,
2251 5419 2422 5474 usque
2444 5403 2511 5457 ad
2535 5411 2777 5474 tempora
2797 5404 3043 5460 Othmari
3074 5406 3306 5460 abbatis.

2122 5581 2220 5626 qua
2282 5579 2404 5616 voce
2465 5570 2636 5615 Franci
2693 5573 2744 5622 et
2800 5573 2907 5618 Itali
2973 5572 3246 5618 etiamnum
3315 5578 3516 5615 caseum
3557 5569 3732 5624 appel-

2126 5643 2242 5690 lant.
2267 5645 2378 5690 Hac
2401 5642 2686 5688 Goldastus.
