3996 6184
248 284 382 339 1011

841 401 1068 458 CAPUT
1096 400 1236 456 VIII.

262 521 541 581 Carreetio
571 522 691 593 ejus
721 521 818 592 qui
855 518 1138 574 caballum
1177 531 1343 588 quem
1380 517 1606 571 voverat
1640 511 1845 585 fraude

909 606 1175 661 retinuit.

323 717 516 788 Neque
561 715 690 770 illud
719 713 934 768 silentio
981 710 1418 783 praetereundum
1447 709 1662 766 videtur
1701 709 1846 781 quod

252 805 309 861 in
340 805 653 876 supradicto
682 818 826 874 pago
856 801 1194 872 temporibus
1221 799 1433 870 Pippini
1480 799 1628 871 regis
1667 798 1844 854 conti-

253 895 404 967 gisse
462 892 706 948 refertur.
773 890 1004 958 Quidam
1061 890 1143 945 vir
1199 889 1420 944 nomine
1483 888 1842 951 Willimarus,

253 978 408 1050 gravi
450 976 758 1032 infirmitate
814 976 1128 1046 depressus,
1179 974 1279 1028 sub
1326 981 1449 1028 voto
1498 972 1743 1044 promisit
1788 987 1846 1025 se

251 1083 448 1139 equum
479 1066 660 1121 vivum
690 1065 934 1135 duosque
967 1065 1152 1131 boves,
1188 1063 1233 1116 si
1254 1062 1496 1132 pristinae
1535 1060 1850 1115 restituere-

251 1161 341 1206 tur
404 1151 638 1217 sanitati,
697 1151 766 1204 ad
805 1148 1094 1205 ecclesiam
1131 1147 1275 1202 beati
1307 1147 1450 1202 Galli
1494 1146 1841 1200 douaturum.

251 1241 492 1312 Cumque
522 1240 613 1294 illa
633 1239 720 1294 die
751 1237 1169 1301 confortaretur,
1205 1244 1257 1290 et
1276 1235 1495 1305 plenam
1543 1233 1848 1305 [recepisset

250 1330 584 1401 sospitatem,
631 1328 859 1400 contigit
882 1335 940 1382 ut
969 1343 1094 1383 cum
1149 1325 1444 1380 Bicthilone
1491 1322 1711 1378 domino
1751 1337 1848 1377 suo

174 1455 188 1465 ε
251 1434 421 1477 causa
439 1417 700 1473 orationis
731 1418 801 1472 ad
824 1416 1076 1472 cellulam
1101 1414 1275 1470 sancti
1305 1412 1404 1468 viri
1438 1413 1627 1467 eodem
1661 1419 1849 1466 vectus

251 1524 395 1579 equo
422 1506 650 1563 veniret.
722 1505 891 1577 Igitur
946 1520 1067 1560 cum
1123 1512 1245 1574 post
1305 1503 1605 1558 orationem
1659 1515 1848 1554 omnes

250 1594 328 1650 illi
357 1595 450 1667 qui
494 1594 652 1649 simul
695 1595 1026 1650 advenerant
1069 1593 1303 1663 digressi
1334 1608 1443 1647 non
1473 1592 1635 1662 longe
1665 1595 1848 1644 essent

249 1684 318 1737 ab
335 1684 589 1748 ecclesia,
622 1699 794 1755 equus
825 1699 984 1754 quem
1027 1697 1259 1753 sponsor
1300 1679 1534 1735 infidelis
1562 1685 1849 1749 postquam

770 273 1175 334 WALAFRIDI
1210 272 1454 330 STRABI
1491 269 1870 330 FULDMON.
1911 269 2064 327 OPP.
2105 269 2282 327 PARS
2319 269 2387 326 ΙΙ.
2420 299 2488 312 -
2525 269 2916 328 HISTORICA.

3400 276 3544 332 1012

1870 396 1922 458 Α
1946 415 2218 487 quomodo
2248 415 2335 470 vel
2357 413 2576 485 quando
2606 415 2662 467 in
2681 413 3095 484 coenobio'jbeati
3117 414 3259 470 Galli
3280 416 3547 487 regularis

1942 504 2068 558 vita:
2097 502 2335 556 instituta
2361 501 2573 557 servari
2603 502 2920 573 coepissent,
2951 502 3160 574 liquido
3189 503 3542 560 declaratur:

1943 591 2139 647 deinde
2170 591 2367 663 quibus
2398 591 2670 646 miraculis
2701 592 2944 660 ejusdem
2976 592 3148 646 Patris
3192 592 3364 648 virtus
3403 609 3547 648 cun-

1944 681 2044 736 ctis
2060 679 2337 747 effulserit,
2370 680 2722 750 probabiliter
2751 680 3054 750 exponitur,
3103 684 3548 738 commemoratis

1943 770 2144 841 pariter
2172 770 2511 840 singulorum
2532 786 2652 840 quae
2694 769 3112 825 introducuntur
3151 772 3540 827 assertoribus.

1946 859 2080 928 Qum
2112 859 2316 914 idcirco
2363 858 2516 913 novis
2549 858 2848 914 dictionum
2877 859 3238 929 positionibus
3283 861 3547 916 ordinare

1946 948 2214 1004 voluimus
2258 955 2314 1001 ut
2348 963 2473 1004 cum
2517 947 2792 1017 prioribus
2839 948 3079 1020 aliquam
3135 949 3545 1004 similitudinem

1944 1031 2496 1096 locutionishabeant,
2531 1041 2583 1086 et
2623 1031 2901 1086 brevitatis
2940 1033 3265 1103 compendio
3322 1034 3546 1089 succin-

1947 1120 2367 1186 cta,fastidiosis
2396 1120 2688 1175 lectoribus
2739 1137 2968 1176 onerosa
3010 1137 3116 1176 non
3149 1121 3298 1176 fiant.
3359 1123 3546 1194 Siqui-

1948 1211 2071 1264 dem
2101 1210 2322 1264 nomina
2343 1225 2533 1264 eorum
2582 1209 2673 1281 qui
2722 1210 3139 1265 scribendorum
3197 1219 3366 1266 testes
3417 1219 3545 1266 sunt

1946 1299 2033 1353 vel
2063 1298 2293 1367 fuerunt,
2326 1306 2547 1369 prepter
2577 1297 2661 1352 Sui
2693 1298 3016 1366 barbariem,
3038 1315 3106 1354 ne
3136 1300 3312 1354 Latini
3330 1316 3548 1356 sermo-

1947 1387 2032 1442 nis
2060 1386 2300 1443 inﬁciant
2329 1389 2612 1453 honorem,
2660 1388 3154 1458 praetermittimus;
3189 1389 3423 1444 scientes
3462 1390 3547 1460 {de

1947 1475 2171 1530 veritate
2218 1476 2486 1531 dictorum
2518 1475 2816 1531 afidelibus
2866 1492 2976 1530 non
3010 1493 3132 1532 esse
3163 1476 3544 1543 dubitandum;

1947 1563 2145 1635 quippe
2163 1565 2254 1635 qui
2283 1573 2482 1620 norunt
2511 1565 2645 1618 nihil
2694 1565 2887 1620 horum
2932 1582 3040 1636 que
3088 1565 3374 1620 referimus
3433 1568 3553 1622 Deo

1946 1653 2283 1723 impossibile
2313 1670 2454 1720 esse,
2487 1653 2541 1707 in
2567 1670 2674 1725 quo
2696 1654 2770 1724 ⁸ῐὶι
2801 1653 3063 1726 quidquid
3092 1671 3194 1725 per
3215 1665 3436 1710 sanctos
3454 1656 3554 1710 mi-

252 1781 477 1829 voverat
507 1741 692 1827 fraude
721 1741 953 1838 retinuit,
1003 1741 1223 1842 repente
1306 1741 1579 1824 substitit
1604 1775 1656 1821 et
1706 1741 1846 1820 licet
1874 1765 1926 1824 B
1949 1742 2187 1842 “bime?
2215 1742 2624 1842 cilamlabilit‘e"
2782 1743 2889 1842 se?
2920 1750 2972 1798 el
2991 1743 3038 1797 εί
3066 1744 3189 1842 quis
3224 1745 3549 1842 ‘earumdem

253 1878 378 1918 eum
410 1878 596 1918 sessor
628 1861 933 1918 calcaribus
961 1869 1183 1933 urgeret
1213 1875 1276 1915 ac
1299 1858 1616 1913 verberibus
1655 1854 1853 1925 fatiga-

252 1960 354 2017 ret,
385 1967 649 2023 nusquam
698 1949 870 2021 potuit
909 1949 1259 2005 commoveri.
1321 1947 1578 2002 Videntes
1625 1945 1727 2000 hoc
1764 1945 1854 2016 qui

255 2041 504 2110 aderant,
552 2047 834 2109 cmperunt
857 2038 1127 2109 inquirere
1154 2037 1312 2105 hujus
1356 2033 1601 2090 miraculi
1640 2048 1850 2089 causas.

225 2170 238 2178 -
259 2131 327 2186 At
354 2129 466 2193 ille,
499 2126 818 2183 confusione
840 2126 1007 2197 digna
1036 2134 1338 2196 correptus,
1358 2123 1596 2195 prodidit
1627 2129 1852 2186 reatum,

256 2227 308 2274 et
338 2217 589 2273 fraudem
610 2231 772 2288 quam
799 2216 854 2269 in
882 2222 1010 2270 voto
1057 2214 1257 2270 fecerat
1301 2212 1584 2269 confessus
1622 2210 1852 2280 aperuit.

255 2306 484 2363 Reversi
528 2312 709 2360 autem
759 2319 952 2360 omnes
1006 2303 1226 2375 pariter,
1285 2317 1482 2373 equum
1547 2298 1857 2354 obtulerunt

258 2396 329 2451 ad
359 2395 526 2450 limen
554 2393 818 2460 ecclesiae,
853 2400 924 2458 et,
959 2391 1335 2448 benedictione
1360 2396 1640 2460 percepta,
1664 2387 1735 2442 ad
1762 2403 1858 2441 sua

257 2484 374 2539 sine
432 2483 710 2539 obstaculo
765 2482 1057 2537 redierunt.
1117 2481 1177 2534 In
1234 2495 1341 2551 quo
1383 2477 1545 2543 facto,
1578 2484 1629 2530 et
1673 2475 1858 2531 divina

256 2573 453 2645 pietas,
483 2580 535 2628 et
567 2571 738 2626 sancti
767 2570 866 2626 viri
883 2570 1052 2626 virtus
1073 2568 1340 2640 apparuit,
1369 2567 1497 2622 dum
1550 2565 1597 2620 is
1626 2564 1719 2636 qui
1759 2579 1858 2634 per

262 2677 322 2717 se
343 2661 669 2732 resipiscere
697 2659 886 2728 noluit,
920 2675 1018 2730 per
1046 2657 1444 2729 correptionem
1463 2655 1532 2711 ad
1559 2652 1856 2711 correctio-

261 2765 388 2808 nem
415 2749 682 2822 pervenit.

878 2836 1103 2893 CAPUT
1132 2835 1229 2890 IX.

418 2946 558 3002 Cera
587 2945 653 3003 de
682 2947 840 3018 furto
860 2945 1048 3002 oblata
1076 2945 1140 2999 in
1165 2940 1407 3015 lapidem
1437 2953 1729 2997 conversa.

335 3059 474 3118 Illud
497 3076 714 3134 quoque
751 3059 1074 3116 miraculum
1095 3057 1241 3129 quod
1278 3062 1470 3127 quarto
1498 3069 1640 3108 anno
1662 3051 1854 3108 Carlo-

265 3149 455 3207 manni
482 3127 865 3222 regis-inpage
903 3148 1059 3216 cujus
1081 3127 1247 3216 supra
1283 3144 1614 3199 mentionem
1633 3141 1859 3197 fecimus
1888 3127 1936 3190 C

267 3239 515 3310 contigit,
559 3238 691 3292 libet
715 3236 994 3291 memoriae
1050 3233 1454 3290 commendare.
1493 3229 1858 3302 Pauperculus

266 3328 508 3400 quidam,
521 3326 669 3396 justa
698 3323 907 3396 regiam
951 3322 1358 3395 possessionem
1402 3337 1522 3394 quae
1558 3318 1860 3375 Rotenwila

266 3415 484 3482 dicitur,
518 3413 904 3480 commanens,’
920 3414 1047 3468 dum
1069 3413 1138 3468 ad
1167 3411 1359 3469 cellam
1383 3409 1556 3466 sancti
1582 3408 1687 3465 viri
1717 3407 1861 3463 Galli

265 3519 500 3577 pergere
531 3501 788 3569 voluisse,
845 3518 945 3558 nec
984 3502 1212 3557 haberet
1257 3499 1463 3571 aliquid
1491 3498 1635 3571 quod
1665 3498 1736 3552 ob
1756 3497 1858 3551 de-

269 3592 504 3650 votionis
562 3590 824 3648 indicium
870 3590 1000 3647 illuc
1058 3589 1270 3646 deferre
1313 3589 1594 3660 potuisset,
1641 3585 1858 3641 diabolo

267 3681 518 3739 suadenti
547 3680 916 3748 consentiens,
951 3680 1148 3735 atrium
1179 3679 1462 3748 cujusdam
1489 3676 1671 3733 divitis
1717 3675 1860 3729 irru-

270 3771 370 3843 pit,
409 3779 462 3827 et
508 3771 691 3826 alvear
733 3787 856 3826 cum
890 3769 1053 3825 melle
1079 3777 1132 3824 et
1151 3769 1344 3839 apibus
1373 3767 1554 3822 furtim
1586 3765 1857 3831 auferens,

268 3859 446 3916 intth
475 3859 660 3916 domui
691 3876 822 3915 suae.
854 3858 1060 3930 Apibus
1091 3858 1289 3914 deinde
1327 3854 1628 3923 exstinctis,
1679 3869 1860 3910 ceram

275 3948 528 4019 confecit,
575 3956 758 4005 etnon
799 3948 970 4003 multo
1009 3954 1132 4018 post
1164 3947 1302 4002 inter
1330 3945 1538 4001 vicinos
1577 3951 1630 3999 et
1655 3943 1861 3998 amicos

272 4054 398 4095 cum
442 4039 546 4094 hoc
599 4036 796 4094 furtivo
839 4052 1067 4092 munere
1112 4036 1182 4091 ad
1213 4034 1501 4090 ecclesiam
1538 4030 1860 4088 venerabilis

272 4126 415 4182 Galli
461 4126 720 4198 perrexit.
771 4125 1015 4197 Cumque
1049 4124 1247 4197 singuli
1277 4123 1422 4196 quod
1438 4122 1744 4178 obtulerant
1774 4127 1860 4174 at-

270 4215 537 4285 tulissent,
569 4216 616 4270 is
646 4214 738 4287 qui
767 4223 953 4270 contra
983 4213 1066 4269 fas
1094 4212 1292 4269 offerre
1333 4211 1500 4269 voluit
1545 4211 1614 4266 de
1668 4207 1864 4280 rapina

269 4303 571 4372 donarium,
614 4320 799 4361 ceram
830 4303 1033 4374 reperit
1062 4301 1118 4356 in
1160 4301 1354 4372 lapidis
1400 4298 1678 4356 durissimi
1710 4298 1862 4369 rigo-

273 4409 392 4448 rem
421 4401 700 4449 mutatam.
735 4392 947 4466 Ingenti
983 4391 1167 4463 itaque
1196 4391 1389 4446 timore
1434 4387 1744 4462 perculsus;-
1767 4386 1864 4441 uni

1955 1847 2138 1885 rerum
2157 1838 2320 1885 testes
2348 1847 2510 1886 nosse
2539 1832 2830 1898 desiderat,
2862 1832 2918 1886 in
2947 1833 3346 1903 conscriptione
3383 1850 3550 1906 quam

1957 1919 2236 1990 sequimur
2267 1921 2464 1990 poterit
2501 1920 2764 1976 invenire.
2812 1922 3117 1976 Inseremus
3159 1937 3376 1994 quoque
3423 1922 3552 1978 huic

1956 2008 2108 2078 operi
2156 2008 2409 2063 nonnulla
2444 2026 2566 2080 quae
2607 2025 2716 2065 non
2749 2009 3024 2080 scriptura:
3070 2011 3402 2080 testimonio,
3448 2012 3551 2066 sed

1959 2097 2230 2153 veracium
2269 2098 2508 2153 virorum
2557 2099 2812 2154 relatione
2867 2098 3176 2155 didicimus.
3240 2100 3303 2154 In
3351 2099 3553 2170 quibus

1956 2186 2225 2254 omnibus,
2265 2195 2526 2257 quantum
2561 2187 2632 2242 ad
2659 2203 2762 2242 nos
2807 2187 3014 2254 attinet,
3067 2187 3316 2243 veritatis
3349 2187 3553 2244 lineam

1957 2291 2175 2332 servare
2216 2275 2572 2342 studebimus,
2622 2292 2801 2348 neque
2847 2291 2945 2347 per
2988 2292 3230 2331 amorem
3280 2276 3401 2330 falsi
3451 2277 3556 2332 ali-

1958 2363 2086 2435 quid
2117 2363 2185 2418 de
2212 2372 2399 2419 nostro
2442 2364 2761 2431 inserentes,
2809 2380 2986 2437 neque
3016 2380 3117 2434 per
3145 2364 3405 2419 invidiam
3436 2364 3554 2420 veri

1959 2452 2236 2523 quippiam
2281 2468 2346 2507 ex
2391 2461 2516 2507 voto
2560 2452 2818 2509 celantes.
2842 2455 2910 2508 Et
2936 2453 3064 2525 quia
3091 2468 3191 2508 nos
3222 2453 3421 2524 scripta
3458 2453 3549 2508 vel

1959 2539 2103 2595 dicta
2143 2541 2425 2612 sequimur
2457 2540 2706 2610 aliorum,
2754 2543 2822 2596 ad
2851 2541 2975 2596 illos
3008 2542 3206 2596 veritas
3237 2558 3437 2607 rerum,
3467 2541 3552 2612 {ad

1959 2645 2060 2684 nos
2102 2629 2335 2699 pertinet
2376 2629 2687 2686 abbreviato
2729 2630 3024 2686 dictionum
3066 2639 3119 2686 et
3159 2630 3413 2686 adunatio
3461 2646 3552 2684 ra-

1960 2717 2187 2773 tionum.

2579 2897 2804 2954 CAPUT
2832 2897 2930 2952 XI.

1965 3021 2438 3089 Quemadmodum
2457 3023 2734 3095 Pippinus
2769 3023 3026 3079 eumdem
3051 3023 3236 3080 locum
3278 3023 3551 3082 Othmaro

2164 3128 2295 3167 cum
2311 3113 2604 3185 privilegio
2629 3112 2862 3169 etdouis
2891 3114 3328 3171 commendarit.

2031 3239 2158 3294 Post
2213 3241 2514 3297 venerandi
2543 3240 2736 3308 Patris,
2771 3241 2917 3296 beati
2946 3241 3196 3299 videlicet
3231 3243 3374 3298 Galli
3415 3259 3556 3299 con-

1958 3326 2181 3383 fessoris
2211 3329 2423 3398 Christi,
2458 3329 2773 3402 gloriosam,
2793 3330 3185 3401 depositionem
3215 3331 3559 3404 quotidianas

1960 3417 2214 3472 excubias
2242 3418 2386 3488 apud
2415 3417 2557 3473 sacri
2595 3418 2839 3490 corporis
2869 3419 2983 3487 ejus
3025 3419 3284 3491 reliquias
3333 3421 3562 3492 quidam

1959 3505 2205 3578 religiosi
2249 3505 2447 3571 clerici,
2483 3507 2569 3562 vel
2616 3507 2970 3578 discipulatus
2999 3508 3114 3576 ejus
3161 3509 3444 3576 memoria,
3468 3509 3561 3566 vel

1961 3594 2144 3650 divino
2173 3610 2359 3650 amore
2386 3595 2634 3651 succensi
2658 3612 2756 3666 per
2784 3596 2952 3651 multa
2971 3613 3236 3652 annorum
3257 3598 3550 3664 corricula,

1961 3682 2166 3738 scilicet
2187 3683 2342 3755 quasi
2374 3683 2751 3754 alemporibus
2775 3685 3077 3758 Dagoberti
3098 3686 3247 3758 regis
3276 3704 3449 3758 usque
3478 3688 3552 3743 ad

1963 3772 2215 3826 Carolum
2259 3781 2470 3842 patrem
2517 3773 2823 3828 Carlomani
2870 3781 2921 3829 et
2951 3773 3182 3845 Pippini,
3231 3776 3303 3830 ad
3340 3775 3563 3831 laudem

1962 3860 2161 3916 Christi
2207 3861 2677 3916 administrabant.
2730 3861 2898 3932 Igitur
2941 3878 3065 3918 cum
3103 3863 3247 3918 fama
3298 3863 3562 3919 virtutum

1961 3965 2098 4020 quas
2115 3950 2377 4005 Dominus
2393 3967 2490 4021 per
2505 3949 2836 4006 confessoris
2854 3951 2937 4005 sui
2956 3951 3149 4006 merita
3186 3953 3275 4023 pie
3300 3969 3560 4024 quaeren-

1961 4037 2106 4092 tibus
2122 4038 2376 4094 exhibere
2393 4039 2650 4110 dignatus
2671 4047 2772 4107 est,
2805 4039 2970 4113 longe
2991 4040 3208 4112 lateque
3247 4041 3563 4113 circumpo-

1961 4126 2188 4181 sitorum
2201 4127 2460 4182 mulceret
2471 4143 2633 4183 aures
2645 4129 2992 4198 populorum,
3019 4137 3300 4200 coeperunt
3320 4131 3566 4201 undique

1959 4214 2127 4271 alacri
2149 4215 2435 4270 devotione
2457 4217 2523 4270 ad
2558 4217 2688 4271 tanti
2709 4217 2884 4271 Patris
2924 4215 3186 4290 suffragia
3232 4219 3566 4289 postulanda

1963 4320 2308 4370 concurrere,
2342 4306 2685 4377 eumdenque
2738 4305 2918 4361 locum
2964 4306 3036 4360 ob
3068 4322 3179 4361 suae
3224 4307 3561 4362 diuturnita-

1963 4401 2074 4448 tem
2105 4393 2381 4448 memoriae
2407 4393 2792 4463 multiplicibus
2809 4393 3120 4448 substantiae
3150 4401 3203 4450 et
3245 4397 3564 4466 possessio-

273 4497 460 4538 eorum
494 4482 586 4554 qui
629 4497 813 4538 secum
852 4489 1113 4538 venerant
1138 4487 1348 4535 reatum
1378 4494 1535 4532 suum
1580 4475 1864 4533 confessus
1884 4487 1936 4546 D
1965 4499 2094 4536 num
2122 4479 2453 4552 amplificare
2483 4481 2746 4537 donariis.
2799 4482 3040 4554 Cumque
3066 4497 3154 4537 res
3184 4483 3284 4537 hac
3313 4483 3566 4556 largitate

271 4578 373 4626 est.
407 4569 511 4640 Qui
536 4570 754 4626 "deinde
783 4586 910 4626 cum
938 4569 1252 4625 custodibus
1296 4566 1541 4624 ecclesiae
1576 4582 1696 4638 quae
1726 4563 1864 4619 facta

267 4658 479 4716 fuerant
521 4660 806 4726 indicaret,
844 4659 988 4715 fama
1009 4659 1168 4729 hujus
1197 4656 1452 4715 miraculi
1495 4654 1631 4712 mira
1666 4651 1864 4710 celeri-

276 4756 383 4806 tate
403 4748 615 4806 cunctis
639 4747 892 4804 innotuit.

904 4888 1130 4946 CAPUT
1158 4887 1232 4943 X.

272 5002 670 5060 Pronuntiatio
681 5003 975 5076 scriptoris
992 5001 1059 5056 de
1070 4999 1347 5073 qualitate
1365 4995 1545 5070 operis
1563 4993 1839 5067 assumpti
1849 5033 1862 5048 .

340 5117 641 5188 Descriptis
656 5119 742 5174 his
763 5135 883 5190 quae
913 5117 1216 5189 priscorum
1246 5113 1468 5171 solertia
1489 5113 1557 5168 de
1597 5111 1727 5177 vita,
1760 5109 1866 5165 fine

265 5216 322 5264 et
347 5206 636 5264 virtutibus
668 5207 809 5262 beati
829 5207 970 5262 Galli
1001 5207 1069 5262 ad
1090 5221 1190 5261 nos
1237 5220 1412 5276 usque
1457 5201 1660 5272 scripto
1691 5208 1870 5256 trans-

265 5297 431 5363 misit,
480 5295 606 5350 hinc
640 5310 706 5350 ea
730 5295 868 5366 stylo
909 5294 1378 5365 comprehendere
1430 5290 1722 5347 tentatibus
1746 5305 1866 5360 quae

265 5404 295 5442 a
330 5383 663 5442 fidelissimis
693 5383 918 5438 testibus
961 5382 1215 5449 indicata,
1248 5397 1282 5436 a
1319 5379 1642 5436 charissimo
1696 5377 1866 5432 fratre

271 5476 568 5546 Gotzperto
603 5471 794 5528 litteris
825 5478 949 5526 sunt
1003 5471 1274 5526 mandata.
1325 5471 1386 5524 In
1432 5468 1628 5541 quibus
1689 5465 1864 5537 primo

282 5591 336 5654 Ι·
379 5626 521 5670 Anno
575 5627 656 5670 710
701 5623 754 5670 id
814 5622 998 5669 factum
1053 5621 1209 5666 refert
1280 5619 1621 5676 Hepidannus,
1691 5625 1866 5662 mona-

263 5695 387 5743 chus
424 5694 795 5743 Sen-Gallensis
837 5695 890 5742 in
945 5692 1122 5742 Annal.
1174 5691 1255 5738 Sic
1307 5700 1426 5737 vero
1473 5689 1738 5745 Ratpertus
1807 5687 1863 5732 in

1967 4579 2212 4636 fidelium
2251 4578 2476 4644 collatae,
2503 4579 2853 4651 aliquantulaa
2886 4579 3280 4635 monachorum
3324 4595 3564 4654 congre-

1966 4668 2170 4742 gationi
2197 4667 2511 4724 viderentur
2540 4676 2825 4740 suppetere
2869 4668 3131 4740 potuisse,
3172 4669 3566 4725 Waldramnus

1966 4758 2206 4830 quidam,
2262 4769 2330 4812 ad
2359 4759 2510 4827 cujus
2552 4765 2829 4828 paternam
2886 4757 3295 4829 possessionem
3346 4759 3564 4814 termini

1966 4855 2132 4902 vestae
2155 4847 2464 4904 solitudinis
2502 4846 2557 4900 in
2589 4847 2747 4918 quibu
2762 4863 2788 4901 s
2818 4845 2901 4904 vir
2923 4847 3023 4902 Die
3038 4846 3232 4902 cellam
3254 4855 3566 4904 construxe-

1967 4943 2046 4990 rat
2060 4937 2335 5006 pertinere
2365 4936 2708 5003 videbantur,
2745 4935 2937 4991 videns
2975 4951 3067 4990 res
3099 4936 3326 4991 collatas
3363 4952 3397 4991 a
3423 4937 3564 5008 'qui-

1965 5023 2197 5079 busdam
2226 5023 2706 5095 prazsumptoribus
2736 5022 3040 5079 inordinate
3056 5023 3290 5093 tractari,
3332 5024 3564 5097 religio-

1966 5129 2085 5169 sum
2107 5113 2395 5185 quemdam
2427 5112 2826 5185 presbyterum,
2864 5110 3179 5167 Othmarum
3209 5112 3449 5179 nomine,
3477 5113 3567 5169 cui

1967 5218 2233 5257 summam
2266 5201 2578 5256 earumdem
2622 5200 2980 5256 committeret
3022 5216 3226 5271 rerum,
3270 5216 3305 5256 a
3347 5202 3567 5259 Victore

1967 5300 2092 5347 tunc
2128 5290 2474 5356 Curiensium
2522 5289 2718 5344 comite
2764 5289 3093 5359 impetravit,
3122 5296 3176 5344 et
3206 5289 3257 5344 ei
3305 5290 3564 5345 cellulam

1967 5396 2088 5436 cum
2109 5379 2365 5435 omnibus
2393 5379 2465 5434 ad
2495 5394 2616 5433 eam
2645 5377 3045 5449 pertinentibus
3079 5378 3526 5435 commendavit‘
3548 5421 3562 5435 .

1966 5470 2318 5524 Postmodum
2366 5467 2593 5523 consilio
2627 5467 2909 5536 cujusdam
2957 5465 3114 5522 ducis
3153 5466 3372 5522 nomine
3414 5466 3554 5523 Nebi

1964 5610 2054 5656 lib.
2099 5613 2118 5656 Ι
2165 5611 2228 5656 de
2272 5609 2432 5656 Casib.
2476 5612 2522 5656 S.
2559 5608 2698 5664 Galli,
2733 5619 2840 5665 cap.
2888 5615 2987 5654 ρει
3026 5607 3253 5654 Taltonts
3293 5608 3422 5654 nlius
3471 5610 3565 5656 fuit

1963 5682 2194 5729 Thieltolt
2246 5682 2402 5739 (Talto
2466 5681 2734 5737 Dagoberti
2793 5682 2926 5738 regis
2997 5681 3305 5729 camerarius
3366 5680 3562 5738 fuerat),
