4024 6194
393 275 533 329 1013

1138 264 1302 323 VITA
1333 264 1390 320 S.
1422 262 1645 319 GALLI.
1670 293 1740 303 —
1767 260 1895 317 LIB.
1926 257 1993 312 II.
2028 254 2243 312 SIGNA
2260 256 2358 313 ΕΟ
2391 254 2684 313 MORTUO
2713 252 2959 311 FACTA.

3542 248 3683 304 1014

390 413 707 473 persuasus,
754 395 825 452 ad
879 392 1159 466 praefatum
1213 392 1518 464 principem
1573 389 1822 447 Carolum
1869 402 1993 444 cum
2020 384 2074 445 A
2096 383 2392 440 Othmarus
2422 385 2566 441 abba
2594 383 2827 437 donatus
2857 379 3065 436 solatiis
3086 386 3139 434 et
3169 378 3490 433 sublimatus
3510 377 3684 431 bono-

396 489 593 545 eodem
622 487 760 542 duce
789 483 1124 556 properavit,
1149 481 1362 553 ipsique
1381 481 1627 536 eamdem
1649 479 1842 534 cellam
1863 492 1992 547 pro-

392 576 635 650 prietatis
657 575 780 644 jure
811 572 1138 630 contradidit
1170 613 1184 637 ,
1210 579 1262 626 et
1284 577 1342 624 ut
1370 569 1683 625 Othmarum
1703 566 1992 638 presbyte-

396 682 519 721 rum
549 664 726 720 eidem
755 663 878 718 loco
906 661 1231 733 praticeret,
1278 657 1542 715 exoravit.
1601 658 1860 711 Annuens
1889 669 1992 724 pe-

394 753 572 810 titioni
600 752 717 822 ejus
744 751 1020 823 princeps.
1044 748 1304 804 Othmaro
1331 748 1400 802 ad
1445 745 1791 818 prasentiam
1839 757 1994 796 suam

399 851 597 899 vocato
626 842 806 897 locum
850 837 1267 902 commendavit,
1303 843 1356 891 et
1396 842 1454 890 ut
1510 833 1814 907 regularem
1861 829 1994 884 inibi

399 932 570 988 vitam
599 930 880 985 instituere
911 927 1152 982 studeret
1181 924 1457 996 praecepit.
1479 922 1585 991 Qui
1602 936 1886 992 regressus
1912 935 1996 972 ar-

394 1021 559 1092 ripuit
590 1018 769 1073 statim
798 1017 925 1072 boni
955 1014 1189 1086 pastoris
1218 1013 1389 1079 initia,
1428 1019 1480 1067 et
1509 1010 1750 1082 undique
1769 1023 1995 1064 versum

397 1107 705 1164 habitacula
756 1105 1150 1161 monachorum
1198 1102 1387 1157 usibus
1443 1115 1686 1171 congrua
1732 1097 1995 1168 disposite

397 1206 743 1262 construens,
785 1195 1030 1264 ejusdem
1074 1191 1248 1247 sancti
1279 1199 1476 1244 statum
1524 1188 1631 1243 loci
1676 1185 1995 1242 utilitatibus

399 1286 637 1344 diversis
652 1283 877 1355 aptavit.
905 1281 1011 1337 Sed
1032 1297 1157 1338 cum
1167 1281 1279 1349 jam
1315 1279 1492 1334 dictus
1507 1278 1764 1348 princeps
1788 1283 1997 1345 tempo-

398 1375 590 1432 raliter
618 1371 881 1447 regnandi
910 1378 963 1425 et
990 1368 1211 1426 vivendi
1242 1366 1405 1423 ﬁnem
1435 1366 1671 1433 fecisset,
1706 1364 1921 1419 duobus
1935 1361 1998 1416 ﬁ-

403 1466 496 1522 liis
523 1463 886 1520 Carlomanno
926 1467 979 1514 et
1007 1457 1237 1529 Pippino
1265 1455 1785 1511 administrationem
1842 1451 1997 1524 regni

403 1552 644 1625 reliquit.
678 1550 1066 1606 Carlomannus
1096 1547 1278 1618 itaque
1315 1561 1611 1616 paucorum
1671 1540 1993 1598 decursibus

405 1640 638 1699 evolutis
668 1654 953 1705 annorum,
986 1638 1055 1691 ob
1086 1651 1334 1692 amorem
1365 1634 1518 1706 regni
1540 1632 1797 1697 caelestis,
1832 1645 1998 1685 sacu-

2093 474 2265 540 ribus,
2298 473 2685 528 monasterium
2715 472 2869 526 latus
2890 468 3197 540 regreditur
3230 486 3244 534 ;
3269 474 3321 521 et
3341 483 3405 521 ex
3434 465 3527 520 illo
3546 473 3685 519 tem-

2090 579 2226 635 pore
2254 561 2571 617 monastica
2598 560 2720 616 vita
2750 560 2804 614 in
2835 556 3086 614 coenobio
3116 555 3288 611 sancti
3331 553 3473 610 Galli
3522 568 3683 608 exor-

2092 651 2241 707 dium
2271 651 2489 723 quidem
2519 650 2701 721 ccepit,
2736 654 3086 721 augmentum
3121 652 3303 701 autem
3331 651 3383 699 et
3413 641 3686 715 profectus

2093 740 2364 813 hodieque
2395 738 2744 795 laudabiliter
2772 736 2984 792 dilatari
3025 750 3137 791 non
3184 732 3400 789 desinit.

2696 867 2921 923 CAPUT
2957 866 3082 920 XII.

2101 987 2354 1055 Qualiter
2371 984 2816 1059 prwcavcntibus
2849 983 3083 1039 Victoris
3127 981 3430 1035 incursum
3461 977 3686 1051 populi:

2486 1075 2718 1146 signum
2745 1074 2821 1128 sit
2852 1071 3130 1127 divinitus
3161 1069 3381 1125 datum.

2168 1191 2450 1245 Pramissa
2474 1189 2787 1244 narratione
2846 1202 2953 1259 qua
3010 1174 3467 1255 comprehensum
3551 1180 3681 1235 satis

2094 1296 2222 1336 vere
2249 1278 2539 1343 credimus,
2590 1277 2863 1349 quomodo
2913 1291 3070 1329 sacer
3124 1273 3278 1328 locus
3334 1269 3686 1325 immunitatis

2096 1368 2440 1441 privilegium
2468 1366 2749 1431 meruerit,
2784 1373 2836 1420 et
2867 1356 2975 1435 quo
3005 1363 3061 1416 in
3104 1369 3349 1432 tempore
3395 1357 3685 1415 canobiali

2095 1456 2355 1529 dignitate
2387 1455 2454 1510 sit
2471 1455 2782 1522 adornatus,
2815 1452 3041 1506 liberius
3065 1451 3178 1520 jam
3207 1450 3275 1503 ad
3306 1448 3683 1503 miraculorum

2095 1546 2239 1601 beati
2271 1544 2413 1600 Galli
2441 1541 3017 1600 commemorationem
3049 1538 3245 1610 stylum
3285 1535 3678 1593 convertimus.

2096 1634 2301 1699 Victor,
2333 1632 2608 1688 Curiensis
2637 1631 2820 1687 Raetia
2851 1645 3053 1693 comes,
3087 1628 3239 1696 cujus
3265 1624 3511 1697 superius
3550 1622 3687 1679 feci-

400 1731 538 1787 laris
566 1729 754 1804 gloria
774 1742 1029 1799 pompam
1057 1723 1388 1796 deposuit‘;
1420 1730 1471 1779 et
1501 1737 1624 1777 cum
1655 1736 1818 1776 causa
1848 1718 1997 1791 quie-

2109 1740 2218 1778 mus
2248 1722 2601 1789 mentionem,
2631 1737 2752 1776 cum
2782 1716 3208 1773 innumerabiles
3239 1714 3382 1786 apud
3430 1712 3693 1768 tumulum

405 1819 559 1876 tioris
588 1818 712 1874 vita
741 1819 970 1872 Romam
1008 1814 1276 1879 tenderet,
1312 1812 1367 1866 in
1401 1809 1653 1867 viciniam
1702 1807 1999 1880 supradicti

401 1909 514 1966 loci
534 1906 850 1972 deveniens,
882 1904 950 1958 ad
980 1903 1125 1958 idem
1154 1899 1545 1958 monasterium
1591 1913 1756 1955 causa
1801 1896 2000 1952 oratio-

404 1997 494 2054 nis
524 1995 757 2052 accessit
788 2012 801 2048 ε
833 1993 1131 2064 audiesque
1148 1990 1381 2046 assiduis
1412 1989 1697 2062 signorum
1716 1985 2001 2042 virtutibus

405 2086 661 2143 eumdem
690 2085 869 2139 locum
890 2097 988 2154 pro
1017 2080 1160 2136 beati
1188 2079 1288 2134 viri
1317 2077 1523 2133 meritis
1552 2092 1583 2131 a
1613 2075 1845 2131 Domino
1880 2074 2001 2128 illu-

404 2167 588 2237 strari,
620 2167 823 2224 dixisse
843 2166 1017 2221 fertur
1050 2182 1062 2220 :
1096 2163 1296 2219 Tenuis
1342 2162 1562 2234 quidem
1592 2160 1680 2215 hic
1732 2159 1886 2214 locus
1918 2165 2002 2213 est

407 2258 689 2324 facultate,
722 2256 820 2311 sed
848 2271 949 2326 pro
971 2253 1181 2309 meritis
1200 2252 1345 2307 beati
1362 2250 1505 2306 Galli
1524 2249 1730 2306 celebri
1750 2246 2002 2303 diffama-

408 2355 499 2404 tus
528 2345 1021 2415 rumore.Cumque
1033 2342 1196 2398 vellet
1217 2340 1420 2395 ibidem
1440 2337 1762 2412 degentibus
1781 2335 2004 2406 aliquod

408 2453 526 2492 sua
553 2433 820 2508 largitatis
851 2431 1104 2489 conferre
1149 2430 1424 2495 solatium,
1482 2428 1580 2482 sed
1618 2431 1937 2481 retractaret
1971 2438 2006 2478 a

408 2524 644 2599 negotiis
675 2539 733 2578 se
773 2522 925 2595 regni
972 2520 1299 2589 disjunctum
1347 2516 1568 2588 explere
1611 2530 1721 2569 non
1763 2513 2005 2584 potuisse

411 2613 561 2687 quod
590 2611 778 2679 voluit,
810 2609 934 2665 frati
960 2608 1235 2679 rescripsit
1263 2614 1322 2661 ut
1353 2605 1435 2660 sui
1465 2603 1669 2660 amoris
1698 2601 1891 2657 intuitu
1921 2601 1999 2656 ei-

408 2704 537 2759 dem
564 2699 896 2756 monasterio
936 2697 1155 2769 aliquod
1198 2695 1369 2767 regia
1425 2692 1692 2764 largitatis
1752 2690 2007 2746 solatium

405 2792 727 2866 dignaretur
738 2788 1072 2859 impendere.
1099 2786 1235 2841 Cum
1250 2783 1417 2858 igitur
1433 2783 1503 2838 ab
1526 2781 1786 2838 Othmaro
1806 2780 2007 2835 abbate

409 2886 795 2955 prasentatam
825 2876 1084 2948 Pippinus
1112 2874 1370 2946 princeps
1401 2871 1706 2943 accepisset
1722 2869 2007 2940 epistolam

408 2985 658 3025 annuens
685 2965 888 3039 petioni
917 2964 1184 3032 fraterna,
1217 2962 1464 3017 libellum
1493 2975 1656 3033 quem
1685 2957 2007 3013 Benedictus

410 3059 572 3114 Pater
599 3057 668 3112 de
711 3054 1127 3112 canobitarum-
1153 3049 1567 3108 conversatione
1609 3052 2008 3121 composuerat,

412 3147 594 3205 eidem
621 3144 801 3200 abbati
830 3141 1070 3211 tradidit,
1104 3147 1159 3196 et
1185 3139 1291 3194 alia
1313 3137 1481 3210 regia
1508 3135 1789 3210 dignitatis
1808 3135 2007 3206 imper-

323 3279 336 3291 .
411 3236 555 3291 tiens
586 3235 749 3302 dona,
782 3232 838 3287 id
876 3229 928 3287 ei
959 3230 1061 3285 sub
1092 3227 1241 3285 omni
1269 3225 1548 3298 diligentia
1612 3224 1838 3294 injunxit
1866 3231 1924 3277 ut
1952 3223 2009 3277 in

410 3325 536 3381 loco
553 3322 655 3378 sibi
676 3319 1076 3385 commendato,
1098 3317 1166 3372 ad
1187 3315 1515 3388 supplendas
1537 3312 1680 3369 beati
1696 3312 1835 3367 Galli
1850 3327 2010 3367 excu-

414 3413 556 3479 bias,
588 3409 852 3483 regularis
896 3407 1143 3463 ordinem
1185 3404 1490 3459 institueret
1531 3401 1673 3457 vita.
1724 3403 1901 3472 Atque
1952 3407 2008 3454 ut

412 3498 613 3555 mellus
641 3502 824 3569 posset
853 3493 999 3567 quod
1022 3492 1317 3563 jubebatur
1360 3489 1596 3556 efﬁcere,
1630 3486 1900 3544 concessit
1929 3485 2008 3540 illi

414 3586 681 3660 quosdam
710 3582 1026 3639 tributarios
1055 3582 1123 3636 de
1153 3581 1348 3636 eodem
1378 3594 1544 3652 pago,
1579 3584 1637 3630 ut
1666 3585 1719 3632 et
1760 3575 1866 3630 illis
1888 3574 2007 3631 col-

414 3673 790 3731 laborantibus
856 3669 1099 3727 ofﬁcinas
1132 3668 1363 3723 fratrum
1424 3666 1613 3722 usibus
1670 3662 2008 3720 necessarias

415 3768 781 3828 construeret,
805 3768 858 3816 et
873 3758 1164 3832 vectigalia
1181 3773 1303 3829 qua
1336 3754 1613 3810 annuatim
1650 3752 1819 3825 regiis
1835 3751 2010 3807 reddi-

417 3852 567 3906 tibus
587 3849 791 3905 inferre
838 3848 1132 3915 debebant,
1179 3846 1249 3900 ad
1287 3843 1737 3899 sustentationem
1784 3840 2010 3896 fratrum

415 3939 520 3995 sub
548 3936 1068 3994 commemoratione
1104 3933 1373 4007 largitatis
1413 3932 1528 4002 ejus
1573 3931 1819 3986 haberet.
1862 3930 2011 3984 Inter

415 4035 622 4085 catera
650 4041 867 4099 quoque
901 4040 1015 4080 sua
1069 4020 1452 4078 muniﬁcentia
1480 4020 1726 4087 donaria,
1784 4026 2010 4090 rogante

417 4117 638 4183 abbate,
666 4130 833 4170 unum
861 4128 1188 4185 campanum
1217 4112 1288 4167 ad
1317 4109 1489 4166 sancti
1517 4110 1624 4166 loci
1659 4108 1810 4164 dedit
1842 4123 2009 4163 oma-

416 4213 534 4260 tum
558 4223 572 4272 ;
608 4204 754 4276 quod
783 4204 851 4258 ad
880 4217 1055 4274 usque
1083 4207 1286 4256 nostra
1313 4198 1487 4256 atatis
1516 4206 1760 4270 tempora
1806 4197 1862 4252 in
1892 4212 2010 4252 ca-

416 4293 585 4349 nobio
617 4292 811 4347 eodem
843 4305 946 4362 pro
972 4288 1242 4345 memoria
1290 4286 1681 4343 beneﬁciorum
1724 4286 1843 4354 ejus
1883 4301 2012 4356 per-

416 4381 640 4437 mansit.
674 4381 743 4435 Et
780 4394 850 4434 ne
897 4379 1221 4450 cujusquam
1251 4375 1477 4432 avaritia
1506 4375 1636 4430 tanti
1663 4374 2011 4431 incrementis

416 4468 712 4526 obsisteret
739 4466 887 4534 boni,
930 4467 1201 4521 diuturna
1246 4462 1517 4519 ﬁrmitatis
1558 4462 1845 4535 epistolam
1885 4460 2012 4518 fecit
2042 4449 2097 4512 D

417 4556 713 4623 conscribi,
745 4564 797 4611 et
821 4564 879 4611 ut
921 4554 1093 4611 moris
1142 4562 1245 4621 est,
1311 4554 1710 4624 circumspecta
1768 4551 2017 4608 roborari

418 4655 651 4721 cautela,
686 4669 794 4727 quo
822 4653 1080 4725 deinceps
1110 4659 1215 4707 tam
1242 4651 1359 4723 ipse
1387 4652 1478 4724 qui
1499 4651 1686 4705 aderat
1702 4665 1868 4722 quam
1888 4663 2018 4705 suc-

417 4768 672 4810 cessores
702 4752 819 4822 ejus
848 4752 994 4807 idem
1027 4750 1415 4808 monasterium
1442 4764 1543 4820 per
1574 4748 1783 4822 regiam
1813 4747 2023 4805 obtine-

421 4850 542 4899 rent
571 4840 965 4911 auctoritatem,
995 4848 1049 4896 et
1078 4840 1278 4895 nullius
1335 4837 1593 4895 violentia
1638 4837 1835 4909 pressi,
1887 4838 2019 4894 solis

421 4947 610 4988 rerum
639 4929 975 5003 principibus
1030 4928 1398 4999 subjacerent.
1432 4927 1528 4982 His
1581 4927 1750 5001 regia
1800 4926 2017 5000 pietatis

424 5152 576 5209 cujux
639 5150 898 5198 Thietonis
917 5149 1055 5197 illius
1133 5148 1289 5202 Potio,
1337 5148 1555 5195 Potionis
1644 5148 1811 5196 autem
1886 5148 2020 5195 illius

432 5223 790 5279 Waldpertus,
884 5221 971 5278 qui
1037 5220 1215 5276 genuit
1288 5220 1662 5274 Waltramnum,
1729 5221 1838 5276 ipse
1899 5229 2019 5266 vero

425 5295 764 5340 Wattramnus
804 5293 969 5339 locum
998 5290 1149 5338 istum
1170 5292 1222 5337 in
1259 5290 1498 5337 omnibus
1526 5291 1591 5337 ob
1611 5301 1832 5338 amorem
1861 5291 2018 5338 sancti

426 5364 558 5413 Galli
590 5374 778 5420 augere
818 5362 1133 5418 desiderans,
1174 5362 1559 5419 regularemque
1594 5361 1719 5407 inibi
1762 5363 1918 5409 vitam
1944 5361 2021 5408 in-

424 5436 639 5483 stituere
675 5434 902 5491 cupiens.
940 5435 1231 5481 Othmarum
1270 5435 1498 5479 sanctum
1543 5432 1710 5478 virum
1734 5443 1763 5479 a
1805 5434 2016 5489 Victore,

423 5508 594 5555 Ratia
650 5504 908 5553 Curiensis
985 5504 1186 5559 comite,
1260 5504 1563 5561 impetravit,
1643 5503 1785 5558 eique
1841 5505 2021 5551 cellam

426 5577 690 5634 praefatam
731 5586 847 5622 cum
905 5575 1148 5643 omnibus
1204 5574 1266 5620 ad
1329 5586 1442 5621 eam
1480 5574 1850 5631 pertinentibus
1891 5585 2022 5621 com-

424 5647 700 5699 mendavit.
752 5646 1087 5706 abbatemque
1136 5645 1410 5694 constituit.
1483 5647 1658 5694 Postea
1715 5656 1835 5694 vero
1892 5648 2020 5694 tem-

2029 3097 2080 3161 Ο

2096 1812 2268 1869 sancti
2298 1811 2438 1867 Galli
2464 1827 2564 1882 per
2592 1806 2787 1865 merita
2818 1807 2987 1879 ipsius
3032 1806 3261 1861 virtutes
3292 1802 3508 1858 ostendi
3558 1818 3686 1858 cre-

2099 1888 2337 1957 berrime
2368 1899 2669 1964 didicisset,
2703 1896 2903 1952 invidia
2925 1901 3251 1967 perurgente
3270 1900 3412 1948 tanta
3429 1906 3697 1946 novarum

2098 1989 2463 2064 generositate
2494 1987 2753 2042 virtutum
2781 1992 3025 2040 nostram
3042 1989 3260 2054 gentem
3280 1979 3532 2052 insigniri
3559 1994 3697 2049 per-

2100 2079 2270 2134 doluit
2303 2096 2317 2145 ;
2350 2085 2403 2133 et
2430 2083 2488 2131 ut
2510 2084 2635 2131 tunc
2664 2073 2811 2128 fama
2841 2072 3178 2145 vulgaverat,
3238 2068 3474 2123 latenter
3529 2066 3699 2121 voluit

2101 2185 2200 2240 per
2228 2165 2409 2221 abdita
2438 2164 2609 2221 eremi
2640 2161 3013 2234 supervenire,
3044 2166 3097 2215 et
3124 2157 3348 2229 pretiosi
3377 2157 3697 2210 thesaurum

2101 2255 2369 2327 corporis,
2404 2254 2450 2309 si
2480 2269 2589 2326 quo
2618 2260 2779 2323 pacto
2808 2250 3077 2321 potuisset
3107 2246 3340 2302 auferre.
3376 2243 3518 2314 Quia
3536 2243 3697 2298 mali-

2101 2345 2225 2400 tiosi
2255 2342 2487 2415 raptoris
2514 2340 2809 2395 intentione
2841 2345 3142 2409 comperta,
3174 2335 3229 2389 hi
3261 2333 3354 2406 qui
3385 2333 3441 2387 in
3471 2332 3696 2389 circuitu

2100 2434 2250 2490 cella
2266 2432 2365 2488 viri
2395 2430 2495 2486 Dei
2524 2428 2959 2492 commanebant,
2987 2423 3308 2482 custodibus
3336 2421 3577 2478 vicissim
3596 2436 3698 2492 per

2104 2531 2312 2577 turmas
2341 2519 2629 2591 deputatis,
2664 2516 2914 2573 eumdem
2944 2515 3124 2570 locum
3180 2512 3247 2566 ab
3293 2509 3476 2566 hostili
3521 2510 3701 2566 incur-

2103 2611 2275 2681 sione,
2311 2626 2378 2664 ne
2401 2607 2653 2665 videlicet
2683 2614 2792 2661 tam
2824 2603 2974 2659 chari
3003 2601 3214 2673 fulgore
3242 2596 3688 2671 margariticare-

2104 2707 2246 2767 rent,
2277 2698 2425 2754 omni
2462 2695 2759 2769 sagacitate
2817 2692 3110 2747 defensare
3171 2688 3481 2744 studebant.
3526 2684 3701 2758 Igitur

2101 2805 2226 2846 cum
2255 2786 2489 2860 quadam
2517 2791 2676 2841 nocte
2705 2781 2961 2838 custodes
3017 2780 3075 2834 in
3131 2777 3441 2834 summitate
3497 2772 3700 2829 montis

2104 2877 2196 2949 qui
2225 2874 2548 2932 monasterio
2580 2870 3013 2944 superimminet,
3046 2868 3118 2923 ad
3148 2872 3432 2937 suspectos
3453 2863 3702 2919 incursus

2105 2964 2295 3022 armati
2325 2964 2628 3020 residerent
2657 2959 3072 3033 pracavendos,
3121 2971 3251 3012 casu
3278 2954 3457 3009 lucem
3486 2968 3517 3007 e
3562 2950 3703 3006 coelo

2107 3054 2295 3111 venire
2321 3069 2385 3109 ac
2426 3052 2589 3107 totius
2644 3048 2892 3106 ecclesia
2946 3044 3276 3118 perfundere
3321 3039 3527 3096 moenia
3579 3054 3705 3095 con-

2109 3148 2422 3216 spexerunt.
2455 3139 2877 3196 Immensitatem
2916 3135 3105 3207 itaque
3134 3130 3354 3187 luminis
3426 3127 3704 3194 admirati,

2106 3215 2177 3289 ad
2206 3230 2491 3288 ecclesiam
2552 3228 2715 3285 citius
2771 3229 3167 3282 concurrerunt
3196 3239 3209 3275 :
3241 3229 3296 3277 et
3325 3220 3455 3274 dum
3511 3215 3711 3288 trepidi

2108 3328 2496 3392 stupentesque
2525 3317 2729 3372 ibidem
2757 3300 3043 3372 constituti
3086 3309 3338 3367 eumdem
3378 3307 3715 3362 intuerentur

2116 3408 2484 3480 splendorem,
2518 3404 2779 3477 paulatim
2828 3418 2888 3458 se
2919 3403 3009 3456 lux
3038 3398 3309 3455 submissa
3368 3394 3718 3467 recolligens,

2108 3497 2266 3552 astris
2296 3494 2648 3550 inseritur.At
2681 3492 2761 3546 illi
2792 3491 2911 3546 viso
2942 3489 3210 3544 miraculo
3228 3493 3456 3559 agentes
3482 3482 3717 3539 Domino

2106 3586 2332 3660 gratias,
2364 3582 2542 3639 securi
2567 3581 2633 3636 ad
2661 3579 2885 3651 propria
2914 3584 3242 3643 remearunt,
3279 3575 3568 3629 credentes
3595 3587 3710 3627 cor-

2107 3691 2211 3747 pus
2232 3673 2329 3729 viri
2357 3672 2457 3727 Dei
2486 3686 2588 3742 per
2608 3669 2720 3724 vim
2739 3668 2807 3723 ab
2829 3681 2896 3721 eo
2916 3665 3040 3721 loco
3056 3663 3279 3718 minime
3297 3660 3501 3716 auferri
3520 3672 3705 3731 posse,

2111 3780 2274 3836 quem
2296 3762 2374 3816 illi
2401 3759 2663 3815 Dominus
2694 3764 2819 3812 ante
2850 3753 3046 3810 sacula
3066 3750 3331 3824 pravidit,
3363 3757 3417 3803 et
3446 3764 3559 3803 sua
3578 3746 3707 3801 illu-

2112 3834 2358 3907 stationis
2381 3851 2589 3905 honore
2632 3844 2966 3916 temporibus
3022 3841 3140 3896 istis
3195 3836 3489 3895 decoravit.
3552 3834 3709 3891 Unde

2111 3942 2263 3997 datur
2326 3936 2557 4008 intelligi
2616 3934 2797 4008 quanti
2850 3931 2993 4003 apud
3023 3932 3198 3985 Deum
3254 3924 3432 3982 meriti
3486 3922 3570 3979 vir
3599 3922 3704 3978 iste

2110 4029 2288 4097 fuerit,
2311 4028 2465 4098 cujus
2495 4024 2783 4096 sepultura
2840 4021 3022 4077 locum
3081 4017 3296 4075 calitus
3325 4011 3551 4086 contigit
3572 4010 3701 4066 illu-

2112 4118 2268 4174 strari
2292 4135 2305 4172 :
2328 4123 2387 4171 ut
2416 4113 2669 4172 videlicet
2698 4112 2883 4167 lumen
2937 4123 3045 4181 quo
3075 4107 3192 4177 ejus
3221 4105 3399 4160 anima
3456 4098 3699 4174 perfecte

2111 4206 2388 4262 fruebatur
2414 4205 2468 4260 in
2489 4203 2663 4272 catis,
2689 4200 2853 4257 etiam
2864 4205 3078 4254 mortuo
3108 4193 3328 4267 corpori
3339 4207 3451 4249 non
3476 4190 3699 4246 deesset

2112 4296 2169 4351 in
2201 4296 2377 4352 terris.

2712 4411 2936 4471 CAPUT
2973 4410 3124 4467 XIII.

2122 4527 2239 4597 Qua
2270 4523 2760 4582 animadversione
2788 4520 2939 4576 idem
2966 4535 3001 4573 a
3028 4533 3132 4573 sua
3158 4511 3601 4589 praesumptione
3631 4510 3712 4567 sit

2756 4623 3065 4681 repressus.

2171 4721 2413 4779 Audiens
2440 4719 2623 4790 itaque
2651 4731 2834 4774 comes
2863 4712 3159 4785 pradictus
3187 4726 3218 4765 a
3246 4708 3386 4766 cella
3408 4706 3582 4763 sancti
3607 4703 3705 4761 viri

2118 4809 2437 4868 discessisse
2466 4805 2740 4872 custodes,
2774 4802 3002 4873 cupiens
3032 4815 3162 4856 suos
3190 4797 3412 4869 explere
3460 4801 3701 4862 conatus,

2116 4901 2360 4957 virorum
2386 4898 2600 4953 turbam
2628 4891 2940 4964 assumpsit,
2975 4896 3033 4945 ut
3062 4887 3209 4961 quod
3239 4885 3383 4941 male
3422 4884 3708 4957 cogitave-

2116 4998 2217 5057 rat,
2250 4987 2533 5060 repentino
2561 4992 2614 5041 et
2644 4982 2829 5039 latenti
2856 4983 3199 5053 perpetraret
3227 4990 3474 5031 accessu.
3506 4974 3710 5029 Verum

2120 5192 2241 5240 pore
2312 5178 2611 5237 procedente
2652 5177 2820 5233 atque
2886 5172 3020 5220 statu
3044 5168 3338 5218 monasterii
3411 5168 3465 5214 in
3533 5167 3715 5215 melius

2120 5251 2427 5311 proficiente,
2486 5249 2722 5306 praratus
2779 5244 3116 5291 Waltramnus
3188 5241 3420 5288 eumdem
3481 5240 3716 5311 abbatem

2120 5310 2411 5373 Otlimarum
2461 5320 2680 5376 Pippino
2726 5317 2836 5373 regi
2917 5314 3253 5372 prasentavit,
3293 5314 3404 5364 etc..
3447 5312 3532 5368 qui
3581 5310 3714 5355 idem

2120 5392 2483 5442 monasterium
2540 5398 2633 5447 per
2718 5396 2881 5434 annos
2939 5384 3275 5442 quadraginta
3313 5383 3530 5429 feliciter
3588 5379 3719 5426 rexit

2117 5467 2422 5513 Waltramno
2465 5460 2700 5520 pradicto
2738 5458 2919 5514 viginti
2983 5455 3133 5502 annis
3173 5455 3411 5501 solatium
3455 5451 3527 5496 illi
3587 5459 3716 5506 pra-

2121 5538 2299 5585 stante.
2323 5552 2345 5577 ›

2174 5638 2199 5666 ι
2235 5628 2376 5673 Anno
2435 5622 2628 5670 scilicet
2684 5623 2781 5676 745,
2839 5620 2910 5665 uti
2951 5617 3088 5664 idem
3144 5612 3469 5670 Hepidannus
3519 5609 3717 5656 scribit.
