4024 6194
366 309 504 364 1015

366 520 559 577 alienae
586 519 860 577 felicitatis
886 520 1217 592 profectibus
1251 520 1501 577 invidens
1530 521 1588 579 id
1616 522 1961 591 moliebatur,

364 609 467 666 Dei
485 617 616 666 nutu
637 611 742 667 cito
768 626 1056 681 repressus
1085 609 1253 667 fuisse
1284 611 1651 685 cognoscitur.
1683 613 1823 669 Nam
1862 629 1963 669 eo-

292 712 309 723 ‘
368 697 496 755 dem
523 706 797 756 momento
824 714 931 772 quo
959 699 1064 755 iter
1091 699 1222 755 illud
1263 717 1559 774 aggressus
1588 709 1687 768 est,
1723 702 1792 757 de
1822 718 1962 774 equo

372 786 460 844 cui
474 787 741 843 insidebat
782 788 981 843 corruit
998 803 1241 861 coxaque
1273 789 1496 845 illiuseo
1516 805 1648 846 casu
1687 789 1962 848 confracta

364 882 465 948 est,
497 876 730 932 Domino
761 876 903 931 beati
921 876 1024 932 viri
1054 877 1247 933 merita
1284 878 1337 932 in
1375 879 1481 935 hoc
1506 895 1722 952 quoque
1772 895 1961 935 remu-

368 971 614 1035 nerante,
646 982 714 1021 ne
761 982 792 1020 a
817 965 940 1022 loco
970 983 1134 1039 quem
1165 966 1283 1038 ipse
1333 967 1574 1041 elegerat
1632 967 1953 1035 auferretur,

371 1067 532 1126 quem
561 1053 629 1108 de
657 1053 858 1109 ultimis
888 1054 1160 1111 Hiberniae
1204 1056 1399 1112 finibus
1442 1057 1512 1112 ad
1540 1057 1768 1113 salutem
1816 1057 1959 1113 mul-

365 1149 539 1200 torum
569 1142 752 1199 Raetiae
781 1143 1089 1199 destinavit.
1133 1146 1201 1198 Et
1231 1145 1395 1201 vicini
1425 1146 1646 1218 quidem
1695 1147 1958 1204 exhibue-

365 1238 491 1286 runt
519 1231 840 1287 excubando
861 1249 972 1288 suae
989 1233 1291 1288 devotionis
1308 1235 1567 1306 obsequia
1601 1254 1614 1290 ε
1645 1237 1790 1291 Deus
1808 1252 1955 1299 vero.

364 1328 682 1375 cunctorum
712 1329 894 1377 custos
931 1322 1215 1389 bonorum,
1268 1323 1343 1377 ibi
1371 1324 1531 1378 etiam
1577 1324 1645 1379 ad
1691 1340 1957 1381 coercen-

360 1408 491 1464 dum
511 1417 781 1480 raptorem
813 1410 1076 1481 vigilavit,
1102 1411 1195 1465 ubi
1225 1411 1529 1468 sollicitudo
1578 1414 1957 1470 alternantium

358 1511 468 1553 non
498 1496 667 1552 adfuit
685 1498 1028 1569 populorum,
1055 1501 1118 1554 Et
1148 1501 1251 1556 hoc
1280 1500 1500 1572 quidem
1530 1503 1661 1575 egit,
1688 1511 1740 1557 ut
1772 1504 1956 1559 credi-

365 1603 506 1654 mus,
539 1603 608 1642 ne
663 1585 851 1643 ﬁdeles
905 1588 1093 1660 populi
1146 1589 1399 1646 thesauro
1429 1608 1591 1662 quem
1619 1590 1956 1648 ferventibus

367 1674 558 1730 studiis
586 1675 894 1731 ambiebant
919 1675 1317 1745 fraudarentur,
1352 1686 1404 1734 et
1423 1695 1491 1734 ne
1522 1680 1569 1734 is
1590 1680 1680 1751 qui
1702 1696 1799 1751 per
1832 1696 1957 1735 ma-

363 1762 532 1819 litiam
562 1765 666 1821 hoc
697 1764 864 1821 decus
913 1766 1180 1839 attingere
1209 1767 1396 1835 voluit,
1430 1785 1540 1823 suae
1585 1770 1955 1840 perversitatis

361 1853 630 1923 potiretur
650 1853 847 1911 eﬁ'ectu
867 1872 881 1921 ;
901 1855 1281 1927 praecipueque
1302 1873 1621 1927 praecavens
1650 1874 1739 1925 ne,
1765 1859 1957 1914 ablatis

366 1942 541 1998 sancti
569 1942 673 1997 viri
705 1942 972 2015 reliquiis,
992 1945 1386 2000 monachorum
1408 1954 1654 2002 catervas
1674 1964 1793 2019 quae
1826 1948 1959 2003 inibi

366 2023 617 2079 laudibus
649 2025 748 2079 Dei
805 2026 1088 2082 servitura:
1116 2036 1287 2094 erant,
1341 2029 1534 2084 deesse
1594 2030 1954 2104 contingeret.

364 2111 550 2184 Itaque
570 2128 759 2169 omnes
790 2122 1066 2185 correptus
1097 2123 1150 2170 et
1179 2117 1398 2173 domum
1428 2135 1457 2172 a
1508 2117 1722 2175 famulis
1768 2136 1959 2192 repor-

365 2203 526 2265 tatus,
558 2213 661 2269 per
679 2197 846 2253 multa
876 2206 1118 2270 tempora
1145 2200 1327 2256 nimiis
1358 2202 1635 2258 doloribus
1681 2211 1763 2259 est
1791 2206 1957 2278 agita-

364 2292 495 2340 tus:
530 2293 585 2340 ut
601 2286 934 2360 intelligeret
974 2288 1166 2344 saltem
1196 2306 1261 2344 ex
1310 2307 1474 2362 pmna
1515 2308 1679 2364 quam
1727 2295 1956 2366 superbe

365 2372 424 2519 ad
453 2374 769 2446 cogitaverit
798 2376 941 2449 quod
972 2377 1082 2432 suis
1112 2378 1316 2435 viribus
1374 2379 1513 2437 eﬂ‘ici
1542 2382 1785 2454 potuisse
1829 2399 1956 2439 cre-

406 2462 555 2519 ebat.

406 2462 555 2519 ebat.

947 2660 1170 2719 CAPUT
1207 2662 1361 2719 XIV.

362 2783 721 2857 Paralyticus
766 2801 947 2844 caecus
978 2790 1035 2843 et
1080 2787 1289 2844 surdus
1320 2787 1472 2846 beati
1537 2789 1685 2847 Galli
1733 2792 1957 2849 meritis

1026 2893 1285 2945 sanatus.

419 3031 557 3106 Quia
586 3030 770 3106 igitur,
800 3031 1038 3090 Domino
1070 3032 1433 3101 custodiente,
1474 3033 1549 3105 pii
1565 3032 1800 3106 pastoris
1828 3048 1956 3090 cor-

356 3140 463 3198 pus
492 3139 527 3180 a
565 3122 883 3179 devotamm
912 3121 1080 3192 septis
1126 3121 1309 3177 ovium
1337 3120 1538 3177 auferri
1587 3137 1696 3176 non
1753 3122 1945 3194 potuit,

364 3214 591 3287 dignum
620 3210 720 3267 fuit
772 3217 829 3266 ut
883 3209 1159 3265 miraculis
1193 3209 1356 3265 ﬁdem
1402 3210 1731 3267 facientibus
1785 3211 1956 3268 virtus

358 3302 682 3360 meritorum
711 3299 828 3368 ejus
847 3298 1051 3354 ibidem
1072 3298 1281 3355 cunctis
1296 3298 1584 3356 manifeste
1601 3300 1954 3358 claresceret.

363 3390 600 3462 Quidam
629 3403 866 3459 namque
896 3387 966 3444 de
996 3386 1177 3444 vicino
1206 3387 1330 3461 (al.,
1359 3389 1587 3461 Tucino)
1650 3390 1950 3461 territorio,

363 3494 489 3538 cum
515 3477 768 3534 diaturna
792 3475 1152 3550 aegrotatione
1169 3485 1391 3534 vexatus
1422 3478 1564 3536 lecto
1584 3479 1956 3550 decumberet,

368 3568 700 3640 subrepente
752 3566 979 3623 humore
1033 3566 1248 3634 nocivo,
1307 3567 1591 3624 oculorum
1639 3568 1824 3624 lumen
1868 3585 1964 3624 au-

365 3657 617 3730 riumque
646 3670 867 3711 sensum
905 3654 1104 3711 amisit.
1137 3655 1348 3712 Deinde
1394 3656 1594 3728 plantis
1636 3657 1837 3728 pedum
1866 3673 1961 3713 re-

362 3745 517 3805 tortis
548 3745 810 3811 abnates,
862 3752 1012 3800 tanta
1053 3745 1346 3817 depressus
1389 3753 1472 3801 est
1518 3745 1846 3815 infirmitate,
1902 3752 1963 3800 ut

363 3837 434 3895 de
465 3835 584 3892 solo
611 3834 927 3907 pectusculo
980 3833 1104 3890 vitae
1131 3842 1417 3890 manarent
1465 3833 1678 3907 fugacis
1734 3833 1956 3891 indicia.

366 3924 535 3996 Quia
565 3924 677 3980 suis
724 3924 795 3980 ad
836 3922 1229 3979 monasterium
1258 3922 1507 3979 vehiculo
1563 3923 1792 3991 delatus,
1838 3924 1967 3979 dum

363 4013 674 4089 petentibus
705 4011 896 4069 amicis
925 4012 984 4068 in
1013 4011 1249 4069 ecclesia
1276 4011 1429 4067 beati
1457 4011 1600 4067 Galli
1626 4012 1787 4067 unius
1831 4028 1962 4085 spa-

369 4103 506 4160 tium
534 4102 712 4158 noctis
739 4102 940 4157 ducere
965 4100 1318 4173 permissusa
1352 4101 1578 4157 custode
1606 4100 1815 4173 fuisset,
1863 4117 1961 4156 so-

366 4192 562 4266 lusque
592 4192 795 4247 ibidem
837 4198 1200 4263 pernoctaret,
1233 4178 1380 4247 circa
1424 4190 1698 4264 gallorum
1743 4197 1961 4247 cantum

365 4282 425 4338 in
453 4281 632 4337 subito
659 4280 858 4336 mentis
870 4295 1099 4335 excessu
1130 4287 1364 4351 quatuor
1394 4279 1537 4335 viros
1564 4279 1963 4335 candidissimis

369 4371 588 4428 indutos
618 4369 860 4427 vestibus
897 4368 1192 4425 oratorium
1231 4367 1457 4424 introire
1500 4368 1810 4440 conspexit.
1856 4368 1962 4439 Qui

368 4460 498 4516 dum
527 4459 682 4516 altari
711 4450 1115 4531 appropiantes,
1158 4457 1463 4513 diutissime
1510 4456 1659 4513 dulci
1708 4457 1963 4513 modula-

717 308 743 358 δῖ
791 306 1198 365 WALAF'RIDI
1234 306 1478 364 STRABI
1503 307 1703 365 FULD.
1743 307 1918 365 MON.
1960 308 2113 366 OPP.
2153 308 2330 367 PARS
2367 309 2435 366 II.
2476 340 2546 352 —
2582 309 2975 368 HISTORICA.

369 431 494 505 quia
519 446 631 489 non
662 446 775 488 suae
823 414 1128 489 devotionis
1179 430 1396 487 utilitati
1448 431 1809 506 prospiciens,
1861 434 1960 490 sed
1992 434 2049 497 A

1977 3169 2027 3233 C

3519 314 3655 368 1016

2664 454 2887 511 CAPUT
2924 455 3025 511 XV
3038 496 3051 509 .

2066 576 2340 645 Quomodo
2372 577 2675 635 Othmarus
2749 579 2885 635 abba
2931 580 2998 635 ab
3040 580 3252 654 iniqui:
3305 581 3649 653 primatibus

2684 667 2761 723 sit
2781 668 3045 741 amictus.

2115 809 2287 881 Igitur
2317 808 2611 865 Othmarus
2639 810 2800 877 abba,
2834 826 2959 867 cum
2978 811 3163 867 multis
3187 812 3514 884 annisidem
3542 828 3658 871 coe-

2060 898 2282 953 nobium
2309 906 2525 955 strenue
2567 900 2817 970 rexisset,
2875 900 3254 972 possessiones
3307 902 3477 974 ipsius
3533 903 3656 971 loci,

2060 987 2333 1058 religiosis
2391 988 2696 1060 quibusque
2716 988 3140 1062 circumquaque
3201 991 3531 1064 degentibus
3587 992 3657 1047 ob

2059 1092 2305 1133 amorem
2354 1077 2625 1133 mercedis
2686 1085 2901 1134 aeternae
2929 1079 3166 1151 plurima
3213 1096 3325 1136 suae
3391 1080 3659 1152 largitatis

2058 1167 2202 1222 dona
2231 1165 2656 1235 conferentibus,
2689 1166 2744 1221 in
2775 1175 2980 1223 tantum
3012 1166 3380 1239 ampliﬁcavit,
3415 1177 3470 1224 ut
3500 1169 3661 1225 infra-

2056 1270 2263 1327 paucos
2303 1271 2494 1321 annos,
2531 1264 2851 1327 suppetente
2891 1256 3221 1312 exteriorum
3264 1258 3420 1329 copia
3472 1274 3659 1315 rerum

2058 1353 2111 1400 et
2140 1344 2263 1400 vitae
2293 1345 2410 1414 ejus
2456 1345 2793 1401 clarescente
2838 1346 3124 1413 munditia,
3168 1346 3457 1403 multorum
3507 1347 3664 1403 Pater

2058 1433 2312 1489 existeret
2351 1436 2761 1490 monachorum.
2796 1435 3032 1490 Comites
3061 1452 3190 1491 vero
3219 1437 3441 1510 quidam
3467 1436 3658 1492 Wari—

2057 1538 2159 1576 nus
2189 1530 2239 1578 et
2288 1522 2643 1579 Ruodhardus
2672 1531 2715 1589 ι,
2749 1523 2841 1595 qui
2871 1523 3031 1579 totius
3059 1523 3171 1579 fere
3199 1523 3300 1597 (al.
3349 1526 3499 1595 tunc)
3527 1525 3660 1580 Ala-

2056 1612 2289 1666 manniae
2346 1628 2533 1667 curam
2576 1612 3039 1680 administrabant,
3094 1629 3218 1668 cum
3265 1611 3401 1667 infra
3443 1613 3659 1669 ditionis

2060 1714 2173 1754 suae
2201 1698 2465 1754 terminos
2501 1698 3000 1754 ecclesiasticarum
3020 1714 3129 1754 non
3157 1697 3439 1754 minimam
3455 1708 3663 1770 partem

1975 1807 2029 1867 Β
2059 1803 2245 1843 rerum
2293 1803 2405 1843 suae
2432 1787 2782 1859 proprietatis
2811 1786 3054 1843 dominio
3084 1804 3183 1858 per
3212 1788 3503 1858 potentiam
3528 1788 3660 1843 sub-

2055 1877 2227 1946 jicere
2274 1875 2595 1946 niterentur,
2629 1876 2921 1931 maximam
2952 1876 3020 1932 de
3050 1876 3298 1946 ejusdem
3340 1877 3657 1933 monasterii

2058 1964 2497 2036 possessionibus
2528 1973 2736 2036 partem
2767 1966 2983 2022 sibimet
3004 1965 3368 2024 vindicarunt.
3408 1966 3550 2021 Nam
3571 1967 3659 2023 tri-

2057 2055 2188 2110 buta
2225 2071 2345 2126 qua:
2374 2055 2533 2111 bona
2559 2054 2840 2111 memoria:
2884 2054 3144 2126 Pippinus
3172 2054 3376 2110 eisdem
3432 2053 3658 2109 fratibus

2058 2151 2426 2214 concesserat,
2471 2143 2827 2210 abstulerunt,
2861 2143 3077 2214 aliaque
3121 2143 3518 2215 quamplurima
3539 2159 3658 2217 qua).

2057 2249 2125 2288 ex
2143 2232 2430 2291 donatione
2461 2233 2821 2304 quorumdam
2850 2232 3229 2304 religiosorum
3261 2232 3441 2287 eidem
3470 2248 3659 2288 caeno-

2055 2321 2145 2377 bio
2192 2321 2404 2377 fuerant
2440 2322 2787 2390 contradicta,
2820 2338 2932 2377 suae
2976 2321 3289 2393 rapacitatis
3343 2322 3659 2378 abstraxere

2055 2411 2352 2483 protervia.
2387 2412 2617 2483 Insuper
2660 2411 2838 2482 ipsum
2866 2411 3029 2466 etiam
3068 2411 3337 2479 abbatem,
3384 2426 3511 2466 cum
3556 2426 3657 2483 pro

2059 2511 2158 2556 hac
2215 2516 2271 2556 re
2302 2499 2447 2572 apud
2473 2500 2772 2572 principem
2801 2500 2925 2556 illos
2953 2508 3286 2567 accusasset,
3309 2500 3541 2556 vinculis
3569 2500 3656 2555 in-

2050 2588 2321 2659 jecerunt,
2375 2597 2428 2643 et
2469 2588 2525 2644 in
2582 2589 2877 2660 quamdam
2924 2589 3100 2645 Rheni
3146 2588 3383 2644 fluminis
3424 2589 3657 2646 insulam

2050 2679 2203 2748 juxta
2230 2678 2411 2734 locum
2439 2679 2531 2750 qui
2559 2679 2715 2735 Stem
2749 2678 2961 2746 dicitur,
2999 2678 3057 2733 in
3091 2677 3389 2735 custodiam
3436 2679 3656 2753 relega-

2054 2774 2199 2823 runt.
2230 2767 2335 2825 Ubi
2377 2783 2498 2823 cum
2535 2768 2870 2840 aliquantum
2887 2767 3154 2839 temporis
3184 2767 3287 2824 sub
3332 2768 3654 2838 arctissima,

2057 2856 2390 2913 districtione
2435 2857 2749 2926 mansisset,
2780 2858 2848 2913 de
2872 2873 3096 2914 carcere
3127 2856 3287 2926 hujus
3312 2857 3437 2914 vitae
3466 2858 3537 2914 ad
3554 2858 3652 2913 lm-

2056 2945 2232 3002 titiam
2261 2947 2642 3018 commigravit
2690 2947 2989 3017 caelestem,
3040 2945 3268 3018 expletis
3314 2963 3425 3003 non
3474 2947 3652 3002 minus

2056 3035 2419 3110 quadraginta
2465 3037 2621 3092 annis
2666 3036 2950 3110 regiminis
2994 3035 3099 3103 sui,
3132 3051 3240 3108 quo
3284 3038 3456 3093 sancti
3512 3036 3654 3091 illius

2060 3124 2168 3181 loci
2226 3133 2423 3182 statum
2495 3133 2548 3181 et
2616 3126 2849 3199 gloriam
2900 3125 3155 3183 nobiliter
3226 3125 3575 3199 ampliﬁcavit
3602 3133 3654 3185 et

2061 3213 2228 3271 auxit.

2653 3339 2879 3397 CAPUT
2913 3340 3060 3397 XVI.

2070 3447 2325 3517 Qualiter
2369 3446 2693 3506 earumdem
2736 3448 3022 3505 instinctu
3068 3448 3330 3507 Sidonius
3369 3450 3653 3524 episcopus

2454 3535 2725 3593 eumdem
2758 3537 2942 3595 locum
2968 3537 3266 3595 invaserit.

2125 3660 2242 3716 Hoc
2263 3659 2446 3733 itaque
2473 3666 2552 3716 ita
2586 3660 2753 3717 rebus
2782 3661 3033 3717 humanis
3070 3662 3367 3731 subtracto,
3413 3660 3655 3734 praedicti

2061 3749 2289 3805 comites
2311 3749 2547 3804 sublatas
2576 3749 2749 3806 sancti
2775 3750 2881 3806 loci
2920 3751 3298 3822 possessiones
3340 3750 3652 3817 retinentes,

2061 3838 2323 3894 Joannem
2351 3839 2640 3910 quemdam
2683 3840 3030 3897 monachum
3071 3840 3141 3896 de
3187 3839 3437 3912 proximo
3464 3854 3655 3894 mona-

2064 3927 2229 3983 sterio
2250 3927 2305 3982 in
2352 3928 2468 3997 ejus
2516 3927 2697 3984 locum
2751 3928 3185 4002 subrogaverunt
3237 3944 3350 3986 :ac
3366 3928 3585 3995 deinde,
3606 3935 3660 3983 ut

2063 4032 2176 4072 suae
2247 4016 2548 4088 tyrannidis
2589 4016 2798 4072 crimen
2859 4025 3293 4090 augmentarent,
3328 4016 3611 4073 Sidonium
3633 4035 3660 4071 δ

2063 4104 2495 4161 Constantiensis
2554 4105 2820 4162 Ecclesia:
2873 4106 3165 4177 praesulem
3223 4105 3549 4178 instiganmt
3593 4112 3649 4159 ut

2062 4193 2210 4249 idem
2236 4194 2629 4250 monasterium
2657 4194 2920 4266 episcopii
2950 4196 3194 4266 partibus
3231 4194 3503 4264 subjicere
3542 4201 3652 4249 stu-

2066 4283 2237 4340 deret.
2268 4283 2341 4339 Et
2371 4284 2475 4340 hoc
2502 4283 2709 4341 idcirco
2736 4283 2981 4341 fecerunt
3022 4291 3081 4340 ut
3120 4300 3185 4340 eo
3228 4284 3498 4351 licentius,
3538 4283 3655 4355 ipso

2064 4372 2553 4428 machinationibus
2580 4389 2770 4429 eorum
2798 4372 3031 4440 favente,
3054 4389 3119 4429 ea
3139 4390 3262 4446 qua:
3289 4374 3489 4443 injuste
3518 4373 3651 4428 abs-

2063 4460 2294 4517 tulerant
2361 4461 2600 4518 retinere
2654 4461 2978 4533 potuissent.
3034 4460 3279 4518 Pontifex
3320 4460 3488 4533 igitur
3534 4476 3655 4518 cum

367 4549 576 4606 minum
604 4547 958 4605 alternatione
987 4546 1353 4617 concinerent,
1396 4562 1537 4601 unus
1558 4561 1749 4601 eorum
1777 4546 1956 4601 laudi-
1987 4532 2046 4596 D
2065 4548 2406 4606 suasionibus
2437 4566 2629 4606 eorum
2656 4550 2889 4606 libenter
2907 4550 3175 4622 praeberet
3202 4532 3511 4621 assensum,
3542 4564 3658 4605 mo-

366 4638 469 4696 bus
498 4637 663 4693 ﬁnitis
694 4637 764 4692 ad
792 4636 1040 4693 lecticam
1084 4635 1140 4691 in
1171 4652 1278 4708 qua
1335 4635 1562 4692 clinicus
1607 4635 1967 4692 decumbebat
2063 4639 2363 4694 nasterium
2426 4639 2730 4712 ingressus,
2783 4638 2981 4695 fratres
3037 4638 3348 4710 opprimere
3398 4647 3453 4694 et
3510 4654 3659 4694 eum-

366 4728 712 4786 accendens:
745 4725 908 4795 Quid,
930 4725 1122 4807 inquit,
1158 4740 1337 4782 causae
1365 4732 1467 4793 est,
1507 4740 1540 4780 ο
1588 4725 1770 4791 homo,
1819 4726 1966 4797 quod
2065 4727 2185 4784 dem
2220 4727 2402 4784 locum
2450 4727 2711 4799 episcopii
2772 4728 2934 4783 rebus
2982 4728 3250 4798 subjicere
3303 4726 3526 4783 molitus
3556 4734 3656 4783 est.

363 4817 454 4874 hic
469 4831 673 4888 pernox
702 4815 1054 4870 tenebrarum
1110 4814 1371 4888 transigis
1421 4814 1571 4870 solus
1612 4816 1902 4870 horrorem
1932 4816 1960 4870 ?

367 4906 541 4962 Crede
612 4912 840 4971 tantum,
873 4910 925 4960 et
953 4904 1024 4960 ab
1074 4918 1138 4959 ac
1176 4901 1485 4959 inﬁrmitate
1532 4902 1793 4974 deinceps
1853 4903 1960 4958 eris

365 5009 611 5053 securus.
645 4994 796 5067 Ergo
826 5009 994 5049 sanus
1023 5008 1280 5067 exsurge,
1321 4992 1459 5048 liber
1509 4992 1791 5064 egredere.
1853 4990 1957 5061 Qui

362 5083 612 5157 protinus
629 5099 880 5157 surgens,
911 5090 964 5139 et
992 5081 1140 5138 omni
1162 5081 1439 5138 debilitate
1468 5080 1717 5136 submota
1763 5096 1960 5153 egres-

369 5188 485 5241 sus,
519 5172 588 5229 ab
616 5187 745 5229 suos
772 5187 939 5228 sanus
966 5170 1250 5228 abscessit.

414 5386 738 5444 'Bepidanus
761 5384 825 5432 ad
851 5394 930 5431 an.
946 5386 1057 5430 758:
1080 5399 1105 5446 ε
1132 5383 1381 5440 Warinus,
1408 5383 1589 5441 inquit,
1609 5386 1659 5431 et
1694 5383 1961 5449 puodhar-

366 5440 465 5503 dus.
490 5440 693 5503 beatum
723 5440 772 5503 βε
792 5438 1536 5503 θεειψτὲιξηιλξτρωρεωηαιῖῑιφ
1563 5438 1733 5503 multis
1759 5448 1959 5494 ιιιμπιιε

365 5492 702 5555 ᾳῷίεθῠαηζ)
724 5493 835 5549 ipse
856 5500 976 5555 vero
996 5489 1181 5555 plenus
1194 5490 1423 5555 Adjerum,
1445 5491 1628 5555 plenus
1648 5489 1961 5555 etiam'sanc-

368 5544 515 5608 piare
536 5544 854 5608 meritorum.
875 5545 937 5590 de
952 5544 1389 5608 .aesusﬁiahuirs
1412 5544 1780 5608 vitw.eripitt!r-
1811 5548 1960 5608 stupe

366 5599 419 5646 in
439 5600 625 5655 insulta
643 5599 798 5647 Rheni
827 5596 1053 5655 ﬂuminis
1070 5606 1184 5655 qua;
1205 5596 1412 5645 vocatur
1437 5600 1575 5645 seem
1592 5596 1819 5655 sepultus
1836 5596 1956 5653 est,»

367 5655 446 5707 (De
468 5658 511 5699 s.
533 5653 775 5700 Othmaro
796 5663 887 5699 suo
910 5652 1053 5707 loco).

403 5741 430 5779 δ
451 5744 519 5790 De
546 5751 608 5789 eo
632 5741 703 5789 ita
717 5742 822 5799 iam
840 5741 1073 5791 laudatus
1092 5739 1418 5800 Heptdannus
1444 5756 1455 5788 :
1482 5756 1504 5782 ‹
1520 5741 1664 5788 Λωιο
1691 5741 1787 5787 νυ.
1811 5756 1832 5780 ι

2061 4816 2231 4872 Porro
2260 4815 2444 4882 frates,
2477 4816 2606 4871 dum
2635 4816 2890 4887 potentiae
2919 4816 3065 4872 illius
3106 4816 3361 4872 resistere
3400 4832 3514 4872 non
3560 4832 3659 4871 au-

2061 4904 2270 4970 derent,
2304 4905 2611 4960 maluerunt
2639 4905 2757 4974 ejus
2787 4905 2976 4961 ditioni
3007 4921 3199 4976 parere
3247 4920 3411 4977 quam
3438 4913 3520 4961 tot
3560 4903 3659 4959 ad-

2061 4993 2403 5049 versitatibus
2432 4992 2718 5065 implicari.
2752 4993 2859 5049 Sed
2918 4994 3198 5067 sequentia
3240 4994 3477 5065 probant
3500 5009 3660 5067 quam

2061 5099 2325 5155 perverse
2367 5082 2567 5155 egerit,
2603 5081 2695 5155 qui
2723 5099 2825 5155 per
2853 5082 3099 5139 avaritiae
3125 5082 3378 5139 morbum
3402 5082 3543 5140 sacri
3558 5081 3663 5139 loci

2068 5170 2409 5245 privilegium
2437 5187 2603 5227 ausus
2634 5179 2717 5227 est
2747 5171 2967 5229 violare.

2059 5378 2312 5435 Sidonius,
2371 5377 2639 5435 episcOpus
2695 5378 3092 5425 Constantiensis
3150 5377 3388 5425 Ecclesia
3433 5379 3485 5426 et
3505 5379 3660 5426 abbas

2059 5450 2252 5507 Augim,
2307 5450 2508 5497 beatum
2563 5450 2857 5496 Othmarum
2909 5449 2963 5496 in
3024 5451 3222 5507 synodo
3288 5450 3353 5496 de
3409 5450 3659 5497 adulterio

2059 5523 2348 5568 accusatum
2387 5522 2659 5577 damnavit,
2694 5531 2809 5569 mox
2849 5522 3059 5568 missum
3099 5522 3153 5568 in
3194 5521 3432 5569 exsilium
3472 5539 3532 5577 ς»
3572 5521 3656 5579 qui

2057 5593 2314 5648 Sidonius,
2374 5594 2611 5640 Othmaro
2672 5592 2855 5640 abbate
2910 5594 3126 5651 mortuo,
3184 5609 3206 5634 ‹
3250 5592 3659 5640 administratio-

2058 5674 2175 5712 nem
2221 5664 2441 5711 cmnobii
2484 5664 2641 5711 sancti
2687 5664 2812 5713 Galli
2862 5675 2996 5712 anno
3045 5667 3129 5711 757
3167 5680 3188 5705 ς
3252 5674 3342 5721 per
3376 5663 3483 5711 vim
3539 5674 3657 5712 sus-

2056 5736 2250 5794 cepisse
2271 5753 2292 5778 ›
2317 5735 2518 5783 dicitur.
