3996 6184
298 324 441 379 1017

865 445 1090 503 CAPUT
1119 446 1289 504 XVII.

281 544 436 620 Quod
463 543 736 622 damn_um
765 544 828 599 in
857 543 1021 601 rebus
1050 545 1170 601 suis
1193 561 1296 618 pro
1328 546 1523 602 eadem
1556 549 1878 606 temeritate

912 634 1248 690 incurrerit.

341 749 534 804 Fertur
555 747 826 820 siquidem
853 748 1106 804 eumdem
1137 749 1454 822 episcopum
1485 750 1777 823 aliquando
1808 753 1879 808 ad

275 837 386 893 iter
414 836 608 893 hostile
639 836 742 892 sibi
770 837 838 892 de
868 838 1039 910 ipsius
1067 839 1386 894 monasterii
1423 840 1729 912 sumptibus
1759 840 1879 897 via-

275 927 446 983 ticum
473 925 769 998 praeparari
790 927 1042 995 jussisse.
1075 926 1235 996 Quod
1263 928 1393 984 dum
1426 929 1622 985 fratres
1653 931 1882 986 Praeter-

272 1018 491 1073 mittere
527 1031 638 1071 non
685 1015 972 1081 arderent,
1007 1032 1069 1071 ea
1124 1033 1243 1090 quas
1282 1019 1437 1088 jussa
1494 1017 1705 1075 fuerant
1754 1021 1880 1077 navi

267 1105 531 1176 imposita
550 1121 651 1176 per
680 1105 1038 1176 quorumdam
1065 1122 1258 1162 manus
1289 1106 1512 1163 fratrum
1542 1109 1608 1163 ad
1662 1108 1880 1181 cpisco-

271 1211 407 1267 pum
436 1194 874 1250 transmiserunt.
909 1194 1154 1266 Cumque
1187 1195 1279 1268 qui
1308 1196 1458 1251 missi
1487 1195 1703 1253 fuerant
1723 1198 1879 1254 navi-

275 1300 416 1359 gare
447 1284 761 1356 coepissent,
816 1283 932 1338 avis
989 1285 1258 1356 quaedam,
1290 1293 1348 1342 ut
1380 1302 1526 1358 sepe
1568 1287 1674 1359 ipsi
1705 1287 1884 1343 testati

273 1382 422 1439 sunt,
455 1381 580 1429 ante
607 1389 702 1428 eos
732 1373 1062 1443 apparuit,et
1092 1373 1248 1446 quasi
1279 1375 1510 1430 ducatus
1533 1375 1612 1430 eis
1649 1374 1884 1432 oﬂicium

274 1470 423 1518 esset
451 1461 758 1533 praebitura,
793 1460 937 1516 facili
967 1461 1194 1532 prmibat
1241 1463 1446 1518 volatu.
1496 1466 1563 1520 Et
1611 1465 1741 1520 dum
1787 1481 1886 1537 per

273 1552 440 1607 totius
483 1551 638 1606 lacus
699 1550 1006 1606 vastitatem
1063 1550 1233 1622 ipsius
1299 1552 1575 1625 incognito
1635 1562 1885 1611 uterentu

274 1641 496 1706 ducatu,
529 1654 793 1710 prospero
837 1639 1055 1694 tandem
1098 1656 1354 1695 successu
1400 1642 1469 1696 ad
1520 1651 1734 1713 portum
1786 1659 1884 1699 ve-

275 1730 510 1794 nientes,
544 1726 685 1800 quid'
717 1730 834 1784 haec
876 1743 1030 1784 nova
1074 1728 1226 1784 ducis
1272 1731 1538 1802 opsequia
1578 1732 1875 1802 portende-

277 1826 400 1874 rent
427 1817 799 1873 mirabantur:
831 1815 1048 1888 illisque
1093 1834 1253 1890 quam
1291 1828 1501 1890 partem
1546 1829 1757 1891 peteret
1789 1821 1877 1876 di-
1907 1815 1959 1874 B

283 1908 522 1981 ligenter
553 1905 882 1972 notantibus,
915 1906 1136 1960 domum
1166 1909 1451 1978 quamdam
1495 1909 1662 1965 littori
1716 1910 1859 1966 conti
1881 1940 1893 1951 ο

279 2013 467 2070 guam,
501 1995 554 2050 in
583 2011 690 2067 qua
719 2010 808 2050 res
871 1995 1099 2064 praefato
1128 1994 1308 2052 itineri
1346 2007 1484 2068 aptae
1513 1999 1891 2067 servabantur,

283 2086 521 2140 intravit.
552 2085 747 2139 Mirum
775 2081 956 2138 dictu!
1026 2099 1149 2138 mox
1182 2085 1430 2141 eamdem
1455 2087 1649 2144 cellam
1683 2088 1894 2143 ﬂamma

285 2175 608 2246 corripiens,
642 2174 696 2227 in
759 2172 927 2227 altum
957 2173 1223 2244 prorupit,
1247 2183 1299 2229 et
1327 2176 1506 2231 omnia
1536 2194 1655 2250 qua:
1694 2177 1894 2232 ibidem

283 2274 548 2336 congesta
604 2263 834 2332 fuerant,
924 2263 1140 2338 penitus
1218 2267 1586 2337 consumpsit,
1649 2274 1707 2321 ut
1762 2260 1894 2321 nihil

287 2370 479 2409 eorum
509 2355 728 2411 omnino
759 2358 885 2414 huic
913 2353 1165 2412 incendio
1209 2363 1544 2427 superesset.
1598 2356 1894 2428 Fiebatque

277 2443 428 2512 justo
459 2445 558 2499 Dei
581 2444 804 2513 judicio,
838 2455 897 2501 ut
925 2447 1016 2520 qui
1044 2448 1219 2504 aliena
1248 2463 1348 2518 per
1367 2445 1664 2518 potentiam
1693 2462 1894 2518 rapue-

284 2536 391 2597 rat,
424 2527 536 2582 suis
564 2545 662 2600 per
691 2547 984 2603 supernam
1007 2533 1268 2601 justitiam
1300 2531 1670 2586 fraudaretur.

863 2691 993 2748 CAP
1002 2693 1093 2749 UT
1122 2693 1322 2749 XVIII.

284 2796 406 2867 Qua
429 2797 734 2855 severitate
754 2801 1032 2870 fratribus
1053 2800 1358 2865 institerit,
1383 2802 1438 2854 et
1460 2814 1628 2871 quam
1648 2797 1899 2870 turpiter

917 2890 1240 2945 decesserit.

359 3001 627 3073 Tempore
659 3018 876 3076 quoque
922 3004 1047 3070 alio,
1081 3005 1228 3060 idem
1296 3003 1586 3075 episcopus
1614 3003 1684 3058 ad
1713 3018 1901 3058 mona-

284 3091 513 3146 sterium
541 3091 786 3158 veniens,
817 3093 947 3148 dum
978 3093 1213 3164 quadam
1244 3092 1502 3148 violentia
1539 3092 1788 3148 eumdem
1821 3091 1901 3148 lo-

1068 322 1231 379 VITA
1261 323 1316 380 S.
1355 321 1582 383 GALLI.
1615 353 1684 368 --
1720 324 1847 382 LIB.
1891 325 1958 381 II.
1998 325 2211 382 SIGNA
2230 325 2326 382 ΕΟ
2359 326 2652 385 MORTUO
2686 327 2931 387 FACTA.

3449 335 3585 387 1018

1905 449 2047 510 Aad
2094 450 2331 506 vicinum
2379 452 2786 523 monasterium,
2821 453 2968 525 quod
3016 457 3168 509 Auva
3243 452 3587 522 nominatur,

1979 539 2066 594 cui
2096 546 2148 594 et
2178 547 2305 595 tunc
2333 549 2584 611 prmerat,
2619 541 2914 612 perductus
2936 550 3036 598 est.
3065 541 3169 598 Ubi
3200 541 3361 597 etiam
3391 542 3582 614 ingra-

1978 637 2231 684 vescente
2262 629 2547 702 languore,
2582 638 2790 685 tantum
2821 631 3037 686 sibimet
3069 631 3461 686 famulantibus
3515 631 3588 687 ob

1978 717 2201 771 nimium
2257 716 2485 774 fetorem
2532 717 2886 774 intolerabilis
2941 719 3112 776 factus
3157 728 3258 789 est,
3288 729 3347 777 ut
3387 719 3438 776 ei
3479 725 3590 794 jam

1979 821 2119 877 pene
2172 806 2351 860 nullus
2421 807 2684 879 obsequia
2713 807 3028 880 impendere
3081 809 3242 864 solito
3297 813 3580 882 potuisset.

1980 895 2097 949 Tali
2151 895 2334 968 itaque
2389 912 2549 966 poena
2606 896 2879 966 multatus,
2939 913 3062 953 cum
3119 899 3223 955 hoc
3297 899 3587 958 factionum

1983 999 2205 1038 suarum
2236 985 2463 1056 praemio
2491 993 2615 1056 post
2641 985 2845 1059 aliquot
2877 985 2994 1042 dies
3025 987 3092 1042 de
3122 987 3305 1046 cloaca
3344 991 3590 1065 corporis

1983 1073 2233 1144 spiritum
2265 1073 2556 1130 exhalavit.

2598 1181 2827 1238 CAPUT
2857 1181 2989 1237 XIX
3002 1223 3015 1238 .

2096 1296 2436 1352 Miraculum
2465 1297 2529 1350 in
2557 1297 2759 1368 sagina
2787 1311 3088 1370 porcorum
3120 1300 3473 1358 exhibitum.

2093 1403 2315 1458 Peracta
2373 1401 2747 1473 superioribus
2803 1404 3087 1459 sententiis
3143 1405 3427 1475 relatione,
3491 1425 3598 1482 qua

1984 1507 2085 1546 nos
2121 1491 2254 1546 satis
2284 1506 2414 1546 vere
2461 1492 2947 1562 comprehendisse
2999 1494 3278 1550 credimus
3331 1499 3604 1568 quomodo

1985 1595 2145 1635 sacer
2172 1579 2324 1636 locus
2355 1596 2454 1651 per
2486 1581 2684 1636 merita
2713 1581 2859 1636 beati
2905 1581 3046 1638 Galli
3092 1587 3160 1639 sit
3203 1583 3511 1641 diffamatus
3548 1595 3601 1644 et

1984 1667 2426 1739 possessionibus
2469 1669 2755 1737 dilatatus,
2802 1687 3018 1726 necnon
3063 1673 3260 1744 quibus
3307 1675 3377 1729 sit
3423 1676 3600 1731 male-

1987 1758 2231 1813 volorum
2262 1758 2627 1829 quorumdam
2659 1759 3030 1815 malitionibus
3061 1761 3357 1832 impetitus,
3409 1771 3462 1819 et
3483 1781 3602 1836 qua

1993 1847 2256 1919 quosdam
2288 1846 2656 1903 humiliaverit
2685 1848 2856 1915 ultio;
2889 1865 3032 1906 nunc
3064 1851 3439 1922 replicandum
3479 1869 3604 1910 esse

1994 1951 2282 1992 censemus
2313 1943 2513 2006 quanta
2544 1937 2734 1992 beatus
2763 1938 2844 1992 vir
2890 1937 3149 2008 praesidia
3197 1940 3301 1994 sibi
3346 1941 3604 1997 famulan-

1996 2025 2140 2080 tibus
2169 2024 2237 2078 ad
2270 2041 2360 2078 res
2381 2041 2506 2079 suas
2538 2026 2924 2082 custodiendas
2970 2027 3056 2082 vel
3100 2027 3470 2085 defendendas
3508 2046 3604 2088 ac-

1995 2115 2322 2180 commodet,
2376 2130 2590 2187 quaque
2635 2116 2957 2171 auctoritate
3003 2132 3061 2172 se
3104 2117 3504 2189 postulantibus
3552 2129 3606 2177 et

1995 2204 2063 2258 de
2118 2221 2177 2259 se
2222 2203 2678 2275 praesumentibus
2725 2203 3039 2260 multiformi
3087 2222 3292 2276 genere
3336 2209 3594 2264 virtutum

1997 2303 2295 2363 succurrat,
2355 2295 2590 2349 Domino
2632 2293 2950 2348 meritorum
2981 2295 3098 2363 ejus
3171 2296 3600 2366 magnitudinem

1997 2382 2275 2455 signorum
2320 2383 2632 2438 assiduitate
2683 2382 3002 2437 mortalibus
3059 2383 3390 2440 declarante.
3448 2385 3602 2454 Quo-

1997 2471 2120 2524 dam
2149 2480 2394 2542 tempore
2436 2473 2559 2527 dum
2592 2471 2850 2527 sterilitas
2890 2479 3050 2526 terra:
3097 2472 3303 2528 fructus
3349 2474 3604 2530 arborum

1997 2571 2104 2610 non
2133 2555 2306 2610 solum
2336 2556 2536 2627 porcis,
2581 2555 2677 2611 sed
2728 2556 2889 2612 etiam
2938 2556 3278 2613 silvestribus
3321 2558 3473 2624 feris,
3514 2559 3605 2616 vel

1997 2645 2359 2699 animantibus
2406 2645 2726 2718 denegaret,
2792 2645 2863 2700 ita
2940 2653 2997 2700 ut
3059 2646 3113 2701 in
3144 2647 3374 2718 proximi
3421 2648 3591 2703 eremi

2003 2734 2247 2806 partibus
2277 2751 2544 2806 nusquam
2575 2734 2763 2807 sagina
2791 2741 2980 2806 posset
3024 2735 3271 2807 inveniri,
3319 2752 3425 2809 qua
3468 2753 3625 2793 suos-

2001 2822 2090 2893 qui
2133 2823 2189 2877 in
2239 2840 2371 2878 usus
2418 2823 2733 2878 monasterii
2784 2823 3164 2879 nutriebantur
3209 2826 3363 2896 pasci
3399 2826 3605 2898 potuis-

2003 2920 2140 2978 sent,
2175 2911 2385 2967 occulto
2439 2912 2674 2984 quodam
2715 2912 2949 2983 impulsu
2978 2929 3113 2987 grex
3155 2914 3346 2970 suillus
3374 2931 3474 2986 par
3511 2915 3611 2971 sil-

2001 3017 2189 3056 varum
2217 3001 2336 3057 avia
2378 3001 2543 3057 celeri
2572 3017 2738 3058 cursu
2768 3001 2930 3073 coepit
2975 3002 3297 3071 abscedere,
3348 3011 3604 3061 transva-

2002 3090 2236 3162 datoque
2267 3090 2442 3145 Rheni
2473 3089 2710 3145 ﬂuminis
2741 3091 2918 3157 alveo,
2971 3091 3277 3148 remotioris
3325 3095 3492 3149 eremi
3519 3109 3608 3150 se-

283 3197 410 3236 cum
472 3181 764 3253 episcopio
843 3183 1134 3251 subjicere,
1195 3197 1415 3254 suasque
1471 3181 1740 3253 tyrannidi
1795 3197 1904 3237 non
1933 3177 1982 3240 C
2004 3187 2148 3234 creta
2169 3179 2494 3249 penetravit.
2533 3179 2800 3236 subulcus
2827 3187 3012 3236 autem
3035 3181 3273 3236 subitam
3321 3182 3404 3237 sui
3435 3198 3606 3254 peco-

282 3270 692 3326 consentientes
743 3273 1042 3326 monachos
1082 3270 1240 3342 quasi
1261 3273 1414 3339 juste
1435 3271 1670 3325 rebelles
1699 3270 1903 3338 injuriis

281 3357 710 3414 multiformibus
792 3359 1014 3416 afficere
1072 3359 1416 3426 tentavisset,
1472 3358 1624 3414 Tello
1661 3359 1900 3443 quidam,

289 3448 569 3504 Curiensis
597 3448 861 3505 Ecclesiae
887 3449 1106 3520 praesul,
1139 3449 1285 3503 misit
1336 3449 1406 3503 ad
1458 3464 1582 3503 eum
1625 3447 1906 3504 humiliter

289 3533 615 3604 deprecans,
650 3541 708 3589 ut
737 3533 820 3588 sui
847 3534 1050 3589 amoris
1080 3549 1266 3603 causa,
1289 3532 1546 3605 quoniam
1591 3533 1913 3588 eorumdem

279 3621 510 3677 fratrum
576 3622 740 3695 aliqui
815 3622 1301 3696 consanguinitatis
1361 3621 1580 3696 vinculo
1651 3621 1730 3676 illi
1763 3629 1914 3676 erant

286 3712 583 3781 conjuncti,
616 3713 688 3767 ab
733 3728 918 3768 eorum
965 3718 1205 3768 cessaret
1251 3710 1480 3781 injuriis,
1533 3709 1776 3782 nihilque
1822 3711 1913 3765 in-

285 3801 561 3857 commodi
591 3802 691 3856 Dei
746 3801 967 3857 famulis
1003 3802 1310 3874 irrogaret.
1378 3799 1550 3868 Quam
1575 3799 1912 3871 petitionem,

293 3898 484 3954 furore
541 3899 800 3965 dictante,
873 3899 1111 3970 superbe
1166 3905 1540 3965 contemnens,
1597 3897 1916 3953 remandavi

291 4004 352 4044 se
382 3987 528 4044 illius
557 3988 812 4059 precibus
861 3987 1006 4044 nullo
1036 3995 1196 4060 pacto
1264 4002 1675 4052 consensumm,
1727 4002 1915 4043 verum

282 4077 661 4133 resistentibus
693 4077 930 4132 celerem
959 4093 1061 4148 pro
1104 4083 1417 4147 contemptu
1444 4075 1501 4130 ill
1527 4083 1741 4130 aturum
1785 4077 1909 4131 vin-

286 4165 508 4220 dictam.
569 4167 634 4220 Et
673 4182 799 4222 mox
827 4165 1124 4220 oratorium
1154 4165 1297 4221 beati
1353 4165 1492 4221 Galli
1546 4164 1884 4220 confessoris

287 4255 448 4325 quasi
478 4262 722 4309 oraturus
752 4254 1075 4327 ingreditur,
1107 4262 1159 4310 et
1207 4261 1328 4309 ante
1373 4267 1530 4308 aram
1581 4253 1751 4324 ipsius
1794 4268 1900 4308 no-

292 4342 428 4397 mini
459 4351 826 4399 consecratam
857 4343 1123 4410 consistit;
1168 4343 1370 4415 quique
1418 4341 1489 4397 ad
1537 4341 1762 4397 salutem
1799 4358 1911 4398 non

292 4432 609 4490 merebatur
646 4432 843 4499 audiri,
878 4431 1194 4488 aﬂlictiones
1223 4447 1359 4504 quas
1407 4430 1529 4487 aliis
1557 4447 1617 4486 se
1646 4430 1914 4505 irrogatu-

2002 3268 2077 3322 ris
2106 3267 2293 3340 fugam
2336 3268 2584 3337 miratus,
2633 3267 2898 3340 evestigio
2942 3269 3265 3341 insequitur,
3299 3279 3353 3327 et
3380 3287 3606 3344 gregem

2003 3372 2164 3428 quem
2193 3373 2416 3427 pessum
2445 3357 2521 3411 ire
2547 3357 2788 3427 putabat,
2842 3357 3042 3428 reperit
3085 3358 3478 3430 copiossisimis
3507 3377 3604 3431 pa-

2003 3444 2148 3499 scuis
2176 3445 2579 3500 immorantem.
2613 3445 2858 3516 Cumque
2889 3446 3032 3501 viam
3053 3448 3324 3503 redeundi
3342 3448 3610 3516 nesciret,

2002 3541 2197 3588 mansn
2248 3533 2341 3599 ibi,
2403 3532 2666 3588 fructibus
2725 3534 2986 3589 arborum
3040 3542 3092 3589 et
3152 3536 3406 3592 carnibus
3453 3537 3610 3594 victi-

2003 3630 2146 3691 tans,
2179 3622 2354 3677 donec
2396 3638 2530 3693 grex
2573 3628 2716 3676 totus
2747 3620 2955 3678 affatim
2999 3623 3253 3680 carnibus
3284 3634 3607 3696 gravaretur

2001 3711 2206 3766 obesis.
2250 3711 2438 3782 Itaque
2465 3711 2703 3776 domum
2730 3711 2910 3766 redire
2943 3711 3187 3782 cupiens,
3240 3714 3404 3784 etrapit
3448 3715 3608 3770 anxie

2005 3800 2249 3873 cogitare
2279 3815 2384 3871 quo
2414 3799 2634 3870 ingenio
2662 3799 2911 3872 ignotum
2940 3799 3044 3854 iter
3071 3800 3301 3872 aggredi
3320 3801 3603 3872 potuisset.

2004 3890 2175 3945 Nocte
2205 3888 2370 3962 igitur
2398 3888 2634 3960 quadam
2677 3889 2808 3944 vidit
2850 3889 2906 3943 in
2948 3889 3160 3945 somnio
3191 3905 3378 3946 senem
3411 3907 3609 3963 quem-

2006 3979 2133 4033 dam
2163 3977 2451 4033 reverendi
2483 3977 2698 4032 habitus
2757 3986 2808 4033 et
2851 3978 3049 4046 vultus,
3100 3979 3299 4036 canitie
3326 3980 3610 4036 venerabi-

2006 4067 2136 4137 lem,
2169 4067 2442 4124 dicentem
2472 4066 2613 4121 sibi:
2647 4066 2802 4136 Quia,
2835 4075 2892 4122 ut
2918 4067 3099 4135 video,
3133 4068 3287 4139 porci
3332 4084 3470 4141 quos
3513 4085 3606 4126 se-

2011 4157 2213 4228 queris,
2254 4156 2488 4212 ubertim
2533 4163 2658 4211 sunt
2698 4156 2948 4228 saginati,
2998 4157 3110 4225 jam
3156 4157 3330 4213 redire
3398 4166 3605 4229 parato.

2010 4245 2116 4314 Qui
2159 4245 2288 4300 dum
2337 4246 2690 4317 responderet
2735 4261 2794 4301 se
2837 4245 2981 4301 viam
3036 4245 3251 4302 nescire
3296 4246 3432 4301 dixit
3481 4247 3607 4302 illi:

2010 4334 2258 4391 Scrofam
2309 4351 2476 4408 quam
2515 4342 2655 4391 totus
2710 4351 2848 4408 grex
2895 4334 3052 4408 quasi
3094 4335 3396 4392 ductricem
3451 4337 3608 4408 sequi

2011 4424 2171 4490 solet,
2205 4425 2417 4491 caadito,
2453 4432 2504 4480 et
2530 4440 2855 4498 quocunque
2885 4424 2980 4480 illa
3007 4424 3369 4496 praecesserit,
3402 4425 3609 4482 tendito

286 4537 410 4576 rum
460 4522 751 4590 juraverat,
813 4521 1156 4578 convenienti
1227 4521 1355 4575 satis
1415 4520 1610 4576 talione
1666 4521 1889 4592 recepit.
1924 4540 1982 4603 D
2013 4529 2286 4586 gressum.
2319 4511 2478 4581 Quod
2507 4513 2646 4603 dum,
2666 4513 2756 4569 ille
2785 4513 3006 4579 faceret,
3025 4520 3092 4603 Aet
3122 4520 3454 4603 praeeuntem
3491 4513 3614 4569 dili-

288 4611 430 4665 Nam
460 4610 714 4666 intestina
745 4611 862 4681 ejus
892 4625 1045 4666 more
1074 4609 1366 4683 sartaginis
1397 4609 1509 4682 igni
1541 4610 1897 4680 superpositae

282 4699 502 4755 fervere
531 4708 827 4771 caeperunt,
875 4709 927 4754 et
968 4707 1078 4755 tam
1113 4699 1247 4755 diras
1308 4700 1582 4756 viscerum
1629 4699 1898 4755 torsiones

288 4789 442 4844 illum
474 4788 788 4844 invaserunt
815 4789 1108 4860 extemplo,
1141 4796 1199 4844 ut
1217 4788 1335 4844 sine
1374 4789 1605 4844 aliorum
1661 4787 1898 4843 admini-

286 4877 413 4932 culo
441 4893 780 4950 nequaquam
811 4878 1000 4950 egredi
1028 4877 1311 4949 potuisset,
1345 4877 1444 4932 sed
1491 4877 1659 4949 (quod
1713 4877 1899 4934 dicere

283 4965 480 5038 pudet)
522 4967 730 5037 egestio
784 4975 994 5023 naturae
1051 4967 1193 5038 turpi
1250 4967 1451 5038 impetu
1517 4981 1898 5038 prorumpens

284 5070 412 5110 cum
441 5063 675 5111 astantes
707 5055 873 5110 nimio
919 5055 1092 5112 fetore
1131 5063 1404 5128 gravaret,
1455 5055 1571 5110 sine
1619 5070 1777 5111 mora
1825 5055 1894 5110 ab

285 5143 524 5200 ecclesia
554 5144 778 5213 ejectus,
811 5145 1060 5201 vehiculo
1091 5160 1198 5216 quo
1245 5144 1517 5200 decedere
1558 5145 1893 5201 monasterio

288 5240 498 5305 posset,
534 5232 672 5290 sicut
701 5241 1008 5307 rogaverat,
1043 5241 1126 5289 est
1153 5233 1457 5305 impositus.
1483 5233 1680 5306 Sicque
1709 5233 1904 5289 immo-

289 5321 482 5377 derato
511 5321 700 5388 ﬂuore,
733 5330 942 5378 natura:
987 5322 1381 5379 consuetudine
1430 5336 1646 5390 carens,
1697 5322 1816 5377 vasi
1846 5322 1901 5376 in

291 5410 439 5482 quod
470 5418 660 5484 egesta
689 5410 990 5468 deﬂuerent
1021 5412 1403 5483 supersedens,
1428 5427 1692 5482 egressus
1721 5418 1825 5478 est,
1851 5418 1905 5466 et

409 5589 548 5633 Auva
592 5588 959 5649 monasterium
1025 5599 1115 5649 seu
1177 5588 1353 5649 Augia,
1411 5587 1565 5649 vulgo
1601 5587 1886 5649 ttichQnOW.

295 5643 359 5702 d_e
409 5643 807 5702 quousupranin
859 5643 1104 5702 Observat
1135 5641 1376 5702 praeviis.
1427 5644 1698 5702 Itatpertus.
1731 5641 1890 5702 _l.ib.__t

298 5696 363 5757 de
405 5695 593 5757 .c'asib._
619 5695 761 5757 Galli,
789 5706 934 5757 _cap._
960 5700 988 5741 2
1026 5712 1036 5741 :
1083 5712 1104 5734 ‹
1135 5695 1252 5757 Post
1315 5697 1420 5757 haec
1442 5695 1579 5757 vero,
1603 5695 1892 5757 inquit,.Si-

294 5749 499 5806 donius,
563 5749 966 5798 Constantiensls
1050 5750 1252 5806 pracsul,
1310 5749 1396 5806 qui
1433 5751 1483 5796 et
1525 5749 1890 5796 monasterium

2014 4610 2210 4676 genter
2236 4609 2576 4674 sequeretur,
2607 4602 2724 4657 sine
2754 4617 2943 4658 errore
2973 4601 3044 4656 ad
3072 4601 3615 4669 monasterium,cun-

2001 4693 2104 4748 ctis
2125 4691 2273 4747 aliud
2301 4690 2719 4762 suspicantibus,
2755 4707 2821 4746 ex
2849 4690 3070 4761 opinato
3101 4690 3368 4761 pervenit.
3404 4689 3526 4758 Qua
3555 4691 3612 4745 in

2005 4797 2059 4836 re
2081 4782 2209 4853 quid
2246 4780 2390 4836 aliud
2440 4795 2604 4851 quam
2652 4779 2795 4835 beati
2854 4779 2991 4835 Galli
3047 4779 3244 4834 merita
3274 4779 3609 4846 ciaruerunt,

2002 4871 2129 4925 dum
2152 4870 2221 4924 ad
2254 4886 2411 4924 usum
2426 4868 2528 4923 sibi
2546 4869 2935 4924 famulanteum
2964 4869 3217 4940 ignotum
3248 4868 3612 4924 animantibus

2003 4967 2220 5032 pastum
2268 4958 2523 5026 ostendit,
2584 4966 2634 5013 et
2688 4973 2755 5013 ea
2785 4974 2976 5012 rursus
3007 4957 3238 5012 mirabili
3299 4957 3492 5014 ordine
3536 4957 3608 5014 ad

2007 5048 2227 5120 propria
2258 5047 2565 5103 revocavit?

2615 5176 2840 5233 CAPUT
2870 5176 2997 5231 XX.

2011 5285 2269 5354 Qualiter
2300 5285 2633 5357 deprehensi
2661 5284 2782 5340 sint
2828 5285 2924 5357 qui
2943 5284 3166 5342 stabula
3195 5285 3598 5342 incenderunt.

2085 5410 2275 5464 Frater
2324 5408 2544 5481 quidam
2602 5408 2848 5478 ejusdem
2878 5409 3199 5466 monasterii
3228 5407 3610 5482 possessiones

2005 5587 2136 5648 quod
2176 5588 2315 5648 Auva
2365 5585 2655 5648 nominatur
2690 5587 2740 5633 in
2799 5598 2887 5648 sua
2923 5588 3200 5648 potestate
3252 5584 3483 5648 habebat,
3513 5585 3614 5648 .in-

2006 5641 2646 5699 s'tigantibus_comitibns
2703 5643 2856 5699 carpit
2920 5641 3177 5699 inquirere
3234 5641 3615 5699 monasterium

2006 5693 2232 5742 nostrum
2252 5698 2300 5742 et
2341 5695 2389 5740 in
2432 5698 2736 5751 potestatem
2778 5693 3101 5753 episcopatus
3159 5693 3412 5749 redigere,
3443 5709 3464 5733 ›
3521 5695 3614 5740 etc.
