3996 6184
449 278 560 332 019

951 275 1355 332 WALAFRIDI
1393 273 1637 331 STRABI
1674 273 1872 330 FULD.
1912 272 2084 330 MON.
2127 271 2279 329 OPP.
2319 273 2496 330 PARS
2535 273 2602 328 II.
2643 303 2713 314 —
2749 272 3142 330 HISTORICA.

3592 280 3618 330 1
3629 278 3730 333 020

427 401 691 474 quasdam
721 401 822 457 sub
855 418 949 456 sua
989 416 1117 458 cura
1173 401 1400 466 habens,
1434 401 1488 454 in
1543 400 1777 473 quodam
1835 399 2094 461 remo—A
2123 415 2264 454 rum.
2299 400 2422 454 Mox
2450 415 2643 453 manus
2671 407 2861 469 aperta
2891 399 3137 470 gladium
3182 399 3452 472 deposuit.
3501 399 3607 469 Qui
3655 403 3727 457 ob

434 490 559 546 tiori
589 489 714 546 loco
743 490 812 545 ob
843 491 1168 544 nutrimenta
1198 505 1457 560 pecorum
1480 489 1686 543 stabula
1709 489 2026 557 construxit,

438 586 495 633 et
521 579 630 634 illic
659 578 1115 651 quamplurimum
1164 577 1272 633 feni
1320 578 1643 633 recondidit.
1687 578 1806 632 Duo
1849 577 2030 650 itaque

435 667 707 734 homines,
740 667 1007 722 diabolica
1038 666 1278 740 instigati
1307 667 1679 737 persuasione,
1713 666 1904 722 eadem
1935 683 2028 720 re-

431 757 690 827 positoria
738 772 861 811 cum
928 756 1181 811 omnibus
1224 772 1344 827 quae
1382 755 1513 809 inibi
1543 764 1806 828 congesta
1848 763 2023 820 erant,

428 854 592 901 noctu
621 845 730 915 igni
792 846 1053 917 apposito
1111 845 1525 901 succenderunt.
1560 845 1666 899 Sed
1735 844 1862 898 dum
1911 843 2025 912 jam

428 950 567 1004 pene
599 941 709 988 toto
740 949 884 989 anno
916 934 1112 1003 hujus,
1147 942 1395 990 auctores
1443 933 1568 989 facti
1599 934 1843 999 laterent,
1893 948 2032 986 unus

429 1038 639 1088 eorum,
669 1032 922 1094 arreptus
967 1038 998 1078 a
1055 1022 1344 1088 dzcmonio,
1379 1023 1538 1094 coepit
1582 1039 1680 1094 per
1720 1021 1894 1077 vicina
1920 1020 2004 1076 dis

435 1125 661 1166 currere
709 1111 849 1180 loca,
881 1111 1094 1182 publice
1161 1112 1552 1181 proclamans:
1601 1110 1822 1165 Stabula
1863 1125 2021 1180 peco.

426 1215 545 1253 rum
575 1199 716 1254 beati
748 1199 886 1255 Galli
918 1200 1194 1268 succendi,
1227 1207 1281 1254 et
1309 1199 1432 1255 ideo
1471 1215 1632 1254 versa
1660 1199 1777 1254 vice
1807 1199 1875 1253 ab
1904 1199 2024 1270 ipso

423 1285 767 1342 invisibiliter
813 1289 1094 1344 incendor.
1143 1289 1276 1343 Cum
1341 1287 1527 1360 itaque
1573 1287 1815 1343 divinum
1856 1287 1910 1341 in
1957 1303 2022 1343 eo

427 1376 779 1431 continuatim
805 1377 1066 1445 judicium
1125 1385 1443 1447 patesceret,
1476 1376 1773 1447 pluresque
1819 1376 2022 1447 impor-

426 1465 574 1519 tunis
605 1466 719 1534 ejus
747 1465 1074 1521 clamoribus
1105 1466 1356 1521 concitati
1385 1481 1483 1535 per
1531 1465 1650 1520 loca
1695 1465 1911 1537 singula
1952 1465 2022 1518 ad

425 1552 531 1610 hoc
588 1553 896 1609 miserabile
953 1555 1319 1625 spectaculum
1375 1553 1748 1619 convenirent,
1811 1553 2020 1626 rogavit

423 1658 616 1698 omnes
664 1652 721 1697 ut
763 1645 876 1712 ejus
917 1643 1168 1699 incendia
1210 1643 1634 1714 restinguerent.
1681 1641 1802 1697 Illis
1839 1650 2019 1697 autem

2131 488 2494 542 testimonium
2549 487 2794 542 miraculi
2850 487 2904 541 in
2961 489 3156 543 eodem
3221 489 3341 546 loco
3405 506 3724 560 suspensus,

2129 578 2296 631 multo
2327 585 2566 647 tempore
2596 576 2668 630 ibi
2699 576 3013 646 permansit,
3064 578 3411 632 invasoribus
3459 580 3724 635 ecclesia-

2097 666 2386 728 .sticarum
2418 682 2600 721 rerum
2631 666 2842 738 grande
2874 665 3082 720 timoris
3113 667 3324 736 pondus
3356 667 3644 724 incutiens.

2697 808 2921 864 CAPUT
2951 808 3131 864 XXII.

2413 931 2589 999 Quam
2615 934 2881 1004 perjuru:
2913 933 3221 990 vindictam
3252 936 3583 1007 pertulerit.

2201 1046 2522 1101 Frumoldus
2554 1047 2774 1118 quidam
2823 1047 3043 1103 nomine
3088 1048 3155 1104 de
3201 1050 3550 1120 possessione
3599 1068 3726 1124 qua-

2129 1135 2254 1190 dam
2285 1135 2525 1203 ejusdem
2555 1137 2867 1190 monasterii
2900 1137 3127 1192 ancillas
3157 1139 3291 1193 duas
3321 1140 3370 1192 vi
3403 1139 3642 1210 abstulit,
3673 1149 3726 1196 et

2129 1241 2240 1277 sua:
2271 1224 2512 1278 servituti
2544 1224 2790 1292 subjecit.
2850 1227 2900 1279 Is
2944 1225 3014 1279 ab
3055 1226 3321 1282 advocato
3364 1244 3465 1297 pro
3514 1229 3721 1284 eisdem

2129 1311 2342 1366 feminis
2374 1313 2571 1383 smpius
2603 1312 2993 1384 interpellatus,
3039 1315 3258 1370 tandem
3305 1332 3534 1371 censura
3576 1317 3723 1386 judi-

2126 1417 2250 1456 cum
2282 1410 2504 1456 coactus
2534 1409 2616 1455 est
2645 1410 2701 1455 ut
2731 1418 2822 1456 eas
2852 1403 2936 1458 vel
2967 1405 3296 1459 monasterio
3326 1406 3601 1471 redderet,
3636 1406 3720 1461 vel

2128 1505 2226 1544 suo
2236 1490 2346 1559 juri
2368 1507 2490 1546 cum
2511 1499 2850 1546 sacramento
2870 1493 2923 1545 in
2949 1492 3102 1546 altari
3128 1493 3299 1547 sancti
3320 1493 3463 1548 Galli
3500 1506 3723 1565 peracto

2134 1577 2392 1633 firmaret.
2455 1580 2640 1651 Itaque
2694 1580 2921 1634 avaritia
2959 1581 3320 1656 mimpellente
3364 1583 3740 1651 juiamentum

2122 1667 2542 1738 parvipendens,
2597 1669 2987 1723 monasterium
3037 1687 3158 1723 cum
3189 1672 3302 1724 suis
3347 1671 3498 1737 adiit,
3548 1680 3602 1726 et
3662 1680 3722 1727 ut

423 1731 673 1830 certatim
704 1731 757 1785 in
787 1748 911 1830 eum
932 1748 1127 1830 aqu-am
1154 1731 1509 1830 mittentibus,
1554 1747 1730 1830 paena
1764 1731 2021 1830 (llvillifus
2052 1758 2102 1817 Β
2123 1731 2478 1825 dijudicatum
2510 1731 2703 1822 fuerat,
2738 1757 2996 1812 audacter
3022 1758 3254 1830 peregit.
3285 1759 3392 1814 Sed
3434 1731 3536 1830 pro
3586 1777 3722 1816 con-

418 1819 563 1874 illata
623 1821 872 1876 humanis
930 1821 1130 1874 viribus
1179 1821 1449 1892 exstingui
1479 1836 1587 1875 non
1645 1819 1835 1890 potuit.
1892 1819 2014 1874 Non

421 1908 610 1978 paucis
641 1909 837 1962 deinde
867 1909 1058 1962 diebus
1075 1909 1280 1963 exactis
1297 1909 1349 1962 in
1374 1911 1476 1964 hoc
1497 1907 1792 1962 miserabili
1811 1923 2014 1980 genere

421 2003 813 2051 tormentorum
841 1996 1066 2050 insanus
1094 1997 1261 2051 vitam
1288 1995 1477 2052 ﬁnivit.
1539 1997 1691 2050 Alter
1730 2012 1861 2051 vero
1892 2011 2014 2052 cum

422 2083 506 2138 sui
545 2083 766 2139 sceleris
797 2084 1004 2140 socium
1037 2084 1126 2139 tali
1157 2085 1394 2140 cruciatu
1423 2083 1648 2139 vidisset
1677 2084 2011 2148 damnatum,

416 2172 489 2227 ad
532 2173 885 2242 praepositum
928 2173 1296 2243 supradictum
1348 2173 1515 2238 venit,
1561 2173 1813 2244 ultroque
1871 2172 2014 2226 divi-

426 2276 563 2315 num
585 2261 1016 2330 perhorrescens
1032 2261 1579 2330 judicium,delictum
1610 2260 1893 2316 confessus
1917 2269 2016 2326 est,

420 2349 667 2420 duosque
700 2350 872 2405 boves
903 2366 1004 2420 pro
1036 2350 1219 2406 debito
1247 2350 1458 2416 obtulit,
1491 2365 1555 2406 ac
1603 2365 1661 2405 se
1707 2358 1832 2405 voto
1885 2365 2017 2406 con-

415 2437 631 2492 strinxit
659 2438 803 2509 quod
837 2438 1097 2508 deinceps
1156 2455 1432 2513 nunquam
1473 2439 1636 2494 rebus
1667 2437 2017 2494 sancti‘Galli

416 2526 681 2582 damnum
714 2525 957 2582 inferret.
987 2527 1178 2582 Frater
1217 2536 1399 2582 autem
1444 2527 1588 2583 idem
1627 2527 2014 2598 pcenitudinem

426 2615 550 2684 ejus
570 2631 903 2688 agnoscens,
942 2616 1112 2672 boves
1158 2632 1267 2672 non
1306 2617 1562 2688 suscepit,
1588 2617 1685 2672 sed
1705 2616 1856 2671 abire
1892 2632 2016 2671 eum

386 2753 392 2758 .
420 2718 547 2760 cum
584 2705 697 2760 suis
728 2705 798 2761 ad
828 2721 930 2760 sua
956 2704 1220 2778 permisit.

1057 2879 1285 2935 CAPUT
1315 2879 1466 2933 XXI.

521 2984 794 3056 Quomodo
824 2987 924 3042 ille
955 2987 1052 3059 qui
1081 2987 1285 3041 silvam
1308 2985 1531 3059 publica
1575 2983 1912 3039 incenderat

1060 3061 1351 3130 correptus
1382 3057 1479 3111 sit.

484 3173 544 3226 In
560 3171 910 3242 possessione
941 3170 1174 3242 quadam
1217 3170 1463 3238 ejusdem
1501 3168 1838 3235 monasterii,
1859 3185 2012 3241 quae-

407 3261 536 3314 dam
567 3260 759 3314 silvula
786 3260 858 3314 ob
901 3273 1187 3328 porcorum
1230 3265 1447 3328 pastum
1507 3257 1917 3314 custodiebatur
1945 3274 2012 3313 ne

409 3348 618 3419 passim
646 3363 678 3401 a
706 3347 891 3401 multis
919 3354 1332 3401 consumeretur
1359 3346 1556 3402 incisa.
1604 3347 1758 3402 Hanc
1806 3362 2015 3418 pauper

409 3435 630 3508 quidam
661 3435 869 3491 occulte
929 3435 1137 3490 solebat
1163 3436 1335 3502 adire,
1370 3443 1424 3491 et
1454 3435 1632 3490 furtim
1670 3435 1802 3490 inibi
1848 3436 2011 3490 multa

406 3524 774 3594 praecidenda,
834 3523 1043 3596 grande
1102 3525 1368 3579 damnum
1410 3524 1630 3580 inferre.
1686 3525 1872 3595 Itaque
1921 3525 2010 3578 die

405 3613 666 3685 quadem,
697 3628 818 3669 cum
841 3613 995 3681 juxta
1023 3628 1231 3668 morem
1249 3629 1402 3668 suum
1428 3613 1659 3668 latenter
1687 3613 1933 3681 intraret,
1955 3622 2008 3667 et

400 3717 573 3772 pauca
619 3702 924 3757 succideret
979 3702 1220 3766 arbusta,
1273 3701 1489 3772 gladius
1547 3717 1710 3774 quem
1768 3702 2004 3768 tenebat,

400 3798 508 3844 tam
540 3790 717 3846 valide
747 3791 931 3846 manui
972 3790 1382 3859 ejusadhazsit,
1443 3797 1496 3844 ut
1538 3791 1688 3844 illum
1730 3791 2007 3860 deponere

400 3879 708 3934 nullatenus
765 3879 1052 3950 potuisset.
1127 3881 1450 3951 Agnoscens
1514 3878 1677 3952 igitur
1725 3879 1877 3948 cujus
1927 3878 2006 3934 rei

399 3979 569 4020 causa
598 3963 890 4019 mulctatus
919 3964 1008 4029 sit,
1063 3962 1131 4017 ad
1182 3961 1466 4018 basilicam
1513 3963 1568 4016 in
1610 3963 1817 4018 honore
1859 3963 2004 4018 beati

401 4053 545 4108 Galli
574 4060 940 4108 constructam
972 4051 1273 4118 festinavit,
1307 4051 1507 4123 diuque
1544 4051 1874 4106 orationibus
1915 4053 2001 4106 in-

399 4141 686 4207 cumbens,
717 4157 880 4196 manu
911 4141 1151 4196 resoluta
1189 4141 1434 4212 gladium
1462 4148 1586 4195 ante
1631 4140 1800 4196 altare
1845 4141 2004 4196 dimi-

397 4230 484 4286 sit.
517 4231 792 4303 Egressus
821 4244 952 4285 vero
981 4229 1224 4301 cogitare
1265 4228 1427 4299 cmpit
1466 4227 1600 4282 nihil
1639 4229 1835 4284 obesse
1865 4229 1911 4284 si
1939 4229 2003 4284 li-

395 4335 502 4390 gna
527 4335 647 4391 quae
674 4317 996 4390 praeciderat
1013 4318 1232 4372 domum
1253 4316 1510 4382 deferret,
1538 4332 1649 4371 non
1677 4325 1856 4372 autem
1877 4333 2002 4388 pro-

392 4408 554 4463 desse
585 4408 630 4462 si
656 4407 963 4478 putrefacta
1003 4406 1260 4477 perirent.
1315 4405 1626 4474 Subjunctis
1674 4421 1808 4476 ergo
1826 4407 2000 4461 bobus

2043 3111 2092 3175 Ο

2131 1852 2332 1916 temptu
2363 1844 2532 1898 sancti
2561 1845 2692 1899 ultio
2724 1845 2821 1900 Dei
2853 1862 2976 1899 eum
3005 1845 3196 1900 festina
3239 1849 3520 1917 praevenit.
3583 1849 3722 1904 Nam

2117 1933 2424 2002 juramento
2455 1934 2670 2003 expleto
2701 1932 2770 1987 ad
2787 1934 3009 2004 propria
3027 1933 3199 1989 iturus
3218 1936 3498 1991 basilicam
3521 1953 3721 2011 egres-

2117 2038 2210 2076 sus
2240 2031 2336 2088 est,
2367 2023 2720 2094 jumentoque
2764 2023 3018 2088 adducto,
3067 2040 3192 2078 cum
3236 2041 3403 2095 super
3447 2025 3581 2080 illud
3632 2043 3722 2081 sa-

2117 2111 2296 2166 liendo
2328 2111 2489 2166 vellet
2519 2111 2832 2177 ascendere,
2891 2120 3071 2167 mente
3097 2122 3308 2182 captus,
3345 2113 3542 2169 faciem
3565 2131 3719 2170 suam

2117 2200 2187 2254 ad
2248 2200 2548 2268 postericra
2596 2199 2719 2270 equi
2763 2199 3050 2255 insidendo
3093 2202 3380 2257 convertit.
3427 2204 3720 2259 .Estimans

2119 2288 2298 2359 itaque
2331 2289 2383 2342 id
2412 2305 2512 2359 per
2544 2288 2862 2343 famulorum
2894 2289 3192 2358 contigisse
3225 2291 3562 2362 neglectum,
3615 2294 3720 2347 ira.

2119 2385 2205 2430 tus
2237 2377 2395 2430 valde
2432 2377 2623 2431 resiliit
2666 2385 2717 2431 et
2749 2378 3019 2432 caballum
3053 2379 3304 2449 regyrari
3351 2379 3511 2434 citius
3535 2382 3717 2450 jussit.

2119 2465 2360 2538 Cumque
2391 2467 2626 2522 secunda
2667 2483 2728 2521 ac
2778 2467 2937 2521 tertia
2979 2466 3096 2522 vice
3139 2468 3440 2524 ascendere
3490 2470 3720 2541 cupiens

2118 2554 2236 2624 pari
2268 2554 2547 2609 luderetur
2575 2571 2785 2620 errore,
2818 2555 3037 2610 tandem
3085 2555 3340 2611 clientum
3385 2558 3719 2614 adminiculo

2118 2659 2258 2714 equo
2287 2644 2657 2714 superpositus
2687 2644 3015 2699 monasterio
3046 2661 3171 2700 cum
3201 2646 3397 2701 rubore
3440 2647 3716 2705 discessit.

2117 2731 2238 2788 Non
2270 2732 2433 2804 longe
2465 2741 2644 2787 autem
2690 2731 2814 2787 inde
2865 2733 3116 2803 positum,
3168 2735 3346 2789 subito
3392 2751 3516 2790 eum
3563 2737 3716 2792 dirus

2117 2820 2397 2875 oculorum
2431 2821 2589 2875 dolor
2616 2820 2834 2886 invasit,
2863 2836 2928 2876 ac
2959 2821 3155 2876 deinde
3177 2838 3276 2892 per
3295 2831 3572 2878 momenta
3597 2825 3710 2880 sin-

2116 2909 2246 2979 gula
2277 2909 2632 2964 decrescente
2663 2909 2800 2974 visu,
2836 2909 3093 2965 caecitatis
3123 2911 3352 2967 horrore
3370 2913 3710 2981 damnatum,

2118 2997 2382 3052 materiali
2414 2996 2652 3052 funditus
2684 2998 2806 3053 luce
2835 2999 3086 3069 privavit.

2683 3130 2908 3186 CAPUT
2936 3131 3137 3186 XXIII.

2189 3247 2664 3315 Quemadmodum
2692 3248 2984 3322 invocatus
3016 3250 3102 3303 vir
3125 3253 3366 3322 sanctus
3403 3251 3714 3322 quemdam

2612 3336 2646 3374 α
2674 3335 2810 3374 nece
2843 3319 3180 3375 liberaverit.

2180 3433 2466 3488 Invocalus
2525 3431 2686 3487 etiam
2717 3432 3041 3488 venerabilis
3073 3432 3260 3488 Gallus
3310 3448 3474 3504 quam
3519 3451 3710 3505 prom-

2110 3528 2260 3591 ptum
2297 3521 2574 3591 impendat
2622 3522 2894 3586 auxilium,
2951 3522 3200 3592 sequenti
3243 3522 3471 3594 liquebit
3527 3540 3712 3579 exem-

2109 3609 2200 3680 plo
2235 3626 2246 3665 :
2283 3610 2500 3680 quidam
2532 3610 2631 3674 vir,
2662 3610 2788 3664 dum
2819 3626 2918 3680 per
2947 3610 3140 3665 silvam
3169 3611 3462 3682 quamdam
3496 3611 3602 3666 iter
3631 3612 3708 3667 fa-

2109 3706 2273 3764 ceret,
2307 3715 2371 3754 ac
2402 3698 2792 3770 circumspecte
2825 3699 3076 3754 incursus
3112 3699 3384 3754 latronum
3436 3701 3529 3773 qui
3559 3701 3618 3758 in
3645 3716 3708 3756 ea

2108 3787 2356 3842 solebant
2401 3788 2751 3854 commorari,
2784 3787 3074 3860 multisque
3120 3804 3341 3854 nocere,
3399 3788 3708 3845 festinando

2107 3875 2350 3932 devitarc
2371 3885 2676 3942 conaretur,
2728 3884 2905 3931 tantus
2936 3892 3058 3932 cum
3099 3877 3276 3932 subito
3295 3892 3462 3948 sopor
3482 3878 3702 3948 invasit,

2107 3972 2164 4018 ut
2223 3964 2310 4019 vix
2356 3964 2613 4020 incedere
2656 3965 2939 4034 potuisset.
2994 3965 3237 4035 Cumque
3279 3966 3509 4036 periculi
3554 3975 3702 4022 metu

2105 4061 2388 4123 suspectos
2419 4054 2647 4108 haberet
2677 4053 2907 4119 itineris,
2939 4069 3118 4120 casus,
3138 4054 3511 4109 etdormiendi
3534 4070 3696 4110 causa

2103 4140 2382 4212 paulisper
2415 4143 2688 4197 divertere
2727 4141 2910 4208 vellet,
2959 4142 3222 4196 rutis0um
3261 4143 3556 4212 quemdam
3597 4144 3699 4198 ob-

2103 4229 2250 4284 vium
2279 4230 2486 4297 habuit,
2535 4246 2766 4301 eumque
2809 4245 3006 4302 rogare
3050 4231 3212 4301 C(Bpil
3255 4239 3312 4284 ut
3352 4231 3573 4286 interim
3615 4248 3703 4288 cu-

2104 4327 2215 4374 stos
2246 4319 2327 4373 sui
2356 4319 2629 4385 existeret,
2664 4319 2840 4375 donec
2885 4318 3343 4390 importunitatem
3390 4321 3571 4374 somni
3611 4337 3703 4392 pa-

2101 4423 2322 4478 rumper
2349 4407 2680 4479 quiescendo
2709 4407 3027 4478 depelleret.
3062 4411 3131 4462 At
3169 4408 3278 4473 ille,
3311 4423 3504 4479 pacem
3537 4410 3702 4464 simu-

393 4467 673 4568 carpento:
722 4497 793 4551 ad
841 4467 1034 4551 silvam
1078 4502 1304 4564 remeat,
1354 4467 1676 4565 et'praecisa
1719 4467 1774 4548 in
1819 4467 2061 4550 unumD
2096 4467 2239 4561 lans:
2272 4467 2431 4551 tidem
2488 4467 2799 4566 spopondit:
2846 4497 3033 4566 Itaque
3082 4467 3354 4551 modicum
3401 4497 3698 4563 divertens,

389 4593 710 4656 comportat.
749 4585 884 4654 Quae
916 4601 1039 4640 cum
1063 4583 1324 4640 vehiculo
1357 4583 1520 4639 vellet
1569 4583 1869 4654 imponere,
1909 4585 2002 4639 do-
2096 4584 2320 4655 pallium
2350 4585 2510 4655 capiti
2542 4585 2814 4655 supponit,
2849 4593 2902 4640 et
2930 4601 2990 4640 se
3019 4593 3396 4655 prosternens,
3432 4585 3584 4641 beati
3602 4587 3700 4642 viri

393 4674 512 4730 lore
554 4675 792 4745 quodam
837 4674 1132 4744 prmvalido
1182 4689 1282 4728 ceu
1327 4672 1556 4728 stimulis
1604 4680 1912 4743 urgeretur,
1943 4673 2000 4727 in
2098 4672 2358 4746 suffragia
2386 4673 2470 4727 his
2500 4673 2683 4729 verbis
2711 4673 2999 4744 implorat:
3034 4674 3232 4728 Sancte
3262 4673 3440 4738 Galle,
3475 4683 3570 4730 tua
3614 4692 3697 4731 me

386 4762 785 4833 posterioribus
814 4769 1048 4817 attactus
1088 4769 1190 4816 est.
1227 4760 1346 4828 Quo
1379 4777 1501 4816 cum
1521 4761 1639 4816 sine
1680 4776 1827 4816 mora
1875 4777 1997 4815 ma-

388 4868 516 4906 num
547 4851 917 4922 protenderet,
954 4851 1199 4924 gladium
1232 4867 1394 4922 quem
1426 4866 1608 4905 coram
1639 4848 1795 4904 altari
1831 4849 1996 4905 dimi-

393 4948 561 5004 serat,
628 4940 846 4996 fortuito
913 4939 1139 5010 recepit.
1187 4939 1385 5010 Digitis
1427 4947 1606 4993 autem
1654 4938 1994 4994 manubrium

395 5027 799 5099 constringens,
860 5027 1180 5084 detestabile
1238 5044 1436 5082 munus
1490 5035 1598 5082 tam
1628 5028 1804 5082 valide
1859 5027 1994 5082 reti-

392 5113 525 5178 nuit,
575 5122 633 5167 ut
675 5115 1023 5170 articulorum
1036 5117 1310 5185 juncturze
1352 5114 1586 5169 invicem
1625 5114 1794 5169 laxari
1837 5122 1993 5185 puta-

392 5209 593 5257 rentur.
628 5203 760 5255 Tum
789 5203 957 5259 miser
1015 5205 1204 5260 dolore
1227 5202 1558 5274 compulsus,
1603 5203 1673 5257 ad
1704 5203 1990 5259 ecclesiam

400 5289 653 5357 recurrit,
685 5288 868 5359 ibique
898 5301 1219 5361 prostratus,
1254 5292 1467 5347 veniam
1503 5306 1606 5362 pro
1635 5292 1926 5347 commisso
1939 5300 1992 5346 et

393 5379 794 5436 absolutionem
842 5393 1034 5434 manus
1074 5381 1336 5451 deposcit.
1385 5381 1609 5451 Cunque
1638 5381 1730 5435 diu
1756 5381 1809 5434 in
1857 5396 1988 5435 ora-

396 5470 542 5524 tione
588 5467 927 5540 persisteret,
977 5476 1029 5522 et
1073 5469 1312 5540 gladium
1343 5485 1688 5541 nequaquam
1717 5469 1988 5525 dimittere

398 5558 685 5629 potuisset,
714 5557 1026 5626 juramento
1053 5557 1269 5611 tandem
1313 5572 1376 5611 ac
1406 5566 1532 5612 voto
1563 5558 1810 5628 promisit
1852 5575 1988 5614 nun-

395 5663 554 5723 quam
587 5646 848 5721 deinceps
879 5660 939 5702 se
971 5645 1230 5700 damnum
1259 5644 1404 5698 beati
1435 5645 1578 5702 Galli
1609 5647 1772 5701 rebus
1811 5647 1986 5702 illatu-

2095 4763 2430 4832 protectione
2462 4762 2693 4817 custodi.
2727 4761 3017 4832 Signaculo
3045 4762 3222 4816 crucis
3267 4762 3466 4817 deinde
3512 4764 3695 4818 muni-

2096 4860 2181 4904 tus
2210 4867 2334 4905 cum
2364 4850 2747 4916 obdormisset,
2775 4849 2972 4905 infidus
3002 4857 3188 4905 custos
3231 4851 3546 4921 sponsionis
3593 4851 3694 4906 im-

2093 4954 2321 5005 memor,
2354 4939 2581 5009 sumptis
2610 4938 2777 4994 armis
2810 4946 3120 5009 soporatum
3168 4939 3324 5010 quasi
3372 4948 3689 5010 peremptu-

2093 5044 2182 5082 rus
2209 5027 2546 5098 aggreditur,
2578 5027 2646 5082 de
2675 5026 2817 5083 collo
2846 5035 3055 5081 vestem
3088 5027 3376 5095 subtrahit,
3410 5043 3520 5098 quo
3557 5028 3688 5082 faci-

2090 5115 2194 5169 lius
2223 5131 2330 5170 uno
2359 5115 2468 5171 ictu
2499 5115 2727 5186 perimat
2757 5115 3136 5170 dormientem.
3169 5115 3275 5172 Sed
3303 5131 3429 5170 cum
3451 5116 3690 5188 gladium

2091 5205 2144 5259 in
2177 5204 2338 5260 ictum
2371 5204 2534 5259 vellet
2561 5205 2855 5275 deponere,
2891 5204 3118 5258 artubus
3150 5203 3334 5275 rigore
3378 5204 3694 5275 stupefactis

2093 5293 2291 5348 inﬂecti
2321 5292 2538 5349 brachia
2577 5293 2956 5364 nequiverunt.
2989 5293 3199 5348 Interea
3231 5294 3524 5348 dormienti
3570 5293 3690 5366 qui-

2089 5383 2214 5437 dam
2244 5381 2430 5446 astitit,
2465 5389 2516 5436 et
2573 5383 2626 5434 in
2657 5397 2849 5436 somno
2877 5381 3011 5435 dixit
3045 5400 3057 5434 :
3093 5381 3236 5449 Quid
3268 5397 3461 5436 somno
3502 5381 3688 5452 depri-

2089 5471 2273 5539 meris,
2309 5487 2469 5541 quem
2499 5471 2567 5524 ab
2597 5469 2896 5524 imminenti
2937 5469 3306 5524 interiectione
3338 5469 3524 5532 modo,
3559 5477 3688 5524 tuta-

2088 5574 2174 5619 tus
2201 5576 2318 5613 sum
2339 5558 2366 5612 ξ)
2396 5561 2463 5613 At
2491 5558 2578 5613 ille
2599 5558 2881 5630 evigilans,
2903 5565 2957 5612 et
2997 5557 3211 5613 fidelem
3250 5557 3463 5613 socium
3494 5557 3696 5611 nudato

2087 5648 2273 5722 gladio
2315 5663 2544 5705 cerneas
2571 5646 2734 5720 capiti
2763 5647 3046 5702 imminere
3091 5646 3288 5711 exsilit,
3340 5655 3392 5700 et
3436 5661 3696 5718 compre-
