3996 6184
237 279 376 340 1021

967 278 1132 336 VITA
1159 279 1217 336 S.
1261 278 1487 336 GALLI.
1528 310 1598 324 -—
1653 280 1782 338 LIB.
1843 282 1911 338 II.
1964 281 2180 340 SIGNA
2209 283 2306 341 ΕΟ
2355 283 2648 344 MORTUO
2710 286 2956 344 FACTA.

3419 294 3444 347 1
3455 293 3559 350 023

242 406 484 462 hensum
531 421 636 478 qua
678 419 780 476 pro
830 419 1000 462 causa
1040 405 1146 460 hoc
1175 405 1355 460 scelus
1386 405 1548 461 vellet
1576 407 1863 463 admittere
1883 409 1940 470 Α
1967 423 2084 464 ram
2111 425 2286 482 usque
2313 410 2382 464 ad
2425 410 2597 466 altare
2643 411 2961 478 decurrens,
2991 411 3191 483 pallam
3223 415 3342 483 ejus
3369 414 3567 472 lineam

247 502 624 567 percontatur.
660 492 764 562 Qui
815 509 941 549 cum
990 509 1090 564 pro
1139 493 1326 564 spoliis
1357 494 1500 548 illius
1531 494 1866 566 excipiendis

247 600 310 639 se
356 583 412 638 id
451 583 634 640 facere
677 581 919 639 voluisse
980 582 1270 649 fateretur,
1306 583 1562 638 continuo
1609 584 1862 653 brachia,

245 689 374 744 qua
403 672 589 727 divina
618 671 970 742 obriguerant
1011 671 1277 739 jussione,
1315 670 1584 742 deposuit.
1618 673 1864 743 Perpen-

244 762 388 815 dens
418 761 603 832 itaque
650 761 788 815 alter
815 775 875 814 se
928 758 1115 814 divina
1147 758 1518 815 misericordia
1546 775 1644 830 per
1671 761 1865 816 merita

247 849 395 904 beati
428 849 570 904 Galli
621 865 655 904 a
699 863 833 904 nece
879 855 1184 914 servatum,
1214 862 1403 919 pacem
1422 863 1546 904 cum
1584 848 1678 904 illo
1713 848 1860 916 fecit,

249 947 304 994 et
335 938 570 994 illasum
599 937 777 994 arbire
805 937 1075 1008 permisit.

821 1070 1047 1128 CAPUT
1084 1071 1286 1128 XXIV.

608 1188 810 1244 Puella
855 1204 890 1243 a
917 1187 1191 1244 daemonio
1241 1187 1498 1244 liberata.

320 1324 592 1379 Praterea
618 1327 731 1376 tam
755 1319 910 1376 multi
943 1335 975 1375 a
1005 1319 1190 1376 furore
1237 1321 1547 1376 damonum
1575 1337 1676 1394 per
1707 1323 1858 1392 ejus-

245 1413 376 1469 dem
422 1411 596 1468 sancti
625 1411 802 1466 Patris
849 1409 1046 1466 merita
1093 1418 1217 1465 sunt
1265 1410 1520 1480 liberati,
1555 1420 1613 1466 ut
1659 1412 1705 1466 si
1734 1427 1856 1467 om-

249 1501 403 1556 nium
433 1499 767 1557 curationem
797 1514 1230 1555 commemorare
1277 1499 1528 1568 velimus,
1562 1499 1856 1556 fastidiosis

249 1590 550 1646 lectoribus
576 1588 922 1645 occasionem
939 1587 1316 1643 murmurandi
1338 1589 1659 1644 tribuamus.
1678 1590 1854 1646 Unum

246 1695 388 1750 ergo
433 1694 501 1734 ex
545 1678 794 1749 pluribus
835 1676 1181 1748 replicamus,
1225 1693 1294 1732 ne
1323 1677 1428 1733 hoc
1457 1679 1718 1733 virtutum
1749 1694 1853 1750 ge-

1971 508 2318 563 ascendendo
2364 510 2680 580 occupavit,
2714 518 2766 566 et
2796 511 2866 565 ita
2910 528 3084 584 usque
3122 513 3192 567 ad
3220 513 3565 570 medietatem

1965 595 2172 664 infecit,
2203 606 2261 652 ut
2281 614 2557 670 nunquam
2590 599 2849 670 deinceps
2879 600 3021 655 ablui
3051 601 3332 672 potuisset.
3368 603 3429 657 In
3457 619 3564 676 quo

1958 683 2088 755 quid
2137 685 2482 756 potissimum
2533 687 2704 743 mirer
2751 688 2994 745 invenire
3038 705 3148 744 non
3182 698 3375 761 potero
3425 700 3563 746 :ut-

1959 789 2150 829 rumne
2182 774 2329 845 quod
2358 775 2538 830 oleum
2571 776 2761 832 subtus
2791 793 2988 851 aquam
3019 777 3344 850 depressum
3374 787 3474 846 est,
3498 796 3567 835 an

1960 862 2109 932 quod
2151 879 2292 935 aqua
2331 879 2432 934 per
2470 865 2721 920 eamdem
2768 865 3063 922 fracturam
3104 882 3214 921 non
3242 867 3446 934 defluit,
3478 870 3566 924 vel

1958 958 2106 1005 certe
2156 952 2304 1023 quod
2352 953 2534 1008 oleum
2560 953 2630 1009 de
2675 955 2986 1024 pavimento
3025 955 3080 1010 in
3119 955 3317 1027 pallam
3348 974 3564 1012 sursum

1958 1040 2223 1096 ascendit.
2286 1043 2345 1095 In
2396 1043 2592 1114 quibus
2641 1051 2822 1098 tamen
2878 1044 3167 1111 omnibus,
3200 1053 3254 1100 et
3311 1045 3564 1102 virtutem

1953 1128 2126 1185 sancti
2155 1129 2258 1184 viri
2301 1138 2581 1187 ostensam
2619 1140 2670 1188 et
2700 1132 2922 1188 stultam
2969 1135 3295 1206 parcitatem
3327 1134 3563 1192 ministri

1959 1216 2290 1290 increpatam
2329 1235 2438 1276 non
2456 1221 2697 1294 ambigo.

2528 1343 2756 1400 CAPUT
2793 1343 2994 1400 XXVI.

1965 1467 2222 1536 Qualiter
2249 1468 2531 1538 fugitivus
2579 1468 2890 1525 monachus
2919 1473 3210 1527 revocatus
3226 1471 3302 1527 sit
3321 1473 3559 1528 invitus.

2031 1581 2192 1638 Sileri
2237 1598 2346 1638 non
2392 1583 2557 1639 debet
2589 1600 2694 1656 qua
2738 1584 2937 1640 virtute
2985 1585 3264 1640 servitium
3295 1602 3454 1642 suum
3482 1587 3565 1644 di-

1962 1669 2242 1726 mittentes
2294 1679 2347 1726 et
2395 1671 2768 1728 fraudulenter
2795 1673 3152 1730 abscedentes
3181 1673 3374 1730 beatus
3404 1677 3568 1732 Pater

243 1785 352 1823 nus
398 1767 514 1822 viro
559 1773 748 1821 sancto
789 1765 1035 1821 defuisse
1078 1773 1312 1836 putetur
1336 1808 1350 1831 ,
1386 1767 1571 1821 Puella
1601 1767 1870 1838 quadam,
1895 1766 1947 1826 B
1979 1759 2268 1830 reprimat,
2305 1767 2356 1814 et
2402 1760 2488 1815 vel
2535 1761 2720 1832 lapsos
2763 1769 3008 1828 revocet,
3042 1762 3128 1818 vel
3156 1764 3463 1833 pertinaces
3512 1765 3567 1820 in

243 1851 549 1908 saevissima
604 1851 774 1905 hostis
813 1851 1022 1922 antiqui
1061 1851 1362 1906 vexatione
1391 1851 1629 1916 detenta,
1667 1860 1720 1906 et
1753 1867 1866 1906 non

245 1939 570 2014 ignobilium
601 1937 787 1994 labore
816 1947 1103 2010 parentum
1133 1940 1203 1994 ad
1229 1940 1619 1995 monasterium
1650 1940 1865 2011 perdu-

247 2037 361 2095 cta,
395 2043 519 2084 cum
539 2027 838 2083 oratorium
867 2027 1012 2082 beati
1041 2027 1186 2083 Galli
1213 2027 1549 2084 confessoris
1582 2029 1861 2095 intrasset,

247 2116 432 2172 statim
461 2115 709 2172 horribili
739 2115 1004 2172 damonis
1031 2115 1372 2172 infestatione
1401 2117 1619 2190 agitata,
1661 2117 1731 2172 ad
1753 2125 1864 2173 ter-

245 2221 369 2261 ram
412 2204 685 2272 concidit,
715 2203 1098 2260 miserabiliter
1127 2220 1186 2260 se
1216 2203 1553 2276 discerpens,
1577 2206 1864 2262 horrendo

249 2295 489 2352 clamore
544 2292 896 2364 spurcissima
950 2293 1119 2349 verba
1165 2293 1330 2365 coepit
1386 2292 1686 2350 effundere.
1743 2293 1862 2364 Qua

256 2399 430 2441 causa
457 2399 596 2438 unus
627 2399 657 2437 e
685 2381 947 2438 fratribus
966 2424 980 2450 ,
1013 2381 1324 2453 Stephanus
1353 2382 1592 2449 nomine,
1625 2382 1862 2439 miseria

249 2472 398 2532 illius
440 2486 758 2543 compassus
783 2514 796 2538 ,
829 2470 1012 2526 tandiu
1038 2487 1203 2542 super
1227 2487 1349 2527 eam
1370 2471 1736 2528 exorcismum
1767 2489 1859 2528 re-

241 2561 446 2628 citavit,
510 2559 867 2632 quoadusque
914 2559 1106 2615 eadem
1155 2560 1372 2616 vexatio
1400 2559 1670 2616 finiretur.
1704 2561 1858 2616 Resi-

244 2649 481 2722 piscenti
509 2657 692 2705 autem
719 2648 916 2721 puella
942 2648 1135 2703 modos
1164 2649 1502 2720 poenitentia
1533 2649 1746 2717 indixit,
1770 2665 1849 2706 se-

245 2755 418 2812 seque
465 2753 563 2810 pro
602 2737 696 2793 illa
743 2737 797 2792 in
840 2736 1175 2792 orationibus
1218 2751 1284 2792 ac
1325 2737 1546 2807 jejuniis
1594 2754 1857 2794 exercere

251 2827 438 2900 capit.
469 2830 540 2884 At
567 2827 768 2883 misera
800 2825 1001 2882 femina
1028 2833 1083 2881 ut
1110 2825 1181 2883 de
1206 2826 1497 2898 prohibitis
1527 2826 1671 2883 escis
1699 2827 1857 2900 quid-

248 2917 385 2972 libet
425 2916 745 2988 usurpavit,
778 2922 889 2970 tam
923 2914 1124 2971 acriter
1169 2929 1292 2970 eam
1336 2914 1593 2971 continuo
1641 2916 1854 2972 damon

248 3005 468 3071 invasit,
514 3013 572 3060 ut
621 3004 710 3061 vix
755 3019 786 3059 a
832 3003 1017 3059 multis
1065 3003 1239 3060 teneri
1287 3003 1570 3074 potuisset.
1603 3005 1847 3077 Cumque

248 3095 545 3150 identidem
565 3093 635 3150 ad
664 3092 914 3150 eumdem
943 3091 1126 3148 locum
1152 3091 1415 3165 perducta
1446 3101 1612 3160 esset,
1641 3101 1696 3150 et
1723 3093 1850 3150 Ste-
1877 3125 1929 3189 α

241 3184 458 3255 phanus
515 3181 853 3254 supradictus
899 3181 1095 3237 iterato
1135 3197 1299 3252 super
1320 3197 1438 3236 eam
1485 3181 1848 3237 exorcismum

242 3271 565 3340 recitasset,
606 3270 806 3325 animal
835 3269 1124 3342 parvulum
1189 3269 1245 3324 in
1281 3269 1501 3325 modum
1534 3269 1726 3324 bruchi
1770 3271 1858 3325 ni-

243 3361 548 3434 gerrimum
575 3359 646 3415 ab
675 3360 794 3428 ejus
823 3374 921 3415 ore
950 3359 1276 3430 prolapsum
1313 3366 1415 3414 est.
1451 3359 1567 3415 Hoc
1587 3358 1706 3414 viso
1735 3374 1858 3414 cum

243 3450 390 3505 idem
433 3447 596 3504 frater
644 3447 899 3504 attentius
945 3446 1272 3516 adjurationi
1327 3446 1634 3514 insisteret,
1687 3447 1858 3502 tribus

246 3537 456 3594 vicibus
491 3535 831 3608 singulorum
871 3535 1170 3591 similitudo
1217 3535 1549 3592 bruchorum
1580 3551 1677 3591 ore
1707 3536 1859 3593 exci-

247 3626 328 3683 dit
357 3625 594 3682 femina.
647 3623 784 3694 Qua
838 3624 1092 3680 animalia
1121 3624 1250 3679 dum
1299 3631 1538 3680 astantes
1577 3639 1744 3680 manu
1772 3640 1861 3681 ca-

245 3731 382 3788 pere
412 3716 734 3770 miterentur
753 3757 766 3780 ,
797 3714 976 3769 subito
1021 3713 1434 3784 disparuerunt.
1467 3712 1650 3768 Puella
1678 3721 1861 3770 autem

248 3803 443 3859 eadem
493 3804 631 3858 hora
678 3803 915 3858 surrexit
971 3801 1293 3868 incolumis,
1329 3809 1383 3856 et
1438 3801 1710 3874 reliquum
1739 3803 1861 3859 vita

249 3908 364 3947 sua
393 3900 607 3964 tempus
634 3891 856 3964 absque
884 3891 997 3946 ulla
1031 3890 1299 3947 damonis
1335 3889 1682 3948 infestatione
1709 3907 1842 3963 per-

250 3980 384 4055 egit.

788 4093 1014 4152 CAPUT
1040 4093 1219 4150 XXV.

248 4228 519 4287 Miraculo
535 4227 646 4286 olei
665 4227 970 4298 deﬂuentis
987 4229 1256 4284 anxietas
1271 4227 1571 4302 increpata
1589 4228 1856 4292 custodis,

243 4335 387 4392 Illud
420 4350 635 4408 quoque
666 4334 796 4390 libet
841 4335 1134 4392 ostendere
1163 4334 1402 4391 evidenti
1430 4335 1699 4392 miraculo
1730 4351 1864 4408 quo-

248 4424 417 4480 modo
455 4424 538 4480 vir
602 4431 822 4480 sanctus
872 4423 1134 4496 quosdam
1176 4424 1231 4478 in
1262 4439 1360 4480 suo
1408 4424 1630 4480 servitio
1660 4425 1728 4480 de
1755 4439 1856 4496 pe-

246 4512 408 4568 nuria
479 4528 658 4568 rerum
714 4511 1046 4584 trepidantes
1118 4511 1484 4583 corripuerit,
1521 4520 1574 4566 et
1629 4512 1858 4568 modica

251 4599 383 4657 ﬁdei
396 4599 909 4673 [pusillanimitatem
960 4600 1301 4658 confortarit.
1333 4600 1595 4658 Ecclesia
1623 4601 1740 4670 ejus
1769 4616 1862 4658 cu-

255 4697 396 4757 stos,
427 4690 559 4745 dum
589 4690 834 4762 quodam
863 4697 1110 4762 tempore
1157 4689 1264 4747 olei
1293 4689 1506 4762 c0piam
1536 4690 1606 4746 ad
1634 4690 1870 4745 lumina-

247 4778 337 4834 ria
387 4779 709 4834 instruenda
752 4793 862 4834 non
905 4779 1153 4848 haberet,
1187 4778 1372 4835 lumen
1423 4778 1570 4852 quod
1599 4778 1656 4834 in
1684 4788 1869 4852 crypta

256 4867 516 4924 omnibus
545 4867 1002 4924 arderenoctibus
1033 4867 1246 4924 solebat
1275 4868 1565 4940 quamdam
1594 4876 1752 4925 nocte
1769 4884 1869 4924 ex-

242 4955 454 5025 stinxit,
484 4955 612 5028 quia
638 4957 825 5012 lumen
860 4956 1007 5029 quod
1036 4963 1163 5012 ante
1194 4956 1450 5028 superius
1471 4956 1643 5013 altare
1664 4965 1871 5015 ettum—

242 5046 373 5101 bam
423 5045 687 5113 ardebat,
719 5061 820 5118 per
849 5045 1140 5118 quamdam
1175 5043 1475 5102 fenestram
1525 5047 1708 5103 radios
1737 5062 1868 5104 suos

245 5134 319 5190 ad
350 5133 523 5190 altare
551 5133 696 5190 infra
743 5142 991 5206 cryptam
1067 5133 1305 5205 positum
1335 5134 1625 5208 dirigebat,
1663 5143 1714 5192 et
1746 5135 1866 5192 sutli

242 5237 373 5280 cere
400 5223 612 5294 utrique
641 5223 763 5280 loco
791 5223 996 5279 credeb
1029 5229 1168 5278 atur.
1202 5224 1264 5278 In
1294 5223 1487 5279 eadem
1517 5231 1696 5279 autem
1726 5224 1865 5279 lam-

239 5311 388 5384 pade
435 5311 630 5378 vitrea,
679 5327 842 5384 quam
891 5311 1235 5367 exstinctam
1265 5327 1296 5366 a
1325 5311 1552 5368 custode
1581 5313 1866 5368 retulimus

241 5415 389 5472 aqua
421 5399 651 5456 inferius
679 5408 728 5456 et
759 5399 867 5456 olei
895 5400 1170 5474 pinguedo
1211 5400 1450 5472 desuper
1479 5408 1610 5457 erat.
1641 5401 1865 5456 Mirabi-

253 5489 368 5543 lem
399 5505 516 5544 rem
564 5488 808 5544 dicturus
854 5505 974 5544 sum
995 5534 1007 5554 ,
1042 5489 1117 5544 ita
1147 5497 1314 5544 totum
1337 5488 1515 5545 oleum
1546 5505 1644 5560 per
1671 5489 1865 5546 rimam

253 5576 310 5632 in
355 5575 526 5632 fundo
565 5585 841 5648 repertam
887 5577 1137 5651 guttatim
1168 5578 1238 5634 ad
1268 5586 1472 5634 terram
1519 5577 1760 5644 defluxit,
1805 5588 1862 5634 ut

250 5665 330 5721 nil
359 5681 516 5739 aqua
541 5667 738 5724 deesse
785 5667 1079 5724 videretur.
1119 5667 1380 5741 Idemque
1419 5666 1600 5742 liquor
1627 5683 1728 5740 per
1752 5676 1860 5726 ter-

1971 1847 2118 1902 malo
2148 1847 2322 1903 feriat.
2354 1849 2544 1904 Frater
2573 1849 2790 1922 quidam
2820 1851 2888 1906 de
2920 1851 3111 1906 eodem
3134 1853 3461 1908 monasterio
3491 1853 3572 1909 fu-

1965 1951 2094 2007 gam
2136 1937 2391 2004 molitus,
2424 1954 2623 2010 equum
2670 1937 2814 1993 furto
2858 1939 3066 2010 rapuit,
3116 1947 3170 1995 et
3211 1956 3308 2011 per
3354 1949 3568 1998 noctem

1963 2025 2252 2081 abscessit.
2290 2026 2534 2099 Cumque
2565 2027 2636 2082 ad
2668 2027 2840 2082 Rheni
2870 2027 3074 2084 ﬂuenta
3114 2027 3282 2102 fugax
3309 2029 3568 2098 venisset,

1964 2114 2322 2170 transvadare
2345 2115 2398 2169 in
2438 2131 2578 2188 equo
2626 2115 2852 2172 tentavit
2887 2135 2901 2171 :
2940 2124 2992 2172 et
3033 2132 3065 2173 a
3093 2117 3274 2173 medio
3302 2117 3445 2175 alvei
3472 2135 3569 2176 ne-

1960 2201 2076 2257 cius
2104 2203 2174 2257 ad
2202 2202 2381 2259 locum
2412 2204 2504 2258 ubi
2533 2204 2743 2260 intravit
2821 2205 3035 2261 caballo
3065 2205 3342 2262 deferente
3380 2225 3570 2264 rever-

1965 2306 2076 2357 sus,
2110 2307 2232 2348 cum
2262 2309 2462 2366 magna
2491 2291 2834 2349 festinatione
2861 2294 2928 2350 ad
2957 2296 3352 2350 monasterium
3383 2296 3564 2365 rediit,

1961 2387 2182 2450 sputans
2211 2396 2270 2435 se
2301 2381 2357 2434 in
2385 2381 2522 2436 alias
2552 2381 2914 2454 longe'partes
2959 2383 3278 2439 abscedere.
3302 2384 3460 2440 Mane
3481 2385 3568 2441 fa-

1959 2476 2066 2536 cto,
2100 2483 2224 2523 cum
2254 2485 2314 2525 se
2342 2471 2756 2543 recognovisset
2787 2470 2994 2526 frustra
3037 2471 3320 2527 laborasse
3340 2515 3353 2539 ,
3385 2473 3569 2530 confu-

1959 2573 2051 2611 sus
2080 2555 2315 2612 interdiu
2363 2558 2574 2614 delituit
2622 2575 2636 2614 :
2670 2568 2832 2616 noctu
2890 2576 3018 2616 vero
3047 2559 3233 2633 fugam
3274 2561 3563 2632 arripiens,

1956 2644 2012 2699 in
2055 2643 2239 2712 fluvio,
2274 2645 2408 2702 sicut
2439 2647 2610 2719 prius,
2645 2647 2932 2704 salubriter
2962 2665 3206 2706 errorem
3236 2666 3430 2721 passus
3460 2658 3562 2717 est,

1958 2740 2011 2788 et
2039 2735 2260 2805 stropha
2283 2734 2424 2792 facta
2469 2753 2569 2807 per
2614 2739 2864 2793 eamdem
2894 2738 3034 2793 viam
3065 2739 3315 2794 nesciens
3346 2755 3565 2795 remea-

1956 2822 2051 2877 vit.
2100 2823 2419 2879 Confusioni
2462 2824 2630 2897 igitur
2673 2826 3097 2882 obstinationem
3133 2828 3408 2902 jungens,
3441 2828 3558 2901 ipsa

1956 2910 2117 2966 etiam
2147 2929 2206 2966 se
2252 2911 2340 2968 die
2388 2913 2662 2981 occuluit,
2697 2923 2750 2970 et
2793 2923 2954 2972 nocte
3004 2915 3248 2972 insecuta
3278 2917 3438 2973 tertio
3464 2933 3564 2973 no-

1957 3007 2066 3054 tum
2095 2999 2195 3055 iter
2221 3016 2471 3072 carpens,
2504 3003 2667 3058 modo
2716 3020 2824 3076 quo
2869 3004 3104 3060 diximus
3127 3004 3308 3060 itidem
3341 3021 3566 3062 revoca-

1956 3095 2064 3144 tur.
2111 3089 2353 3163 Cumque
2382 3090 2496 3160 jam
2545 3091 2703 3148 tadio
2733 3092 2930 3160 victus,
2986 3093 3074 3149 die
3106 3094 3265 3150 tertio
3296 3111 3354 3150 se
3385 3096 3566 3167 sopori

1961 3177 2017 3232 in
2079 3193 2275 3250 campo
2324 3179 2586 3249 dedisset,
2627 3197 2657 3234 a
2705 3181 3032 3253 quibusdam
3093 3199 3294 3255 equum
3349 3199 3560 3257 cogno-

1962 3266 2240 3322 scentibus
2286 3276 2479 3339 captus
2527 3277 2607 3324 est
2639 3277 2691 3326 et
2723 3286 2821 3326 suo
2868 3270 2992 3328 loco
3021 3271 3315 3327 restitutus.
3347 3273 3414 3327 Et
3443 3273 3571 3344 quia

1961 3353 2216 3410 effectum
2256 3355 2552 3412 voluntatis
2583 3373 2699 3414 sua
2744 3373 2854 3415 non
2893 3359 3132 3430 invenit,
3167 3361 3330 3416 etiam
3371 3361 3565 3416 nolens

1961 3443 2136 3498 sancti
2178 3442 2280 3498 viri
2322 3445 2520 3500 virtute
2576 3445 2772 3514 victus,
2805 3447 2875 3502 ad
2906 3447 3048 3503 viam
3077 3450 3342 3520 pervenit.
3374 3450 3563 3506 Solent

1960 3539 2138 3587 autem
2177 3531 2365 3603 plures
2399 3533 2582 3589 testari
2647 3541 2872 3591 cunctos
2922 3537 3013 3609 qui
3061 3537 3129 3592 de
3177 3538 3346 3594 sancti
3390 3539 3563 3610 ipsius

1961 3617 2167 3674 familia
2231 3619 2574 3692 aufugerim,
2627 3630 2717 3677 aut
2761 3624 3196 3680 emendationem
3245 3627 3566 3698 quantocius

1961 3707 2168 3775 subire,
2202 3717 2294 3764 aut
2331 3708 2629 3764 manifesta
2677 3709 2868 3767 ultioni
2913 3712 3116 3769 debere
3161 3715 3516 3770 succumbere
3550 3733 3564 3769 :

1960 3812 2138 3868 neque
2185 3796 2436 3870 cuiquam
2481 3797 2702 3870 impune
2745 3799 2979 3869 cedere,
3013 3801 3106 3873 qui
3155 3800 3318 3858 fidem
3345 3801 3423 3858 illi
3450 3803 3567 3874 ple-

1960 3901 2085 3940 nam
2116 3901 2336 3942 servare
2379 3887 2785 3959 contempserit.

2532 3992 2760 4096 CAPUT
2797 4039 3026 4098 XXVII.

1963 4152 2227 4210 Fulmina
2261 4153 2633 4232 deformatus,
2651 4157 2868 4232 partim
2902 4158 3106 4228 Roma,
3134 4159 3349 4232 partim
3379 4159 3441 4214 in
3471 4157 3568 4215 hoc

2458 4231 2656 4282 sancto
2680 4229 2793 4284 loco
2815 4232 3073 4284 sanatus.

2034 4337 2192 4406 Quod
2223 4337 2488 4395 Dominus
2536 4339 2756 4414 ﬂagello
2786 4356 2885 4397 suo
2945 4341 3210 4414 quosdam
3265 4356 3298 4398 a
3325 4343 3568 4414 peccatis

1962 4436 2237 4495 coerceat,
2255 4437 2310 4484 et
2328 4445 2429 4500 pro
2465 4430 2777 4486 commissis
2806 4430 3029 4504 afﬂigat,
3063 4431 3217 4487 testis
3246 4439 3328 4489 est
3356 4433 3574 4505 paraly-

1970 4516 2107 4572 ticus
2136 4517 2224 4574 cui
2268 4527 2391 4574 ante
2436 4520 2774 4575 sanationem
2805 4519 3052 4576 Salvator
3078 4528 3302 4592 peccata
3331 4521 3568 4578 dimittit.

1971 4605 2062 4662 Sic
2117 4614 2299 4663 autem
2357 4607 2650 4682 aliquando
2707 4609 2958 4680 percutit,
3017 4617 3073 4664 ut
3120 4625 3214 4666 eos
3262 4618 3571 4667 sanctorum

1977 4710 2202 4750 suorum
2228 4695 2434 4752 meritis
2477 4695 2902 4771 suffragantibus
2931 4697 3151 4754 sanitati
3182 4698 3432 4755 restituat
3463 4718 3477 4754 :
3513 4708 3572 4756 ut

1970 4791 2023 4838 et
2079 4784 2277 4842 divina
2322 4785 2649 4857 Operationis
2706 4785 2776 4841 sit
2820 4785 3082 4844 indicium
3116 4829 3129 4858 ,
3163 4802 3288 4844 cum
3343 4789 3570 4844 interius

1967 4872 2130 4929 homo
2158 4889 2255 4945 per
2283 4874 2559 4947 ﬂagellum
2583 4891 2616 4930 a
2644 4883 2869 4947 peccato
2899 4877 3300 4948 compescitur;
3325 4886 3376 4932 et
3397 4877 3572 4934 virtus

1969 4968 2278 5018 sanctorum
2339 4962 2546 5035 liquido
2589 4963 2991 5036 comprobetur,
3041 4981 3164 5021 cum
3210 4980 3308 5036 pro
3349 4965 3568 5022 illorum

1969 5050 2179 5106 meritis
2222 5051 2464 5107 exterius
2491 5052 2692 5107 sanitas
2737 5053 3040 5110 exhibetur.
3082 5054 3165 5108 Fit
3193 5055 3357 5110 etiam
3384 5055 3558 5112 inter-

1967 5139 2095 5194 dum
2116 5141 2284 5212 utqui
2315 5141 2415 5196 Dei
2445 5142 2657 5198 occulto
2680 5141 2884 5211 judicio
2915 5158 3024 5198 non
3044 5142 3157 5213 uni,
3190 5144 3287 5199 sed
3316 5145 3564 5216 pluribus

1965 5226 2366 5284 inﬁrmitatibus
2413 5230 2674 5300 subjacet,
2727 5245 2836 5286 non
2881 5230 3086 5301 pariter
3116 5232 3317 5302 omnia,
3352 5235 3449 5289 sed
3478 5235 3566 5289 di-

1963 5316 2139 5372 versis
2168 5318 2502 5388 temporibus
2533 5326 2585 5374 et
2601 5318 3058 5376 intercessoribus
3089 5320 3384 5378 debilitatis
3413 5322 3570 5377 amit-

1962 5413 2040 5460 tat
2085 5406 2433 5462 incommoda
2486 5424 2500 5460 :
2550 5415 2607 5462 ut
2637 5408 2767 5463 dum
2812 5408 3043 5479 alicujus
3091 5411 3394 5466 remedium
3440 5409 3566 5464 mali

1960 5511 2062 5566 per
2105 5495 2262 5549 unius
2311 5495 2504 5550 merita
2551 5497 2722 5553 sancti
2768 5499 3120 5567 conceditur,
3172 5497 3560 5570 redintegratio

1962 5582 2204 5638 sanitatis
2252 5584 2473 5640 alterius
2502 5585 2762 5656 precibus
2793 5595 2845 5644 et
2886 5588 3080 5644 honori
3110 5594 3376 5643 servetur.
3410 5585 3562 5655 Qua-

1960 5689 2077 5729 rum
2124 5672 2367 5730 omnium
2412 5690 2594 5732 rerum
2651 5676 2876 5734 evidens
2923 5676 3183 5734 indicium
3241 5675 3389 5732 dabit
3426 5675 3560 5735 sub-
