3996 6184
457 341 476 391 1
493 295 600 394 023.

1082 292 1488 392 WALAFRIDI
1517 330 1760 389 STRABI
1789 327 1989 385 FULD.
2020 323 2194 382 MON.
2228 323 2380 381 OPP.
2408 321 2611 382 PARIS
2636 324 2704 380 Il.
2737 354 2806 366 ——
2835 324 3229 382 HISTORICA.

3630 326 3752 383 1024

450 479 597 551 jecta
625 482 888 537 narratio.
914 480 1147 549 Quidam
1174 477 1430 534 violentia
1459 474 1697 532 fulminis
1728 475 1886 539 ictus,
1919 479 2043 544 post
2063 454 2117 513 Α
2151 477 2304 523 erant
2350 468 2628 525 indicavit.
2676 471 2890 525 Nomen
2946 469 3111 525 etiam
3161 468 3293 524 furis
3335 470 3632 544 locumque
3670 472 3752 535 ubi

455 571 865 644 aegrotationem
911 570 1216 625 diuturnam
1245 568 1316 622 ita
1344 566 1506 622 totius
1541 565 1772 621 formam
1801 562 2041 633 corporis

457 667 510 715 et
557 660 925 715 membrorum
991 657 1166 712 oﬂicia
1224 656 1491 728 perdidit,
1523 663 1580 708 ut
1637 660 2041 708 monstruosum

456 748 711 820 quiddam
726 747 906 819 potius
927 762 1092 817 quam
1121 746 1397 802 hominem
1417 744 1694 800 videretur
1715 741 2037 812 exprimere.

459 837 735 909 Siquidem
765 845 818 892 et
864 843 1069 892 statura
1098 835 1266 890 flebili
1294 833 1660 890 contractione
1691 830 1956 903 deposita,
1991 837 2043 882 et

455 924 739 998 gradiendi
790 924 1024 980 facultas
1079 923 1258 979 ablata
1316 931 1398 978 est
1432 941 1445 976 :
1477 921 1641 977 facies
1694 927 1846 975 tanta
1886 933 2041 974 com-

457 1013 722 1068 bustionis
769 1021 852 1068 est
894 1013 1137 1068 foeditate
1167 1020 1444 1082 corrupta,
1487 1018 1540 1066 et
1571 1009 1850 1066 oculorum
1884 1006 2043 1062 sedes

451 1102 525 1156 ita
572 1110 696 1157 sunt
740 1118 902 1158 carne
933 1110 985 1157 et
1011 1111 1129 1158 cute
1178 1099 1522 1172 superductis
1575 1097 1953 1168 complanata,
1987 1103 2044 1149 ut

453 1190 865 1262 inspicientibus
912 1190 1172 1245 horribile
1204 1192 1541 1263 ingereretur
1572 1187 1906 1242 miraculum.
1941 1185 2045 1239 Ad-

454 1279 715 1336 miniculo
747 1280 912 1352 igitur
941 1287 1227 1350 parentum
1257 1280 1481 1334 Romam
1511 1278 1825 1347 perductus,
1859 1289 2047 1344 corpo-

453 1367 530 1422 ris
563 1367 784 1439 quidem
810 1368 1006 1440 reliqui
1027 1368 1280 1423 resolutis
1323 1367 1552 1422 nexibus
1580 1364 1863 1436 pristinum
1885 1363 2045 1434 vigo-

452 1472 568 1518 rem
617 1457 822 1526 recepit
865 1464 917 1512 et
956 1465 1174 1522 statum,
1207 1457 1260 1510 in
1289 1455 1546 1512 caecitatis
1575 1462 1756 1510 autem
1795 1451 2047 1524 squalore

452 1545 766 1614 permansit.
819 1546 869 1599 Is
915 1561 945 1598 a
1003 1546 1116 1600 suis
1155 1545 1448 1616 perductus
1485 1560 1610 1599 cum
1639 1541 1708 1596 ad
1737 1540 2046 1596 cmnobium

451 1633 594 1688 beati
627 1633 769 1688 Galli
797 1633 1055 1700 venisset,
1090 1641 1144 1689 et
1178 1634 1408 1707 quadam
1454 1630 1739 1688 Dominica
1769 1628 2049 1684 nocturnis

449 1722 702 1777 laudibus
767 1723 1091 1790 interesset,
1125 1739 1288 1794 spore
1341 1723 1671 1792 depressus,
1706 1718 1862 1790 quasi
1907 1718 2048 1771 duas

2140 565 2580 613 commoraretur
2626 559 2808 628 edixit,
2893 567 3106 630 tempus
3134 559 3333 630 pariter
3374 560 3624 629 ejusdem
3643 559 3758 619 furti

2138 647 2489 717 depromens.
2543 647 2639 702 Ille
2667 646 2827 702 ﬁdem
2846 648 3039 703 visioni
3060 651 3500 716 accommodans,
3533 651 3608 704 ad
3638 665 3749 705 mo-

2139 736 2438 790 nasterium
2512 753 2800 809 regressus
2825 779 2839 802 ,
2885 737 3032 809 quod
3061 737 3114 790 in
3163 738 3368 793 somnis
3398 738 3650 793 audierat
3677 738 3750 792 fa-

2140 832 2285 880 ctum
2317 824 2407 880 inv
2437 826 2545 879 enit
2581 843 2593 879 :
2627 841 2860 899 moxque
2890 825 3090 881 indicia
3118 844 3238 898 quae
3267 835 3595 899 perceperat
3615 842 3754 883 secu-

2142 929 2248 987 tus,
2280 922 2485 994 absque
2515 922 2824 979 difﬁcultate
2851 923 3026 979 furem
3065 924 3440 997 deprehendit,
3479 933 3532 980 et
3567 926 3746 981 omnia

2143 1027 2262 1082 quae
2289 1010 2466 1066 ablata
2495 1010 2706 1067 fuerant
2734 1012 2959 1084 recepit.

2545 1112 2554 1122 '
2639 1128 2861 1184 CAPUT
2917 1127 3099 1183 xxx.

2149 1235 2403 1302 Qualiter
2417 1235 2494 1290 ibi
2504 1236 2956 1291 sanctimonialis
2967 1237 3186 1307 femina
3208 1237 3436 1292 brachia
3456 1240 3745 1310 receperit.

2218 1341 2337 1396 Alio
2379 1357 2594 1414 quoque
2624 1350 2866 1412 tempore
2936 1343 3373 1399 sanctimonialis
3391 1343 3646 1414 quedam
3683 1343 3752 1398 fe-

2147 1429 2292 1483 mina
2315 1429 2382 1484 de
2412 1430 2690 1501 episcopio
2713 1431 3112 1486 Constantiensi
3141 1475 3153 1502 ,
3199 1432 3352 1501 cujus
3406 1432 3628 1487 brachia
3682 1433 3743 1486 ad

2147 1518 2418 1572 mamillas
2473 1536 2596 1574 cum
2652 1520 2837 1592 rigore
2901 1521 3271 1586 contorta,ad
3319 1520 3521 1574 nullius
3573 1521 3748 1593 operis

2148 1624 2307 1662 usum
2340 1607 2558 1663 deflecti
2588 1617 2856 1678 poterant,
2891 1625 3011 1663 cum
3041 1609 3350 1664 advenisset
3383 1653 3394 1676 ,
3431 1617 3484 1664 et
3503 1618 3632 1665 ante
3663 1625 3745 1666 se-

2149 1695 2397 1766 pulcrum
2425 1697 2598 1752 sancti
2639 1696 2782 1751 Galli
2821 1697 3208 1769 aliquantisper
3238 1707 3450 1754 orasset
3484 1741 3497 1765 ,
3553 1698 3746 1753 sanita-

448 1811 706 1866 ardentes
755 1811 978 1884 sagittas
1009 1786 1087 1866 abi
1115 1786 1273 1867 altari
1312 1786 1445 1866 vidit
1488 1786 1752 1872 emissas,
1778 1814 1830 1862 et
1861 1806 1964 1860 sibi
1996 1806 2052 1859 in
2084 1817 2136 1875 Β
2157 1793 2268 1840 tem
2297 1786 2523 1856 ίηάορίθ
2556 1786 2803 1859 ἓδυάθηδ
2832 1787 3119 1842 31350955“-

448 1899 733 1955 oculorum
763 1899 881 1955 loca
925 1899 1147 1955 deﬁxas.
1193 1900 1494 1972 Statimque
1525 1907 1669 1953 tanta
1698 1896 1906 1951 visione
1938 1911 2055 1966 per-

448 1988 666 2043 territus
697 1988 1048 2057 exclamavit,
1083 1996 1136 2043 et
1182 1997 1422 2043 tremens
1457 1987 1524 2041 ad
1553 1994 1750 2041 terram
1780 1983 2036 2038 concidit.

455 2075 700 2147 Cumque
747 2075 838 2130 diu
903 2077 954 2130 in
997 2077 1303 2147 pavimento
1343 2075 1707 2138 volutaretur,
1769 2081 1888 2128 cute
1936 2087 2055 2143 qua!

451 2164 624 2220 oculis
656 2165 1016 2235 supercrevit,
1054 2165 1200 2219 velut
1231 2164 1404 2237 gladii
1434 2163 1676 2218 sectione
1708 2161 1900 2228 recisa,
1933 2175 2059 2215 con.

449 2253 600 2307 tinuo
638 2253 707 2308 de
759 2254 988 2308 luminis
1045 2254 1232 2308 amissi
1280 2251 1619 2308 restitutione
1688 2249 1910 2322 gavisus
1952 2256 2051 2303 est.

445 2341 712 2412 Tempore
741 2340 936 2396 deinde
968 2342 1308 2411 procedente
1339 2340 1622 2395 oculorum
1653 2338 1768 2406 ejus
1784 2336 1931 2392 acies
1949 2344 2055 2389 tam

444 2445 577 2500 pura
610 2430 1038 2500 inspectantibus
1088 2431 1372 2501 apparuit,
1425 2437 1484 2483 ut
1520 2427 1675 2508 pueri
1705 2425 2054 2498 perspicaces

447 2519 667 2574 vincere
705 2518 984 2576 videretur
1032 2520 1276 2574 obtutus.
1312 2517 1490 2574 Potuit
1536 2515 1775 2588 quidem,
1807 2521 1864 2568 ut
1893 2513 2054 2568 indu-

447 2607 682 2664 bitanter
743 2608 1162 2674 credimus,ille
1211 2603 1860 2678 apostolorum\eximius
1909 2601 2055 2657 cuia

445 2696 676 2752 Domine
713 2695 920 2769 ligandi
969 2705 1132 2769 atque
1180 2695 1425 2751 solvendi
1452 2701 1696 2766 potestas
1724 2691 1919 2748 collate
1949 2698 2050 2745 est,

443 2786 653 2842 meritis
701 2792 753 2840 et
773 2785 1029 2856 precibus
1087 2786 1201 2842 suis
1233 2785 1379 2840 omni
1398 2801 1522 2839 eum
1541 2781 1835 2838 debilitatis
1851 2794 2053 2856 genere

448 2873 689 2930 liberare
714 2890 726 2928 :
752 2874 849 2929 sed
880 2875 1077 2930 divina:
1111 2873 1452 2945 providentia
1482 2872 1689 2927 virtutis
1719 2877 1928 2927 constat
1963 2883 2053 2923 ac-

458 2963 699 3030 titatum,
735 2971 791 3018 ut
819 2964 873 3018 in
903 2964 1145 3032 ejusdem
1193 2963 1428 3018 novitate
1457 2959 1702 3016 miraculi
1726 2957 2050 3013 venerabilis

362 3068 366 3072 '
450 3051 637 3106 Gallus
677 3052 992 3122 apostolicis
1030 3052 1237 3107 actibus
1284 3058 1612 3121 aequaretur,
1658 3055 1919 3120 quatenus
1950 3046 2054 3099 hoc

2744 1900 2968 1957 CAPUT
3011 1901 3218 1955 XXXI.

2164 1991 2401 2043 Furtum
2431 1990 2490 2044 in
2515 1991 2884 2060 ferramentis
2914 1994 3136 2062 factum
3175 1992 3438 2063 quomodo
3469 1993 3546 2047 sit
3579 1993 3753 2048 denu-

2864 2079 3060 2134 datum
3081 2121 3092 2132 .

2224 2164 2454 2234 Quidam
2524 2181 2630 2220 non
2682 2165 2950 2236 simplici,
3007 2176 3062 2222 ut
3111 2168 3460 2238 postmodum
3529 2168 3751 2234 claruit,

2156 2254 2337 2309 animo
2387 2254 2702 2320 adveniens,
2737 2255 2866 2310 dum
2913 2255 3175 2327 quosdam
3208 2257 3528 2313 monasterii
3563 2274 3755 2329 opera-

2157 2342 2268 2397 rios
2297 2359 2327 2396 a
2357 2343 2540 2398 divino
2588 2344 2924 2416 agricolandi
2973 2344 3160 2400 labore
3205 2346 3590 2416 disjungentes
3613 2389 3626 2414 ,
3659 2346 3758 2401 fer-

2156 2439 2403 2486 ramenta
2421 2432 2474 2485 in
2496 2433 2686 2486 aratris
2706 2449 2807 2504 per
2837 2442 3053 2488 noctem
3086 2435 3361 2488 dimisisse
3396 2435 3754 2506 perspiceret,

2155 2527 2367 2590 tempus
2400 2521 2746 2576 tenebrosum
2767 2521 3047 2577 fraudibus
3065 2523 3180 2578 suis
3201 2532 3571 2594 opportunum
3593 2532 3755 2592 ratus,

2155 2615 2231 2662 tot
2260 2607 2590 2664 ferramenta
2633 2611 2845 2665 sustulit
2893 2619 3022 2682 quot
3065 2612 3215 2666 oneri
3259 2611 3507 2667 sufficere
3538 2613 3760 2684 proprio

2155 2697 2404 2752 credidit.
2438 2699 2680 2770 Cumque
2713 2700 2894 2770 fugam
2937 2699 3183 2754 celerans
3203 2743 3216 2768 ,
3263 2709 3372 2755 tota
3402 2709 3569 2756 nocte
3595 2717 3762 2757 vacuo

2154 2785 2430 2842 laboraret
2471 2797 2700 2856 conatu,
2732 2787 2787 2841 in
2833 2787 2950 2858 ipso
2995 2787 3131 2844 lucis
3186 2797 3376 2844 exortu
3428 2789 3499 2844 ad
3550 2798 3761 2860 portam

2152 2875 2470 2930 monasterii
2517 2893 2582 2930 ex
2623 2876 2918 2946 improviso
2964 2877 3230 2947 pervenit.
3278 2878 3348 2933 Et
3401 2878 3533 2949 quia
3563 2878 3759 2934 factum

2153 2971 2319 3059 latere
2341 2988 2448 3027 non
2492 2973 2732 3043 potuisse
2776 2974 3052 3047 cognovit,
3087 2972 3432 3029 confessione
3465 2983 3763 3046 spontanea

2159 3059 2446 3130 patefecit,
2499 3063 2642 3133 quod
2706 3063 3130 3132 praesumptione
3197 3062 3459 3133 pestifera
3504 3063 3562 3116 in
3603 3065 3761 3121 rebus

453 3157 680 3239 quoque
698 3141 864 3197 modo
901 3141 1217 3198 meritorum
1247 3140 1362 3208 eius
1393 3136 1709 3210 magnitudo
1725 3136 2045 3192 claresceret
2076 3175 2124 3240 Ο
2155 3148 2324 3204 sancti
2358 3149 2499 3205 Galli
2525 3150 2740 3205 diabolo
2772 3151 3034 3206 suadente
3065 3152 3352 3206 commisit.
3387 3151 3595 3223 Sicque
3626 3152 3754 3206 red-

444 3229 736 3286 universis.

979 3344 1204 3400 CAPUT
1230 3343 1480 3399 XXVIII.

590 3458 804 3516 Surdus
825 3463 882 3516 et
899 3463 1095 3515 mutus
1122 3459 1326 3516 ibidem
1355 3460 1599 3515 sanitati
1618 3459 1923 3515 restitutis.

516 3575 829 3648 Insequenti
873 3591 1089 3647 quoque
1139 3574 1458 3641 Dominica,
1495 3559 1692 3629 surdus
1739 3575 1959 3646 quidam
1988 3580 2043 3628 et

445 3673 646 3734 mutus,
679 3664 971 3720 multorum
1011 3664 1085 3719 ibi
1116 3663 1345 3719 fratrum
1376 3663 1675 3736 cognitioni
1703 3662 2037 3728 notissimus,

444 3761 626 3825 utpote
658 3754 748 3825 qui
778 3754 922 3809 idem
951 3753 1336 3809 monasterium
1362 3753 1549 3808 solitus
1592 3751 1766 3807 fuerat
1797 3751 2043 3822 frequen-

444 3851 592 3909 tare,
640 3859 760 3899 cum
817 3841 1096 3899 nocturnis
1147 3841 1432 3896 interesset
1493 3839 1770 3907 excubiis,
1818 3847 2043 3912 repente

444 3931 687 4002 impulsu
719 3931 897 3986 valido
923 3931 976 3984 in
991 3930 1358 4002 pavimentum
1396 3930 1640 3999 dejectus
1672 3937 1754 3983 est
1791 3949 1804 3995 ;
1839 3929 2045 3982 statim-

454 4037 561 4092 que
611 4036 733 4074 cum
781 4019 849 4074 ab
879 4019 996 4088 ejus
1039 4034 1136 4074 ore
1171 4026 1224 4072 et
1257 4018 1480 4072 auribus
1527 4018 1794 4089 plurimus
1824 4017 2047 4088 sanguis

446 4115 847 4182 prorumperet,
880 4107 997 4162 sine
1056 4121 1208 4163 mora
1255 4107 1536 4178 utriusque
1583 4105 1815 4161 membri
1861 4105 2047 4163 munia

458 4197 679 4269 recepit,
714 4205 767 4252 et
788 4211 953 4252 sanus
973 4194 1259 4251 abscessit.

971 4320 1198 4377 CAPUT
1235 4319 1444 4374 XXIX.

729 4439 970 4492 Furtum
994 4450 1098 4508 per
1120 4435 1391 4490 visionem
1411 4432 1767 4488 inducat-um.

2139 3246 2274 3300 dens
2323 3249 2468 3318 quod
2518 3246 2730 3304 auferre
2769 3248 2985 3304 molitus
3014 3256 3116 3316 est,
3147 3249 3314 3320 petita
3357 3250 3521 3305 venia
3549 3265 3753 3306 vacuus

2137 3336 2439 3408 repedavit.

2704 3425 2926 3482 CAPUT
2965 3425 3198 3484 XXXII.

2635 3540 2844 3596 Debilis
2872 3542 3234 3610 reformatus.

2217 3653 2428 3709 Debilis
2458 3653 2676 3725 quidam
2725 3655 2801 3709 ita
2831 3654 3090 3709 membris
3135 3655 3388 3709 omnibus
3444 3663 3758 3712 contractus

2143 3750 2201 3796 ut
2230 3743 2379 3798 nullo
2401 3751 2557 3814 pacto
2591 3759 2690 3814 per
2733 3759 2792 3798 se
2837 3759 3108 3815 quoquam
3167 3743 3425 3817 progredi
3463 3745 3749 3814 potuisset,

2142 3831 2209 3885 ad
2239 3833 2555 3886 memoriam
2586 3831 2731 3886 beati
2763 3831 2904 3886 Galli
2937 3847 2968 3886 a
2999 3832 3111 3886 suis
3142 3832 3403 3901 perlatus,
3427 3840 3478 3887 et
3507 3832 3744 3904 quotidie

2139 3920 2290 3989 juxta
2320 3920 2631 3990 sepulcrum
2660 3920 2714 3974 in
2748 3927 2936 3991 crypta
2977 3919 3288 3990 collocatus,
3321 3920 3454 3974 dum
3482 3938 3659 3993 usque
3678 3920 3745 3976 ad

2147 4033 2433 4087 vesperam
2477 4017 2678 4072 ibidem
2728 4017 3063 4073 orationibus
3109 4018 3400 4087 insisteret,
3437 4019 3508 4073 ab
3541 4019 3747 4075 eisdem

2148 4106 2218 4160 ad
2261 4105 2551 4175 hospitium
2597 4106 2994 4177 reportabatur.
3037 4105 3194 4174 Quod
3236 4106 3365 4160 dum
3391 4107 3604 4179 aliquot
3627 4123 3753 4181 age-

2150 4201 2296 4248 retur
2325 4194 2534 4262 diebus,
2568 4194 2856 4265 presbyter
2895 4195 3112 4268 quidam
3154 4195 3400 4264 ejusdem
3441 4211 3752 4269 congrega-

2150 4283 2311 4338 tionis
2340 4282 2428 4337 die
2451 4283 2683 4353 quadam
2731 4284 2783 4337 in
2815 4284 2934 4354 ipsa
2981 4282 3212 4339 ecclesia
3237 4299 3349 4338 non
3375 4282 3547 4356 longe
3579 4287 3750 4340 sacris

2152 4371 2514 4426 oblationibus
2562 4386 2783 4442 Operam
2823 4371 3014 4427 dedit:
3056 4371 3343 4445 subitoque
3389 4381 3598 4443 praeter
3635 4373 3754 4430 illos

2154 4476 2278 4516 cum
2333 4461 2511 4514 nullus
2557 4459 2794 4524 adesset,
2846 4477 2995 4533 aeger
3037 4460 3250 4517 coalitus
3294 4476 3395 4531 per
3434 4462 3650 4528 merita,
3704 4471 3758 4516 ut

518 4552 747 4608 Videtur
793 4551 920 4607 huic
972 4550 1126 4622 operi
1170 4547 1521 4604 inserendum
1550 4556 1810 4620 quantum
1841 4548 1940 4604 Dei
1969 4548 2051 4602 fa-
2083 4533 2134 4593 D
2165 4548 2452 4616 credimus,
2488 4549 2663 4604 sancti
2700 4547 2842 4603 Galli
2882 4549 3032 4616 cujus
3079 4547 3345 4620 suffragia
3373 4549 3570 4605 sedulo
3601 4551 3759 4622 ﬂagi-

455 4642 636 4696 mulus
666 4641 912 4713 invigilat
941 4640 1010 4694 ad
1041 4655 1232 4694 eorum
1275 4655 1363 4693 res
1392 4635 1784 4704 defendendas,
1811 4637 1902 4709 qui
1935 4638 2048 4706 ejus

452 4729 714 4804 suffragia
744 4729 938 4784 devote
969 4729 1243 4799 postulare
1264 4727 1616 4783 contendunt.
1647 4727 1791 4780 Puer
1831 4726 2046 4797 quidam

448 4820 539 4891 qui
587 4817 932 4889 postmodum
978 4815 1192 4887 corpori
1235 4816 1479 4884 ejusdem
1515 4814 2047 4887 congregationisin-

445 4915 659 4975 sertus,
689 4908 806 4965 haec
873 4905 1068 4962 eadem
1115 4904 1358 4959 attestari
1417 4904 1654 4970 solebat,
1697 4919 1821 4958 cum
1869 4903 2048 4958 adhuc

446 4996 706 5065 primavae
756 4996 928 5051 aetatis
977 4994 1112 5050 flore
1173 4993 1451 5065 gaudens,
1506 4992 1644 5047 inter
1693 4991 2047 5047 scholasticos

445 5084 759 5139 monasterii
810 5083 1092 5153 cujusdam
1128 5081 1428 5138 Dominica:
1457 5081 1631 5135 noctis
1661 5080 1942 5136 solemniis
1971 5081 2051 5136 in-

449 5178 698 5238 teresset,
731 5171 947 5242 quidam
977 5189 1006 5227 e
1036 5171 1213 5228 vicino
1243 5168 1518 5226 territorio
1555 5170 1896 5225 mansionem
1931 5171 2047 5240 ejus

446 5257 676 5329 irrupit,
717 5257 995 5330 ipsiusque
1039 5260 1285 5316 codicem
1322 5266 1375 5315 et
1409 5273 1746 5330 quaecunque
1784 5258 1917 5313 inibi
1961 5275 2050 5313 re-

444 5346 629 5420 perire
674 5346 1159 5419 poterat,furatus
1205 5347 1492 5406 abscessit.
1547 5349 1690 5402 Puer
1718 5348 1787 5402 de
1820 5346 2049 5402 basilica

443 5453 758 5508 regressus,
792 5435 1057 5491 damnum
1107 5438 1251 5509 quod
1290 5437 1493 5492 illatum
1551 5444 1651 5503 est,
1711 5435 1866 5508 largo
1923 5435 2049 5489 ﬂetu

439 5526 729 5599 perdoluit.
764 5527 934 5582 Porro
963 5523 1122 5580 fratri
1149 5524 1293 5581 illius
1339 5525 1486 5580 foras
1514 5525 1908 5582 monasterium
1936 5540 2041 5595 po-

445 5618 545 5671 sito
595 5633 762 5672 senex
809 5613 1028 5687 quidam
1083 5614 1278 5669 eadem
1323 5621 1482 5668 nocte
1549 5614 1696 5669 vultu
1742 5613 1959 5684 placido
1994 5612 2049 5667 in

444 5717 651 5772 somnis
693 5716 974 5782 assistens,
1007 5720 1198 5769 cuncta
1253 5728 1372 5784 qua:
1413 5726 1548 5780 erga
1601 5712 1894 5781 puerulum
1927 5719 2053 5767 acta

2159 4637 2306 4692 tabat
2334 4637 2601 4706 visitatus,
2637 4635 2864 4692 confusa
2904 4636 3230 4692 horribiliter
3261 4639 3427 4708 coepit
3458 4653 3596 4694 voce
3629 4655 3761 4710 per-

2150 4735 2408 4796 strepere,
2444 4726 2514 4780 ita
2541 4733 2597 4779 ut
2625 4725 2767 4780 idem
2798 4726 3060 4782 sacerdos
3089 4726 3228 4780 intra
3269 4741 3430 4781 sacra
3461 4727 3758 4782 missarum

2154 4815 2435 4884 solemnia,
2469 4814 2607 4870 sicut
2644 4815 2840 4886 saepius
2889 4814 3078 4870 testari
3119 4815 3312 4869 solitus
3343 4823 3482 4884 erat,
3516 4831 3630 4871 non
3663 4816 3764 4870 mi-

2148 4904 2294 4959 nimo
2325 4912 2635 4976 quateretur
2681 4912 2888 4959 terrore
2921 4913 2973 4960 et
3001 4912 3168 4958 metu.
3220 4905 3462 4975 Cumque
3503 4905 3751 4962 circum-

2149 4993 2385 5064 spiciens
2415 4992 2586 5048 oculis
2617 4999 2807 5048 cuncta
2833 4991 3197 5059 lustrasset,et
3229 5009 3326 5063 per
3348 4993 3581 5063 alicujus
3609 5010 3759 5066 prm-

2149 5089 2378 5144 sentiam
2408 5088 2833 5161 magnitudinem
2863 5088 3072 5144 timoris
3099 5088 3436 5144 desideraret
3469 5099 3754 5156 evincere,

2148 5177 2407 5233 membris
2436 5177 2622 5232 miseri
2648 5177 2715 5232 ad
2743 5185 2942 5232 statum
2975 5194 3133 5232 suum
3165 5177 3547 5245 redeuntibus,
3580 5180 3758 5251 crepi-

2149 5277 2262 5323 tum
2295 5267 2450 5338 quasi
2479 5267 2755 5340 virgarum
2784 5266 2841 5322 in
2890 5266 3136 5321 ariditate
3167 5266 3463 5322 fractarum
3495 5269 3710 5324 audivit
3743 5286 3757 5321 :

2151 5364 2202 5412 et
2221 5356 2326 5410 huc
2347 5354 2577 5427 illucque
2605 5373 2662 5410 se
2692 5373 2802 5426 prae
2832 5357 3084 5427 angustia
3123 5365 3362 5418 vertens,
3395 5367 3518 5426 post
3550 5360 3758 5429 paulu-

2151 5444 2260 5499 lum
2293 5461 2415 5500 eum
2443 5445 2532 5516 qui
2561 5445 2755 5499 debilis
2786 5444 2976 5513 fuerat,
3011 5461 3201 5498 sanum
3220 5446 3288 5499 de
3319 5452 3512 5516 crypta
3533 5447 3761 5517 prodire

2152 5534 2450 5604 conspexit.
2502 5533 2598 5588 Cui
2637 5534 2797 5590 ctiam
2843 5542 2993 5588 tanta
3054 5549 3178 5588 mox
3221 5534 3469 5589 sanitatis
3521 5535 3759 5591 accessit

2153 5624 2435 5695 perfectio,
2469 5631 2524 5677 ut
2553 5623 2669 5677 sine
2697 5623 3022 5679 inﬁrmitatis
3052 5624 3337 5679 obstaculo
3368 5633 3558 5693 optato
3590 5626 3753 5680 dein-

2154 5729 2283 5784 ceps
2313 5713 2575 5783 potiretur
2603 5713 2845 5768 incessu.
