3996 6184
276 226 424 284 1025

796 366 1036 425 .CAPUT
1070 368 1329 424 XXXIII.

500 464 737 534 Quidam
774 470 807 521 ἂ
833 467 1088 539 periculo
1115 468 1341 538 fastidii
1371 469 1662 525 liberatus.

290 628 297 631 τ
345 589 408 644 In
438 588 636 644 eadem
682 589 1114 647 Alamannorum
1144 590 1445 663 provincia,
1476 591 1699 664 quidam
1724 590 1879 647 dives

266 684 487 734 tantum
516 678 827 735 valetudine
866 680 1137 736 contraria
1181 679 1482 736 tabefactus
1511 688 1612 747 est,
1653 688 1710 735 ut
1738 696 1878 752 pene

264 783 373 839 per
404 783 608 822 annum
637 766 914 841 integrum
962 766 1180 824 fastidio
1209 767 1467 824 laborans
1505 766 1784 835 deficeret,
1827 776 1880 823 et

266 854 468 911 solatia
496 856 899 924 alimentorum,
924 864 981 913 ut
1002 856 1250 913 sanitatis
1270 858 1616 929 recuperatio
1647 872 1879 929 poscere

263 944 580 1011 videbatur,
614 945 901 1017 percipere
931 945 1017 1001 vel
1055 947 1336 1002 continere
1364 963 1472 1001 non
1503 946 1793 1017 potuisset.
1828 945 1879 1000 Is

265 1033 341 1088 ad
372 1034 682 1089 caanobium
712 1034 857 1089 beati
888 1034 1032 1090 Galli
1072 1052 1169 1106 pro
1198 1036 1301 1091 hac
1334 1035 1524 1090 eadem
1556 1051 1720 1090 causa
1750 1052 1879 1106 per-

266 1121 469 1177 ductus
498 1130 600 1177 est.
636 1123 762 1177 Post
791 1123 1077 1177 diuturnas
1108 1123 1272 1196 igitur
1311 1140 1505 1195 preces
1536 1131 1585 1178 et
1619 1123 1874 1195 suspiria,

265 1225 399 1266 cum
426 1226 600 1266 sacrae
643 1210 934 1266 oblationis
966 1220 1439 1268 consummaretur
1470 1212 1727 1279 officium,
1775 1212 1877 1267 be-

267 1298 599 1355 nedictionis
630 1315 825 1370 panem
857 1300 925 1355 de
966 1316 1130 1356 manu
1162 1301 1463 1357 sacerdotis
1494 1301 1723 1372 accepit.
1757 1298 1877 1369 Quo

267 1396 537 1453 comesto,
572 1388 747 1443 caruit
778 1388 1014 1455 fastidio,
1038 1397 1091 1445 et
1112 1389 1386 1445 desiderio
1407 1389 1716 1445 victualium
1747 1404 1877 1445 con-

268 1493 413 1551 grue
441 1484 720 1548 percepto,
752 1477 1083 1534 benedicens
1115 1477 1367 1546 Domino,
1401 1486 1453 1533 et
1481 1478 1675 1533 merita
1703 1477 1878 1533 sancti

271 1565 417 1621 Galli
454 1565 721 1634 miratus,
770 1581 935 1623 sanus
984 1582 1108 1647 cum
1161 1567 1364 1640 gaudio
1412 1567 1484 1623 ad
1520 1567 1744 1639 propria
1784 1583 1876 1623 re-

270 1654 495 1711 meavit.

809 1779 1032 1837 CAPUT
1077 1780 1333 1837 XXXIV.

577 1885 775 1942 Altera
809 1887 955 1957 ferri
992 1887 1236 1943 vinculis
1274 1887 1582 1943 absolutus.

343 2008 718 2080 Pauperculus
757 2009 980 2081 quidam
1013 2052 1026 2076 ,
1078 2018 1298 2081 pr0pter
1332 2010 1611 2065 homicidii
1656 2017 1869 2066 reatum

271 2096 491 2153 circulis
521 2095 713 2153 ferreis
743 2105 854 2152 tam
900 2097 956 2152 in
987 2097 1129 2154 collo
1160 2115 1325 2170 quam
1366 2099 1422 2153 in
1461 2108 1697 2171 utroque
1736 2116 1867 2156 con-

270 2184 493 2241 strictus
513 2184 758 2253 brachio,
806 2201 972 2258 quam
1000 2188 1264 2259 gravibus
1307 2187 1548 2259 quotidie
1587 2188 1869 2259 suppliciis

266 2272 598 2343 afﬁceretur,
630 2291 728 2345 per
757 2275 938 2331 sulcos
967 2291 1107 2346 quos
1136 2275 1342 2331 ferrum
1370 2277 1629 2332 carnibus
1658 2277 1776 2346 ejus
1794 2277 1872 2331 in-

269 2361 506 2429 ﬂixerat,
538 2363 847 2418 videntibus
876 2362 1040 2418 fidem
1068 2364 1215 2420 fecit.
1250 2364 1355 2433 Qui
1385 2381 1510 2420 cum
1536 2366 1706 2421 multa
1736 2382 1869 2421 san-

269 2458 483 2508 ctorum
528 2451 649 2508 loca
704 2468 807 2523 pro
867 2453 1112 2521 ejusdem
1156 2454 1431 2509 cruciatus
1487 2455 1751 2522 remedio,
1817 2462 1872 2512 et

264 2539 495 2595 admissi
524 2540 750 2596 sceleris
774 2540 1068 2597 abolitione
1097 2541 1405 2609 lustrasset,
1438 2543 1621 2599 divina
1650 2544 1871 2599 tandem

263 2627 617 2685 miseratione
647 2638 947 2699 respectus,
979 2646 1151 2685 nexus
1180 2631 1452 2702 quibusin
1472 2632 1616 2688 collo
1645 2632 1731 2688 vel
1762 2648 1872 2689 uno

260 2716 491 2773 brachio
520 2718 913 2790 stringebatur,
948 2718 1198 2774 amittere
1238 2720 1468 2776 meruit:
1501 2729 1701 2778 etcum
1731 2721 1872 2777 forte

260 2804 322 2860 in
352 2806 608 2862 viciniam
635 2807 871 2863 ctenobii
898 2808 1071 2863 sancti
1101 2807 1245 2863 Galli
1272 2808 1529 2875 venisset,
1574 2826 1675 2880 per
1707 2810 1872 2866 visio-

261 2910 393 2950 nem
431 2895 502 2961 ei,
544 2896 682 2952 sicut
719 2896 930 2952 referre
970 2897 1162 2952 solitus
1201 2905 1360 2964 erat,
1408 2906 1747 2969 praeceptum
1788 2907 1874 2955 est

262 2992 325 3039 ut
353 2984 531 3041 sancti
559 2984 663 3041 viri
693 2985 994 3056 patrocinia
1041 3002 1314 3057 quaerens,
1346 2988 1746 3043 monasterium
1777 2988 1872 3043 ad-

1100 224 1266 283 VI’I‘A
1295 225 1353 283 S.
1384 224 1612 315 GALLI.
1641 255 1711 269 —
1740 222 1869 282 LIB.
1902 222 1972 281 II.
1997 222 2211 283 SIGNA
2239 222 2337 285 ΕΟ
2365 224 2659 285 MORTUO
2686 224 2931 283 FACTA.

1904 348 2335 411 Aluminaribus
2355 352 2426 408 ad
2446 352 2705 408 inferiora
2731 351 3008 424 deponere
3038 347 3334 417 debuisset,
3356 349 3575 407 incaute

3429 228 3571 315 .1026

1976 439 2163 498 funem
2209 458 2318 514 quo
2360 441 2479 513 ipsa
2526 442 2731 513 pharus
2778 439 3121 512 dependebat
3166 438 3412 494 retraxit.
3469 436 3575 508 Qui

1977 531 2155 586 statim
2202 548 2231 587 e
2261 547 2425 586 manu
2469 530 2730 602 dilapsus,
2779 529 3037 601 paxillum
3067 527 3153 584 cui
3190 527 3428 583 insertus
3459 535 3577 582 erat

1977 620 2045 676 de
2075 620 2279 692 pariete
2310 619 2563 675 extraxit.
2594 619 2835 690 Cumque
2884 617 3075 674 eadem
3107 618 3308 689 pharus
3357 615 3457 671 sub
3487 615 3576 670 ni-

1976 709 2084 764 mia
2113 709 2387 765 celeritate
2436 709 2551 764 solo
2597 707 2992 779 appropiasset,
3039 714 3264 778 repente
3314 704 3573 772 substitit,

1979 806 2029 854 et
2058 799 2265 871 absque
2287 797 2396 853 ullo
2438 798 2688 853 humanas
2716 795 3016 851 retinaculo
3047 796 3177 850 artis
3208 796 3262 849 in
3292 810 3418 850 aere
3448 810 3576 849 sus-

1977 904 2147 960 pensa
2173 886 2455 942 remansit.
2487 886 2682 941 Custos
2712 885 2897 957 igitur,
2931 883 3176 939 miraculi
3206 892 3429 954 stupore
3456 900 3578 955 per-

1978 977 2180 1041 culsus,
2228 974 2390 1031 allato
2444 973 2562 1048 igni
2618 974 2899 1044 lampades
2954 989 3145 1029 omnes
3198 972 3467 1039 accendit,
3523 980 3584 1028 et

1976 1064 2227 1138 plurimis
2257 1065 2360 1119 hoc
2386 1062 2585 1119 factum
2608 1063 2975 1126 cernentibus,
3002 1062 3209 1134 absque
3226 1060 3583 1133 pinguedinis

1979 1152 2241 1209 effusione
2272 1168 2368 1207 seu
2397 1152 2752 1206 diminutione
2788 1150 3159 1219 lucernarum,
3190 1149 3346 1204 altius
3400 1149 3577 1221 ipsam

1978 1244 2209 1314 pharum
2242 1257 2400 1314 quam
2442 1240 2686 1312 pendere
2720 1240 2944 1308 solebat,
2980 1239 3222 1294 retraxit.
3255 1239 3369 1293 Deo
3400 1237 3579 1310 itaque

1981 1331 2173 1386 laudes
2204 1346 2237 1386 a
2265 1330 2493 1398 cunctis,
2528 1330 2715 1403 gratiae
2746 1328 3053 1385 referuntur
3078 1329 3148 1383 ab
3177 1327 3449 1395 omnibus,
3488 1326 3581 1399 qui

1980 1408 2049 1476 ad
2078 1420 2408 1476 declaranda
2460 1418 2636 1473 Patris
2682 1418 2865 1473 eximii
2894 1417 3104 1483 merita,
3139 1416 3391 1487 stupendi
3418 1415 3578 1471 novi-

1979 1516 2088 1564 tate
2117 1508 2384 1574 miraculi,
2417 1507 2600 1562 lumen
2632 1506 2833 1561 sanctis
2881 1513 3119 1577 aptatum
3146 1505 3353 1574 usibus,
3386 1504 3475 1560 vel
3506 1504 3577 1560 ad

1976 1599 2167 1654 horam
2196 1598 2317 1655 loco
2348 1595 2645 1655 venerabili
2673 1596 2867 1651 deesse
2896 1611 3089 1667 passus
3118 1611 3228 1651 non
3258 1602 3359 1651 est.

1901 1707 1957 1768 Β
2506 1720 2731 1776 CAPUT
2783 1720 3040 1776 XXXVI.

2359 1820 2630 1875 Lucerna:
2673 1835 2811 1875 casu
2859 1834 2976 1874 non
3017 1818 3182 1873 lwsw.

2040 1925 2191 1981 Idem
2221 1924 2406 1993 frater,
2441 1924 2570 1979 dum
2598 1924 2703 1980 alio
2734 1933 2981 1995 tempore
3012 1923 3261 1979 lucernas
3290 1922 3489 1979 vitreas
3516 1922 3573 1980 in

1969 2015 2164 2070 eadem
2190 2013 2400 2070 lavaret
2427 2013 2682 2082 ecclesia,
2711 2013 2852 2067 alius
2882 2012 3101 2084 quidam
3139 2011 3349 2067 incaute
3378 2011 3570 2067 deam-

1968 2102 2183 2173 bulans,
2213 2119 2336 2159 cum
2369 2118 2429 2158 se
2449 2102 2558 2158 alio
2577 2109 2804 2173 repente
2827 2100 3101 2169 vertisset,
3135 2100 3397 2172 quasdam
3421 2101 3578 2170 juxta

1967 2192 2174 2263 positas
2204 2200 2356 2247 veste
2384 2199 2614 2247 attactas
2642 2191 2951 2261 pavimento
3004 2190 3220 2258 dejecit,
3252 2189 3324 2244 ita
3365 2198 3422 2244 ut
3452 2190 3575 2246 vio-

1968 2281 2117 2336 lento
2144 2281 2389 2350 ejusdem
2418 2280 2738 2349 dejectionis
2768 2279 3008 2350 impulsu
3037 2294 3210 2349 usque
3239 2278 3296 2332 in
3325 2278 3576 2335 ecclesiae

1970 2370 2241 2426 cancellos
2288 2369 2581 2424 ferrentur.
2644 2368 2752 2423 Sed
2807 2369 2948 2423 miro
2993 2368 3192 2424 divinae
3240 2366 3577 2438 operationis

1969 2459 2135 2516 modo
2160 2459 2367 2531 absque
2395 2458 2617 2514 laesione
2646 2466 2879 2528 repertae
2899 2457 3012 2512 suis
3031 2457 3289 2513 continuo
3316 2472 3428 2513 non
3455 2456 3575 2513 sine

1970 2547 2331 2604 admiratione
2358 2546 2621 2603 restitutae
2649 2554 2772 2602 sunt
2800 2545 2958 2602 locis.

2496 2669 2721 2726 CAPUT
2758 2669 3043 2725 XXXVII.
3274 2745 3281 2751 θ

2011 2766 2129 2835 Qua
2157 2767 2379 2824 medela
2408 2767 2622 2823 medico
2664 2767 3027 2839 periclitanti
3069 2766 3407 2823 subventum
3436 2768 3531 2824 sit.

2043 2884 2235 2939 Frater
2281 2884 2504 2956 quidam
2551 2884 2793 2953 ejusdem
2841 2884 3303 2958 congregationis,
3335 2884 3568 2942 medici-

1972 2972 2082 3027 nali
2123 2972 2350 3028 scientia
2395 2988 2506 3029 non
2546 2972 2857 3045 ignobiliter
2900 2973 3216 3039 instructus,
3267 2974 3397 3029 dum
3426 2989 3569 3045 quo-

261 3071 372 3128 iret
407 3089 419 3127 :
450 3073 765 3144 pariterque
810 3074 1107 3130 indicatum
1157 3076 1304 3146 quod
1351 3075 1555 3131 ibidem
1583 3076 1868 3144 circulum,
1901 3061 2100 3128 Cdam
2147 3069 2388 3133 tempore
2431 3061 2597 3119 ίιιθίάί
2644 3061 2746 3116 Sibi
2795 3077 2922 3118 cum
2976 3062 3326 3133 Phlebomm0
3375 3078 3570 3118 venam

263 3177 431 3233 quem
461 3178 568 3216 uno
596 3162 775 3218 adhuc
821 3162 1031 3218 ferebat
1068 3163 1124 3217 in
1164 3163 1410 3230 brachio,
1453 3165 1776 3232 amissurus,
1820 3174 1875 3221 et

260 3258 467 3321 optatae
485 3251 718 3323 gratiam
750 3251 997 3307 sanitatis
1027 3260 1173 3307 esset
1205 3253 1521 3323 adepturus.
1556 3256 1623 3308 At
1651 3254 1743 3309 ille
1774 3254 1871 3315 de:

258 3338 471 3395 siderio
519 3339 804 3410 promissa:
853 3340 1097 3396 sanitatis
1152 3342 1468 3407 ardescens,
1527 3349 1713 3412 utpote
1778 3342 1873 3414 qui

262 3434 419 3484 tanto
470 3428 754 3484 tenebatur
798 3428 1060 3495 cruciatu,
1108 3438 1166 3484 ut
1214 3436 1387 3485 totum
1420 3431 1537 3499 jam
1584 3430 1870 3487 brachium

260 3514 413 3572 ferro
460 3516 723 3572 immerso
769 3517 826 3571 in
873 3526 1142 3573 tumorem
1179 3527 1327 3574 esset
1364 3534 1712 3585 conversum,
1765 3520 1870 3575 iter

260 3603 336 3659 ad
366 3606 757 3661 monasterium
800 3607 1111 3663 maturavit.
1162 3607 1407 3679 Cumque
1448 3608 1730 3664 nocturnis
1767 3608 1869 3663 ibi-

260 3694 393 3750 dem
423 3695 623 3768 vigiliis
649 3696 933 3751 interesset
960 3697 1073 3752 alto
1102 3712 1300 3768 scpore
1329 3697 1646 3767 depressus,
1680 3714 1870 3754 senem

242 3783 526 3852 _assistere
556 3785 700 3839 videt
729 3785 925 3840 canitie
954 3784 1345 3851 venerandum,
1380 3786 1568 3843 casula
1596 3786 1864 3854 indutum,

260 3872 478 3945 sibique
507 3873 781 3929 dicentem
812 3890 825 3928 :
857 3873 1001 3942 Quid
1038 3882 1115 3939 tu,
1164 3875 1357 3940 homo,
1390 3875 1601 3931 caeteris
1648 3875 1868 3932 laudem

257 3961 501 4017 Domini
529 3962 950 4028 celebrantibus,
1011 3962 1189 4018 somni
1234 3970 1459 4034 torpore
1502 3964 1869 4034 deprimeris?

257 4049 427 4119 Cujus
457 4051 750 4121 praesentia
770 4051 1112 4122 perterritus.
1138 4066 1264 4108 cum
1286 4068 1610 4124 responsum
1631 4054 1868 4110 reddere

257 4154 377 4194 non
427 4140 673 4205 auderet,
733 4140 926 4195 baculo
966 4157 1133 4196 senex
1172 4156 1336 4212 quem
1388 4157 1553 4197 manu
1591 4144 1865 4215 gestabat,

256 4227 447 4285 locum
476 4228 526 4284 ei
553 4228 795 4283 vulneris
834 4228 1030 4301 tetigit.
1076 4229 1387 4285 Dissiliente
1433 4230 1619 4302 itaque
1648 4231 1868 4305 longius

257 4315 431 4383 ferro,
466 4334 580 4388 pra:
624 4315 812 4373 dolore
863 4334 1026 4389 quem
1075 4334 1144 4373 ex
1171 4325 1374 4375 attactu
1413 4319 1703 4390 persensit,
1734 4322 1867 4377 hor-

1971 3149 2210 3218 fecisset,
2258 3159 2311 3205 et
2356 3166 2697 3222 praepropera
2743 3149 3089 3207 festinatione
3131 3160 3256 3223 post
3297 3151 3569 3208 modicum

1971 3239 2248 3310 quippiam
2276 3239 2456 3311 operis
2503 3239 2717 3295 incaute
2758 3238 2983 3306 faceret,
3036 3240 3215 3295 statim
3256 3255 3366 3295 non
3396 3239 3574 3295 solum

1968 3327 2248 3382 brachium
2281 3329 2433 3397 cujus
2464 3344 2660 3383 venam
2705 3327 2900 3383 incisio
2930 3328 3323 3396 vulneraverat,
3356 3345 3575 3385 verum-

1970 3416 2130 3471 etiam
2161 3424 2332 3471 totum
2362 3431 2560 3486 corpus
2591 3417 2709 3484 ejus
2752 3425 2964 3472 tumore
2993 3417 3294 3473 distensum
3323 3426 3425 3473 est.
3458 3416 3576 3487 Qua

1970 3521 2036 3560 ex
2062 3520 2223 3560 causa
2252 3504 2449 3559 accidit
2479 3512 2537 3557 ut
2585 3513 2819 3559 mortem
2863 3514 3172 3576 suspectam
3223 3504 3425 3563 habere
3454 3523 3572 3564 caa-

1966 3593 2156 3664 pisset,
2191 3592 2389 3665 quippe
2421 3592 2547 3664 quia
2575 3591 2783 3646 viderat
2812 3610 2925 3649 suae
2955 3594 3058 3647 sibi
3084 3594 3217 3648 artis
3248 3594 3571 3650 industriam

1969 3682 2264 3737 studiosius
2293 3680 2592 3736 adhibitam
2624 3680 2754 3734 nihil
2784 3681 3067 3751 prodesse.
3101 3680 3359 3753 Sequenti
3388 3683 3570 3755 itaque

1967 3779 2144 3840 nocte,
2178 3770 2311 3825 vidit
2339 3769 2394 3823 in
2423 3768 2633 3824 somnio
2663 3769 2888 3840 placidae
2919 3770 3200 3843 gravitatis
3222 3786 3409 3825 senem
3438 3770 3569 3824 sibi-

1966 3867 2077 3915 met
2104 3859 2380 3925 assistere,
2416 3873 2609 3914 causas
2652 3856 2978 3913 infirmitatis
3020 3858 3237 3913 blandis
3282 3858 3569 3932 inquiren-

1968 3955 2078 4003 tem
2108 3947 2466 4003 sermonibus.
2500 3947 2741 4019 Cumque
2784 3946 3138 4019 interroganti
3185 3947 3347 4002 totius
3377 3963 3440 4003 ex
3473 3963 3567 4003 or-

1967 4036 2095 4093 dine
2124 4037 2203 4092 rei
2251 4036 2536 4107 replicaret
2586 4045 2854 4105 eventum,
2906 4053 3074 4092 senex
3118 4035 3253 4091 dixit
3293 4037 3363 4092 ad
3393 4052 3517 4092 eum
3563 4052 3576 4092 :

1967 4126 2255 4188 Memento,
2288 4124 2381 4192 fili,
2431 4132 2488 4179 ut
2530 4125 2650 4181 luce
2694 4125 2852 4180 terris
2896 4125 3126 4192 reddita,
3177 4125 3300 4181 oleo
3341 4124 3566 4197 quodin

1969 4223 2157 4287 crypta
2186 4222 2311 4269 ante
2340 4214 2510 4270 altare
2540 4214 2821 4271 consuevit
2867 4215 3072 4283 ardere,
3115 4213 3357 4269 vulneris
3387 4214 3570 4269 locum

1966 4320 2258 4376 perungas,
2291 4320 2416 4359 nam
2462 4304 2717 4359 continuo
2762 4303 3046 4358 sanitatem
3096 4302 3348 4373 recipies.
3382 4304 3568 4374 Itaque

257 4404 449 4460 rendis
476 4406 703 4462 vocibus
749 4413 989 4461 astantes
1042 4406 1348 4477 perterruit.
1386 4389 1593 4476 Quibus
1623 4424 1862 4479 percon-
1890 4422 1944 4484 ι)
1967 4390 2107 4484 Ῑίξοίο
2136 4408 2317 4484 “13:99:
2353 4393 2498 4484 (109d
2529 4393 2585 4447 in
2614 4391 3105 4484 Somni0__t_lutlierat
3142 4389 3352 4484 custodi
3382 4391 3566 4448 eccle-

257 4494 499 4550 tantibus
566 4510 675 4567 qua
739 4511 842 4566 pro
903 4511 1070 4551 causa
1133 4495 1437 4567 psallentes
1496 4496 1863 4569 inquietaret,

258 4590 459 4639 cuncta
486 4600 587 4655 per
633 4584 885 4639 ordinem
915 4601 1037 4656 quae
1084 4585 1296 4640 viderat
1337 4585 1602 4651 retexuit;
1650 4594 1704 4642 et
1738 4587 1869 4644 licet

256 4671 470 4729 recenti
499 4672 678 4729 adhuc
694 4672 919 4728 vulnere
947 4689 1059 4727 non
1091 4681 1323 4740 careret,
1348 4689 1449 4744 pro
1477 4674 1770 4731 amissione
1792 4684 1871 4732 ta-

255 4775 392 4815 men
416 4759 547 4815 ferri
574 4762 730 4831 cujus
766 4761 996 4816 nexibus
1040 4762 1447 4828 cruentabatur,
1496 4764 1624 4834 quia
1660 4765 1867 4822 sanitas

258 4848 319 4904 in
348 4857 605 4921 promptu
644 4858 777 4919 erat,
803 4850 1009 4923 gaudio
1039 4850 1355 4921 replebatur
1382 4850 1612 4924 ingenti.

813 4991 1037 5050 CAPUT
1082 4992 1314 5048 XXXV.

359 5097 580 5155 Pharus
607 5115 742 5155 cum
772 5099 1125 5172 lampadibus
1156 5100 1499 5155 mirabiliter
1528 5105 1771 5157 servata.

331 5218 455 5278 Alio
476 5238 693 5295 quoque
718 5231 986 5295 tempore,
1012 5222 1183 5279 frater
1212 5221 1456 5295 quidam,
1481 5192 1574 5295 qui
1594 5224 1647 5279 in
1670 5222 1865 5280 eadem

255 5311 495 5369 ecclesia
524 5313 767 5368 custodis
797 5312 1143 5387 fungebatur.
1162 5311 1359 5379 ofﬁcio,
1413 5328 1538 5369 cum
1578 5314 1812 5383 pharum
1841 5342 1865 5371 ο

254 5417 381 5473 qua
406 5408 531 5457 ante
548 5400 721 5457 altare
738 5401 910 5458 sancti
926 5401 1068 5458 Galli
1083 5400 1374 5474 pendebat,
1392 5417 1494 5473 pro
1509 5400 1864 5460 incendendis

364 5568 389 5596 ι
421 5549 545 5597 Vide
572 5550 940 5605 praefationem.

362 5631 390 5669 ι»
416 5622 687 5671 Goldastus
711 5622 854 5671 addit
868 5621 1155 5685 presbyter.

1969 4480 2062 4537 sise
2090 4481 2303 4549 retulit;
2334 4482 2645 4554 pariterque
2675 4497 2797 4537 cum
2826 4481 2919 4536 illo
2945 4480 3226 4536 basilicam
3254 4480 3561 4552 ingressus,

1968 4577 2025 4624 ut
2069 4569 2294 4627 edoctus
2341 4569 2535 4635 fuerat,
2589 4576 2766 4625 certus
2814 4569 2883 4624 de
2924 4568 3289 4640 promissione
3328 4569 3562 4640 peregit.

1965 4660 2082 4715 Nec
2119 4675 2293 4726 mora,
2328 4674 2486 4715 sacro
2513 4665 2811 4730 perunctus
2831 4657 3063 4730 liquore,
3090 4664 3201 4713 toto
3221 4672 3452 4727 corpore
3471 4658 3569 4713 de-

1965 4748 2178 4817 tumuit,
2212 4755 2264 4804 et
2294 4747 2704 4822 integerrimam
2733 4755 3014 4803 assecutus
3045 4754 3127 4803 est
3152 4746 3453 4802 sanitatem.

2475 4898 2701 4955 CAPUT
2738 4898 3047 4955 XXXVIII.

2161 5007 2362 5063 Puella
2399 5023 2435 5062 a
2472 5007 2779 5062 nativitate
2816 5022 2963 5062 mea
3000 5005 3357 5062 illuminatu.

2036 5130 2229 5186 Mulier
2258 5130 2507 5204 quredam
2537 5131 2752 5188 unicam
2784 5129 2970 5197 filiam,
3003 5130 3072 5184 ab
3104 5129 3241 5202 ipsa,
3274 5137 3333 5186 ut
3360 5129 3567 5187 refere-

1942 5218 2073 5295 bat,
2106 5235 2304 5277 caecam
2337 5219 2629 5286 nativitate,
2675 5220 2913 5291 propriis
2954 5218 3195 5275 humeris
3232 5219 3565 5276 monasterio

1964 5308 2197 5375 advexit,
2231 5325 2457 5382 eamque
2487 5317 2612 5365 ante
2641 5309 2827 5375 altare,
2875 5308 3048 5365 sancti
3088 5307 3229 5364 Galli
3257 5309 3558 5381 deponens,

1965 5397 2083 5455 solo
2103 5406 2392 5471 prostrata,
2404 5397 2660 5471 precibus
2683 5414 2782 5471 pro
2813 5397 2906 5454 illa
2927 5397 3129 5454 diutius
3149 5397 3407 5454 incubuit.
3432 5395 3564 5451 Illa-

2069 5558 2087 5582 ο
2126 5550 2181 5596 Id
2219 5551 2298 5597 est
2332 5550 2719 5600 instrumentum
2761 5550 2956 5608 pensito
3006 5558 3110 5609 quo
3145 5545 3561 5609 lampadesng

1964 5622 2252 5679 penduntur
2272 5621 2327 5669 in
2357 5621 2576 5679 templis.
