4024 6194
443 262 467 314 l
478 258 584 315 027

445 399 556 455 que
585 387 778 438 orante
823 379 1075 437 devotius
1120 380 1298 436 subito
1339 379 1524 452 puella
1565 380 1673 435 huc
1722 378 1958 453 illucque
1998 377 2054 433 in
2079 378 2136 440 A

445 471 756 542 pavimento
784 471 1044 536 volutata,
1077 469 1459 524 miserabiliter
1494 469 1796 536 exclamat;
1831 477 1884 524 et
1912 469 2052 524 inter

446 559 729 632 angustias
775 575 839 614 ac
886 559 1120 632 gemitus
1168 566 1355 629 optato
1384 558 1505 613 visu
1535 559 1763 624 donata,
1797 557 2049 631 gratissi-

449 665 600 704 mum
629 648 879 704 omnibus
907 648 1000 718 qui
1045 648 1272 703 aderant
1310 647 1515 720 praebet
1553 647 1697 720 signi
1746 646 2049 720 perspicui-

447 744 560 793 tate
590 736 976 810 spectaculum.

979 861 1204 918 CAPUT
1243 829 1507 916 xxxrx.

485 988 752 1058 Inﬁrmus
802 987 1032 1060 pulvere
1070 987 1405 1059 sarcophagi
1443 989 1500 1041 et
1546 987 1663 1042 oleo
1701 989 2010 1043 recreatus.

517 1113 578 1168 In
610 1111 804 1168 eodem
833 1109 1170 1166 monasterio
1201 1109 1341 1166 inter
1369 1109 1727 1166 scholasticos
1758 1117 1888 1166 tunc
1917 1119 2054 1167 tem-

448 1202 601 1274 poris
640 1208 755 1257 erat
796 1200 1016 1272 quidam
1062 1199 1340 1270 puerulus,
1392 1199 1736 1270 pauperculis
1784 1199 1906 1254 licet
1948 1215 2052 1270 pa-

451 1291 696 1346 rentibus
726 1289 1024 1353 'oriundus,
1073 1287 1254 1342 studio
1297 1295 1479 1342 tamen
1525 1287 1772 1344 discendi
1801 1288 1934 1343 satis
1963 1289 2052 1342 in-

449 1387 651 1434 tentus.
687 1378 930 1449 Cumque
969 1376 1254 1431 immatura
1295 1383 1468 1430 morte
1501 1376 1779 1447 utriusque
1809 1376 2053 1447 parentis

451 1467 647 1524 solatio
678 1468 995 1533 nudaretur,
1021 1465 1272 1536 quamvis
1303 1465 1680 1536 quotidianum
1707 1464 1907 1520 victum
1940 1465 2055 1520 suis

452 1557 736 1612 laboribus
780 1555 1000 1610 assidue
1056 1554 1406 1626 quaeritaret,
1470 1569 1815 1625 nequaquam
1872 1563 2052 1610 tamen

452 1645 580 1702 boni
613 1645 796 1712 studii,
831 1644 993 1699 etiam
1038 1643 1364 1699 necessitate
1411 1642 1788 1713 compellente,
1838 1643 2052 1697 instan-

450 1735 580 1790 tiam
608 1733 917 1804 dereliquit.
951 1732 1002 1786 Is
1031 1731 1215 1786 lateris
1246 1730 1482 1802 quodam
1508 1730 1698 1786 dolore
1728 1747 2045 1802 percussus,
2079 1739 2133 1798 B

451 1839 626 1895 usque
656 1822 795 1878 adeo
826 1821 981 1893 gravi
1011 1836 1112 1890 per
1142 1819 1308 1892 longa
1338 1827 1645 1890 temporum
1693 1820 1868 1890 spatia
1898 1819 2056 1874 inﬁr-

453 1913 640 1968 mitate
671 1909 968 1975 contabuit,
1001 1916 1059 1962 ut
1086 1908 1143 1962 in
1173 1924 1280 1964 uno
1300 1908 1491 1975 latere,
1521 1909 1588 1962 ab
1617 1909 1846 1964 humero
1869 1909 2060 1963 videli-

456 2007 544 2057 cet
571 2015 747 2070 usque
779 1998 850 2053 ad
880 2005 1178 2052 extremam
1213 1996 1462 2068 corporis
1491 2003 1720 2067 partem,
1752 1997 1940 2053 ulcera
1969 2013 2058 2052 sa-

456 2089 602 2144 niem
633 2086 934 2144 emittentia
961 2093 1208 2157 paterent
1230 2085 1652 2157 quamplurima.
1687 2085 1807 2154 Qua
1833 2085 2058 2141 inﬁrmi-

457 2185 567 2234 tate
596 2177 651 2232 in
681 2184 889 2231 tantum
919 2182 1181 2248 gravatus
1204 2183 1305 2240 est,
1337 2183 1393 2228 ut
1423 2174 1511 2230 vix
1533 2175 1649 2244 jam
1678 2175 1795 2230 sine
1825 2175 2057 2231 aliorum

454 2265 786 2323 adminiculo
815 2279 1088 2336 quoquam
1107 2279 1360 2334 gressum
1389 2278 1608 2318 movere
1637 2264 1924 2335 potuisset.
1948 2264 2058 2320 Sed

456 2371 580 2413 cum
613 2353 894 2426 corporale
936 2352 1416 2419 medicamentum,
1468 2351 1718 2424 quamvis
1755 2352 2056 2424 saepissime

454 2444 775 2510 adhibitum,
807 2441 939 2497 nihil
969 2441 1050 2496 illi
1077 2441 1382 2512 prodesset,
1416 2449 1468 2496 et
1491 2441 1822 2512 jamjamque
1851 2441 2055 2513 despe-

454 2542 667 2590 raretur
697 2548 730 2588 a
761 2531 991 2596 cunctis,
1024 2538 1207 2585 custos
1235 2529 1484 2586 ecclesia;
1513 2530 1569 2584 in
1591 2529 1880 2585 festivitate
1911 2531 2058 2586 beati

453 2623 594 2680 Galli
623 2622 834 2678 cineres
863 2620 932 2674 de
962 2619 1307 2691 sarcOphago
1345 2618 1493 2672 illius
1521 2618 1760 2690 collegit,
1793 2626 1846 2673 et
1875 2620 2056 2674 oleum

457 2712 602 2784 quod
635 2718 760 2766 ante
790 2709 968 2780 ipsum
1000 2708 1174 2762 altare
1201 2707 1430 2762 ardebat
1457 2707 1764 2773 admiscuit,
1799 2708 2054 2764 adducti-

454 2817 560 2873 que
591 2815 791 2870 corpus
839 2796 996 2869 pueri
1042 2813 1104 2851 ea
1150 2803 1305 2867 parte
1350 2795 1622 2866 perunxit,
1678 2812 1840 2867 quam
1897 2797 2056 2852 dolor

457 2889 798 2962 possederat.
835 2886 940 2955 Qui
969 2885 1059 2941 die
1084 2885 1258 2940 altera
1274 2885 1550 2940 ulceribus
1566 2885 1678 2954 jam
1710 2885 2054 2956 superductis

453 2994 622 3034 sanus
654 2979 925 3041 inventus,
960 2975 1030 3030 ob
1060 2975 1381 3030 memoriam
1421 2973 1647 3028 reddita
1677 2973 1780 3028 sibi
1810 2974 2053 3029 sanitatis

1148 253 1553 312 WALAFRIDI
1591 252 1835 312 STRABI
1871 251 2071 311 FULD.
2111 250 2284 310 MON.
2326 249 2479 311 OPP.
2519 251 2696 312 PARS
2733 251 2802 310 II.
2833 283 2904 297 —-
2932 253 3322 312 HISTORICA.

3611 257 3749 312 1028

2731 379 2953 437 CAPUT
2990 380 3157 436 XLII.

2458 504 2643 560 Mutus
2681 506 2828 561 vocis
2867 504 3041 576 o/ﬁcio
3078 509 3438 562 muneratus.

2218 627 2439 684 Iuvenis
2472 628 2694 700 quidam
2723 629 3110 700 pauperculus,
3143 629 3406 685 orationis
3438 645 3608 685 causa
3637 645 3753 685 mo-

2148 717 2443 772 nasterium
2474 717 2684 786 adiens,
2718 717 2940 773 fratrem
2988 735 3141 773 suum
3179 718 3499 787 jamdudum
3529 719 3751 774 amissa:

2149 806 2298 863 vocis
2327 806 2612 878 dispendia
2658 807 3036 878 deplorantem
3081 823 3268 862 secum
3299 807 3542 862 adduxit.
3577 807 3751 862 Cum-

2150 911 2255 967 que
2285 894 2439 949 altari
2457 895 2629 951 sancti
2647 895 2790 951 Galli
2818 895 3328 967 apprOpinquasset,
3364 895 3750 967 presbyterum

2151 984 2441 1056 quemdam
2471 983 2603 1039 inibi
2623 992 2969 1040 sacrosancta
2990 992 3304 1040 tractantem
3334 984 3592 1056 mysteria
3613 1000 3750 1040 con-

2151 1072 2356 1143 spexit;
2407 1082 2460 1128 et
2503 1073 3027 1128 consummationem
3071 1089 3240 1129 sacrae
3287 1073 3515 1130 actionis
3572 1090 3755 1144 oppe-

2151 1159 2317 1228 riens,
2352 1161 2596 1230 ejusdem
2627 1161 2928 1218 sacerdotis
2959 1162 3027 1217 ab
3075 1161 3253 1218 officio
3282 1161 3556 1217 redeuntis
3587 1161 3756 1234 geni-

2151 1249 2254 1305 bus
2284 1250 2608 1318 advolvitur,
2642 1259 2692 1307 et
2735 1259 2791 1306 ut
2828 1266 2929 1322 pro
2976 1259 3122 1306 muto
3169 1251 3494 1323 dignaretur
3538 1250 3757 1322 aliquas

2151 1337 2377 1394 fundere
2407 1354 2602 1410 preces
2633 1339 2701 1395 ad
2732 1339 3022 1394 Dominum
3042 1339 3307 1394 instanter
3333 1340 3621 1394 exorat.Et
3663 1339 3762 1396 ille

2151 1427 2463 1496 hujusmodi
2509 1427 2781 1483 desiderio
2827 1427 3188 1494 satisfaciens,
3241 1428 3421 1498 primo
3451 1428 3759 1484 orationem

2151 1531 2253 1586 pro
2283 1515 2485 1572 misero
2530 1515 2676 1582 fecit,
2711 1516 2910 1572 deinde
2941 1516 3121 1572 crucis
3159 1505 3282 1571 eu’m
3310 1515 3539 1571 munivit
3566 1517 3761 1590 signa-

2152 1604 2296 1670 culo,
2348 1603 2461 1660 acsi
2509 1605 2776 1660 Dominici
2835 1605 3084 1676 corporis
3132 1613 3184 1659 et
3234 1605 3517 1678 sanguinis
3561 1621 3759 1660 sacra-

2155 1701 2340 1748 mento
2361 1692 2610 1749 firmavit.
2637 1692 2758 1761 Quo
2781 1693 2944 1760 facto,
2979 1693 3232 1748 resolutis
3262 1693 3468 1766 lingua:
3497 1693 3754 1760 vinculis,

2159 1781 2250 1852 qui
2305 1790 2487 1837 mutus
2553 1781 2849 1839 advenerat
2903 1781 3147 1854 pristinae
3203 1782 3493 1839 locutionis
3545 1783 3758 1853 recepit

2159 1869 2354 1926 ofﬁcia.

2724 1941 2948 1998 CAPUT
2992 1941 3182 1996 XLIII.

2335 2067 2485 2122 Puer
2521 2069 2849 2123 contractus
2887 2083 2922 2121 a
2960 2065 3248 2122 debilitate
3290 2065 3580 2122 liberatus.

2229 2190 2464 2246 Puerum
2494 2190 2803 2262 quemdam,
2835 2189 3096 2246 membris
3139 2188 3393 2245 omnibus
3431 2188 3502 2244 ita
3543 2195 3758 2244 contra-

2159 2285 2304 2334 ctum
2334 2287 2392 2334 ut
2419 2295 2520 2350 per
2548 2295 2608 2334 se
2636 2279 2942 2335 nullatenus
2963 2294 3234 2350 quoquam
3261 2278 3528 2351 progredi
3555 2278 3759 2348 potuis-

2160 2375 2261 2438 set,
2295 2383 2404 2424 non
2424 2368 2588 2440 longe
2618 2369 2672 2422 in
2701 2369 2890 2424 itinere
2905 2369 3051 2440 quod
3071 2367 3142 2422 ad
3165 2367 3554 2422 monasterium
3583 2366 3755 2432 ducit,

2155 2457 2212 2511 hi
2240 2456 2334 2528 qui
2364 2473 2487 2512 eum
2504 2457 2650 2512 ferre
2674 2457 2925 2512 solebant
2945 2457 3121 2512 solum
3147 2456 3487 2511 dimiserunt.
3521 2458 3755 2510 Armen-

2153 2545 2324 2600 tarius
2356 2553 2541 2600 autem
2571 2545 2793 2616 quidam
2825 2561 2924 2615 per
2969 2545 3215 2599 eamdem
3243 2544 3387 2600 viam
3417 2544 3485 2598 de
3517 2544 3653 2598 silva
3683 2543 3756 2598 ad

2155 2635 2549 2689 monasterium
2579 2633 2828 2701 tendens,
2863 2633 2994 2688 dum
3023 2635 3294 2703 jacentem
3323 2634 3586 2688 miserum
3617 2648 3760 2687 con-

2156 2723 2442 2794 spexisset,
2475 2723 2547 2778 ait
2575 2724 2644 2778 ad
2675 2739 2798 2778 eum
2832 2740 2845 2776 :
2880 2722 3164 2791 Quomodo
3193 2731 3246 2777 et
3272 2723 3436 2792 unde,
3468 2738 3502 2777 o
3535 2722 3760 2791 ﬂebilis,

2160 2813 2468 2868 advenisti?
2497 2829 2674 2885 quove
2705 2813 3007 2869 securitatis
3027 2828 3232 2886 genere
3251 2812 3306 2866 in
3322 2813 3426 2867 hoc
3449 2811 3760 2866 solitudinis

2157 2902 2388 2956 horrore
2420 2918 2529 2958 non
2578 2902 2805 2956 timuisti
2842 2901 3162 2956 remanere?
3206 2917 3315 2972 quo
3344 2901 3528 2972 itaque
3570 2900 3760 2956 venire

2155 2991 2528 3046 desiderasti?
2560 2993 2630 3046 Ει
2656 2991 2748 3045 ille
2782 3007 2796 3046 :
2827 2991 2934 3045 Pro
2961 2991 3066 3058 his,
3098 2990 3300 3061 inquit,
3332 2989 3758 3057 calamitatibus,

453 3067 720 3160 [eliqlnlm
750 3064 874 3160 Vlla?
902 3072 1116 3134 tempus
1146 3063 1466 3160 ίῐξνθὶυεάθπι
1489 3061 1788 3119 “memmi
1809 3064 2052 3120 excubiis
2083 3096 2132 3160 α
2157 3096 2387 3151 quarum
2434 3096 2523 3135 me
2572 3079 2961 3135 numerositate
3009 3087 3221 3150 septum
3264 3079 3436 3144 vides,
3484 3078 3558 3134 ad
3612 3077 3769 3132 beati

455 3155 604 3212 ﬁdeli
633 3153 922 3210 devotione
949 3145 1237 3223 transegit.

587 3267 592 3273 ’
1069 3275 1292 3330 CAPUT
1328 3274 1444 3330 XL.

770 3401 967 3457 Manus
1005 3400 1168 3456 arida
1201 3399 1408 3472 puellae
1444 3401 1735 3456 restituta.

520 3546 648 3601 Post
676 3541 1068 3616 aliquantulum
1111 3540 1388 3612 temporis,
1440 3540 1623 3612 puella
1663 3541 1912 3614 quaedam
1934 3543 2050 3612 jam

451 3635 652 3691 multos
681 3649 781 3704 per
821 3647 994 3686 annos
1034 3647 1225 3685 manus
1264 3628 1430 3685 aridae
1477 3639 1529 3685 et
1572 3640 1806 3687 curvata:
1835 3633 2049 3702 pondus

447 3725 630 3780 ferens
659 3721 865 3788 inutile,
899 3720 969 3774 ad
998 3719 1385 3775 monasterium
1413 3735 1537 3775 cum
1566 3728 1736 3775 matre
1781 3721 2048 3791 pervenit.

448 3814 692 3884 Cumque
722 3811 813 3882 pio
840 3818 965 3865 voto
1015 3810 1196 3864 manui
1245 3808 1478 3880 torpenti
1518 3807 1800 3882 globulum
1830 3809 1926 3864 lini
1957 3827 2049 3864 su-

446 3917 776 3976 perponens,
824 3899 895 3954 ad
943 3899 1112 3954 altare
1164 3898 1336 3954 sancti
1376 3897 1708 3953 confessoris
1737 3899 2044 3965 accederet,

449 3991 773 4063 impositura
803 3988 951 4060 quod
993 3987 1190 4056 attulit,
1225 3986 1482 4044 continuo
1513 4002 1707 4042 manus
1743 3987 1862 4060 ipsa
1890 3987 2049 4044 resti-

447 4088 562 4137 tuta
592 4087 676 4137 est
705 4077 943 4134 sanitati.

1044 4219 1270 4276 CAPUT
1307 4220 1448 4275 XLI.

453 4351 592 4408 Cera
629 4365 797 4422 quam
835 4346 1084 4402 rusticus
1113 4346 1180 4399 ab
1218 4345 1454 4400 ecclesia
1483 4345 1676 4417 rapuit
1705 4344 1769 4400 in
1800 4343 2046 4418 lapidem

1096 4432 1387 4472 conversa.

521 4545 786 4617 Tempore
812 4558 942 4599 vero
962 4539 1087 4606 alio,
1113 4539 1348 4595 rusticus
1369 4537 1589 4612 quidam
1609 4539 1665 4594 in
1685 4541 1879 4596 eadem
1908 4540 2054 4596 beati

450 4634 626 4692 Patris
655 4633 878 4688 basilica
923 4646 1065 4687 certe
1097 4628 1421 4700 particulam
1452 4629 1566 4684 suis
1611 4630 1907 4700 aptandam
1935 4631 2053 4685 usi-

452 4725 555 4779 bus
584 4724 652 4779 ab
683 4721 839 4778 altari
869 4720 1080 4776 occulte
1109 4718 1352 4789 diripuit.
1384 4718 1514 4773 Inde
1545 4735 1833 4791 regressus
1863 4720 1935 4774 ad
1963 4721 2055 4775 ho-

453 4812 692 4884 spitium,
727 4812 858 4866 dum
904 4811 973 4864 de
1011 4807 1133 4862 sinu
1181 4823 1366 4862 ceram
1410 4807 1480 4861 ad
1513 4807 1791 4878 quodlibet
1820 4824 1956 4878 opus
1987 4825 2055 4864 ex

449 4918 514 4958 ea
545 4900 854 4957 faciendum
885 4898 1240 4970 protraheret,
1266 4896 1322 4950 in
1343 4895 1598 4950 duritiam
1617 4895 1811 4967 lapidis
1833 4912 2058 4952 conver-

448 5007 562 5046 sam
600 4990 823 5047 invenit.
873 4987 1248 5057 Continuoque
1294 5001 1586 5040 recurrens
1632 4985 1700 5040 ad
1730 4984 2051 5054 ecclesiam,

448 5079 572 5134 loco
604 5095 703 5134 suo
736 5079 883 5150 quod
905 5076 1208 5133 abstulerat
1224 5073 1476 5140 restituit,
1497 5081 1550 5128 et
1579 5074 1883 5129 astantibus
1900 5091 2054 5130 suam

452 5165 746 5222 salubriter
776 5167 1059 5222 confessus
1081 5164 1436 5236 proterviam,
1471 5162 1617 5234 quod
1646 5162 1845 5219 factum
1877 5163 2056 5220 fuerat

452 5254 731 5310 indicavit.
769 5255 874 5324 Qui
904 5255 982 5310 rei
1012 5255 1251 5311 novitate
1283 5251 1586 5323 stupefacti,
1622 5252 1750 5306 dum
1781 5253 1920 5308 inter
1951 5253 2055 5308 ad-

446 5343 794 5401 mirationem
825 5344 1076 5398 eamdem
1109 5343 1453 5414 particulam,
1489 5340 1692 5398 certius
1724 5358 1839 5397 rem
1869 5341 2056 5412 cogni-

446 5434 574 5500 turi,
606 5433 860 5489 tollerent
889 5433 958 5486 de
990 5433 1149 5486 altari
1175 5475 1187 5498 ,
1223 5433 1423 5487 mirum
1467 5429 1648 5487 dictu!
1683 5431 1738 5486 in
1767 5431 2055 5503 pristinam

447 5539 560 5579 suae
590 5530 796 5580 natura
824 5521 1109 5578 mollitiem
1141 5538 1402 5593 reperere
1433 5528 1712 5578 mutatam.

2063 4459 2118 4520 D

2161 3169 2305 3224 Galli
2335 3169 2640 3240 patrocinia
2687 3169 2856 3223 multo
2896 3168 3010 3237 jam
3056 3174 3119 3222 'ex
3170 3175 3414 3239 tempore
3469 3167 3760 3238 pervenire

2159 3257 2494 3328 cupiveram.
2529 3257 2637 3312 Sed
2669 3273 2796 3312 ecce
2823 3257 2879 3310 hi
2909 3273 3140 3328 quorum
3169 3273 3258 3311 me
3287 3256 3475 3310 labore
3503 3255 3636 3312 illuc
3664 3255 3761 3310 de-

2161 3346 2294 3402 ferri
2327 3347 2638 3418 sperabam,
2668 3347 2832 3401 modo
2877 3345 2980 3402 viae
3025 3345 3366 3418 longitudine
3407 3344 3640 3418 fatigati,
3674 3361 3761 3400 me

2157 3436 2419 3490 miserum
2449 3437 2505 3489 in
2533 3436 2636 3490 hac
2664 3434 2953 3490 solitudine
2983 3434 3321 3505 reliquerunt
3340 3433 3482 3489 fame
3513 3433 3764 3489 crucian-

2151 3524 2284 3578 dum
2324 3532 2378 3579 et
2427 3524 2616 3578 bestiis
2661 3524 3035 3580 lacerandum.
3086 3524 3288 3594 Hisque
3332 3522 3423 3576 ille
3471 3523 3760 3593 questibus

2149 3629 2251 3685 per
2280 3613 2712 3684 compassionem
2733 3613 2805 3668 ad
2833 3611 3267 3668 misericordiam
3297 3611 3490 3678 ﬂexus,
3522 3627 3758 3682 puerum

2149 3702 2394 3758 humeris
2424 3702 2737 3774 impositum
2768 3718 2868 3773 per
2915 3718 3082 3756 unum
3112 3701 3419 3756 milliarium
3462 3700 3534 3754 ad
3566 3716 3759 3755 mona-

2152 3791 2379 3846 sterium
2409 3798 2604 3862 portat.
2655 3791 2831 3860 Quem
2860 3791 3057 3845 deinde
3106 3789 3294 3856 frater,
3329 3789 3415 3844 cui
3446 3789 3758 3860 suscipien-

2149 3880 2346 3936 dorum
2374 3896 2678 3952 pauperum
2697 3896 2834 3936 cura
2856 3880 3148 3936 commissa
3179 3888 3279 3944 est,
3302 3894 3611 3944 assumens,
3636 3894 3759 3933 con-

2149 3986 2284 4042 grua
2312 3969 2594 4025 mansione
2630 3968 2848 4024 refovit.
2906 3970 3078 4025 Nocte
3119 3969 3302 4039 itaque
3342 3967 3585 4038 quadam
3613 3966 3758 4022 circa

2148 4067 2449 4114 nocturnas
2496 4058 2728 4129 vigilias,
2800 4057 3010 4113 cateris
3058 4055 3150 4128 qui
3206 4055 3458 4111 similiter
3514 4054 3757 4126 suscepti

2148 4147 2363 4203 fuerant
2389 4147 2458 4202 ad
2489 4147 2779 4203 ecclesiam
2815 4146 3216 4213 festinantibus,
3249 4145 3413 4216 coepit
3442 4144 3590 4200 idem
3622 4160 3759 4216 puer

2147 4253 2338 4292 omnes
2368 4236 2620 4292 attentius
2648 4251 2878 4292 exorare
2907 4243 2964 4290 ut
2993 4236 3063 4290 ad
3095 4233 3377 4289 basilicam
3421 4233 3754 4300 deferretur,

2147 4325 2464 4397 cunctisque
2494 4326 2550 4380 id
2577 4327 2724 4398 quod
2753 4326 2966 4396 petebat
2987 4323 3406 4397 denegantibus,
3439 4324 3610 4394 cmpit
3641 4339 3756 4378 cre-

2147 4415 2263 4470 bris
2293 4415 2434 4471 beati
2464 4415 2608 4471 Galli
2639 4431 2838 4470 nomen
2859 4415 3118 4471 invocare
3138 4412 3476 4468 clamoribus
3510 4431 3524 4466 :
3557 4411 3756 4467 deinde

2153 4505 2317 4561 etiam
2355 4504 2670 4560 horribilius
2712 4510 3082 4574 perstrepere,
3125 4503 3200 4557 ita
3241 4511 3297 4557 ut
3352 4517 3462 4557 non
3522 4515 3756 4571 parvum

2155 4593 2498 4650 audientibus
2546 4601 2813 4649 terrorem
2855 4593 3152 4666 ingereret.
3199 4593 3387 4662 Itaque
3427 4589 3757 4662 quibusdam

2154 4691 2211 4738 ut
2239 4698 2435 4738 causas
2473 4683 2852 4754 angustiarum
2882 4683 2999 4751 ejus
3044 4688 3408 4752 agnoscerent
3466 4679 3755 4732 introeun-

2155 4772 2316 4839 tibus,
2350 4788 2517 4827 sanus
2547 4773 2798 4828 inventus
2829 4779 2930 4838 est,
2961 4779 3013 4826 et
3041 4787 3166 4827 cum
3191 4770 3499 4842 gratiarum
3529 4768 3749 4825 actione

2159 4863 2230 4918 ad
2258 4862 2550 4919 ecclesiam
2578 4861 2914 4936 preperavit.

2723 4985 2946 5042 CAPUT
2982 4982 3172 5040 XLIV.

2482 5085 2808 5158 Paralytica
2843 5086 3092 5141 sanitati
3128 5083 3422 5140 restituta.

2226 5189 2470 5246 Puellam
2500 5191 2741 5264 paralysi
2787 5191 2958 5247 multo
3003 5199 3248 5261 tempore
3291 5188 3635 5244 laborantem
3670 5183 3756 5240 sui

2155 5280 2225 5336 ad
2254 5280 2645 5336 monasterium
2683 5281 3009 5336 detulerunt.
3055 5279 3188 5348 Quae
3225 5278 3281 5332 in
3326 5277 3616 5334 ecclesiam
3659 5274 3758 5330 de-

2153 5378 2388 5441 portata,
2421 5371 2490 5425 ad
2537 5369 2826 5426 lectionem
2873 5368 3179 5441 Evangelii,
3227 5384 3348 5438 qua)
3380 5366 3435 5420 in
3476 5363 3758 5420 nocturnis

2156 5459 2456 5514 secundum
2487 5458 2934 5514 consuetudinem
2983 5456 3250 5529 regularis
3295 5453 3457 5509 officii
3500 5454 3762 5508 recitatur

2156 5547 2418 5615 excubiis,
2459 5546 2896 5613 circumstantes,
2944 5553 3000 5600 ut
3031 5561 3091 5600 se
3134 5561 3168 5599 a
3196 5552 3343 5598 terra
3382 5542 3758 5608 sustollerent,

2156 5655 2210 5703 et
2236 5647 2378 5704 inter
2403 5662 2600 5704 manus
2630 5652 3017 5712 sustentarent,
3049 5643 3214 5717 cmpit
3233 5658 3435 5716 rogare
3469 5659 3483 5698 :
3517 5656 3756 5714 cumque
