3996 6184
263 318 288 370 1
300 317 406 371 029

1615 313 1778 371 VITA
1808 315 1846 370 S
1858 355 1871 369 .
1913 311 2248 380 OTHMARI,

3428 311 3565 364 1030

253 438 537 494 sublevate
579 437 787 509 fuisset,
832 438 1024 494 dimitti
1069 455 1128 496 se
1173 439 1480 511 postulavit.
1531 439 1640 494 Illis
1682 447 1861 495 autem
1889 437 2177 505 Adiutius.
2209 437 2294 494 Ad
2321 437 2424 492 hoc
2453 434 2598 492 enim
2625 434 2893 506 hujusque
2935 449 3024 489 me
3067 440 3404 489 reservatum
3437 450 3561 490 esse

256 526 315 581 id
347 526 530 584 facere
560 528 942 595 metuentibus,
989 545 1059 584 ne
1088 528 1224 584 forte
1255 544 1384 586 casu
1425 529 1601 584 subito
1630 529 1860 585 laedere—

253 623 366 682 tur,
401 617 581 673 valere
611 634 671 674 se
700 616 1057 673 confidentius
1083 617 1381 674 affirmavit.
1414 619 1581 690 Igitur
1613 617 1856 685 dimissa,

254 721 361 776 per
390 722 450 762 se
480 706 646 772 stetit,
691 722 755 762 ac
803 707 1059 779 deinceps
1105 707 1263 764 totius
1296 708 1544 780 corporis
1583 694 1861 778 resumpto

253 793 471 866 vigore,
503 811 640 852 sana
669 796 922 852 recessit.

849 922 1074 979 CAPUT
1111 923 1275 979 XLV.

791 1019 946 1077 C(Bca
986 1021 1342 1076 illuminata.

331 1113 626 1184 Cujusdam
654 1114 1059 1186 patrisfamilias
1100 1133 1208 1172 non
1257 1116 1420 1189 longe
1467 1131 1500 1171 a
1537 1115 1860 1171 monasterio

255 1204 657 1260 commanentis
701 1205 920 1274 ancilla,
969 1206 1098 1260 dum
1153 1204 1372 1262 fortuito
1426 1205 1621 1261 domus
1661 1205 1859 1274 januas

253 1293 517 1363 aperiret,
552 1293 712 1348 turbo
757 1293 905 1348 venti
951 1295 1227 1365 pulverem
1272 1302 1324 1348 et
1351 1294 1537 1364 paleas
1568 1294 1624 1348 in
1668 1293 1860 1349 faciem

256 1382 378 1451 ejus
402 1389 456 1436 et
493 1381 683 1437 oculos
731 1383 957 1453 projecit
991 1399 1002 1437 :
1037 1383 1325 1455 statimque
1365 1391 1651 1439 crescente
1683 1382 1858 1438 mole-

263 1470 381 1538 stia,
415 1471 672 1542 paulatim
705 1472 754 1526 ei
784 1488 916 1526 usus
939 1471 1200 1538 decrevit,
1233 1473 1407 1528 donec
1439 1472 1727 1528 horrendis
1755 1488 1859 1543 pe-

254 1558 403 1613 nitus
433 1559 673 1615 tenebris
718 1560 1052 1633 cingeretur.
1107 1562 1234 1618 Haec
1282 1561 1352 1617 ad
1401 1561 1686 1619 ecclesiam
1718 1561 1859 1616 beati

259 1647 400 1702 Galli
429 1648 713 1718 perducta,
767 1664 890 1704 cum
936 1651 1054 1720 ejus
1100 1649 1354 1723 suffragia
1399 1651 1575 1722 primo
1605 1651 1859 1724 ingressu

258 1736 611 1793 devotissime
655 1746 990 1808 precaretur,
1041 1748 1265 1812 recepto
1309 1740 1456 1812 quod
1486 1739 1740 1796 amiserat
1769 1739 1857 1795 lu-

260 1824 428 1893 mine,
457 1826 704 1898 gaudens
735 1827 1018 1884 abscessit.

831 1943 1055 1999 CAPUT
1091 1943 1282 1998 XLVI.

653 2038 901 2094 Candela
946 2040 1168 2096 caelitus
1206 2043 1462 2096 incensa.

330 2133 454 2189 Non
508 2135 676 2190 multo
715 2136 1000 2206 interjecto
1074 2146 1358 2208 tempore,
1416 2137 1545 2192 dum
1603 2135 1864 2193 festivitas

261 2231 584 2279 octavarum
628 2223 948 2296 Epiphaniae
1000 2243 1180 2282 annuo
1239 2227 1610 2282 celebraretur
1662 2225 1860 2296 ofﬁcio,

255 2312 467 2368 cunctis
510 2320 752 2383 tempore
800 2314 1055 2374 sacrificii
1096 2316 1168 2371 ad
1215 2315 1498 2373 ecclesiam
1530 2315 1864 2372 convenien-

261 2401 429 2468 tibus,
459 2401 746 2457 luminaria
776 2411 828 2458 et
857 2405 1101 2460 candelae
1132 2405 1560 2460 incendebantur
1589 2421 1656 2460 ex
1685 2422 1857 2461 more.

258 2491 380 2546 Una
408 2498 586 2545 autem
615 2491 842 2547 candela
871 2492 988 2547 sine
1009 2493 1211 2549 lumine
1241 2493 1380 2548 inter
1408 2503 1635 2550 caeteras
1666 2496 1860 2550 arden-

259 2586 345 2634 tes
374 2579 620 2647 dimissa,
653 2579 796 2635 inter
825 2597 974 2638 sacra
1005 2582 1187 2637 missa:
1232 2583 1496 2638 solemnia
1525 2583 1858 2654 principalis,

260 2668 442 2738 primo
472 2668 629 2738 caapit
656 2669 910 2739 paulatim
952 2670 1103 2725 fumo
1130 2671 1277 2726 tenui
1317 2687 1581 2742 vaporare
1616 2689 1628 2727 :
1663 2673 1860 2728 deinde

257 2756 572 2812 vndentibus
599 2773 708 2812 non
739 2759 925 2828 paucis
964 2759 1234 2814 ﬂammam
1264 2761 1579 2831 concipiens
1610 2769 1661 2816 et
1691 2769 1858 2817 crete-

251 2844 333 2899 ris
363 2844 559 2900 clarius
588 2846 836 2912 rutilans,
874 2848 1016 2921 signi
1048 2848 1297 2906 effectum
1329 2850 1639 2922 splendoris
1663 2849 1857 2924 singu-

253 2932 471 2990 laritate
500 2935 920 2992 commendavit.

808 3077 1033 3134 CAPUT
1070 3079 1292 3135 XLVII.

444 3174 640 3231 Scottis
677 3193 711 3230 a
740 3177 1050 3249 multiplici
1088 3178 1377 3233 debilitate
1416 3181 1671 3234 curatus.

329 3284 517 3354 Nuper
547 3301 761 3358 quoque
802 3286 870 3342 de
900 3287 1115 3343 natione
1151 3288 1455 3354 Scotorum,
1490 3287 1686 3358 quibus
1713 3304 1848 3344 con-

251 3374 486 3428 suetudo
515 3375 904 3445 peregrinandi
927 3377 1036 3446 jam
1067 3393 1206 3447 pene
1227 3377 1282 3431 in
1312 3384 1563 3432 naturam
1583 3392 1851 3432 conversa

249 3469 356 3527 est,
403 3461 620 3532 quidam
659 3464 1029 3533 advenientes,
1082 3482 1247 3520 unum
1291 3481 1322 3520 e
1363 3465 1476 3519 suis
1523 3465 1849 3521 conviatori-

247 3549 352 3603 bus
382 3551 662 3620 multiplici
690 3561 845 3622 peste
874 3569 1188 3624 possessum
1218 3553 1271 3607 in
1301 3554 1493 3608 eodem
1517 3554 1848 3609 monasterio

249 3637 593 3694 dimiserunt.
642 3639 748 3710 Qui
787 3658 911 3696 cum
958 3643 1248 3714 aliquantis
1297 3643 1500 3697 ibidem
1539 3651 1850 3698 moraretur

246 3726 465 3793 diebus,
498 3736 551 3782 et
579 3730 819 3800 quotidie
851 3730 1180 3786 infirmitatis
1210 3748 1321 3787 sum
1354 3733 1655 3787 remedium
1686 3733 1850 3803 plena

243 3813 354 3871 ﬁde
385 3815 724 3886 deposceret,
757 3827 916 3874 nocte
950 3820 1188 3890 quadam
1221 3835 1409 3874 senem
1438 3820 1541 3874 sibi
1573 3837 1673 3890 per
1703 3836 1848 3875 som-

245 3900 397 3953 nium
425 3901 558 3955 vidit
599 3902 877 3968 assistere,
930 3912 1088 3976 gestu
1133 3913 1184 3959 et
1229 3905 1413 3958 habitu
1451 3905 1845 3970 venerandum,

247 4005 412 4060 quem
442 3990 562 4060 quis
603 3999 749 4046 esset
792 3991 1159 4063 interrogans,
1213 3993 1585 4048 beatissimum
1631 3993 1850 4049 Gallum

243 4076 414 4132 fuisse
447 4079 752 4149 perdidicit.
789 4082 857 4135 Et
886 4082 1132 4151 protinus
1179 4083 1250 4137 ad
1281 4083 1431 4137 illum
1468 4099 1480 4138 :
1516 4083 1725 4149 Cernis,
1760 4083 1850 4136 in-

245 4165 381 4236 quit,
414 4182 448 4220 ο
477 4167 714 4236 domine,
750 4176 860 4224 toto
904 4186 991 4224 me
1041 4185 1273 4241 corpore
1308 4171 1648 4240 dissolutum,
1683 4171 1850 4226 meri-

243 4261 425 4309 torum
472 4263 686 4312 tuorum
735 4257 975 4328 quotidie
1005 4259 1330 4314 evidentiam
1372 4260 1694 4330 praestolari.
1728 4260 1852 4315 Noli

240 4358 380 4414 ergo
434 4345 581 4415 quod
643 4353 692 4400 te
747 4346 1038 4418 aliquando
1098 4349 1260 4404 credo
1316 4348 1579 4404 facturum
1629 4348 1852 4405 differre

1885 3161 1932 3223 C

1963 542 2258 600 cognosco,
2292 533 2348 580 ut
2390 525 2528 581 sicut
2573 525 2658 579 his
2687 523 2943 578 Barbaris
2972 523 3140 579 virtus
3179 530 3268 578 tua
3299 522 3563 578 latissime

1963 617 2152 683 claret,
2184 616 2258 670 ita
2301 615 2464 670 etiam
2513 613 2690 685 gentis
2736 620 2841 668 ture
2887 612 3194 668 hominibus
3243 611 3560 666 meritorum

1959 713 2176 760 tuorum
2205 703 2387 776 fulgor
2409 703 2709 758 innotescat
2753 710 2806 758 et
2831 701 3069 758 claritas.
3103 702 3222 758 Scis
3253 701 3390 772 ipse,
3427 700 3556 767 scis,

1960 793 2199 866 inquam,
2235 809 2268 847 a
2313 793 2473 847 natali
2517 793 2635 848 solo
2683 809 2844 864 quam
2892 791 3057 864 longe
3105 791 3208 844 sim
3237 790 3558 858 disjunctus,

1962 890 2267 954 quantaque
2310 881 2452 937 inter
2494 880 2947 954 peregrinationis
2995 880 3276 951 angustias
3317 878 3564 950 corporis

1957 971 2229 1027 debilitate
2275 987 2644 1042 compressus.
2724 971 2994 1027 Succurre
3052 968 3231 1038 citius,
3293 967 3561 1039 Opitulare
3649 999 3656 1002 -

1959 1059 2299 1132 quantocius.
2333 1059 2454 1130 Qua
2500 1059 2590 1114 ille
2637 1067 2812 1114 motus
2861 1057 3217 1131 querimonia,
3268 1057 3417 1112 vultu
3445 1055 3563 1128 pla-

1960 1148 2084 1204 cido
2127 1149 2312 1220 paucis
2357 1149 2429 1203 ita
2474 1148 2753 1219 respondit
2788 1148 2931 1202 :Die
2975 1147 3293 1202 mortalibus
3342 1146 3560 1201 reddita

1962 1237 2248 1294 ecclesiam
2277 1238 2466 1310 petito,
2501 1245 2554 1293 et
2583 1237 2792 1292 videbis
2833 1236 3016 1292 divino
3068 1244 3120 1291 te
3151 1234 3346 1291 melius
3375 1235 3564 1290 suble-

1961 1326 2076 1381 vari
2106 1328 2354 1394 consilio,
2409 1342 2572 1399 quam
2619 1326 2808 1397 patriae
2863 1325 2948 1381 vel
3005 1333 3290 1396 parentum
3346 1324 3561 1380 solatio.

1959 1417 2114 1472 Mane
2145 1416 2308 1482 facto,
2342 1431 2555 1471 summo
2605 1415 2772 1470 animi
2803 1415 3044 1485 gestiens
3083 1415 3282 1469 ardore
3313 1414 3382 1468 ad
3413 1414 3564 1468 basi-

1959 1503 2119 1560 licam
2151 1513 2425 1576 properat,
2473 1512 2523 1560 et
2564 1505 2717 1574 juxta
2764 1503 3030 1558 tumulum
3071 1503 3212 1557 beati
3260 1502 3400 1558 Galli
3431 1518 3562 1573 pro-

1957 1593 2233 1649 missionis
2278 1609 2487 1649 memor
2535 1593 2788 1664 precibus
2835 1591 3051 1647 insistit.
3102 1593 3230 1646 Post
3260 1591 3565 1648 orationem

1960 1691 2011 1738 et
2046 1683 2349 1755 lacrymas,
2403 1661 2606 1755 angle
2654 1661 2986 1755 sar50phagi
3033 1681 3282 1752 adnixus,
3315 1681 3478 1752 cmpit
3507 1697 3567 1736 se

1891 1806 1942 1866 B
1963 1772 2168 1826 sensim
2199 1772 2450 1842 erigere;
2485 1787 2585 1827 nec
2616 1771 2766 1842 prius
2806 1771 2931 1827 lecti
2957 1770 3216 1842 angulum
3246 1770 3332 1826 cui
3362 1770 3565 1827 innite-

1968 1861 2122 1915 batur
2150 1861 2394 1916 deseruit
2421 1876 2579 1932 quam
2625 1868 2832 1915 statura
2877 1868 3058 1915 erecta
3102 1867 3154 1915 et
3198 1867 3422 1930 accepto
3470 1875 3568 1915 ro-

1967 1949 2102 2004 bore
2133 1965 2233 2020 per
2289 1965 2347 2004 se
2376 1949 2456 2004 ire
2479 1956 2531 2004 et
2552 1949 2732 2003 redire
2749 1949 3032 2018 potuisset.
3059 1948 3164 2017 Qui
3184 1957 3427 2018 tempore
3448 1965 3568 2020 pro-

1965 2039 2178 2095 cedenti
2225 2037 2389 2109 plena
2419 2037 2648 2092 sanitate
2696 2037 2951 2104 donatus,
2985 2037 3040 2091 in
3069 2037 3264 2091 eodem
3293 2045 3568 2093 monaste-

1964 2127 2048 2182 rio
2097 2127 2355 2197 precibus
2402 2135 2454 2184 et
2512 2134 2715 2183 sanctze
2759 2127 2884 2182 vita:
2937 2125 3252 2182 deserviens
3299 2126 3566 2184 hactenus

1965 2206 2343 2255 conversatur.

2513 2295 2737 2351 CAPUT
2773 2293 3008 2349 XLVIII.

2455 2393 2748 2449 Conclusio
2786 2394 3057 2449 auctoris.

2033 2493 2160 2548 Haec
2188 2491 2257 2546 de
2299 2490 2679 2562 copiosissima
2725 2500 2912 2564 segete
2957 2490 3102 2545 beati
3133 2490 3274 2546 Galli
3303 2491 3560 2546 virtutum

1957 2581 2237 2636 memoriae
2266 2580 2480 2635 horreis
2511 2596 2683 2653 grana
2726 2581 2877 2634 libuit
2923 2580 3328 2646 commendare,
3376 2589 3429 2636 et
3458 2596 3558 2636 no-

1961 2669 2088 2724 stris
2117 2678 2170 2725 et
2215 2669 2448 2724 aliorum
2493 2669 2739 2739 pastibus
2786 2667 3091 2739 profutura.
3144 2669 3401 2724 Poterunt
3439 2670 3558 2726 haec

1958 2759 2103 2813 enim
2151 2758 2438 2828 plurimum
2483 2757 2834 2830 diligentibus
2872 2757 3132 2826 justitiam
3177 2757 3558 2814 aedilicationis

1958 2846 2203 2902 conferre
2235 2865 2248 2900 :
2275 2847 2403 2918 quia
2448 2854 2500 2900 et
2547 2861 2760 2900 morum
2807 2847 3148 2901 honestatem
3178 2846 3472 2912 insinuant,
3506 2855 3559 2901 et

1955 2935 2023 2989 ad
2052 2936 2267 2990 laudem
2297 2935 2533 3000 Domini,
2568 2934 2660 3006 qui
2705 2934 2780 2989 ita
2828 2943 3045 2990 sanctos
3094 2951 3224 2990 suos
3268 2933 3553 3008 gloriﬁcat,

1954 3024 2136 3078 devoti
2191 3023 2409 3078 lectoris
2467 3023 2710 3078 animum
2759 3023 2845 3080 vel
2887 3023 3147 3080 auditoris
3193 3023 3554 3080 inﬂammant.

1954 3111 2221 3167 Caeterum
2263 3120 2340 3167 tot
2384 3119 2436 3166 et
2483 3120 2633 3166 tanta
2677 3120 2798 3166 sunt
2846 3113 3092 3182 ejusdem
3148 3112 3322 3168 sancti
3381 3113 3554 3167 Patris

1950 3200 2232 3266 miracula,
2289 3207 2348 3255 ut
2396 3216 2499 3256 nec
2553 3215 2586 3254 a
2643 3200 2900 3256 studiosis
2945 3201 3300 3272 scriptoribus
3329 3208 3555 3272 propter

1949 3288 2166 3358 copiam
2212 3288 2298 3342 sui
2343 3289 2554 3358 possint
2602 3289 3015 3360 comprehendi,
3067 3305 3169 3345 nec
3197 3306 3229 3344 a
3257 3289 3556 3344 fastidiosis

1947 3375 2242 3431 lectoribus
2273 3376 2390 3431 sine
2425 3377 2586 3432 taedio
2617 3385 2670 3432 et
2716 3386 2908 3449 rugata
2956 3377 3131 3434 fronte
3173 3378 3436 3450 percurri.
3471 3379 3556 3434 En

1948 3480 2078 3518 vero
2104 3464 2229 3518 huic
2258 3464 2411 3534 operi
2443 3472 2651 3519 tantum
2697 3466 2904 3520 inserta
2935 3475 3081 3533 sunt,
3141 3484 3265 3539 quas
3309 3475 3362 3523 et
3389 3483 3556 3523 vera-

1949 3553 2093 3609 cium
2125 3553 2388 3607 relatione
2421 3553 2639 3607 testium
2672 3555 2957 3608 veritatem
2990 3557 3320 3621 custodiant,
3354 3565 3406 3612 et
3434 3573 3556 3613 mo-

1948 3642 2137 3697 derata
2164 3641 2428 3696 brevitate
2477 3641 2699 3710 nullius,
2751 3642 2998 3714 quamvis
3041 3643 3202 3699 etiam
3235 3644 3385 3699 utilia
3415 3661 3556 3702 nau-

1948 3731 2172 3798 seantis,
2203 3737 2443 3794 mentem
2469 3728 2686 3786 oﬂ‘enda
2699 3739 2782 3785 nt.

2460 3873 2652 3929 Oratio
2706 3874 3021 3945 Walafridi.

1969 3981 1984 3998 ’
2022 3999 2390 4056 Obsecramus
2435 4001 2617 4073 itaque
2665 4009 2738 4069 te,
2773 4003 2928 4058 beate
2962 4002 3150 4070 Galle,
3185 4003 3384 4059 Christi
3414 4020 3552 4061 con-

1950 4083 2146 4155 fessor,
2206 4093 2264 4140 ut
2316 4087 2455 4142 sicut
2511 4087 2798 4143 sanitatem
2856 4103 3145 4159 corporum
3188 4090 3397 4145 meritis
3445 4090 3552 4145 tuis

1955 4174 2139 4228 multis
2168 4183 2219 4229 te
2251 4175 2545 4230 contulisse
2587 4176 2891 4243 retulimus,
2944 4177 3018 4232 ita
3047 4179 3248 4233 nostris
3280 4177 3552 4233 mentibus

1953 4263 2152 4318 divinae
2203 4264 2570 4321 miserationis
2622 4265 2893 4322 medelam
2941 4267 3234 4338 implorare
3281 4267 3547 4340 digneris.

1951 4353 2145 4407 Amen.

255 4554 3014 4581 —__——_______—_______

774 4694 1218 4826 VITA
1339 4694 1991 4831 SANCTI
2119 4699 2979 4836 OTHMARI

1566 4927 1794 4970 ABBATIS
1825 4929 2283 4971 SAN-GALLENSIS.

958 5066 1511 5140 MABILLONII
1564 5069 2338 5142 OBSERVATIONES
2388 5072 2796 5145 PR/EVLE

1195 5245 1348 5315 (Acta
1371 5245 1694 5302 Sanctorum
1727 5245 1934 5301 ordinis
1974 5247 2030 5302 S.
2063 5245 2342 5316 Benedic.,
2375 5255 2507 5305 tom.
2541 5249 2657 5320 IV.)

314 5472 365 5526 l.
401 5469 584 5552 Sancti
616 5470 886 5552 Gri-mani
892 5489 1090 5552 nomen
1116 5492 1229 5552 non
1251 5493 1359 5552 uno
1388 5478 1552 5552 modo
1584 5478 1843 5552 pingebae
1869 5479 2058 5546 Drus,
2087 5481 2249 5552 abbas
2288 5480 2703 5552 Durgaugensis
2739 5497 2836 5536 seu
2865 5487 3202 5540 monasterii
3221 5485 3275 5540 S.
3311 5484 3537 5539 Galloni

233 5549 324 5615 tur
349 5543 492 5614 apud
541 5544 812 5615 antiquos.
865 5546 922 5599 In
957 5547 1160 5601 chartis
1191 5564 1222 5602 a
1251 5549 1543 5605 Melchiore
1576 5543 1836 5608 Gol'dasto

236 5613 475 5688 vulgatis
506 5614 561 5688 in
582 5613 742 5670 tomis
771 5617 820 5670 II
838 5625 889 5671 et
919 5619 992 5671 III
1017 5620 1217 5674 Rerum
1248 5621 1742 5688 Alamannicarum,
1769 5624 1837 5680 le-

234 5685 389 5758 gitur
414 5686 790 5756 Audemarus,
818 5688 1194 5761 Audomarus,
1224 5692 1534 5751 Autmarus
1562 5701 1615 5750 et
1646 5685 1836 5752 0tina-

1939 5551 2209 5626 quem_alii
2251 5552 2561 5616 Gallonem,
2588 5551 2998 5626 vulgoGallum
3019 5555 3312 5626 appellant.
3338 5554 3540 5626 Utrius-

1937 5640 2043 5694 que
2077 5623 2622 5694 Vitam,sanctorum
2652 5623 2857 5680 scilicet
2878 5626 3020 5681 Galli
3043 5623 3380 5694 ét‘Othmari,
3400 5623 3539 5678 litte-

1936 5693 2014 5748 ris
2043 5693 2320 5751 mandavit
2334 5693 2678 5752 Walafridus
2698 5696 2921 5752 Strabus
2937 5697 3106 5752 abbas
3129 5693 3442 5767 Augiensis,
3466 5694 3540 5752 ad
