4024 6194
348 2907 352 2911 ·
450 2883 709 2939 draadicat

424 204 554 260 1031

988 196 1398 255 WALAFRIDI
1445 194 1688 254 STRABI
1709 196 1909 254 FULD.
1939 194 2094 254 MON
2122 193 2274 252 OPP.
2306 189 2485 250 PARS
2514 195 2583 253 II.
2615 224 2685 238 —
2703 193 3096 256 HISTORICA.

3577 203 3602 254 1
3613 203 3721 259 032

550 329 764 384 tionem
797 325 1089 399 Gozperti,
1133 328 1345 385 abbatis
1401 327 1574 385 sancti
1613 325 1907 391 Gallensis,
1939 325 2022 399 uti
2052 325 2499 399 A'Arbonensem
2529 336 2764 397 vocant;
2813 327 2980 392 istud,
3011 324 3254 399 inquam,
3303 326 3718 399 monasterium,

463 330 545 386 eti

463 347 764 386 emwnem
797 347 1071 399 uozpern,
1133 347 1345 385 aooans
1401 347 1574 385 sancu
1613 347 1907 391 uanensxs,
1944 347 2020 381 ιιιι

422 347 761 470 ἶιθρίἀαηιιιε
797 399 852 452 in
895 397 1179 453 Annilibus
1228 407 1456 454 testatur
1501 416 1625 455 cum
1661 399 1780 470 ipso
1829 397 2020 453 Wala-

424 471 571 548 frido
591 471 648 524 in
672 470 904 548 prologo
933 483 1081 548 suo;
1113 469 1203 539 qui
1235 469 1573 548 walafridus
1605 486 1755 526 anno
1778 472 1880 548 8.49
1922 485 2020 548 eit-

429 543 629 599 cessite
675 539 857 613 vivis,'
873 548 925 613 et
957 539 1176 613 quidem
1213 557 1288 613 xv
1320 541 1550 596 Kalend.
1587 540 1945 613 septemb.ex
1962 539 2016 595 S.

431 613 574 669 Galli
595 612 927 683 Necrologio
958 610 1100 683 apud
1135 611 1473 667 Goldastum.

500 690 553 740 2.
589 683 758 750 Hujus
782 679 895 736 fere
926 679 1149 752 aequalis
1181 684 1268 738 Iso
1300 684 1570 739 coenobita
1616 681 1933 738 monasterii
1963 682 2019 736 S.

434 754 574 811 Galli
639 753 852 807 duobus
908 752 1060 806 libris
1102 755 1483 810 translationes
1532 763 1585 810 et
1640 753 1905 809 miracula
1964 753 2020 809 S.

436 824 680 882 Othmari
704 823 962 878 exaravit.
998 825 1050 878 Is
1071 826 1250 880 multis
1281 826 1534 881 laudatur
1573 827 1644 881 ad
1699 825 2024 880 Ekkehardo

432 897 655 952 Juniore
683 894 742 948 in
771 894 913 949 libro
948 895 1016 950 de
1055 897 1286 952 Casibus
1337 897 1392 951 S.
1445 897 1607 960 Galli,
1659 912 1780 966 cap.
1827 900 1880 964 2,
1935 895 2026 950 ubi

435 967 737 1039 Notkerum
766 966 1426 1039 Balbulumﬂutilonem
1455 972 1511 1022 et
1542 971 1873 1039 Ratpertum
1905 967 2026 1022 dis-

435 1039 648 1110 cipulos
675 1037 953 1110 habuisse
993 1039 1206 1094 dicitur.
1242 1039 1399 1108 Apud
1445 1037 1825 1109 Hepidannum
1872 1054 2024 1103 vero,

435 1109 585 1182 anno
612 1109 734 1173 871,
772 1109 855 1163 Iso
895 1113 1166 1182 magister
1213 1111 1351 1166 obiit
1374 1110 1526 1182 prid.
1553 1110 1630 1164 Id.
1672 1111 1842 1182 Maii,
1865 1125 2028 1180 quem

432 1180 619 1234 itidem
651 1194 854 1232 annum
877 1179 1053 1250 signat
1070 1179 1414 1236 Hermannus
1435 1181 1777 1235 Contractus.
1800 1179 2031 1234 ExStant

435 1251 811 1322 etiamrhymni
841 1251 949 1304 duo
980 1253 1122 1321 apud
1155 1251 1428 1306 Canisium
1472 1252 1528 1305 in
1557 1259 1703 1306 tomo
1735 1251 1779 1305 V
1810 1260 2030 1322 antiqua

434 1339 575 1395 rum.
605 1321 938 1395 Lectionum,
972 1338 1102 1395 pag.
1140 1324 1242 1377 757
1288 1331 1340 1377 et
1375 1324 1499 1395 767,
1539 1339 1678 1395 unus
1695 1337 1745 1395 Aa
1791 1321 2030 1395 Notkero

436 1393 670 1457 medico,
703 1393 840 1446 alius
871 1393 942 1446 ab
973 1391 1246 1465 anonymo
1293 1393 1542 1449 conditus
1580 1394 1637 1446 in
1686 1392 1741 1447 S.
1784 1391 2031 1446 Othmari

436 1465 718 1520 honorem.

509 1540 560 1590 3.
589 1533 838 1607 Statima
859 1551 958 1589 suo
989 1534 1159 1607 ipsius
1190 1535 1654 1606 obitu,0thmarus
1684 1538 1915 1592 sanctus
1931 1534 2032 1588 ha-

436 1606 584 1662 bitus
601 1615 700 1661 est.
735 1605 869 1662 Hinc
891 1605 1340 1678 postisepulturae
1368 1623 1540 1661 annos
1586 1607 1777 1678 decen}
1816 1621 2034 1678 corpus

2120 397 2261 471 fama
2307 409 2359 455 et
2406 395 2757 471 amplitudine
2796 400 3058 454 hactenus
3094 395 3568 471 ’celeberrrirnum,
3621 414 3729 471 sua

2123 469 2285 542 debet
2313 466 2613 542 primordia
2637 480 2690 527 et
2719 473 3056 542 incrementa
3088 466 3352 542 Othmaro
3377 468 3577 542 abbati,
3619 470 3719 542 qui

2121 539 2328 596 cellam‘
2348 543 2604 611 exiguam
2633 558 2665 597 a
2697 542 2750 597 S.
2785 541 2942 597 Gallo
2974 539 3245 596 conditam
3265 548 3315 594 et
3339 556 3476 611 pene
3498 539 3727 595 destitu-

2123 619 2232 668 tam
2264 611 2631 684 ampliﬁcavit,
2665 622 2718 668 et
2746 611 3075 669 necessariis
3092 611 3420 684 instructam
3472 611 3724 684 aediﬁciis

2121 681 2402 739 monachis
2433 685 2794 740 Benedictinis
2824 682 3146 754 assignavit,
3181 681 3355 737 factus
3385 691 3438 754 et
3466 683 3584 754 ipse
3612 698 3731 738 mo-

2124 756 2351 824 nachus,
2385 772 2509 811 cum
2538 763 2694 810 antea
2725 756 2913 811 fuisset
2940 753 3231 825 presbyter
3260 753 3554 825 secularis.
3578 754 3727 809 Sane

2125 823 2384 906 Pippinus
2403 843 2529 906 rex,
2554 827 2691 906 dum;
2707 823 2972 906 Othmaro
2988 823 3178 880 cellam
3292 824 3431 906 Galli
3453 840 3734 906 compen-

2126 894 2288 969 davit,
2313 897 2416 967 ipsi
2445 897 2715 954 concessit
2749 899 3002 954 libellum
3021 912 3182 969 quem
3199 894 3533 952 Benedictus
3551 900 3731 952 Pater

2125 968 2191 1022 de
2207 969 2610 1024 canobitarum
2633 968 3051 1026 conversatione
3068 972 3476 1037 composuerat,
3492 974 3729 1021 testante

2126 1037 2428 1094 Walafrido
2459 1039 2514 1092 in
2544 1039 2681 1094 libro
2709 1040 2778 1095 de
2808 1037 3166 1109 MiraculisS.
3201 1037 3358 1109 Galli,
3390 1053 3510 1109 cap.
3542 1043 3598 1103 2,
3630 1038 3730 1092 ubi

2126 1109 2368 1180 priscum
2395 1111 2547 1166 cellae
2578 1111 2633 1166 S.
2668 1110 2811 1166 Galli
2844 1119 3038 1165 statum
3070 1108 3350 1164 describit.
3368 1108 3482 1164 Nec
3502 1109 3730 1163 dubium

2130 1181 2261 1250 quin
2290 1197 2356 1236 eo
2385 1182 2564 1236 animo
2594 1197 2627 1235 a
2657 1182 2883 1252 Pippino
2934 1181 2989 1234 id
3021 1181 3237 1252 factum
3278 1180 3367 1252 sit,
3421 1187 3480 1234 ut
3525 1195 3733 1252 novum

2130 1249 2520 1308 monasterium
2559 1249 2818 1307 institutis
2856 1250 3161 1306 Benedictis
3209 1249 3609 1305 informaretur.
3658 1251 3733 1305 Et

2130 1323 2297 1394 Kero,
2350 1323 2407 1379 S.
2458 1323 2732 1378 Gallensis
2777 1324 3115 1394 monachus,
3157 1330 3419 1394 regnante
3466 1322 3728 1394 Pippino,

2132 1393 2309 1474 Caroli
2339 1394 2518 1474 Magni
2547 1402 2720 1474 patre,
2844 1392 3119 1474 Benedicti
3163 1392 3424 1473 Regulam
3469 1393 3730 1474 Alaman-

2131 1464 2252 1538 nice
2283 1464 2518 1538 reddidit
2535 1464 2603 1538 in
2633 1465 2863 1538 gratiam
2885 1464 3298 1538 monachorum_
3329 1464 3727 1538 imperitorum,

2131 1535 2208 1588 uti
2236 1535 2378 1609 apud
2411 1535 2726 1609 Goldastum
2747 1537 2960 1609 legitur
2989 1537 3045 1589 in
3074 1544 3220 1609 torno
3252 1536 3299 1609 [Ι
3340 1536 3562 1609 Re‘rum_
3591 1535 3730 1609 Ala-

2137 1608 2534 1678 mannicarum.
2569 1607 2707 1662 Hinc
2736 1606 3223 1678 frequensmentio
3255 1606 3478 1678 Regulae
3529 1607 3586 1660 S.
3631 1607 3735 1678 Be-

439 1677 611 1749 ipsius
627 1693 670 1757 _e
691 1678 849 1757 Stein
891 1673 1072 1732 insula
1100 1673 1377 1734 revectum
1408 1686 1490 1732 est
1510 1678 1600 1757 ⁸ἱιι¹
1729 1673 1872 1731 Galli
1900 1673 2024 1757 mo-_
2055 1698 2108 1757 B
2137 1677 2339 1757 nedicti
2367 1679 2422 1732 in
2452 1678 2692 1757 Historia
2724 1673 3034 1757 Ekk'ehardi
3079 1673 3471 1757 Juniorisclcui
3520 1677 3735 1757 praeivit

436 1749 753 1804 nasterium.
778 1751 901 1804 Non
931 1757 1114 1804 tamen
1141 1759 1263 1804 ante
1284 1766 1486 1804 annum
1505 1749 1608 1802 864
1637 1749 1927 1802 honoratus
1944 1755 2027 1801 est

437 1820 853 1892 publicocultu,
889 1837 1051 1890 quem
1079 1821 1354 1886 Salomon,
1403 1819 1833 1892 Constantiensis
1880 1818 2030 1892 epis-

438 1889 626 1961 copus,
662 1891 765 1960 ipsi
794 1889 1036 1946 decrevit
1055 1901 1177 1962 post
1207 1893 1529 1962 solemnemr
1557 1906 1587 1945 e
1619 1890 1852 1962 Atumulo_
1879 1889 2030 1962 leva-

439 1959 642 2033 tionem
684 1959 1072 2033 Ekkehardus,
1119 1979 1237 2033 cap.
1300 1965 1349 2029 1,
1410 1963 1478 2016 de
1507 1960 1686 2015 Casib.
1721 1961 1778 2015 S.
1812 1959 1972 2024 Galli,
2006 1965 2033 2001 b

445 2032 652 2095 scribit,
689 2033 747 2085 Β.
777 2032 1109 2087 Othmarum
1139 2032 1482 2088 auctoritate
1533 2035 1776 2088 Romano
1820 2033 1883 2086 in
1899 2048 2032 2085 san-

445 2107 602 2158 ctum
633 2101 1065 2170 levatquuod
1094 2119 1288 2158 vereor
1305 2112 1360 2157 ut
1392 2103 1588 2156 dixerit
1617 2103 1801 2156 habita
1828 2102 2033 2156 ratione

447 2173 531 2244 sui
568 2173 852 2244 temporis,
876 2173 1128 2228 nimirum
1157 2175 1340 2230 saeculi
1359 2189 1440 2238 x1,
1474 2190 1581 2244 quo
1608 2173 1840 2228 Romani
1886 2175 2032 2227 Pon-

447 2243 605 2298 tificis
635 2243 951 2300 suffragium
983 2245 1037 2298 in
1056 2245 1301 2299 levandis
1332 2263 1361 2300 e
1391 2243 1538 2300 terra
1570 2254 1884 2300 sanctorum
1905 2260 2033 2299 cor-

447 2262 605 2298 uncis
635 2262 951 2368 sunragium
983 2262 1037 2298 in
1056 2262 1301 2299 levanuis
1332 2263 1361 2300 e
1391 2262 1538 2300 terra
1570 2262 1884 2300 sanctorum
1905 2262 2033 2299 cor-

444 2315 670 2386 poribus
688 2316 802 2370 sole
827 2322 896 2386 at
917 2317 1241 2386 exspectari.
1283 2318 1422 2370 Nam
1446 2318 1533 2370 Iso
1559 2317 1880 2386 monachus.
1920 2323 2034 2369 tes—

446 2385 513 2440 tis
543 2393 593 2440 et
647 2385 939 2441 historicus
999 2385 1368 2442 translationis
1425 2402 1458 2441 a
1515 2387 1803 2442 Salomone
1849 2385 2033 2451 factae,

444 2457 678 2512 Romani
696 2456 964 2527 pontificis
985 2457 1364 2513 intercessisse
1377 2459 1754 2513 auctoritatem
1783 2473 1891 2512 non
1914 2474 2035 2511 me-

445 2528 828 2609 morat‘indib.
863 2544 900 2594 l,
933 2544 1051 2609 cap.
1085 2533 1202 2609 2Jet
1224 2529 1595 2609 sequentibus.
1631 2530 1706 2584 S.-
1734 2527 2035 2609 Wolfgan-

487 2617 570 2665 us,
605 2599 1016 2670 Ratisponensis
1047 2599 1383 2667 antistesfS.
1419 2599 1735 2655 Othmarum
1765 2599 2037 2670 praecipua

489 2669 740 2726 evotione
773 2671 955 2725 coluit.

519 2742 880 2810 LNotkerus,
941 2742 1189 2798 medicus
1243 2750 1295 2797 et
1340 2742 1643 2798 monachus
1691 2741 1926 2798 cmnobii
1976 2742 2032 2797 S.

449 2811 588 2867 Galli
617 2812 672 2866 in
694 2814 894 2937 hiinno
922 2829 952 2866 a
983 2829 1042 2867 se
1064 2813 1366 2884 composito
1390 2814 1711 2870 Othmarum
1729 2817 2037 2885 martyrem

450 2883 709 2939 draadicat
779 2883 824 2938 is
853 2884 1106 2940 versibus
1137 2900 1150 2940 :

643 3006 928 3063 Principum
950 3017 1111 3053 saevas
1132 3007 1290 3063 doluit
1311 3008 1533 3063 rapinas.

634 3061 755 3122 inde
770 3061 1029 3122 raptorum
1057 3061 1249 3122 studiit‘
1262 3061 1516 3116 gravatus,

629 3114 862 3169 Martyris
882 3115 1044 3170 palma
1072 3115 1255 3158 meruit
1269 3114 1497 3170 'superna

791 3168 1041 3213 Scandere
1081 3177 1257 3221 regna.

454 3279 721 3337 Nimirum
755 3294 820 3335 eo
849 3287 1092 3350 tempore
1120 3278 1390 3333 familiare
1420 3286 1536 3333 erat
1566 3285 1620 3350 ut
1670 3277 1917 3350 homines
1954 3278 2043 3332 in-

454 3359 715 3408 nocentes
746 3349 982 3405 violenta
1004 3351 1247 3422 qualibet
1266 3351 1519 3422 morteab
1540 3349 1659 3422 aliis
1686 3349 1886 3415 affecti,
1907 3365 2046 3404 mar-

454 3421 1272 3503 tyres‘appella'rentu‘r’.Xerum
1304 3430 1357 3476 et
1406 3421 1450 3475 si
1490 3437 1589 3503 pro
1613 3421 1838 3489 justicia
1881 3421 2046 3503 vitam

475 3492 626 3547 inivit
647 3492 708 3546 in
732 3493 922 3548 exsilio
964 3494 1019 3548 S.
1056 3492 1363 3557 Othmarus,
1414 3508 1520 3546 non
1571 3500 1752 3546 tamen
1789 3493 2046 3548 continuo

454 3568 676 3635 martyr
705 3564 1079 3634 appellandus,
1116 3580 1276 3635 quem
1309 3580 1436 3618 sane
1468 3563 1678 3617 titulum
1709 3564 1850 3633 apud
1872 3563 2046 3618 solum

455 3636 756 3690 Notkerum
793 3635 897 3705 ipsi
928 3636 1242 3690 attributum
1291 3635 1542 3707 legimus.
1582 3635 1906 3707 Cuonradus
1940 3636 2045 3689 Ca-

461 3708 746 3762 merarius
775 3708 1033 3762 instituit
1084 3708 1276 3762 lumen
1305 3706 1440 3762 ante
1469 3723 1630 3761 aram
1679 3707 1733 3762 S.
1791 3706 2048 3761 Othmari

457 3778 614 3834 omni
635 3782 798 3833 nocte
829 3795 1116 3844 arsurum,
1149 3785 1207 3832 ut
1254 3778 1308 3830 in
1343 3777 1657 3849 necrologio
1689 3775 1933 3831 Gallensi
1962 3776 2047 3831 1e—

454 3849 600 3919 gitur
633 3863 686 3902 v.
714 3864 752 3902 ιι
803 3849 861 3902 Id
885 3890 897 3902 .
921 3849 1188 3904 Octobris.

530 3921 582 3973 5.
611 3919 999 3974 Monasterium
1032 3920 1087 3974 S.
1123 3919 1282 3986 Galli,
1316 3918 1370 3972 in
1399 3917 1623 3973 dioecesi
1654 3918 2051 3974 Constantiensi

461 3989 624 4045 situm
645 3990 716 4062 ad
735 3990 916 4062 lacum
936 3989 1253 4062 Acronium,
1273 3989 1402 4044 olim
1431 3990 1633 4062 dictum
1654 3991 2051 4062 Durgaugense

461 4077 528 4117 eo
545 4061 693 4132 quod
725 4061 884 4116 situm
917 4070 1061 4117 esset
1084 4061 1141 4116 in
1169 4077 1311 4134 pago
1338 4061 1675 4134 Durgaugia,
1711 4077 1869 4133 quem
1890 4061 2052 4116 etiam

2137 1750 2501 1803 Hartmannus
2532 1749 2731 1804 saeculo
2761 1765 2839 1816 ix,
2873 1749 3116 1817 ejusdem
3147 1747 3382 1803 caenobii
3409 1749 3729 1811 monachus,

2132 1819 2187 1943 ihn
2217 1819 2436 1944 Litanizi)
2453 1820 2700 1888 metrica,
2734 1828 2879 1876 torno
2911 1821 2952 1876 V
2984 1819 3205 1888 Canisii,
3237 1835 3366 1892 pag.
3408 1821 3534 1886 732,
3565 1819 3735 1875 relata

2171 1907 2217 1944 is
2250 1907 2397 1944 verSi
2440 1907 2505 1944 us
2539 1908 2553 1944 :

2171 1907 2217 1944 lS
2250 1907 2397 1946 VCI‘SI
2405 1907 2505 1946 DllS
2539 1908 2553 1946 2

2187 2034 2224 2078 0
2247 2030 2430 2092 dilecte
2449 2031 2535 2092 ζ)ρὶ
2568 2031 2982 2092 radiansvirtute
3007 2041 3230 2086 corusca,
3371 2084 3382 2092 ,

2242 2087 2422 2130 Sancte
2448 2087 2687 2141 0thmare
2708 2089 2866 2139 Pater.
2896 2087 3055 2141 junge
3075 2096 3247 2141 preces
3277 2085 3478 2141 pariter.

2187 2140 2391 2184 Summe
2415 2140 2500 2183 Dei
2529 2141 2703 2192 cultor,
2727 2139 3089 2185 monachorum
3109 2139 3339 2184 rector’et
3362 2139 3540 2193 abbas,

2241 2194 2277 2238 0
2307 2192 2580 2249 Benedicta
2600 2203 2744 2239 sacer
2768 2196 2917 2249 atque
2938 2193 3176 2249 benigme
3201 2194 3354 2249 Pater,

2187 2246 2323 2302 Istud
2350 2246 2637 2292 cmnobium
2663 2246 2948 2302 cqatunique
2971 2246 3429 2302 tibi'famulantuin,

2240 2300 2521 2355 Nostraque
2543 2299 3059 2347 sanctiﬁcans'cuncta
3081 2303 3224 2346 tuere
3245 2299 3410 2344 simul.

2207 2414 2467 2487 6._Varia3
2496 2415 2812 2471 donationes
2861 2416 2915 2471 S.
2970 2415 3230 2471 Othmaro
3275 2414 3432 2470 facta
3475 2414 3739 2487 leguntur

2136 2485 2284 2556 apud
2315 2486 2637 2541 Goldastum
2666 2487 2720 2542 in
2751 2487 2909 2542 tomis
2940 2487 2988 2542 Il
3017 2496 3070 2542 et
3099 2489 3172 2542 III
3202 2488 3402 2542 Rerum
3425 2485 3741 2540 Alamanni-

2137 2571 2343 2621 carum,
2392 2557 2775 2638 ubi.Othmari
2816 2574 3016 2614 nomen
3061 2558 3211 2613 varie
3259 2557 3622 2629 exprimitur,
3684 2565 3742 2613 ut

2138 2643 2303 2698 supra
2329 2643 2657 2691 monuimus.

2209 2719 2261 2771 7.
2294 2716 2553 2790 Floruere
2582 2718 2638 2772 in
2668 2717 2760 2774 illo
2791 2718 3046 2790 coenobio
3075 2717 3386 2790 complures
3409 2789 3412 2790 γ
3433 2718 3536 2775 viri
3583 2717 3672 2790 pii
3692 2727 3745 2772 et

2137 2787 2394 2860 illustres,
2428 2788 2484 2842 in
2514 2790 2599 2843 his
2627 2798 2824 2860 printer
2877 2787 3217 2846 Othmarum‘
3247 2789 3420 2846 sancti
3469 2787 3745 2844 Eusebius

2139 2859 2353 2914 Scottus
2385 2861 2584 2914 saeculo
2614 2876 2674 2914 ix
2699 2861 3033 2933 ;N9tkerus,
3058 2869 3422 2933 cognomento
3445 2862 3741 2933 Balbutus,

2138 2945 2279 2984 anno
2301 2933 2403 2985 912
2424 2941 2699 2997 mortuus;
2731 2931 3052 2994 Wiborada,
3076 2931 3277 2986 femina
3307 2932 3563 2996 reclusa;
3597 2931 3746 2985 Foil-

2138 3000 2290 3072 lanus
2320 3001 2534 3056 Scottus
2564 3002 2734 3056 beatae
2763 3003 3041 3057 memoriae
3071 3003 3268 3058 saeculo
3313 3018 3372 3066 Χ,
3422 3002 3490 3056 de
3545 3002 3745 3072 quibus

2061 3058 2110 3120 C
2141 3087 2241 3144 suo
2270 3070 2412 3144 loco.
2435 3072 2548 3126 Viri
2578 3072 2804 3128 scientia
2834 3089 2931 3143 pro
2962 3081 3264 3144 temporum
3295 3058 3459 3144 captu
3488 3058 3706 3143 praediti
3732 3089 3746 3126 :

2145 3143 2542 3214 lsogmagister,
2574 3144 2766 3209 Tutilo,
2801 3143 3107 3214 Ratpertus,
3132 3143 3442 3198 Ekkehardi
3472 3143 3662 3198 senior
3694 3151 3748 3197 et

2139 3212 2342 3285 junior,
2363 3212 2743 3284 “Hepidannus,
2776 3212 3135 3278 Burchardus,
3169 3214 3507 3281 Bertholdus,
3542 3214 3749 3285 aliique

2147 3283 2331 3356 Sancti
2363 3283 2647 3340 Gallenses
2677 3285 2947 3352 monachi,
2969 3295 3024 3339 ut
3045 3287 3242 3340 missos
3265 3285 3459 3340 faciam
3479 3283 3752 3356 plurimos

2146 3355 2526 3428 episcopaliget
2556 3357 2812 3410 abbatiali
2841 3357 3104 3428 dignitate
3148 3355 3494 3427 conspicuos,
3541 3357 3638 3428 qui
3685 3372 3753 3409 ex

2149 3425 2353 3481 eadem’
2372 3425 2627 3496 palaestra
2657 3425 2994 3497 prodierunt.
3042 3429 3137 3482 His
3183 3425 3626 3482 adnumerandus
3667 3435 3752 3480 est

2147 3497 2442 3569 Notkerus,
2475 3499 2824 3553 Leodicensis
2856 3500 3166 3569 episcopus,
3201 3499 3276 3552 uti
3307 3499 3460 3569 alias
3490 3498 3754 3568 probabi-

2146 3583 2285 3621 mus.
2319 3567 2524 3640 lbidem
2555 3569 2720 3623 etiam
2754 3567 3272 3640 viguerunt—schola:
3309 3567 3597 3625 interiores
3645 3584 3750 3638 pro

2147 3639 2447 3711 monachis,
2493 3640 2791 3695 exteriores
2819 3639 2937 3711 ’pro
2980 3640 3152 3696 laicis.
3203 3639 3405 3694 Notare
3449 3641 3602 3709 juvat
3645 3641 3754 3694 hoc

2148 3708 2290 3792 loco,
2326 3711 2633 3780 Aginonem
2660 3708 3038 3792 uenerabilem
3073 3715 3323 3792 Patrem,
3356 3708 3678 3792 episcopum
3698 3715 3756 3766 et

2152 3785 2427 3836 rectorem
2447 3783 2779 3838 monasterii
2798 3784 2852 3837 S.
2883 3783 3107 3838 Galloni
3135 3782 3398 3837 nominari
3427 3782 3482 3835 in
3513 3782 3758 3852 quadam

2151 3852 2391 3926 Rualteri
2413 3853 2625 3926 charta,
2661 3853 2787 3926 data
2818 3855 3073 3926 ωηο-24
3123 3854 3280 3926 regni
3329 3853 3512 3926 Caroli
3547 3854 3753 3926 Magni,

2151 3922 2296 3994 apud
2326 3922 2647 3978 Goldastum
2676 3923 2730 3977 in
2759 3924 2900 3978 notis
2929 3923 2998 3977 ad
3029 3922 3290 3994 caput'is
3320 3924 3562 3979 historiae
3609 3922 3757 3978 B‘ur-

2153 3993 2436 4065 chardide
2467 3995 2692 4048 Casibus
2715 3996 2958 4064 ejusdem
2977 3993 3210 4050 ccenbbii
3234 4015 3247 4060 ;
3281 4011 3388 4065 quo
3411 4003 3594 4050 tamen
3615 4003 3760 4049 tem-

2153 4079 2289 4136 pore
2316 4064 2529 4121 Werdo
2559 4066 2728 4120 abbas
2757 4066 2880 4122 loco
2910 4065 3194 4137 praefuisse
3225 4064 3438 4121 dicitur.

463 4256 3729 4284 W

1773 4366 2142 4460 INCIPIT
2211 4368 2447 4464 VITA

1942 4527 2305 4543 ψ

1057 4593 1453 4657 PROLOGUS.

535 4687 620 4744 Ad
647 4688 870 4744 Fratres
900 4689 1216 4744 monasterii
1247 4689 1432 4747 Sancti
1463 4687 1621 4745 Galli.

533 4776 722 4831 Finitis
752 4777 966 4832 duobus
1002 4777 1201 4832 libellis
1233 4794 1368 4849 quos
1427 4779 1494 4833 de
1523 4779 1628 4834 vita
1677 4781 1730 4834 et
1768 4779 2054 4835 virtutibus

465 4865 609 4921 beati
631 4866 769 4922 Galli
786 4865 1117 4922 confessoris
1149 4867 1302 4936 juxta
1331 4866 1491 4923 fidem
1541 4885 1662 4939 quae
1709 4869 1795 4923 vel
1851 4870 2054 4940 scripto

465 4955 552 5010 vel
582 4955 726 5011 dicto
756 4955 824 5010 ad
840 4970 940 5010 nos
970 4972 1144 5027 usque
1164 4963 1508 5027 pervenerat,
1528 4974 1653 5012 vere
1683 4957 1863 5029 potius
1891 4975 2055 5030 quam

465 5041 644 5114 lepide
673 5044 1113 5116 composuimus;
1139 5045 1456 5114 jubentibus
1484 5045 1659 5112 vobis,
1694 5045 1888 5102 fratres
1918 5049 2054 5104 cha-

469 5131 691 5198 rissimi,
725 5133 816 5203 qui
847 5133 901 5187 in
939 5134 1187 5189 cmnobio
1219 5134 1458 5203 ejusdem
1490 5135 1664 5190 sancti
1694 5136 1870 5190 Patris
1891 5153 2056 5192 cons-

469 5219 627 5284 tituti,
658 5219 889 5275 fervoris
919 5222 1034 5291 ejus
1068 5239 1227 5293 quem
1264 5223 1320 5276 in
1337 5223 1436 5278 Dei
1475 5224 1636 5278 rebus
1684 5224 1891 5295 habuit,
1926 5242 2059 5281 san-

2081 4607 2133 4666 D
2157 4613 2336 4662 vestra
2367 4605 2672 4662 assertione
2701 4615 2754 4662 et
2782 4622 2912 4663 cura
2941 4603 3130 4664 litteris
3180 4614 3262 4663 est
3306 4606 3561 4663 mandata
3589 4621 3765 4662 vera-

2154 4686 2307 4750 cibus
2339 4711 2352 4750 :
2386 4711 2505 4768 quae
2534 4711 2656 4751 cum
2684 4696 2754 4750 sit
2783 4697 3007 4753 veritate
3050 4697 3231 4768 plena,
3283 4697 3492 4754 ratione
3535 4697 3764 4768 perspi-

2155 4798 2275 4850 cua,
2328 4800 2437 4839 non
2483 4783 2552 4839 ob
2601 4784 2747 4839 aliud
2794 4801 2824 4839 a
2869 4785 3026 4841 nobis
3075 4793 3161 4840 est
3203 4786 3426 4852 iterata,
3477 4785 3582 4841 nisi
3631 4786 3766 4856 quia

2155 4872 2535 4928 charrissimus
2564 4871 2735 4928 frater
2775 4874 3078 4930 Gozbertus
3109 4875 3200 4947 qui
3242 4875 3390 4930 idem
3432 4873 3766 4946 opusculum

2157 4960 2347 5028 edidit,
2382 4962 2534 5030 cujus
2562 4962 2809 5018 charitati
2854 4964 3151 5036 quidquam
3195 4980 3400 5038 negare
3446 4979 3549 5020 nec
3595 4963 3767 5018 volu-

2155 5065 2274 5104 mus
2305 5066 2406 5106 nec
2438 5051 2718 5119 debemus,
2752 5052 2808 5107 id
2837 5060 2895 5106 ut
2923 5052 3078 5108 fieret
3106 5053 3418 5124 postulavit,
3451 5053 3560 5108 imo
3607 5067 3766 5123 prie-

2159 5139 2320 5209 cepit,
2359 5156 2520 5211 quem
2569 5141 2728 5195 etiam
2772 5141 2826 5196 in
2876 5142 2976 5198 hac
3023 5143 3381 5214 occupatione
3428 5141 3760 5197 instantissi-

2160 5245 2306 5282 mum
2352 5229 2708 5302 ergodiocten
2739 5237 2764 5265 ι
2831 5231 2949 5286 sine
3006 5232 3166 5288 taedio
3209 5232 3319 5287 lzeti
3381 5231 3765 5286 sustinuimus.

469 5307 542 5364 cti
601 5309 915 5364 strenuitate
962 5311 1225 5382 propositi
1281 5311 1556 5383 specimen
1615 5313 1900 5379 exhibetis,
1932 5315 2062 5371 libet
2162 5318 2347 5388 Itaque
2377 5316 2567 5374 lectori
2598 5319 2823 5375 credulo
2853 5319 3082 5378 sufﬁciat
3109 5321 3227 5376 haec
3275 5321 3613 5376 abbreviatio
3661 5335 3772 5374 no-

471 5396 797 5453 subnectere
829 5413 948 5452 eam
993 5399 1335 5467 relationem,
1395 5418 1515 5474 quae
1573 5402 1642 5457 de
1680 5403 1849 5458 sancti
1891 5403 2063 5458 Patris
2165 5413 2314 5472 stra;
2348 5405 2659 5462 incredulus
2691 5416 2868 5464 autem
2901 5409 2991 5480 qui
3023 5407 3203 5476 fuerit,
3235 5409 3304 5464 ad
3343 5425 3464 5465 eam
3510 5409 3771 5465 conscri-

472 5493 719 5551 Othmari
749 5495 944 5550 studiis
973 5502 1026 5550 et
1047 5496 1332 5553 virtutibus
1359 5515 1458 5569 per
1477 5499 1592 5569 ejus
1612 5500 1808 5556 merita
1828 5500 2063 5556 ostensis
2161 5503 2402 5574 ptionem
2434 5521 2596 5576 quam
2625 5505 2907 5578 sequimur
2935 5523 3246 5575 recurrens,
3298 5507 3585 5579 multiplici
3633 5507 3773 5561 asti-

453 5631 460 5637 ·
525 5626 552 5656 ι
581 5621 747 5670 Graece
769 5620 1038 5679 teyottamv,
1062 5618 1115 5668 id
1140 5621 1219 5670 est
1238 5621 1522 5672 exactorem
1550 5619 1721 5680 Operts
1740 5623 2044 5673 monitorem
2075 5641 2087 5674 :
2107 5636 2207 5684 qua
2225 5637 2348 5678 voce
2371 5639 2494 5680 usus
2513 5631 2591 5679 est
2610 5629 2932 5688 Hteronymis
2957 5631 3011 5679 in
3029 5631 3296 5690 Epitaphio
3319 5631 3605 5690 Nepotiani.
