3996 6184
282 335 423 389 1033

1709 335 1873 393 VITA
1921 336 1979 394 S.
2029 334 2364 395 OTHMARI.

3445 346 3585 402 103i

280 473 564 547 pulatione
592 473 812 531 testium
840 480 1139 531 conventus
1168 474 1240 531 ad
1268 473 1452 546 ﬁdem,
1487 476 1534 532 si
1561 484 1755 551 gratus
1775 485 1870 546 est,

1990 460 2092 517 bus
2121 461 2465 534 profectuum
2508 461 2775 536 gradibus
2803 462 2873 518 ad
2901 462 3045 521 hanc
3091 462 3321 538 gloriam
3354 464 3423 522 sit
3450 482 3583 525 eve-

282 580 473 654 segnis
501 595 614 638 non
641 581 759 640 erit.

818 706 1043 763 CAPUT
1070 706 1358 764 PRIMUM.

289 821 565 891 Quomodo
591 824 680 879 vir
706 824 807 879 Dei
839 822 1143 880 0thmarus
1161 840 1263 891 pro
1291 826 1602 880 sanctitate
1619 825 1749 880 vitae
1777 825 1890 881 cel-

355 894 492 949 lula:
520 896 711 951 sancti
746 894 893 967 Galli
930 895 1007 967 sit
1034 894 1326 966 praelatus,
1359 898 1416 950 et
1449 896 1604 967 regia
1632 898 1887 953 auctori-

356 969 472 1021 tate
500 967 821 1038 regularem
848 966 993 1021 im'bi
1007 967 1185 1022 vitam
1204 967 1549 1023 instituerit.

350 1080 522 1153 Igitur
550 1079 863 1149 Othmarus,
880 1096 1087 1154 genere
1113 1080 1544 1138 Alamannorum
1590 1082 1882 1155 oriundus,

280 1169 339 1223 in
384 1176 543 1226 aetate
588 1170 784 1242 puerili
828 1185 863 1225 a
906 1168 1076 1226 fratre
1108 1186 1207 1226 suo
1249 1170 1476 1227 Raetiam
1506 1180 1533 1207 ι
1562 1171 1885 1229 Curiensem

281 1258 581 1328 perductus
644 1266 757 1325 est,
803 1258 940 1314 etin
978 1258 1197 1315 servitio
1244 1259 1480 1316 Victoris
1503 1300 1518 1330 ,
1570 1261 1885 1317 earumdem

280 1346 515 1418 partium
559 1347 793 1413 comitis,
843 1347 1016 1402 multo
1045 1356 1289 1420 tempore
1334 1348 1679 1415 constitutus,
1711 1357 1765 1406 et
1791 1349 1883 1405 lit-

278 1442 517 1490 terarum
566 1436 792 1492 scientia
817 1436 1158 1506 sublimatus,
1212 1437 1469 1493 virtutum
1497 1446 1734 1494 sectator
1760 1455 1883 1495 mo-

280 1537 510 1596 rumque
546 1522 898 1580 laudabilium
951 1540 1243 1595 possessor
1261 1569 1281 1593 ,
1315 1526 1609 1582 sacerdotii
1650 1528 1883 1600 gradum

278 1613 617 1680 conscendit,
650 1621 703 1669 et
731 1628 765 1668 a
792 1613 1105 1684 supradicto
1136 1614 1331 1669 comite
1361 1614 1598 1687 benigne
1618 1623 1879 1685 retentus,

278 1701 496 1757 cuidam
542 1701 696 1756 titulo
760 1702 935 1758 sancti
982 1702 1188 1758 Florini
1236 1702 1569 1759 confessoris
1618 1705 1881 1775 praelatus

1989 558 2128 608 ctus.
2176 551 2313 608 Erat
2359 551 2596 624 denique
2631 551 2982 623 parcimoniaz
3039 561 3275 611 sectator
3319 554 3544 612 eximius
3569 599 3583 626 ,

1988 640 2323 696 creberrimo
2352 656 2639 697 macerans
2662 641 2868 711 jejunio
2915 657 3135 714 corpus,
3168 643 3241 699 ita
3267 651 3327 699 ut
3353 644 3408 699 in
3437 661 3586 717 prae-

1989 727 2509 800 cipuisjejuniorum
2538 729 2730 785 diebus
2759 746 2826 786 ex
2855 731 3246 788 consuetudine
3274 732 3424 789 bidui
3452 732 3586 790 abs-

1984 816 2266 872 tinentiam
2328 817 2671 874 continuaret
2729 817 3089 891 frequentius.
3148 820 3220 876 Et
3279 820 3365 876 his
3397 828 3588 880 contra

1987 911 2446 961 tentamentorum
2488 905 2671 975 jacula
2722 907 2927 980 clypeis
2971 909 3328 980 praemunitus
3368 908 3587 984 vigilias

1986 993 2220 1065 amabat,
2248 1001 2303 1050 et
2330 994 2646 1050 assiduitate
2693 995 2887 1052 orandi
2921 996 3181 1068 spiritalia
3210 997 3467 1070 nequitiae
3494 1014 3589 1056 re-

1985 1082 2239 1154 pellebat.
2271 1082 2508 1139 Summae
2536 1090 2715 1140 autem
2752 1084 3068 1140 humilitatis
3106 1087 3283 1160 gratia
3310 1086 3588 1160 praecipue

1984 1171 2280 1242 praditus,
2326 1171 2383 1227 in
2430 1180 2638 1228 tantum
2667 1174 3029 1230 voluntariam
3055 1183 3427 1247 paupertatem
3458 1177 3587 1232 dili-

1984 1260 2169 1332 gebat,
2202 1267 2260 1316 ut
2289 1267 2559 1316 terrenam
2588 1261 2821 1335 gloriam
2863 1263 3114 1319 omnibus
3142 1262 3359 1337 fugeret
3385 1264 3584 1322 modis.

1986 1348 2085 1403 Cui
2115 1349 2277 1404 etiam
2306 1349 2425 1404 haec
2456 1357 2572 1404 erat
2601 1350 2959 1419 consuetudo,
3020 1359 3079 1407 ut
3106 1352 3153 1406 si
3182 1368 3454 1426 quoquam
3481 1369 3583 1426 pro

1984 1436 2211 1493 utilitate
2240 1438 2555 1494 monasterii
2576 1454 2699 1494 eum
2715 1440 2942 1496 tendere
2968 1440 3271 1497 necessitas
3300 1442 3587 1514 poposcis-

1983 1528 2082 1590 set,
2107 1521 2229 1578 vilis
2247 1520 2367 1577 miti
2386 1522 2547 1577 dorso
2564 1524 2854 1580 veheretur
2871 1523 3045 1580 aselli.
3070 1525 3203 1581 Erat
3230 1525 3373 1582 inter
3386 1532 3588 1584 cetera

1981 1617 2128 1666 tanta
2156 1609 2213 1665 in
2241 1627 2308 1666 eo
2351 1625 2659 1682 pauperum
2700 1613 3008 1670 sollicitudo
3030 1654 3045 1685 ,
3092 1621 3152 1668 ut
3179 1629 3371 1671 eorum
3399 1630 3585 1672 curam

1981 1714 2083 1771 per
2126 1714 2187 1755 se
2225 1699 2408 1770 potius
2456 1717 2616 1771 quam
2642 1717 2742 1773 per
2769 1701 2907 1758 alios
2934 1701 3194 1759 exhibere
3223 1702 3487 1761 studeret.
3519 1705 3583 1760 In

279 1798 381 1845 est.
429 1790 676 1862 Cumque
722 1806 939 1847 morum
980 1792 1099 1861 ejus
1145 1791 1384 1863 probitas
1431 1801 1484 1849 et
1523 1801 1724 1849 sancta-
1754 1794 1878 1850 vita:
1906 1818 1961 1880 B
1985 1802 2051 1880 eo
2076 1803 2206 1880 vero
2225 1788 2617 1880 misericordia:
2636 1805 2805 1862 opere
2820 1789 2967 1880 quod
2987 1790 3333 1880 eleemosyna
3361 1792 3580 1862 dicitur,

277 1878 543 1934 munditia
571 1878 736 1952 longe
780 1879 997 1952 lateque
1044 1880 1400 1952 plurimorum
1445 1897 1605 1938 aures
1650 1898 1870 1939 rumore

279 1966 423 2022 dulci
449 1976 821 2039 respergeret,
856 1968 1235 2024 Waltramnus
1280 1969 1501 2042 quidam
1534 1971 1627 2042 qui
1654 1971 1759 2026 sibi
1778 1987 1874 2028 va-

280 2054 517 2110 stitatem
548 2056 737 2125 eremi,
770 2056 824 2111 in
856 2072 963 2128 qua
992 2066 1215 2113 sanctus
1241 2058 1434 2114 Gallus
1457 2058 1713 2115 cellulam
1743 2074 1874 2115 con-

276 2151 567 2214 struxerat,
598 2144 746 2200 velut
774 2160 808 2200 a
843 2146 1160 2216 parentibus
1192 2146 1539 2202 haereditario
1568 2148 1639 2203 ad
1669 2165 1727 2204 se
1752 2148 1873 2217 jure

275 2233 651 2288 transmissum
699 2233 1026 2301 vindicavit,
1062 2235 1315 2291 eumdem
1365 2234 1683 2292 0thmarum
1720 2252 1755 2292 a
1781 2237 1867 2293 Vi-

274 2328 425 2377 ctore
481 2322 790 2393 supradicto
854 2323 925 2378 ad
971 2322 1381 2394 praeficiendum
1442 2325 1618 2380 eidem
1665 2326 1874 2383 cellulae

275 2409 567 2481 postulavit
609 2430 624 2477 ;
663 2419 717 2466 et
745 2412 856 2467 voti
902 2427 1127 2483 compos
1173 2411 1420 2477 effectus,
1449 2413 1699 2470 cellulam
1749 2431 1874 2471 cum

275 2498 531 2554 omnibus
578 2516 700 2571 quae
745 2501 816 2556 ad
860 2516 981 2555 eam
1041 2501 1420 2572 pertinebant,
1443 2503 1520 2557 illi
1562 2503 1876 2559 solemniter

272 2588 694 2644 commendavit.
741 2591 919 2661 Atque
966 2598 1023 2645 ut
1051 2591 1134 2645 sui
1162 2591 1359 2646 melius
1385 2590 1643 2647 desiderii
1670 2609 1873 2649 conva-

271 2675 507 2733 lesceret
548 2676 752 2737 utilitas
775 2721 787 2744 ,
821 2679 890 2733 ad
934 2678 1219 2751 Pippinum
1268 2673 1289 2709 δ
1319 2696 1510 2754 regem
1572 2681 1870 2752 profectus,

272 2766 531 2822 eumdem
579 2766 834 2822 abbatem
884 2767 987 2838 ipsi
1048 2768 1395 2839 praesentavit
1418 2812 1432 2836 ,
1464 2777 1517 2825 et
1563 2769 1743 2827 locum
1788 2770 1877 2827 cui

278 2870 406 2910 eum
461 2854 673 2926 pridem
730 2855 1073 2927 praefecerat,
1107 2857 1457 2928 proprietatis
1495 2859 1617 2928 jure
1645 2859 1877 2932 principi

274 2943 607 2999 contradidit
631 2986 645 3012 ,
678 2944 827 3000 omni
871 2945 1129 3001 instantia
1172 2945 1481 3018 deposcens
1506 2954 1566 3003 ut
1594 2948 1750 3021 regia
1781 2966 1876 3004 au-

268 3031 519 3088 ctoritate
549 3048 615 3087 ex
635 3031 857 3106 integro
887 3033 1185 3090 Otbmarus
1230 3036 1398 3091 abbas
1428 3036 1604 3093 eidem
1633 3036 1876 3108 praefice-

266 3127 421 3176 retur
455 3119 597 3176 loco.
648 3122 816 3190 Cujus
856 3122 1102 3194 petitioni
1141 3123 1255 3192 jam
1284 3124 1463 3180 dictus
1493 3126 1751 3198 princeps
1778 3144 1873 3183 as-

1982 1875 2071 1932 vix
2121 1875 2374 1948 cuiquam
2402 1879 2705 1935 habebatur
2760 1879 3052 1935 secundus.
3102 1879 3243 1935 Nam
3271 1880 3343 1936 ad
3397 1881 3577 1938 susci-

1970 1963 2200 2036 piendos
2224 1964 2492 2037 leprosos,
2546 1966 2637 2039 qui
2663 1982 2696 2021 a
2725 1967 2937 2023 exteris
2984 1967 3296 2023 hominibus
3345 1969 3579 2038 sejuncti

1971 2068 2194 2109 manere
2257 2055 2507 2110 semotim
2553 2061 2990 2124 consueverunt,
3023 2055 3377 2127 hospitiolum
3422 2055 3572 2113 haud

1970 2140 2138 2214 longe
2167 2156 2201 2197 a
2228 2143 2558 2199 monasterio
2588 2151 2739 2199 extra
2769 2159 2863 2200 eas
2901 2144 3216 2201 mansiones
3247 2144 3446 2215 quibus
3474 2160 3582 2201 caa-

1972 2229 2076 2286 teri
2103 2245 2377 2301 pauperes
2418 2232 2816 2303 recipiebantur
2864 2233 3158 2300 constituit,
3194 2240 3249 2288 et
3280 2233 3358 2289 eis
3390 2248 3576 2290 curam

1971 2334 2072 2389 per
2099 2334 2161 2375 se
2189 2319 2517 2375 omnimodis
2532 2320 2882 2392 impendebat
2900 2321 2971 2376 ita
3001 2321 3251 2389 sollicite,
3273 2329 3333 2377 ut
3350 2330 3580 2379 noctur-

1972 2407 2057 2462 nis
2105 2407 2270 2462 etiam
2312 2408 2462 2464 horis
2514 2409 2850 2465 monasterio
2878 2425 3026 2481 saepe
3054 2410 3359 2482 digressus,
3393 2427 3577 2467 curam

1973 2493 2272 2551 inﬁrmitati
2304 2512 2496 2553 eorum
2542 2498 2678 2553 miro
2718 2497 3031 2554 devotionis
3094 2497 3377 2555 adhiberet
3404 2500 3575 2556 obse-

1974 2584 2120 2656 quio.
2174 2585 2365 2656 Capita
2427 2585 2711 2658 siquidem
2760 2603 2953 2643 eorum
2999 2585 3278 2660 pedesque
3326 2588 3576 2658 abluens,

1973 2672 2265 2745 purulenta
2294 2673 2409 2730 suis
2432 2676 2684 2730 manibus
2711 2676 2934 2732 vulnera
2964 2676 3301 2750 detergebat,
3330 2684 3384 2733 et
3411 2677 3576 2735 victui

1974 2763 2282 2817 necessaria
2327 2763 2688 2833 ministrabat,
2742 2764 2889 2819 illam
2921 2781 3139 2838 semper
3167 2766 3348 2822 animo
3398 2765 3577 2824 revol-

1972 2867 2108 2906 vens
2139 2852 2462 2907 sententiam
2506 2867 2670 2925 quam
2694 2852 2878 2922 justus
2925 2854 3100 2909 Judex
3129 2840 3576 2911 niisericordibus

1974 2939 2283 3010 prolaturus
2311 2948 2394 2996 est
2413 2941 2601 2996 dicens
2625 2958 2637 2995 :
2661 2940 2812 3010 Quod
2841 2944 2947 2998 unt
2974 2956 3048 2999 ea:
3076 2943 3334 3000 minimi:
3364 2945 3574 3016 fratri-

1976 3028 2074 3084 bus
2103 3030 2246 3085 meis
2273 3030 2513 3100 fecistis,
2545 3031 2689 3086 mihi
2709 3032 2931 3101 fecistis
2952 3030 3170 3101 (Matth.
3193 3033 3354 3102 xxv).
3376 3032 3575 3105 Sicque

1974 3115 2174 3172 factum
2202 3125 2286 3172 est
2315 3125 2371 3172 ut
2403 3126 2715 3174 cunctorum
2745 3118 2839 3190 qui
2883 3136 3009 3175 eum
3038 3128 3302 3176 noverant
3332 3135 3569 3177 venera-

270 3225 492 3264 sensum
520 3177 794 3280 praebens,
826 3177 1009 3267 locum
1058 3177 1161 3266 sibi
1207 3212 1459 3266 traditum
1488 3177 1605 3270 viro
1638 3177 1874 3272 vernera-
1903 3177 1954 3240 α
1978 3204 2121 3261 tione
2152 3204 2418 3272 δυδίίηιίεν
2453 3206 2613 3261 Pater
2661 3222 2966 3278 Paupemm
3012 3207 3373 3279 appellarem?
3394 3226 3427 3265 ⁸
3455 3210 3575 3282 Ph!"

274 3298 373 3353 bili
437 3299 869 3366 commendavit,
916 3308 970 3355 et
1009 3301 1319 3371 regularem
1369 3301 1503 3355 inibi
1571 3304 1737 3358 vitam
1792 3304 1875 3359 in-

278 3385 506 3443 stituere
563 3388 746 3457 jussit.
788 3390 857 3443 At
920 3388 1013 3445 ille
1053 3406 1345 3463 regressus
1367 3433 1380 3457 ,
1430 3390 1716 3447 confestim
1746 3393 1877 3449 boni

269 3474 555 3531 mandrita:
576 3477 814 3531 studium
848 3477 901 3531 in
958 3477 1078 3548 ipso
1116 3487 1402 3533 exsecutus
1424 3479 1595 3547 initio,
1635 3481 1873 3553 undique

272 3580 494 3620 versum
525 3579 768 3637 congrua
810 3566 1094 3621 monachis
1130 3567 1438 3623 habitacula
1467 3570 1789 3636 construxit,
1821 3577 1873 3625 et

269 3652 446 3724 ipsius
497 3653 638 3709 sacri
686 3653 791 3709 loci
818 3662 1017 3709 statum
1061 3656 1129 3710 ad
1149 3657 1436 3712 utilitatem
1466 3657 1634 3714 divini
1669 3658 1873 3715 servitii

274 3741 679 3797 studiosissime
745 3742 1080 3801 reformavit.
1145 3746 1455 3817 Religiosos
1492 3747 1655 3802 etiam
1701 3764 1871 3819 quos-

269 3844 372 3900 que
399 3830 477 3885 ita
492 3829 839 3886 Jiberalitate
868 3848 967 3887 sua
1008 3833 1080 3888 ad
1109 3834 1415 3890 devotionis
1463 3837 1698 3891 studium
1726 3836 1870 3892 invi-

266 3918 420 3988 tavit,
470 3927 527 3973 ut
554 3935 621 3973 ex
667 3921 1021 3991 quorumdam
1067 3923 1447 3979 donationibus
1489 3926 1870 3995 possessiones

267 4004 441 4077 ipsius
470 4007 706 4062 cmnobii
744 4009 1040 4065 admodum
1072 4011 1343 4082 dilataret,
1376 4020 1436 4068 et
1465 4012 1609 4068 intra
1660 4030 1869 4085 paucos

262 4110 441 4151 annos
486 4096 795 4168 complures
831 4097 903 4153 ad
948 4116 1118 4155 sacra:
1156 4101 1402 4156 militiam
1439 4102 1563 4158 vitae
1610 4111 1868 4159 attractos

260 4183 589 4256 magisterio
635 4201 736 4241 suo
794 4194 847 4242 et
894 4203 1023 4243 cura
1069 4188 1451 4253 decentissime
1510 4192 1865 4263 gubernaret.

916 4383 1143 4441 CAPUT
1188 4385 1256 4439 II.

330 4648 431 4703 His
456 4648 772 4719 praelibatis,
807 4650 932 4707 vitae
961 4652 1078 4721 ejus
1125 4654 1467 4711 sanctitatem
1507 4655 1667 4713 liceat
1698 4675 1851 4715 sum-

251 4746 448 4802 matim
466 4735 863 4821 perstringere,
898 4757 956 4803 ut
987 4749 1196 4821 liquido
1246 4753 1456 4809 cunctis
1504 4754 1710 4811 clareat
1738 4758 1862 4829 qui-

311 4931 329 4990 f
355 4923 509 4990 ascita
523 4924 787 4990 Qui-tensis
818 4934 906 4971 seu
922 4925 1294 4990 prima._cujus
1342 4930 1491 4985 caput
1533 4931 1657 4990 urbs
1697 4932 1857 4990 Curia,

255 4977 415 5040 Caur.
438 4977 501 5022 ad
523 4979 767 5040 Rhenum,
805 4977 1434 5040 comitatumjl‘iromngserh
1472 4977 1856 5040 complectitur—5

252 5031 624 5096 aliahaecunda
643 5031 800 5096 ginta.
826 5032 914 5096 ναι).
936 5035 1070 5096 urbe
1096 5035 1333 5096 Curiaad
1376 5031 1661 5096 Danubium
1699 5031 1858 5096 usque

256 5084 563 5141 porrigitur,
591 5095 619 5129 a
642 5084 870 5140 Bajoarla
897 5087 1010 5132 Llco
1036 5088 1187 5134 ﬂuvio
1208 5090 1442 5136 discreta.

304 5173 466 5239 illi}?
481 5174 817 5239 ἐξίηεέιῖίὶιιιῐη
839 5174 1032 5239 Rippipi
1054 5177 1209 5239 legis
1240 5180 1448 5239 patrem.
1466 5237 1484 5239 _
1507 5182 1718 5239 utpatet
1736 5184 1859 5239 tum.

247 5227 459 5301 93.1???
473 5226 1415 5301 .‘X‘ﬂﬂlﬁi‘lﬁ‘“.1[lii98.“.‘fat‘afi‘9nﬁtl
1440 5226 1596 5301 Falli?
1624 5226 1751 5292 θέεὶέιῖ
1762 5226 1853 5301 Ti;

246 5281 778 5346 turnya‘n'epidanno
809 5284 1056 5346 monacho
1092 5284 1140 5346 in
1183 5285 1313 5346 libro
1353 5288 1413 5346 de
1454 5281 1661 5346 casibus
1694 5281 1854 5337 sancti

248 5334 789 5398 Galli,et_§ermanno
812 5338 1074 5398 contracto
1098 5338 1431 5398 in_Chronit_,-o
1467 5341 1549 5385 ubi
1590 5334 1857 5398 0thmarus

246 5403 272 5452 ς
291 5392 543 5452 anniti)ng
562 5389 701 5452 cellae
728 5390 891 5452 sancti
936 5389 1291 5452 Gallinprimus
1336 5394 1500 5452 abbas
1519 5396 1855 5452 fonstitutus,

241 5440 735 5502 coenobialemjnibi
779 5442 930 5503 vitam
980 5440 1277 5505 instituisse,
1316 5449 1366 5491 et
1402 5447 1733 5508 quadraginta
1766 5440 1860 5510 per

243 5503 427 5549 annos
450 5494 705 5549 nobiliter,
735 5505 928 5540 rexusse
955 5512 976 5536 ›
1001 5496 1201 5542 αις-ιῐιιισ.
1241 5501 1390 5545 Porro
1418 5503 1579 5546 Victor
1600 5519 1621 5543 ‹
1642 5503 1856 5549 consuio

243 5505 425 5540 annos
450 5505 705 5549 nominer,
735 5505 928 5540 rexnsse
955 5512 976 5536 ›
1001 5505 1201 5542 αις-ιῐιιισ.
1242 5505 1390 5545 Porro
1418 5505 1579 5546 Victor
1600 5519 1621 5543 ‹
1642 5505 1856 5549 consilio

239 5547 520 5609 cujusdam
559 5548 701 5592 ducis
749 5549 955 5594 nomine
1007 5551 1449 5649 Neleiersuasus
1489 5555 1856 5618 adprmt‘atum

239 5610 539 5649 Dnncnpem
561 5602 793 5648 Carolum
824 5613 935 5646 cum
956 5604 1135 5649 eodem
1192 5616 1280 5649 uce
1325 5613 1622 5649 nroneravn-
1660 5620 1855 5649 msmun

238 5602 539 5658 principem
561 5602 793 5648 Carolum
824 5613 935 5646 cum
956 5604 1135 5649 eodem
1154 5602 1280 5650 duce
1325 5617 1413 5660 pro
1436 5602 1622 5661 ieravii,
1660 5602 1855 5666 ipsique

236 5653 488 5702 eamdem
512 5654 690 5701 cellam
706 5656 1029 5721 proprietatis
1043 5657 1159 5713 jure
1179 5618 1500 5715 contradidit,
1514 5663 1562 5707 et
1582 5666 1635 5708 ut
1651 5663 1857 5710 Othma-

604 5816 845 5876 PA'mOL.
879 5819 1067 5878 CXIV.

1977 3294 2150 3348 ribus.
2188 3292 2365 3362 Quem
2398 3302 2509 3349 tam
2531 3295 2767 3365 pleniter
2780 3295 3172 3353 misericordiae
3193 3298 3432 3353 studium
3458 3312 3583 3369 pos-

1976 3382 2212 3452 sederat,
2244 3389 2301 3436 ut
2331 3382 2378 3436 si
2408 3399 2571 3454 quem
2616 3399 2917 3455 pauperum
2961 3385 3221 3441 nuditatis
3251 3387 3446 3456 injuria
3475 3394 3587 3443 tor-

1974 3478 2194 3542 pentem
2226 3470 2486 3549 conspice
2509 3479 2609 3537 ret,
2634 3472 2959 3544 plerumque
2980 3474 3095 3528 suis
3115 3481 3309 3530 exutus
3322 3474 3584 3548 vestibus,

1972 3558 2164 3613 miseri
2188 3565 2452 3630 conteger
2462 3566 2519 3613 et
2545 3567 2718 3626 artus,
2742 3560 2813 3613 ita
2847 3567 2908 3615 ut
2934 3560 3206 3617 interdum
3230 3562 3349 3618 sine
3364 3562 3545 3622 tunica
3566 3604 3585 3635 ,

1970 3646 2089 3701 sola
2108 3662 2281 3718 cappa
2302 3654 2323 3680 α
2347 3655 2630 3703 contectus
2650 3647 2722 3703 ad
2747 3649 3145 3705 monasterium
3157 3659 3449 3707 remearet.
3474 3652 3587 3706 Ma-

1970 3733 2069 3790 luit
2098 3735 2242 3789 enim
2268 3752 2370 3806 per
2393 3736 2679 3807 praesentis
2718 3751 2934 3809 pompa:
2999 3744 3371 3809 contemptum
3399 3740 3468 3794 ad
3493 3739 3585 3797 in-

1970 3824 2287 3879 dumentum
2334 3824 2756 3895 incorruptionis
2783 3833 3002 3881 aeternae
3030 3824 3381 3899 pertingere,
3416 3841 3582 3900 quam

1967 3928 2066 3984 per
2092 3912 2220 3969 boni
2251 3912 2435 3984 operis
2463 3912 2815 3970 amissionem
2860 3912 3059 3971 futurae
3087 3914 3347 3972 nuditatis
3375 3930 3579 3989 oppro-

1966 4001 2083 4058 bria
2110 4000 2397 4059 sustinere.

2580 4210 2804 4268 CAPUT
2834 4209 2929 4268 ΠΙ.

2041 4341 2325 4410 Quantam
2350 4345 2415 4399 in
2439 4360 2717 4418 pauperes
2735 4342 3183 4405 misericordiam
3212 4343 3488 4406 habuerit.

2033 4471 2283 4542 Quodam
2304 4475 2467 4532 etiam
2483 4484 2730 4549 tempore
2743 4478 2811 4534 ad
2827 4479 3114 4550 Pippinum
3125 4495 3314 4553 regem
3325 4480 3569 4565 veniens,

2010 4563 2267 4620 onoriﬁce
2297 4573 2582 4637 susceptus
2612 4574 2714 4633 est,
2746 4575 2801 4621 et
2840 4567 2984 4622 inter
3019 4568 3125 4623 alia
3152 4568 3417 4642 largitatis
3454 4563 3575 4641 ejus

1967 4650 2252 4720 beneficia,
2284 4654 2353 4709 ad
2380 4654 2739 4710 necessitates
2770 4653 3001 4711 fratrum
3024 4672 3244 4712 suorum
3272 4658 3564 4716 sublevan-

1961 4739 2061 4795 das
2098 4742 2312 4813 argenti
2352 4740 2523 4799 libras
2552 4742 2579 4778 ά
2608 4743 2958 4815 septuaginta
2998 4746 3265 4818 percepit.
3298 4747 3408 4803 Sed
3435 4762 3563 4804 mox

1959 4943 2071 4979 rum
2098 4934 2447 5033 presbyterum
2477 4935 2641 4983 eidem
2662 4937 3048 5036 locograatlcere
3072 4939 3319 5001 eroravlt,
3341 4954 3364 4979 ι
3395 4939 3562 4999 inquit

1959 4988 2094 5032 Wala
2118 4988 2274 5034 rudus.
2318 4991 2611 5036 Quanquam
2656 5001 2717 5036 ex
2759 4992 2792 5036 Ιι
2833 5002 2888 5036 ro
2926 5003 2943 5036 ι
2990 4996 3152 5036 [sonis
3199 4992 3264 5036 de
3303 4994 3558 5036 Miracan

1959 4988 2611 5055 Yal_afridus‘i_guanquam
2640 4988 2888 5055 μω)το
2903 5003 2952 5055 ΔιΔ
2990 4992 3152 5038 [sonis
3199 4992 3264 5038 de
3303 4988 3558 5055 attraculis

1957 5042 2114 5102 sancti
2137 5042 2375 5102 Otbmari,
2433 5042 2539 5102 cap.
2562 5049 2604 5099 5,
2624 5045 2868 5102 discimus
2897 5046 3163 5102 tharum
3184 5057 3274 5101 per
3314 5042 3557 5097 Victorem

1958 5095 2122 5193 primo
2162 5095 2363 5156 quidem
2403 5096 2465 5140 ad
2494 5095 2740 5157 Curetum,
2790 5098 2989 5152 deinde,
3025 5095 3200 5145 Carolo
3238 5102 3451 5157 mortuo,
3491 5095 3555 5148 ad

1997 5158 2225 5193 lupinum
2254 5148 2411 5193 [illum
2442 5150 2596 5193 fuisse
2617 5152 2904 5193 deductum.
2926 5151 3055 5193 utin
3072 5155 3299 5193 concessi
3324 5154 3418 5193 lnci
3443 5165 3554 5193 nos.

1997 5148 2225 5212 ippinuin
2254 5148 2411 5212 ﬂlinum
2442 5150 2596 5212 fuisse
2617 5148 2904 5206 deductum,
2926 5148 3055 5198 utin
3072 5155 3300 5200 concessi
3323 5154 3419 5202 loci
3440 5148 3554 5212 'pos-

1957 5202 2189 5247 sessione
2210 5202 2616 5250 conﬁrmaretur.

2010 5300 2437 5361 ¢_Id.est_cu_culla,_
2472 5301 2809 5361 uti_dl_sclmus
2854 5312 2916 5361 ex
2953 5304 3170 5360 epistola
3206 5305 3556 5361 Theodemarl.

1959 5354 2158 5400 abbatis
2180 5355 2483 5411 Casinensis,
2511 5356 2573 5402 ad
2600 5356 2830 5402 Carolum
2852 5354 3106 5414 Magnum.

2010 5452 2032 5482 ἀ
2052 5451 2355 5515 Walafridus
2376 5451 2427 5497 in
2449 5452 2577 5499 libro
2601 5454 2665 5515 de
2687 5455 2939 5515 miraculis
2954 5460 3003 5505 S.
3030 5459 3172 5515 Galli,
3194 5470 3300 5515 cap.
3339 5462 3555 5515 ll,_auc-

1959 5510 2037 5567 tor
2071 5510 2147 5551 est
2189 5509 2454 5567 Pippinum
2490 5511 2673 5567 rogatu
2722 5511 3069 5567 Carolomganni
3092 5509 3279 5567 fratris
3324 5509 3552 5567 multas.

1957 5559 2427 5619 9thmaro_do'naria
2449 5559 2778 5619 concessisse.
2821 5564 2870 5609 in
2908 5565 2985 5610 his
3011 5566 3232 5619 codicem
3271 5565 3553 5619 Regulmis.

1957 5612 2212 5675 Benedicti
2236 5617 2281 5658 et
2304 5625 2606 5675 gampanum
2644 5612 2978 5665 :etcaenobii
3020 5618 3203 5666 8.6an
3244 5612 3436 5675 prasina
3463 5618 3547 5664 di—

1956 5665 2178 5722 plomate
2206 5665 2551 5714 conﬁrmasse.

3038 5832 3105 5884 33
