3996 6184
395 244 537 300 1037

1602 312 1611 315 _
1668 251 1831 307 VITA
1862 251 1918 308 S.
1953 250 2270 310 ΟΤΗΜΑΙΠ

3554 267 3696 323 1038

395 400 517 440 rum
544 382 648 440 Dei
674 385 1045 442 commendari
1087 385 1157 441 ah
1202 385 1399 460 iniquis
1441 388 1778 463 principibus
1824 392 1995 465 imma-
2029 376 2087 439 A
2106 391 2486 449 quamcunque
2512 383 2725 449 partem
2755 378 2912 437 navis
2949 379 3186 451 devenit,
3218 384 3437 456 rejectis
3481 388 3699 449 ﬂatibus

394 480 617 540 trasset,
669 472 726 526 in
771 473 1006 545 quadam
1052 474 1227 531 Rheni
1275 476 1511 532 ﬂuminis
1558 478 1733 534 insula
1777 480 1996 538 nomine

399 562 562 617 Stein
575 561 730 629 juxta
756 562 1020 632 praedium
1042 579 1200 619 suum
1215 566 1475 622 custodian
1493 565 1644 621 illum
1664 567 1942 640 deputavit
1975 587 1990 625 :

393 649 487 704 ubi
515 649 662 706 idem
693 658 911 706 sanctus
940 653 1098 706 Pater
1127 652 1396 723 spirituali
1425 657 1803 712 tantummodo
1832 673 1995 714 exer-

392 737 539 804 citio,
569 737 627 793 id
657 745 740 794 est
778 739 1113 796 orationibus
1144 756 1211 798 ac
1230 742 1452 812 jejuniis
1484 758 1705 814 vacans,
1738 760 1803 801 eo
1855 744 1996 802 libe-

388 825 503 881 rius
532 825 766 885 Domino
796 827 1095 884 deservivit
1130 846 1238 901 quo
1280 831 1350 886 ab
1391 831 1632 888 humana
1678 832 1996 906 frequenta-

393 913 539 970 tione
568 914 824 987 curisque
854 915 1207 973 saecularibus
1252 917 1425 975 fuerat
1453 920 1753 979 absolutus.
1800 921 1896 978 His
1943 934 1998 980 et

392 1002 663 1058 similibus
690 1011 832 1059 notae
861 1004 1170 1061 devotionis
1196 1005 1454 1063 insistens
1480 1010 1757 1081 operibus,
1808 1019 1996 1068 exacto

386 1085 508 1147 non
532 1090 688 1147 multi
715 1093 975 1164 temporis
1005 1094 1201 1166 spatio,
1232 1094 1305 1151 ab
1328 1096 1415 1152 his
1442 1098 1731 1155 mundanae
1778 1107 1995 1172 pertur-

395 1179 632 1236 bationis
673 1181 940 1252 angustiis
985 1182 1055 1241 ad
1109 1183 1351 1240 cmlestis
1392 1185 1731 1243 latitudinem
1774 1189 1991 1261 gaudii,

389 1268 605 1324 decimo
633 1277 787 1325 sexto
818 1269 1075 1344 [Chesnio
1102 1274 1254 1330 male
1273 1272 1487 1330 decimo
1515 1275 1770 1349 septimo]
1803 1276 1998 1334 Kalen-

386 1357 579 1412 darum
609 1355 994 1415 Decembrium
1040 1360 1127 1416 die
1173 1362 1551 1435 commigravit
1598 1373 1643 1432 ι,
1693 1373 1747 1421 et
1794 1380 1994 1438 corpus

386 1446 506 1515 ejus
534 1446 591 1501 in
620 1446 816 1506 eadem
844 1448 1020 1504 insula
1038 1450 1361 1507 tumulatum
1390 1451 1568 1509 multis
1599 1452 1857 1526 deinceps
1883 1455 1993 1514 die-

384 1534 489 1591 bus
517 1534 720 1592 ibidem
749 1536 867 1594 sine
896 1539 1247 1610 corruptione
1275 1542 1575 1611 permansit
1655 1584 1669 1598 .

988 1734 1216 1791 CAPUT
1262 1735 1382 1792 VII.

386 1874 642 1943 Qualiter
664 1844 798 1948 post
832 1874 1083 1932 multum
1131 1878 1401 1950 temporis
1442 1892 1642 1951 corpus
1689 1879 1809 1951 ejus
1854 1880 1978 1936 sine

769 1966 1130 2036 corruptione
1168 1970 1460 2038 repertum
1490 1966 1585 2023 sit.

448 2095 694 2151 Evolutis
722 2102 906 2153 autem
936 2104 1058 2167 post
1103 2097 1387 2153 transitum
1414 2099 1532 2168 ejus
1575 2099 1769 2156 decem
1796 2100 1971 2168 annis,

364 2182 565 2239 fratres
594 2184 744 2239 illius
773 2201 873 2256 per
893 2186 1158 2242 visionem
1177 2202 1207 2241 a
1227 2187 1461 2242 Domino
1480 2188 1796 2245 commoniti
1827 2196 1971 2258 sunt,

370 2281 430 2326 ut
459 2288 659 2345 corpus
689 2273 836 2329 chari
867 2274 1040 2329 Patris
1069 2275 1138 2329 ad
1186 2277 1575 2333 monasterium
1631 2279 1968 2335 reducerent.

372 2362 491 2417 Hoc
531 2360 802 2432 patefacto
844 2362 1042 2419 divinae
1089 2363 1378 2420 voluntatis
1425 2366 1670 2434 consilio,
1718 2366 1972 2423 undecim

372 2465 440 2505 ex
470 2449 678 2505 eisdem
698 2449 957 2506 fratribus
989 2459 1150 2507 noctu
1169 2452 1238 2509 ad
1265 2454 1444 2510 locum
1478 2454 1535 2509 in
1554 2470 1663 2527 quo
1684 2456 1852 2511 sancti
1872 2456 1971 2512 viri

294 2554 297 2555 '
369 2539 579 2595 exuviae
598 2539 954 2595 servabantur
969 2540 1281 2610 deveniunt,
1307 2550 1359 2597 et
1377 2543 1690 2615 sepulcrum
1723 2544 1970 2616 aperien-

369 2634 474 2694 tes,
525 2644 724 2699 corpus
753 2628 868 2698 ejus
896 2629 967 2683 ab
993 2629 1139 2684 omni
1166 2632 1517 2702 corruptione
1545 2632 1775 2689 illaesum
1804 2650 1971 2705 repe-

370 2716 535 2783 riunt,
567 2726 794 2789 excepto
830 2717 977 2789 quod
1006 2733 1138 2790 pars
1168 2726 1410 2776 extrema
1438 2721 1595 2793 pedis
1620 2722 1779 2777 unius
1807 2739 1968 2795 quam

372 2820 511 2876 aqua
542 2804 816 2871 abluebat,
852 2813 1054 2861 tantum
1098 2807 1283 2863 colore
1327 2818 1531 2866 mutato
1579 2810 1735 2883 quasi
1781 2812 1968 2868 tabida

364 2892 668 2949 videbatur.
702 2894 770 2949 Et
796 2909 1039 2967 congruo
1068 2896 1199 2952 satis
1225 2898 1491 2954 miraculo
1518 2899 1691 2970 prima
1720 2900 1968 2957 sanitatis

366 2982 483 3051 ejus
509 2982 711 3038 indicia
736 2982 1068 3054 claruerunt,
1100 2994 1159 3041 ut
1205 2986 1460 3043 videlicet
1505 2995 1617 3043 tam
1661 2988 1891 3045 illaesum
1935 3005 1965 3044 a

2096 471 2367 522 tumentes
2410 465 2467 520 in
2512 481 2572 522 se
2619 467 2814 523 ﬂuctus
2875 467 3160 541 depressit.
3210 472 3280 528 Et
3324 473 3399 531 ita
3438 479 3586 536 omni
3626 497 3695 538 ex

2095 561 2245 624 parte
2275 554 2546 609 undarum
2573 555 2828 625 molibus,
2858 556 3111 615 imbrium
3142 559 3515 636 effusionibus,
3557 586 3697 627 ven-

2096 642 2382 714 torumque
2424 643 2643 699 ﬂatibus
2681 662 2792 700 non
2821 662 2990 719 parvo
3037 648 3254 705 dimotis
3300 652 3494 724 spatio,
3541 661 3699 730 quasi

2097 745 2228 801 sepe
2259 731 2491 803 quadam
2523 735 2723 805 scapha
2752 734 3088 808 cingebatur,
3121 745 3179 794 ut
3217 754 3286 794 ne
3323 757 3434 798 una
3479 744 3697 816 quidem

2096 817 2294 888 pluviae
2323 828 2495 891 gutta,
2528 838 2649 892 qua:
2674 822 2800 879 hinc
2828 823 2955 879 inde
2995 826 3349 883 vehementer
3375 828 3693 905 inundabat,

2097 904 2153 959 in
2180 905 2330 961 illam
2357 907 2736 965 descenderet.
2772 912 2927 967 Cerei
2956 928 3171 986 quoque
3201 916 3293 987 qui
3320 917 3376 972 in
3415 919 3560 978 beati
3588 904 3697 980 Pa?-

2097 994 2191 1048 tris
2222 996 2543 1069 obsequium
2575 999 2831 1055 ardentes
2858 1001 2930 1056 ad
2958 1010 3118 1075 caput
3160 1004 3441 1078 pedesque
3482 1008 3697 1069 fuerant

2076 1082 2364 1151 'collocati,
2424 1084 2608 1141 lumen
2668 1087 2860 1159 prima:
2936 1092 3276 1148 accensionis
3351 1111 3701 1172 nequaquam

2097 1171 2413 1241 amiserunt,
2448 1175 2805 1249 quoadusque
2836 1192 3034 1250 corpus
3063 1181 3180 1250 ejus
3210 1182 3281 1239 ad
3307 1171 3696 1247 monasterium

2097 1258 2415 1317 deferretur.
2844 1272 2865 1289 θ

2706 1371 2929 1429 CAPUT
2977 1374 3075 1430 IX.

2092 1473 2170 1529 De
2200 1468 2555 1555 abundantia
2581 1480 2747 1555 potus
2776 1479 2998 1555 salitus
3026 1480 3466 1555 subministrati,
3514 1493 3572 1545 et
3598 1491 3695 1548 ubi

2147 1560 2346 1616 corpus
2377 1548 2497 1618 ejus
2519 1550 2651 1618 post
2680 1550 3119 1608 translationem
3155 1556 3233 1609 sit
3263 1548 3635 1616 inmutatum.

2165 1667 2326 1723 Aliud
2355 1670 2533 1726 adhuc
2560 1679 2728 1727 restat
2756 1674 3081 1731 miraculum
3123 1678 3270 1750 quod
3297 1679 3352 1735 in
3381 1682 3576 1739 eadem
3603 1699 3694 1743 sa-

2013 1735 2163 1811 Bcri
2192 1758 2437 1827 corporis
2465 1759 2819 1817 translatione
2854 1764 3068 1821 devotis
3112 1735 3373 1824 fratribus
3418 1772 3686 1829 Dominus

2074 1844 2348 1915 patefecit.
2396 1847 2536 1902 Nam
2574 1864 2699 1903 cum
2749 1867 2815 1905 ex
2860 1852 3029 1908 nimia
3079 1856 3391 1930 remigandi
3433 1859 3688 1917 instantia

2074 1931 2224 2002 fessi,
2256 1934 2577 1991 adveniente
2610 1937 2925 1995 refectionis
2972 1942 3108 1997 hora
3156 1944 3225 1998 ad
3273 1949 3681 2018 recuperandas

2074 2020 2327 2077 alimento
2357 2039 2628 2095 corporeo
2659 2026 2825 2093 vires,
2859 2027 3108 2085 laudibus
3136 2032 3353 2088 Domini
3382 2037 3684 2105 praemissis

2075 2110 2470 2182 consedissent,
2505 2114 2838 2186 tandemque
2869 2115 3017 2174 felici
3044 2120 3292 2177 convivio
3323 2122 3685 2182 intermisceri

2073 2205 2233 2268 potus
2262 2199 2450 2255 solatia
2478 2213 2908 2275 commonerent,
2950 2222 3094 2264 unus
3122 2208 3499 2268 ministrorum
3527 2213 3678 2270 intu-

2070 2285 2131 2340 lit
2160 2287 2293 2341 nihil
2319 2288 2394 2342 ibi
2418 2289 2529 2357 jam
2557 2299 2782 2361 potuum
2820 2309 3133 2364 superesse,
3188 2306 3386 2369 praeter
3427 2302 3573 2373 quod
3620 2302 3679 2358 in

2068 2374 2309 2431 ﬂascone
2336 2393 2506 2447 parvo
2536 2382 2873 2449 servabatur,
2906 2384 3051 2440 unde
3082 2384 3171 2442 vix
3204 2386 3499 2460 unicuique
3521 2391 3681 2464 quip-

2067 2464 2216 2535 piam
2244 2465 2311 2519 ad
2343 2469 2672 2538 gustandum
2705 2470 3059 2543 potiusquam
3089 2474 3160 2530 ad
3205 2474 3501 2532 bibendum
3528 2494 3678 2550 prae-

2070 2552 2188 2606 beri
2215 2554 2501 2623 potuisset.
2534 2555 2615 2610 Illi
2646 2573 2779 2612 vero
2821 2559 3205 2618 miraculorum
3251 2564 3489 2635 Domini,
3532 2582 3676 2640 quo-

2070 2641 2233 2695 modo
2262 2643 2450 2712 paucis
2469 2644 2704 2715 panibus
2730 2647 3134 2706 multitudinem
3162 2652 3444 2709 hominum
3468 2656 3679 2726 paverit

2069 2746 2440 2799 numerosam,
2472 2731 2735 2790 facientes
2780 2738 3131 2809 mentionem,
3166 2756 3235 2797 ex
3263 2742 3457 2799 eodem
3500 2759 3675 2816 parvo

2068 2819 2214 2889 quod
2244 2819 2540 2890 habebant,
2591 2823 2800 2879 cunctis
2832 2825 2926 2896 qui
2972 2826 3196 2883 aderant
3241 2844 3366 2886 cum
3416 2831 3676 2891 charitate

2068 2905 2319 2962 distribui
2350 2908 2613 2966 fecerunt.
2645 2912 2714 2966 Et
2767 2913 2966 2969 mirum
3021 2915 3076 2970 in
3132 2917 3354 2973 modum
3401 2921 3567 2993 coepit
3627 2922 3685 2978 in

2067 2995 2261 3050 eodem
2291 2997 2515 3054 vasculo
2545 2998 2621 3054 ita
2648 2999 2872 3072 liquoris
2892 3003 3120 3060 haustus
3140 3021 3415 3079 crescere,
3439 3016 3499 3065 ut
3512 3011 3683 3067 conti-

362 3070 708 3142 corruptione
738 3086 937 3142 corpus
956 3072 1101 3127 illius
1129 3073 1479 3143 inveniretur,
1505 3092 1672 3149 quam
1692 3078 1829 3134 liber
1846 3077 1965 3150 ipse
1996 3090 2046 3153 C
2068 3098 2172 3138 nua
2238 3084 2502 3143 effusione
2567 3070 2729 3143 nihil:
2742 3090 2913 3146 minui
2961 3092 3260 3163 videretur,
3324 3070 3685 3173 quoadusque

361 3157 536 3214 fuerat
562 3173 597 3215 a
626 3158 874 3229 crimine,
926 3162 1080 3230 cujus
1110 3163 1451 3233 oppositione
1491 3174 1779 3235 superatus
1810 3167 1968 3223 vide-

359 3246 523 3302 batur
548 3246 618 3302 ad
648 3255 882 3319 tempus.
914 3249 1033 3305 Hac
1079 3249 1260 3322 itaque
1309 3251 1491 3308 devoti
1536 3251 1735 3310 fratres
1785 3272 1970 3311 rerum

358 3335 614 3403 novitate,
639 3335 935 3407 perfectius
960 3336 1229 3407 instructi,
1264 3353 1465 3411 corpus
1492 3341 1793 3399 honorifice
1821 3360 1969 3398 sum-

354 3432 507 3496 ptum
553 3423 653 3480 rati
705 3425 1100 3497 imposuerunt,
1152 3435 1208 3483 et
1254 3429 1619 3486 accendentes
1669 3431 1924 3487 candelas
1949 3467 1965 3498 ,

356 3528 521 3569 unam
550 3512 620 3569 ad
654 3522 840 3586 caput,
872 3515 1099 3573 alteram
1131 3515 1537 3576 collocaverunt
1565 3526 1588 3553 °
1613 3521 1685 3576 ad
1714 3522 1905 3592 pedes.

972 3689 1196 3747 CAPUT
1225 3690 1371 3747 VIII.

356 3837 535 3907 Quam
575 3837 920 3895 mirabiliter
982 3840 1048 3911 in
1096 3842 1480 3899 translatione
1526 3843 1776 3917 corporis
1844 3846 1967 3917 ejus

835 3932 1135 4002 tempestas
1172 3932 1371 3988 sedata
1400 3931 1498 3988 sit.

428 4062 670 4136 Cumque
699 4063 918 4120 deserto
948 4063 1130 4119 littore
1177 4064 1403 4122 incertis
1444 4082 1504 4123 se
1558 4066 1818 4138 profundi
1862 4067 1969 4124 viis

350 4151 776 4221 commisissent,
802 4161 857 4210 et
877 4169 1090 4208 summa
1110 4153 1368 4210 instantia
1388 4155 1618 4227 remigio
1652 4155 1967 4211 insistentes

344 4240 446 4294 sub
501 4241 649 4297 omni
709 4241 987 4299 celeritate
1057 4251 1319 4313 cuperent
1373 4261 1643 4312 remeare,
1710 4244 1966 4302 continuo

343 4334 493 4384 tanta
521 4329 603 4387 vis
631 4330 831 4400 pluviae
859 4340 913 4387 et
958 4338 1248 4388 ventorum
1286 4334 1555 4404 prorupit,
1609 4341 1667 4389 ut
1696 4334 1787 4390 vix
1821 4334 1966 4391 effu-

2077 3171 2326 3229 bibentes
2355 3177 2676 3246 poculorum
2705 3179 2859 3250 copia
2889 3180 3252 3239 vincerentur.
3276 3186 3446 3258 Ergo,
3469 3203 3571 3260 pro
3594 3171 3684 3245 rei

2076 3262 2310 3317 novitate
2362 3265 2739 3335 obstupefacti,
2806 3267 3059 3342 largitori
3123 3272 3362 3328 omnium
3411 3275 3682 3333 bonorum

2074 3348 2328 3417 Domino,
2364 3352 2456 3423 qui
2488 3354 2566 3407 eis
2606 3362 2712 3409 tam
2763 3356 3087 3414 mirabiliter
3128 3360 3508 3420 sufficientiam
3533 3381 3681 3437 pra:-

2074 3437 2205 3507 buit,
2236 3440 2447 3494 debitas
2481 3442 2782 3513 gratiarum
2812 3445 3057 3502 actiones
3089 3465 3211 3504 cum
3254 3450 3507 3509 laudibus
3551 3471 3682 3526 per-

2074 3525 2375 3584 solverunt.
2412 3528 2713 3601 Statimque
2733 3540 2790 3587 ut
2822 3532 2927 3588 iter
2946 3544 3189 3607 coeptum
3214 3538 3407 3596 itidem
3427 3525 3681 3616 aggressi

2073 3622 2215 3684 sunt,
2248 3615 2304 3669 in
2329 3617 2551 3673 vasculo
2580 3626 2739 3689 potus
2776 3622 3028 3678 cessavit.
3062 3625 3303 3696 Cumque
3332 3615 3676 3700 Optatiilitto-

2073 3703 2151 3757 ris
2174 3712 2392 3774 portum
2422 3706 2715 3777 subissent,
2758 3707 3021 3765 fratribus
3050 3712 3142 3784 qui
3171 3714 3392 3771 obviam
3419 3734 3543 3774 cum
3571 3720 3674 3778 Dei

2070 3790 2324 3847 laudibus
2351 3803 2636 3862 venerunt,
2670 3812 2790 3867 quae
2817 3806 2976 3868 gesta
3017 3798 3232 3857 fuerant
3260 3818 3329 3858 ex
3357 3805 3550 3863 ordine
3577 3824 3671 3865 re-

2068 3887 2348 3950 texerunt;
2388 3884 2777 3957 celebratoque
2807 3887 2863 3941 in
2892 3902 3180 3946 commune
3225 3892 3446 3965 gaudio,
3498 3898 3673 3954 sancti

2072 3968 2176 4025 viri
2205 3986 2403 4042 corpus
2432 3989 2635 4047 magno
2663 3983 2938 4048 sumptum
2966 3993 3093 4034 cum
3118 3979 3329 4037 honore
3355 3983 3427 4039 ad
3453 3999 3653 4042 mona-

2067 4060 2292 4115 sterium
2323 4062 2730 4132 transtulerunt,
2781 4073 2836 4121 et
2864 4066 3008 4123 inter
3054 4083 3209 4125 aram
3239 4070 3415 4128 sancti
3442 4073 3670 4133 Joannis

2065 4148 2318 4220 Baptistae
2346 4158 2400 4206 et
2428 4153 2693 4222 parietem
2722 4153 2779 4210 in
2809 4158 3154 4230 sarcOphago
3195 4169 3517 4231 posuerunt.
3561 4163 3668 4221 Ubi

2065 4237 2226 4293 etiam
2253 4242 2598 4310 postmodum
2628 4242 2800 4314 ipsius
2829 4244 3151 4303 facientibus
3195 4249 3406 4305 meritis
3449 4266 3665 4310 memo—

2061 4325 2143 4381 ria
2160 4326 2330 4402 digna
2348 4330 2614 4388 Dominus
2636 4333 2890 4407 dignatus
2906 4344 2991 4393 est
3013 4335 3359 4397 manifestare
3378 4339 3662 4401 miracula.

341 4415 493 4487 gium
522 4433 582 4473 se
628 4420 910 4475 crederent
947 4419 1249 4475 habituros.
1298 4420 1408 4477 Sed
1452 4421 1586 4477 mira
1611 4422 1960 4494 omnipoten-
1988 4450 2043 4511 D

337 4504 408 4559 tis
436 4505 538 4560 Dei
566 4506 973 4578 dispensatione
1004 4515 1056 4563 et
1081 4509 1163 4580 (ut
1194 4508 1490 4581 credimus)
1520 4511 1694 4567 sancti
1719 4511 1820 4568 viri
1838 4528 1948 4570 me-

338 4592 459 4648 ritis
488 4602 672 4650 actum
700 4604 802 4664 est,
833 4603 892 4652 ut
920 4596 1041 4668 ipsa
1070 4597 1232 4653 etiam
1279 4598 1569 4667 elementa,
1618 4616 1739 4672 quae
1787 4601 1945 4657 nobis

336 4680 674 4738 insensibilia
720 4684 992 4752 videntur,
1038 4684 1356 4742 famulantia
1400 4687 1485 4742 sui
1528 4688 1787 4744 creatoris
1834 4690 1943 4746 im-

336 4770 514 4841 perio,
547 4773 735 4843 quanti
764 4773 867 4829 viri
907 4771 1149 4845 reliquiae
1194 4774 1397 4831 ibidem
1443 4777 1773 4834 veherentur
1812 4794 1944 4834 sen-

336 4858 525 4915 tirent.
565 4861 706 4916 Nam
734 4862 967 4934 pelagus
1006 4854 1429 4937 circumquaque
1476 4866 1753 4923 imbrifera
1798 4875 1940 4923 tem-

335 4955 544 5018 pestate
600 4958 949 5019 commotum,
1001 4951 1173 5007 undas
1244 4951 1301 5007 in
1360 4953 1530 5010 altum
1575 4955 1935 5027 suspendens,

332 5036 467 5091 nihil
496 5038 718 5094 omnino
747 5039 1140 5111 remigantibus
1188 5041 1453 5098 molestiae
1499 5044 1696 5113 intulit,
1743 5047 1841 5101 sed
1883 5046 1939 5102 in

389 5213 784 5279 {any-etiame]:
801 5215 1522 5279 minusquodragintaannis
1542 5220 1816 5279 regimini;
1832 5223 1934 5279 sui,

338 5265 821 5335 inquitjvalafridus
840 5281 947 5335 cap:
976 5265 1033 5332 15
1046 5272 1109 5333 de
1141 5265 1391 5335 miraculis
1409 5275 1456 5335 S:
1485 5265 1648 5335 (galli;
1661 5265 1938 5332 etquidem

336 5330 476 5387 anno
497 5323 709 5387 septimo
729 5323 1235 5387 [egni‘PippiniLex‘
1252 5329 1404 5387 Ivone
1426 5326 1580 5387 _i_nfr_a_
1596 5323 1679 5373 lib.
1706 5341 1718 5373 ι
1744 5323 1852 5385 cap.
1891 5336 1933 5385 5,

337 5375 561 5435 proinde
575 5386 710 5435 anno
732 5375 916 5435 gti'risti
944 5375 1045 5435 non
1070 5375 1164 5435 758,
1189 5380 1243 5423 ut
1270 5380 1400 5435 apud
1426 5375 1934 5435 Hepidannum,'nori

331 5429 663 5495 Z§0,_u_t‘a_pud
690 5430 945 5495 Διὸς-ηψπ]
968 5429 1262 5495 διδαθηεςη]
1277 5429 1519 5495 abbatem
1536 5452 1553 5495 ;_
1574 5436 1662 5495 sed
1685 5429 1825 5495 anno
1836 5429 1934 5495 759,

331 5482 574 5551 9:339?
613 5484 762 5551 1112139-
776 5487 1487 5551 Ηςτφίεξξιῐιρφμςρηιτδσιιιω
1538 5482 1739 5551 legitur.
1786 5482 1936 5551 .Cerié

331 5535 575 5601 {gantiam
592 5535 843 5601 nothrmari
882 5548 1344 5601 successorern,_e;
1387 5535 1634 5601 monachi)
1672 5535 1928 5601 AugienSi,

332 5587 567 5662 sereno
590 5587 1346 5662 ἓ·,ἓθϋλρξξιεῑρὲβξθηξξιξιρζὲίὲ
1386 5593 1541 5662 imo
1571 5606 1706 5662 9.13110
1720 5587 1936 5662 verba

332 5641 406 5687 tet
424 5642 531 5689 tum
559 5652 620 5691 ex
641 5641 889 5693 charta“
908 5646 1042 5701 apud
1064 5641 1381 5707 Goldastuni,
1406 5648 1523 5699 data
1554 5649 1635 5698 die
1650 5641 1933 5709 summitti,

2032 5340 2293 5395 Januarii,
2334 5341 2385 5388 in

2034 5402 2169 5437 anno
2188 5398 2286 5439 760.

2702 4521 2926 4579 CAPUT
2953 4522 3029 4579 Χ.

2091 4648 2274 4705 Mutus
2304 4654 2363 4705 et
2389 4651 2596 4709 surdus
2631 4652 2704 4710 ad
2732 4657 3059 4728 sepulcrum
3093 4657 3217 4728 ejus
3248 4661 3334 4718 est
3361 4666 3619 4723 curatus.

2113 4678 2271 4705 auius
2304 4678 2360 4705 σι
2389 4678 2596 4709 auritus
2631 4678 2704 4710 αα
2732 4678 3059 4728 sepulcrum
3093 4678 3123 4716 ε
3150 4678 3217 4717 us
3248 4678 3334 4718 εει
3361 4678 3619 4723 curatus.

2113 4790 2361 4864 Denique
2393 4794 2631 4865 quodam
2682 4804 2928 4869 tempore
2975 4678 3482 4979 summ“
3527 4821 3652 4865 cum

2114 4878 2361 4934 ibusdam
2392 4882 2459 4937 de
2491 4883 2683 4940 vicinis
2714 4886 2849 4943 locis
2899 4889 3166 4946 orationis
3217 4907 3319 4948 cau
3451 4910 3650 4953 mona-

2037 4878 2361 4949 quibusdam
2392 4882 2459 4937 de
2491 4883 2683 4940 vicinis
2714 4886 2849 4943 locis
2899 4889 3166 4946 orationis
3217 4878 3383 4953 caiisa
3451 4910 3650 4953 mona-

2037 4967 2261 5022 sterium
2289 4969 2615 5027 adeuntibus
2656 4975 2825 5031 venit.
2857 4977 2929 5032 Et
2960 4978 3086 5049 quia
3116 4994 3150 5034 a
3180 4967 3447 5052 primaeva
3488 4993 3648 5043 atate

2039 5062 2092 5110 et
2115 5056 2404 5113 locutionis
2433 5069 2487 5116 et
2523 5062 2738 5118 auditus
2764 5065 2986 5120 carebat
3010 5065 3219 5140 ofﬁciis,
3254 5072 3486 5129 tabellas
3514 5075 3651 5133 duas

2033 5234 2957 5307 Xﬂtﬁﬂieaugmeteﬁerine
3002 5242 3075 5307 id.
3090 5248 3341 5307 ,εεῌξιηο
3385 5254 3462 5307 761
3485 5270 3515 5307 z,
3532 5254 3644 5307 tum

2035 5286 2402 5365 estesse
2430 5286 2642 5365 sane
2668 5286 3462 5365 “aeefssﬁlvél’iﬁiﬁii‘égii‘
3483 5286 3644 5365 asa

2426 5345 2643 5399 gratiam
2697 5350 2906 5396 Joannis
2944 5345 3651 5413 δὺὺειῐῖἐζῆαὸὶἷἙὸᾶῧὲἡῆ

2087 5447 2444 5512 ξιριῃξζῐὶιιιρο
2470 5450 2580 5512 loco
2602 5453 2905 5512 Walai'ridus
2946 5458 3206 5507 interitum
3247 5463 3443 5509 Sidonii
3488 5466 3651 5512 Cons-

2035 5500 2304 5575 tanliegsjs
2323 5503 2643 5575 episcopiholb
2664 5500 2899 5575 direptas
2913 5500 3649 5575 re;'xﬁdh'a'éteiifsi'caﬁiféx

2035 5554 2318 5620 ca‘p.’4_18‘de‘
2332 5554 2369 5600 si
2379 5554 2583 5604 iraculis
2603 5554 2795 5620 S_._Galli
2821 5554 3063 5620 repeténd
3070 5554 3174 5614 iiii;

2084 5607 2193 5673 fit;
2204 5608 2410 5673 factum
2447 5622 2582 5661 anno
2622 5607 2703 5662 7Θό
2749 5607 2903 5666 τεόιῖ
2921 5607 3467 5672 ἒὶξιῖιῖίῖἬθτωειωιῑιε
3522 5626 3654 5673 Con.

2034 5658 2240 5712 tractus.
