4024 6194
321 254 459 308 1039

842 251 1249 306 WALAI"RID[
1273 249 1523 306 STRABI
1553 249 1753 304 FULD.
1785 246 1958 303 MON.
1993 246 2146 302 OPP.
2179 248 2356 304 PARS
2386 249 2452 303 II.
2485 278 2555 291 -—
2583 248 2976 304 HISTORICA.

3479 252 3618 304 1040

316 393 456 450 collo
477 393 853 465 dependentes
874 393 1144 466 gestabat,
1165 407 1392 464 quarum
1404 390 1688 447 collisione
1703 397 1755 446 et
1776 389 1917 445 soni—
1945 373 2002 434 Α
2022 390 2327 462 sepulcrum
2365 409 2384 449 :
2413 407 2649 464 moxque
2677 391 3006 448 immensum
3025 389 3170 446 aliud
3195 389 3466 463 lignorum
3485 406 3624 463 pon-

317 489 377 538 tu
388 482 776 538 misericordiae
788 499 945 553 opus,
970 480 1116 555 quod
1132 495 1266 537 voce
1278 479 1556 551 nequibat,
1570 479 1911 550 precabatur.

316 572 370 626 Is
401 587 524 627 cum
553 570 668 626 suis
696 570 1093 626 conviatoribus
1125 569 1415 626 ecclesiam
1448 569 1752 641 ingressus,
1785 567 1916 623 dum

315 675 412 715 eos
433 658 664 731 singulis
704 659 960 714 altaribus
994 657 1286 728 particulas
1307 673 1465 722 cerae,
1509 657 1665 712 sicuti
1702 673 1914 727 paupe-

316 763 438 802 rum
455 755 536 802 est
555 747 908 813 consuetudo,
931 746 1210 817 imponere
1229 745 1586 816 conspiceret,
1611 744 1680 800 ad
1701 743 1798 800 viri
1817 744 1916 799 Dei

320 835 631 907 sepulcrum
658 835 947 903 accedens,
981 835 1195 890 tabulas
1226 849 1360 906 quas
1391 834 1636 905 gestabat
1678 833 1916 904 desuper

317 925 516 996 posuit,
550 939 781 996 seseque
811 923 964 996 quasi
998 931 1242 979 oraturus
1264 931 1387 978 ante
1417 923 1548 977 illud
1578 923 1913 993 prostravit;

317 1020 368 1068 et
395 1011 645 1084 protinus
675 1013 784 1068 alto
823 1028 1020 1084 sopore
1051 1012 1370 1083 depressus,
1421 1020 1478 1066 ut
1506 1011 1625 1082 ipse
1667 1017 1930 1088 postmoi

310 1100 442 1157 dum
469 1100 666 1172 retulit,
697 1117 886 1157 senem
916 1103 1207 1173 quemdam
1253 1100 1393 1156 facie
1422 1099 1671 1166 nitidum,
1721 1115 1916 1154 mona-

313 1189 467 1246 chico
496 1189 683 1245 habitu
711 1189 1031 1262 gloriosum,
1065 1189 1224 1262 quasi
1255 1205 1285 1245 e
1317 1188 1524 1246 tumulo
1552 1187 1687 1243 vidit
1715 1202 1916 1258 proce-

311 1277 446 1334 dere
475 1277 749 1334 dicentem
781 1278 883 1333 sibi
913 1296 926 1333 :
960 1277 1006 1334 Ο
1037 1279 1224 1348 homo,
1256 1293 1354 1333 cur
1383 1277 1473 1333 hic
1507 1291 1706 1348 sepore
1737 1273 1920 1347 depri-

310 1365 478 1423 meris
504 1367 533 1421 ?
571 1366 815 1438 Cumque
861 1366 933 1422 ad
975 1366 1308 1438 interrogata
1365 1364 1499 1421 nihil
1548 1365 1766 1436 penitus
1832 1379 1919 1420 re-

311 1454 587 1527 spondere
633 1455 922 1528 potuisset,
959 1455 1146 1511 senior
1174 1455 1245 1510 ad
1275 1471 1398 1510 eum
1428 1453 1561 1508 dixit
1592 1470 1604 1508 :
1639 1454 1836 1526 Surge,
1867 1449 1920 1508 et

314 1543 781 1600 incommodorum
831 1543 1029 1615 quibus
1093 1544 1355 1600 hactenus
1394 1541 1682 1608 laborasti,
1735 1556 1919 1596 reme-

303 1631 454 1688 dium
482 1647 516 1688 a
543 1648 632 1688 me
658 1631 755 1687 tibi
784 1632 1128 1704 impetratum
1157 1633 1318 1688 scias.
1350 1631 1502 1704 Ergo
1531 1631 1663 1686 tabu
1683 1629 1750 1685 lis
1799 1629 1921 1686 istic

2016 479 2118 535 dus
2149 479 2454 536 corruentis
2483 479 2776 551 impulsum
2807 488 3008 536 attactu
3052 480 3108 534 in
3138 480 3257 552 ipso
3284 496 3409 536 eum
3457 495 3622 536 casus

2017 568 2179 624 exitio
2200 569 2436 640 desuper
2456 569 2687 640 operuit.
2708 570 2952 641 Cumque
2979 578 3218 624 astantes
3247 576 3620 634 occurrerent,

2015 665 2072 712 ut
2100 658 2149 713 ei
2180 674 2341 730 quem
2363 658 2476 727 jam
2503 659 2806 714 exanimem
2837 658 3206 724 crediderunt,
3235 658 3444 714 funeris
3473 657 3632 714 debi-

2015 753 2066 800 ta
2096 747 2488 818 persolverent,
2523 747 2738 803 sublato
2765 748 3035 819 lignorum
3081 748 3324 819 pondere
3368 747 3624 819 aliquan-

2016 834 2202 906 tisper,
2237 835 2414 892 nullos
2450 836 2816 892 membrorum
2849 845 3028 892 motus
3076 836 3374 892 ostendens
3416 836 3620 904 jacuit;

2015 939 2079 980 ac
2126 922 2323 980 deinde
2366 941 2464 996 per
2504 924 2671 998 longa
2718 924 2954 996 suspiria
3000 925 3222 980 halitum
3288 939 3577 980 resumens
3605 968 3618 988 ,

2015 1011 2221 1084 absque
2249 1011 2355 1067 ulla
2382 1012 2605 1069 laesione
2633 1013 2866 1069 surrexit
2892 1013 3201 1079 incolumis,
3233 1021 3287 1068 et
3315 1013 3388 1068 ad
3417 1013 3630 1083 incoep-

2019 1100 2056 1155 ti
2085 1100 2266 1172 operis
2295 1101 2536 1157 laborem
2563 1101 2723 1157 rediit
2751 1102 3018 1175 gaudens.
3051 1105 3113 1157 In
3140 1103 3246 1158 hoc
3273 1117 3406 1176 ergo
3436 1101 3618 1156 mira-

2017 1189 2140 1245 culo
2185 1189 2332 1245 haud
2379 1189 2541 1246 dubie
2588 1191 2759 1247 sancti
2806 1191 2984 1247 Patris
3036 1192 3230 1247 merita
3276 1190 3620 1258 claruerunt,

2017 1293 2140 1334 cum
2187 1287 2242 1334 et
2287 1277 2512 1335 altitudo
2559 1279 2686 1335 tecti
2723 1281 2868 1336 unde
2913 1279 3261 1351 supradictus
3307 1280 3471 1334 homo
3521 1293 3622 1334 ce-

2018 1375 2240 1444 ciderat,
2287 1392 2397 1432 non
2445 1377 2624 1432 minus
2667 1376 3028 1450 quadraginta
3073 1376 3273 1447 pedum
3303 1391 3561 1430 mensura
3588 1391 3623 1430 a

2019 1473 2162 1520 terra
2191 1472 2337 1521 esset
2367 1481 2654 1536 suspensa,
2687 1473 2740 1521 et
2768 1467 2982 1537 pondus
3028 1466 3324 1538 insequens
3352 1479 3621 1520 corruen-

2019 1560 2127 1608 tem
2184 1554 2330 1626 quod
2383 1555 2451 1608 ad
2506 1553 2798 1610 multorum
2854 1554 3134 1610 hominum
3205 1553 3621 1624 oppressionem

2020 1641 2308 1708 sufﬁceret,
2341 1643 2557 1714 operire
2601 1643 2961 1715 praecipitem,
3012 1657 3124 1700 non
3177 1650 3460 1699 conterere
3516 1657 3622 1714 po-

309 1721 551 1776 dimissis
579 1721 974 1794 confestimque
1002 1721 1333 1776 monasterio
1371 1720 1664 1784 decedens,
1712 1719 1915 1774 donum
1938 1739 1989 1797 Β
2025 1731 2234 1788 missa.

309 1825 341 1864 a
369 1809 486 1866 Deo
516 1809 612 1865 tibi
643 1825 966 1866 concessum
1005 1811 1061 1865 in
1108 1811 1210 1866 hoc
1262 1810 1386 1866 loco
1433 1807 1636 1865 nemini
1680 1808 1911 1879 pandas.

311 1892 566 1962 Quicum
597 1895 868 1966 evigilans
899 1894 1243 1962 surrexisset,
1295 1894 1396 1948 sub
1441 1909 1646 1964 magna
1691 1891 1916 1948 festina-

308 1982 458 2038 tione
486 1981 814 2037 monasterio
834 1983 1140 2053 digressus,
1171 1982 1432 2038 inclinato
1447 1983 1562 2050 jam
1589 1981 1676 2036 die
1698 1979 1916 2051 vesperi

307 2069 376 2124 ad
404 2069 690 2139 cujusdam
720 2069 945 2142 Ratgozi
973 2070 1209 2141 potentis
1239 2069 1340 2127 viri
1384 2069 1680 2140 hospitium
1729 2069 1916 2124 diver-

310 2159 390 2214 tit.
423 2159 666 2230 Cumque
695 2157 763 2212 ab
792 2158 885 2213 illo
913 2159 1340 2232 interrogaretur
1371 2159 1514 2214 unde
1546 2157 1777 2227 veniret,
1822 2173 1919 2227 per

313 2246 562 2302 ordinem
593 2246 859 2316 exposuit,
893 2247 1008 2314 ubi,
1039 2247 1258 2318 quando
1289 2255 1341 2302 et
1371 2247 1641 2318 quomodo
1671 2245 1916 2300 sanitatis

308 2335 510 2390 donum
543 2333 731 2390 fuisset
769 2335 1020 2405 adeptus.
1072 2339 1140 2389 At
1170 2336 1258 2390 ille
1301 2334 1602 2390 narrationi
1647 2335 1762 2403 ejus
1807 2350 1916 2388 non

305 2425 556 2488 credens,
591 2424 763 2478 teneri
793 2441 915 2478 eum
943 2433 996 2479 et
1044 2425 1301 2479 custodiri
1348 2424 1629 2495 praecepit,
1688 2423 1915 2494 ipseque

297 2511 579 2569 veritatem
611 2512 690 2566 rei
721 2513 922 2567 certius
952 2513 1330 2584 inquisiturus,
1383 2514 1576 2568 eadem
1633 2519 1791 2566 nocte
1843 2511 1915 2566 ad

303 2600 694 2655 monasterium
723 2601 889 2667 venit,
922 2609 973 2655 et
1003 2601 1218 2656 tabulas
1251 2618 1422 2672 super
1453 2601 1718 2654 tumulum
1768 2600 1914 2670 posi-

301 2697 386 2744 tas
416 2689 635 2760 reperit.
669 2690 1026 2744 Conviatores
1058 2706 1280 2761 quoque
1309 2691 1484 2744 sanati
1515 2705 1638 2744 cum
1669 2689 1913 2744 invenis-

301 2785 384 2831 set
412 2777 588 2832 adhuc
620 2778 863 2846 ejusdem
895 2778 1019 2832 facti
1050 2779 1292 2850 ignaros,
1345 2779 1640 2850 diligenter
1686 2778 1755 2832 ab
1808 2776 1913 2830 illis

301 2865 597 2937 inquisivit,
632 2866 678 2920 si
707 2867 870 2921 talem
898 2867 1173 2922 hominem
1207 2867 1600 2921 monasterium
1621 2874 1914 2938 pergentes

304 2953 361 3008 in
394 2954 651 3009 comitatu
679 2955 999 3010 habuissent
1033 2974 1046 3010 :
1081 2965 1133 3010 et
1165 2956 1422 3011 continuo
1456 2972 1521 3010 ex
1555 2971 1742 3010 eorum
1788 2969 1914 3008 nar-

301 3042 513 3097 ratione
544 3059 668 3097 vera
700 3059 820 3097 esse
867 3061 988 3114 quae
1036 3045 1182 3100 domi
1235 3045 1474 3098 audierat
1519 3042 1902 3113 deprehendit.

297 3130 432 3198 Quae
463 3148 550 3185 res
582 3140 636 3185 et
683 3132 1041 3202 praesentibus
1085 3132 1240 3186 citius
1285 3132 1534 3198 innotuit,
1586 3139 1638 3186 et
1687 3132 1756 3186 ad
1803 3147 1904 3185 nos

295 3234 468 3289 usque
499 3217 766 3274 relatione
797 3218 1032 3273 veridica
1058 3219 1323 3289 pervenit.

926 3376 1150 3433 CAPUT
1190 3377 1288 3432 XI.

315 3479 592 3551 Quomodo
606 3480 711 3538 lux
728 3484 790 3538 in
812 3483 1000 3538 eodem
1025 3485 1140 3540 loco
1160 3485 1380 3540 caelitus
1398 3485 1534 3542 data
1554 3489 1906 3558 apparuerit.

383 3597 673 3669 Presbyter
711 3599 931 3669 quidam
962 3614 1026 3653 ex
1059 3599 1174 3670 ipsa
1222 3601 1650 3672 congregatione
1694 3602 1913 3657 nomine

311 3687 514 3751 Tanco,
548 3686 678 3741 dum
706 3686 761 3740 in
791 3687 984 3742 eadem
1015 3688 1261 3743 Ecclesia
1291 3690 1532 3744 custodis
1553 3689 1785 3744 oﬂicium
1818 3707 1915 3763 ge-

310 3783 466 3843 reret,
518 3784 795 3830 nocturnze
827 3775 1023 3846 quietis
1052 3783 1297 3847 tempore
1327 3793 1424 3847 pro
1472 3778 1780 3834 reficiendis
1829 3780 1914 3833 lu-

310 3863 614 3918 minaribus
641 3863 921 3918 basilicam
966 3863 1164 3920 solitus
1200 3866 1438 3931 introire,
1489 3867 1658 3921 tribus
1707 3867 1916 3923 vicibus

309 3966 450 4022 pene
479 3952 660 4005 omnia
690 3952 893 4021 reperit
922 3952 1202 4008 exstincta.
1255 3953 1337 4006 Ad
1367 3955 1536 4009 sancti
1577 3963 1757 4010 autem
1803 3956 1906 4010 viri

317 4040 623 4110 sepulcrum
657 4040 1000 4110 perveniens,
1033 4041 1313 4096 ardentem
1362 4059 1582 4097 cereum
1606 4045 1754 4113 juxta
1783 4043 1918 4099 illud

320 4127 546 4194 invenit,
583 4128 868 4199 sciensque
900 4128 1118 4183 luminis
1162 4129 1306 4184 illius
1353 4130 1724 4186 administrari
1769 4132 1920 4188 coeli-

320 4223 407 4269 tus
455 4216 828 4286 splendorem,
881 4217 1228 4290 exstinguere
1276 4235 1384 4274 non
1432 4221 1796 4292 praesumpsit.
1855 4223 1921 4277 Ut

324 4319 457 4358 vero
486 4304 755 4372 discessit,
790 4305 876 4358 lux
909 4323 1030 4376 quae
1059 4323 1156 4376 per
1186 4323 1244 4362 se
1284 4318 1525 4372 venerat,
1559 4326 1658 4380 per
1686 4326 1745 4365 se
1762 4309 1923 4365 etiam

322 4392 599 4447 subtracta
646 4401 746 4448 est.
807 4394 910 4449 Ubi
959 4402 1012 4449 et
1043 4395 1111 4449 ad
1134 4395 1356 4464 majoris
1378 4396 1634 4452 indicium
1655 4399 1920 4466 miraculi,

321 4479 468 4551 ignis
499 4481 717 4552 quidem
750 4481 802 4534 in
833 4482 1064 4537 candela
1094 4483 1252 4538 solito
1283 4485 1552 4552 rutilabat,
1603 4502 1746 4544 ceree
1791 4504 1922 4545 vero

326 4568 459 4622 nihil
487 4585 585 4638 per
611 4569 751 4624 hunc
779 4571 1032 4626 ardorem
1062 4573 1230 4626 minui
1262 4573 1565 4629 videbatur.
1602 4575 1730 4632 Haec
1776 4576 1922 4632 idem

322 4665 647 4720 venerabilis
687 4667 972 4739 presbyter
1025 4670 1223 4740 saepius
1272 4687 1369 4726 sua
1411 4672 1666 4728 relatione
1716 4673 1914 4730 conﬁr-

323 4770 500 4821 mans,
533 4771 694 4810 omne
725 4757 1076 4812 dubitationis
1104 4768 1480 4830 argumentum
1513 4762 1580 4817 ab
1626 4763 1733 4818 hoc
1779 4763 1920 4820 facto

323 4843 570 4900 veritatis
599 4843 802 4901 ratione
833 4845 1071 4916 depellit.

924 4986 1148 5043 CAPUT
1190 4987 1314 5043 XII.

329 5087 564 5156 Quidam
593 5089 797 5146 ibidem
826 5109 964 5149 casu
991 5092 1323 5168 desperatus
1369 5111 1538 5168 quam
1575 5099 1746 5168 facile
1777 5117 1914 5158 con-

985 5167 1249 5221 valuerit.

385 5264 632 5334 Quodam
676 5265 837 5321 etiam
885 5275 1158 5339 tempore,
1205 5272 1333 5326 dum
1380 5273 1623 5342 ejusdem
1667 5275 1914 5334 ecclesiae

311 5362 452 5410 tecta
500 5361 772 5410 vetustate
838 5357 1046 5426 dilapsa
1095 5362 1401 5418 necessario
1449 5371 1910 5433 restaurarentur,

309 5443 530 5514 quidam
562 5460 627 5499 ex
658 5444 828 5516 ipsius
867 5449 1175 5502 monasterii
1206 5449 1405 5508 familia
1440 5453 1745 5525 tegularum
1777 5471 1914 5528 quas

303 5531 369 5584 ad
403 5530 618 5605 fastigia
651 5534 889 5591 basilica:
918 5535 1133 5592 deferre
1164 5538 1440 5606 debuerat,
1473 5557 1638 5598 onere
1665 5561 1912 5617 praegra-

302 5627 479 5687 vatus,
512 5621 580 5676 de
612 5623 727 5692 ipsa
761 5624 888 5681 tecti
920 5624 1204 5682 altitudine
1234 5644 1394 5698 supra
1431 5628 1533 5684 viri
1561 5632 1662 5687 Dei
1709 5634 1915 5690 corruit

2614 1821 2842 1877 CAPUT
2871 1821 3021 1876 XIII.

2333 1910 2670 1967 Contractus
2702 1911 2944 1966 sanitati
2983 1911 3306 1966 restitutus.

2089 2024 2210 2080 Alio
2241 2032 2481 2097 tempore
2523 2041 2702 2082 caecus
2749 2025 2972 2098 quidam
3014 2025 3332 2091 adveniens,
3381 2025 3617 2096 hospitio

2017 2128 2319 2185 pauperum
2348 2114 2763 2171 necessitatibus
2809 2123 3112 2185 praeparato
3159 2121 3448 2186 susceptus
3497 2123 3615 2180 est;

2019 2209 2072 2256 et
2101 2211 2259 2258 nocte
2289 2204 2481 2258 eadem
2512 2220 2632 2258 eum
2665 2203 2960 2259 ecclesiam
2988 2203 3154 2258 vellet
3181 2203 3330 2258 adire
3359 2201 3620 2273 puerulus

2019 2290 2109 2362 qui
2139 2291 2186 2346 ei
2209 2292 2465 2347 ducatum
2489 2293 2733 2362 praebere
2754 2292 3036 2356 debuerat,
3061 2292 3133 2347 ob
3154 2291 3378 2346 nimiam
3397 2290 3620 2364 frigoris

2017 2390 2363 2460 asperitatem
2395 2388 2554 2446 ofﬁcii
2587 2389 2668 2444 sui
2699 2389 2917 2461 negavit
2939 2389 3213 2458 juvamen.
3255 2389 3500 2460 Cumque
3529 2387 3618 2441 ni-

2016 2478 2120 2532 mis
2165 2478 2379 2534 doleret
2421 2479 2568 2551 quod
2614 2487 2780 2534 tantae
2823 2478 3146 2534 solemnitati
3201 2477 3461 2532 interesse
3509 2490 3620 2531 non

2016 2575 2323 2622 mereretur
2370 2568 2550 2637 (erant
2595 2566 2794 2638 quippe
2839 2567 3136 2622 Dominieaa
3195 2565 3303 2621 diei
3347 2564 3569 2636 vigilia)
3598 2608 3612 2631 ,

2015 2655 2337 2711 adolescens
2369 2657 2588 2728 quidam
2619 2657 2690 2710 ita
2720 2656 2982 2710 membris
3014 2656 3264 2711 omnibus
3287 2662 3616 2719 contractus,

2018 2752 2075 2798 ut
2101 2761 2210 2800 non
2240 2745 2397 2800 aliter
2429 2761 2701 2818 quoquam
2730 2746 2987 2801 incedere
3018 2762 3183 2816 quam
3230 2744 3482 2799 manibus
3523 2759 3614 2798 re-

2015 2833 2220 2904 ptando
2252 2834 2558 2904 potuisset;
2590 2850 2712 2889 cum
2759 2834 2812 2888 in
2863 2833 3058 2889 eodem
3101 2833 3224 2889 loco
3265 2833 3614 2905 quiesceret,

2018 2921 2132 2990 ejus
2163 2922 2339 2977 dolori
2371 2939 2689 2992 compassus
2718 2922 2786 2978 de
2816 2922 2954 2978 lecto
2988 2940 3047 2978 se
3076 2921 3360 2993 protraxit,
3392 2929 3445 2975 et
3474 2918 3619 2992 quali

2013 3011 2190 3081 potuit
2219 3011 2412 3066 solatio
2460 3012 2590 3066 caici
2620 3013 2852 3084 vestigia
2883 3013 3037 3067 rexit.
3063 3013 3129 3067 Ut
3165 3026 3300 3084 ergo
3331 3009 3622 3065 ecclesiam

1947 3100 2374 3166 Cintraverunt,
2408 3100 2522 3154 utili
2548 3117 2734 3155 errore
2774 3100 2843 3155 ad
2892 3101 3197 3170 sepulcrum
3229 3099 3475 3155 Olhmari
3520 3113 3620 3153 ve-

2006 3206 2158 3245 nere.
2192 3189 2419 3243 Putabat
2449 3189 2647 3243 etenim
2700 3189 2895 3243 iisdam
2943 3189 3240 3244 benevolus
3290 3187 3421 3243 caeci
3467 3202 3618 3258 prae-

2008 3294 2200 3334 cessor
2229 3277 2286 3332 in
2315 3277 2434 3348 ipso
2476 3278 2677 3350 angulo
2725 3277 2946 3349 aliquod
3000 3277 3202 3332 ostium
3254 3285 3462 3347 patere,
3522 3289 3620 3346 per

2010 3366 2155 3438 quod
2185 3374 2431 3438 cryptam
2459 3366 2639 3421 eidem
2686 3366 2808 3422 loco
2855 3366 3091 3421 vicinam
3139 3366 3345 3420 intrare
3393 3363 3613 3435 potuis-

2011 3463 2147 3509 sent.
2181 3455 2368 3526 Itaque
2399 3472 2464 3509 ex
2495 3453 2792 3525 improviso
2822 3454 2879 3508 in
2908 3455 3316 3527 sarcophagum
3366 3451 3471 3507 viri
3517 3451 3617 3507 Dei

2012 3543 2137 3613 quia
2166 3543 2330 3613 paulo
2361 3543 2518 3597 altius
2548 3543 2824 3598 eminebat
2851 3559 2884 3597 a
2913 3551 3060 3598 terra
3091 3543 3421 3615 impingens,
3457 3540 3616 3595 subi-

2011 3640 2066 3687 to
2095 3631 2301 3698 resiliit,
2335 3641 2386 3686 et
2415 3631 2483 3686 ad
2515 3640 2716 3686 terram
2746 3632 2993 3702 protinus
3041 3631 3296 3694 concidit,
3345 3631 3617 3700 totiusque

2013 3720 2260 3776 ecclesiae
2326 3721 2499 3790 spatia
2545 3721 2894 3775 horrentibus
2954 3719 3200 3791 implevit
3261 3717 3614 3773 clamoribus.

2015 3807 2204 3863 Caecus
2233 3824 2364 3863 vero
2403 3809 2519 3863 haec
2564 3808 2812 3877 audiens,
2867 3809 3152 3864 duetorem
3206 3824 3364 3862 suum
3411 3803 3618 3860 insania

2017 3897 2292 3951 aestimans
2341 3896 2556 3968 agitari,
2607 3906 2768 3968 prout
2816 3905 3031 3967 poterat
3071 3895 3335 3966 aufugere
3388 3893 3610 3949 studuit.

2017 3983 2332 4040 Misericors
2379 3993 2560 4039 autem
2625 3985 2888 4040 Dominus
2935 3986 3096 4040 totius
3156 3985 3282 4040 boni
3331 3990 3522 4039 auctor
3566 3987 3617 4037 et

2019 4081 2247 4138 amator,
2299 4073 2427 4143 quia
2473 4074 2678 4129 viderat
2726 4074 2959 4130 debilem
3009 4089 3237 4146 puerum
3281 4072 3428 4128 ultra
3476 4071 3616 4126 vires

2020 4176 2158 4232 opus
2184 4161 2401 4232 pietatis
2434 4162 2695 4218 exhibere
2724 4163 2980 4228 voluisse,
3014 4163 3153 4217 beati
3177 4160 3424 4218 Olhmari
3453 4159 3612 4214 etiam

2021 4249 2227 4305 meritis
2255 4249 2312 4304 id
2341 4251 2723 4317 obtinentibus,
2757 4252 3191 4307 benevolentiam
3219 4252 3336 4320 ejus
3366 4249 3511 4306 dono
3532 4262 3618 4302 sa-

2023 4338 2202 4394 nitatis
2233 4355 2579 4395 remunerare
2625 4340 2884 4412 dignatus
2933 4348 3036 4396 est.
3080 4342 3221 4396 Nam
3266 4339 3518 4412 protinus
3563 4336 3615 4390 in

1953 4460 2004 4521 D
2029 4436 2226 4482 statum
2256 4445 2413 4483 suum
2445 4428 2705 4484 membris
2735 4426 3014 4494 restitutis,
3049 4445 3254 4484 caecum
3284 4442 3450 4500 quem
3491 4447 3618 4504 pau-

2025 4517 2078 4573 lo
2102 4526 2224 4572 ante
2254 4517 2503 4571 manibus
2531 4525 2750 4586 reptans
2778 4517 2845 4572 ad
2875 4517 3163 4573 ecclesiam
3214 4520 3392 4589 traxit,
3419 4519 3609 4575 ﬁrma-

2023 4607 2088 4660 tis
2114 4608 2226 4675 jam
2256 4605 2538 4678 gressibus
2566 4621 2668 4678 per
2694 4614 2893 4662 caetera
2923 4606 2977 4660 in
2999 4606 3192 4662 eodem
3235 4607 3439 4662 ambitu
3485 4625 3608 4663 ora-

2022 4694 2181 4749 tionis
2229 4693 2354 4750 loca
2398 4694 2658 4762 deduxit;
2706 4702 2759 4750 et
2807 4695 2933 4767 quia
2975 4695 3286 4765 aliquandiu
3326 4705 3516 4766 postea
3561 4697 3612 4750 in

2019 4783 2139 4854 ipso
2167 4782 2494 4838 monasterio
2522 4782 2741 4853 mansit,
2771 4782 2847 4837 ita
2876 4784 3129 4838 omnibus
3159 4784 3318 4840 etiam
3353 4785 3446 4858 qui
3493 4785 3614 4840 huic

2020 4870 2163 4926 facto
2192 4870 2373 4926 minus
2402 4870 2779 4942 interfuerant,
2811 4871 3047 4943 idipsum
3093 4872 3412 4942 declaravit,
3446 4882 3504 4930 ut
3549 4874 3614 4928 de

2019 4974 2085 5014 eo
2115 4959 2247 5014 nulli
2275 4959 2535 5032 deinceps
2562 4960 2774 5017 licuerit
2811 4961 3082 5018 dubitare.

2610 5083 2834 5140 CAPUT
2874 5083 3022 5141 XIV.

2379 5174 2548 5229 Terra
2576 5172 2642 5228 in
2687 5173 2934 5245 lapidem
2971 5190 3257 5231 conversa.

2087 5284 2323 5354 Quidam
2374 5285 2444 5341 de
2487 5301 2715 5342 numero
2781 5286 3225 5344 scholasticorum
3285 5289 3355 5342 ab
3423 5289 3610 5344 eodem

2015 5374 2158 5429 beati
2189 5373 2435 5431 Olhmari
2465 5375 2673 5430 tumulo
2703 5375 3022 5446 particulam
3071 5392 3214 5432 cerae
3266 5375 3454 5432 furtim
3499 5378 3615 5433 sub-

2015 5463 2194 5518 traxit.
2228 5464 2534 5536 Regressus
2553 5473 2733 5519 autem
2766 5465 2835 5519 ad
2858 5466 3150 5537 hospitium
3180 5481 3305 5521 cum
3333 5466 3615 5538 parvipen-

2014 5550 2170 5608 deret
2201 5553 2348 5625 quod
2376 5553 2664 5620 commisit,
2715 5554 2896 5609 statim
2924 5554 3208 5610 manifesta
3252 5555 3351 5610 Dei
3425 5570 3612 5611 corre-

2013 5642 2192 5698 ctione
2222 5641 2464 5699 stultitia
2489 5658 2602 5700 suae
2633 5657 2879 5700 errorem
2909 5643 3168 5701 confusus
3190 5643 3441 5716 agnovit.
3479 5642 3614 5700 Nam
