3996 6184
293 313 297 316 ’
374 316 507 370 1041
1790 320 1951 376 VITA
1978 319 2035 376 S.
2066 318 2402 379 OTHMARI.
2890 318 2901 324 ’
3531 328 3670 386 1042

327 441 345 451 ⁹
366 456 493 497 cum
527 439 778 497 eamdem
807 439 1132 512 particulam
1153 442 1223 499 de
1244 442 1364 498 sinu
1390 443 1679 515 proferret,
1729 444 1785 500 in
1821 444 1965 518 lapi-
1995 445 2050 507 A
2071 452 2279 501 tantum
2296 446 2576 519 supposita
2586 448 2820 517 jacebat.
2838 448 3182 505 Estimantes
3198 450 3364 523 igitur
3377 451 3532 508 multi
3546 468 3665 510 cor-

337 529 454 584 ‘dis
484 529 741 584 duritiam
771 545 895 585 eam
926 531 1124 601 reperit
1156 540 1557 588 commutatam.
1596 534 1841 605 Cumque
1883 543 1968 590 te-
2069 552 2172 607 pus
2202 536 2375 591 sancti
2407 536 2582 591 Patris
2613 538 2714 591 sub
2744 546 2889 593 terra
2918 538 3173 609 positum,
3203 554 3347 595 arcte
3376 556 3503 598 vero
3532 556 3663 599 con-

372 618 606 673 meritati
637 618 1052 675 obstinationem
1076 620 1364 689 junxisset,
1390 621 1565 677 multo
1590 631 1833 693 tempore
1862 624 1969 680 hoc

370 705 573 762 factum
600 723 631 761 a
652 717 971 763 cunctorum
995 709 1275 781 agnitione
1303 711 1815 782 abscondit,praater
1843 729 1968 768 eum

372 796 626 852 Videlicet
656 797 749 869 qui
778 805 829 851 et
848 799 1161 852 earumdem
1179 815 1365 853 rerum
1386 807 1515 856 tunc
1546 809 1658 855 erat
1690 801 1965 869 conscius,

372 885 558 940 ethoc
592 885 650 938 in
693 892 933 956 tempore
967 885 1215 943 miraculi
1257 888 1403 960 quod
1449 888 1731 945 retulimus
1772 890 1971 947 relator

371 981 548 1029 exstat
566 972 938 1031 ﬁdelissimus.

975 1106 1198 1163 CAPUT
1225 1107 1347 1164 XV.

649 1231 858 1287 Clerico
890 1231 1119 1287 cuidam
1148 1248 1354 1287 manus
1376 1233 1677 1288 restitutw.

442 1360 561 1415 Alio
591 1376 807 1431 quoque
836 1368 1081 1430 tempore
1098 1360 1327 1416 clericus
1358 1360 1580 1431 quidam
1609 1361 1845 1428 advenit,
1880 1361 1967 1416 cui

369 1448 647 1521 utriusque
694 1465 886 1502 manus
933 1448 1167 1504 ofﬁcium
1212 1449 1507 1503 miserabili
1524 1465 1753 1520 prorsus
1801 1451 1965 1505 modo

371 1536 542 1593 fuerat
584 1538 933 1608 denegatum.
989 1538 1127 1591 Nam
1169 1538 1433 1592 contortis
1469 1537 1525 1591 in
1562 1538 1739 1593 volam
1780 1538 1964 1609 digitis

369 1625 754 1698 unguibusque
783 1627 849 1679 ad
882 1642 1010 1681 ossa
1042 1641 1215 1697 usque
1244 1626 1547 1696 palmarum
1574 1626 1864 1692 immersis,
1889 1628 1964 1681 ni-
1996 1672 2001 1677 .

364 1715 491 1769 miis
521 1714 637 1768 sine
667 1714 1068 1769 intermissione
1096 1714 1440 1768 cruciabatur
1467 1714 1635 1768 miser
1657 1714 1959 1784 doloribus,

2069 624 2423 679 structionem
2453 625 2524 680 ad
2554 626 2951 699 designandum
2980 628 3354 683 tantummodo
3374 630 3665 700 sepultura

2068 710 2248 767 locum
2280 721 2659 769 caementatam
2683 758 2697 780 ,
2730 714 2854 770 ideo
2901 716 3163 770 tumulum
3204 732 3489 772 remanere
3517 718 3663 774 inta-

2072 808 2216 855 ctum
2246 817 2409 872 posse
2439 803 2748 869 credentes,
2779 820 2966 859 muros
2997 805 3245 861 ecclesiae
3269 806 3538 861 machinis
3566 822 3666 880 ag-

2070 890 2247 961 gressi
2288 890 2498 945 crebris
2542 891 2773 946 arietum
2819 892 3014 948 ictibus
3055 909 3217 949 ruere
3263 895 3662 965 compulerunt.

2069 976 2173 1045 Qui
2212 993 2336 1033 cum
2364 995 2429 1034 ex
2458 980 2606 1033 omni
2653 988 2805 1050 parte
2848 996 3064 1053 magna;
3112 982 3409 1037 altitudinis
3456 992 3659 1051 essent,

2066 1067 2282 1139 magnis
2324 1066 2699 1123 machinarum
2740 1069 3058 1140 impulsibus
3100 1070 3301 1140 pariter
3346 1086 3486 1141 pene
3533 1088 3662 1128 cor-

2068 1164 2302 1221 ruentes,
2337 1157 2589 1226 sepulcro
2620 1157 2717 1211 viri
2748 1158 2848 1211 Dei
2895 1158 3353 1228 superferrentur,
3384 1160 3578 1215 mirum
3607 1161 3663 1216 in

2067 1244 2287 1299 modum
2314 1245 2518 1299 nullam
2550 1261 2691 1301 arere
2721 1246 3042 1315 particulam
3070 1248 3344 1302 laeserunt.
3379 1247 3512 1317 Quae
3543 1265 3667 1305 eve-

2068 1332 2168 1387 ctis
2211 1333 2483 1389 cineribus
2514 1334 2593 1389 sic
2634 1335 2827 1389 intacta
2858 1352 2924 1389 ex
2954 1336 3101 1389 omni
3131 1345 3282 1406 parte
3312 1345 3526 1407 reperta
3556 1347 3658 1405 est,

2067 1436 2132 1476 ac
2188 1421 2233 1474 si
2289 1422 2435 1476 nullo
2490 1423 2798 1477 cadentium
2852 1424 3055 1494 impetu
3093 1425 3361 1495 parietum
3416 1426 3661 1495 impetita

2066 1509 2273 1567 fuisset.
2310 1511 2503 1566 Postea
2534 1528 2665 1566 vero
2695 1512 2820 1566 dum
2846 1513 3062 1583 quidam
3081 1529 3270 1567 saxum
3287 1515 3430 1568 haud
3451 1515 3661 1585 grande

2065 1615 2228 1668 super
2280 1615 2402 1654 eam
2458 1600 2673 1655 incaute
2723 1602 2963 1669 jecisset,
3022 1602 3267 1672 protinus
3315 1603 3547 1674 quadam
3594 1618 3661 1659 ex

2065 1696 2217 1757 parte
2248 1687 2520 1743 confracta
2550 1697 2650 1742 est.
2702 1690 2944 1744 Tandem
2974 1690 3154 1762 itaque
3184 1692 3405 1764 cognito
3435 1692 3579 1763 quod
3607 1691 3665 1746 in

369 1804 446 1858 ita
474 1811 529 1857 ut
554 1802 716 1857 etiam
742 1804 990 1874 quaedam
1018 1812 1203 1873 partes
1228 1819 1485 1857 manuum
1514 1803 1829 1873 putrefactas
1845 1776 1965 1876 grai
1984 1805 2037 1863 B
2068 1792 2132 1830 ea
2180 1776 2445 1876 reliquiae,
2467 1777 2637 1876 δίξθθέί
2683 1779 2855 1876 Patri?
2905 1779 3250 1876 haberem?“
3296 1797 3419 1876 °“_m
3445 1796 3664 1876 ,ωθὲωξ

370 1908 498 1948 vem
527 1891 747 1964 longius
802 1891 1033 1946 fetorem
1064 1893 1393 1947 emitterent.
1429 1894 1481 1946 Is
1510 1908 1633 1947 cum
1662 1908 1770 1946 non
1802 1893 1962 1963 longe

367 1980 516 2036 beati
544 1981 645 2035 viri
674 1981 881 2035 tumulo
909 1981 1249 2047 consisteret,
1285 1982 1463 2036 subito
1494 1964 1778 2052 cmperunt
1808 1982 1964 2054 digiti

368 2070 488 2138 ejus
537 2069 846 2139 singulatim
883 2086 947 2123 ex
997 2070 1187 2124 ordine
1233 2070 1392 2140 erigi,
1427 2077 1479 2125 et
1525 2070 1593 2124 ad
1640 2070 1963 2125 naturalium

368 2158 717 2215 concordiam
745 2157 1014 2212 actionum
1053 2157 1249 2213 redire.
1282 2159 1404 2228 Ipse
1435 2174 1567 2213 vero
1602 2159 1693 2228 qui
1724 2174 1821 2229 pro
1841 2174 1965 2214 con-

370 2262 531 2303 cesso
560 2246 803 2301 sanitatis
832 2247 976 2301 dono
1008 2247 1248 2317 gaudere
1276 2247 1558 2311 debuerat,
1592 2247 1796 2302 doloris
1841 2263 1961 2301 ma-

368 2334 709 2409 gnitudinem
750 2334 987 2390 clamore
1017 2335 1265 2390 horribili
1307 2336 1623 2400 testabatur,
1676 2343 1731 2389 et
1774 2336 1963 2392 eadem

369 2425 523 2489 hora,
546 2423 806 2477 manibus
835 2424 904 2478 ad
954 2423 1228 2495 integrum
1293 2424 1584 2491 restitutis,
1617 2424 1963 2496 postmodum

374 2526 539 2567 sanus
567 2511 858 2567 abscessit.

966 2625 1189 2682 CAPUT
1217 2626 1364 2682 XVI.

378 2741 651 2809 Quomodo
678 2742 826 2798 idem
851 2744 1172 2814 sepulcrum
1203 2745 1264 2798 in
1299 2744 1681 2799 destructione
1719 2743 1964 2798 basilica:

431 2814 677 2869 illesum
705 2816 1104 2885 permanserit,
1127 2818 1181 2869 et
1200 2816 1444 2886 qualiter
1473 2817 1534 2870 in
1565 2815 1749 2870 altum
1780 2815 1964 2870 locum

444 2886 697 2957 reliquiae
730 2887 838 2940 viri
866 2888 1056 2940 sancti
1076 2887 1375 2941 translata:
1395 2888 1533 2941 sint.

440 2995 584 3065 Quid
614 3012 788 3066 nuper
815 3012 1032 3068 quoque
1062 2996 1207 3052 circa
1240 2997 1485 3066 ejusdem
1515 2996 1618 3052 viri
1669 2996 1840 3052 sancti
1870 3012 1964 3051 se-

367 3086 612 3157 pulcrum
643 3093 856 3157 gestum
877 3086 966 3150 sit,
997 3086 1213 3157 quando
1253 3086 1483 3142 ecclesia
1508 3087 1567 3141 B.
1590 3085 1730 3140 Galli
1761 3086 1962 3142 readi-

2066 1880 2158 1919 eas
2184 1866 2389 1919 honore
2432 1865 2557 1919 inde
2610 1867 3019 1933 transtulerunt,
3066 1876 3119 1922 et
3160 1868 3215 1922 in
3263 1868 3490 1924 ecclesia
3520 1868 3667 1925 beati

2063 1953 2206 2008 Petri
2237 1960 2360 2024 post
2389 1953 2557 2008 altare
2589 1963 2883 2024 posuerunt
2912 1979 2960 2016 δ.

2643 2078 2869 2134 CAPUT
2906 2078 3077 2134 XVII.

2067 2186 2196 2254 Quae
2250 2184 2492 2240 ostensio
2550 2184 2611 2238 in
2670 2185 2860 2258 eodem
2917 2187 3162 2258 oratorio
3212 2186 3438 2242 cuidam
3486 2168 3664 2258 fratri

2611 2257 2987 2325 manifestata
3014 2257 3110 2311 sit.

2132 2372 2324 2427 Paucis
2373 2372 2570 2427 deinde
2597 2373 2791 2428 diebus
2822 2374 3045 2441 exactis,
3082 2374 3300 2446 quidam
3328 2374 3499 2430 frater
3527 2375 3659 2430 dum

2062 2469 2353 2515 nocturnas
2380 2461 2597 2531 vigilias
2626 2462 2964 2532 praeveniens
2993 2462 3139 2516 idem
3158 2462 3449 2517 oratorium
3466 2464 3661 2518 orandi

2063 2550 2237 2621 gratia
2266 2550 2495 2620 quadam
2517 2559 2675 2605 nocte
2691 2549 2881 2604 fuisset
2898 2550 3199 2621 ingressus,
3224 2559 3441 2624 totoque
3462 2549 3658 2607 aﬂ'ectu

2062 2637 2314 2708 precibus
2362 2638 2619 2693 insistens
2672 2639 2741 2693 ad
2797 2639 2968 2693 altare
3020 2639 3311 2694 direxisset
3367 2640 3654 2706 intentum,

2063 2726 2247 2781 nescio
2296 2743 2456 2797 quam
2484 2743 2514 2781 a
2545 2727 2752 2781 dextris
2794 2727 2980 2782 altaris
3011 2728 3065 2781 in
3094 2728 3360 2799 angelicae
3398 2728 3657 2784 claritatis

2064 2815 2237 2870 nitore
2267 2815 2399 2870 vidit
2429 2825 2575 2871 stare
2602 2832 2911 2887 personam,
2948 2816 3267 2872 sacerdotali
3308 2816 3527 2888 quidem
3556 2817 3658 2872 ha-

2065 2903 2177 2957 bitu
2208 2904 2637 2975 praefulgentem,
2688 2904 2825 2960 facie
2869 2913 3049 2959 autem
3080 2905 3147 2958 ad
3177 2905 3444 2960 orientem
3474 2922 3653 2972 versa,

2064 3000 2223 3065 gestu
2240 2993 2486 3063 corporis
2504 2993 2878 3048 intentissima:
2904 2993 3169 3049 orationis
3198 2993 3475 3065 specimen
3506 2993 3659 3048 exhi-

2066 3081 2284 3136 bentem
2318 3099 2332 3135 :
2364 3082 2686 3136 vestimenta
2731 3098 2863 3137 vero
2909 3082 3028 3154 ipsa
3075 3083 3204 3137 tanti
3253 3081 3659 3138 fuisse'nitoris

366 3173 566 3230 ficandi
621 3189 785 3229 causa
830 3174 1231 3239 destruebatur,
1294 3174 1619 3228 arbitramur
1675 3189 1782 3229 non
1838 3190 1960 3233 esse
1982 3160 2032 3224 Ο
2061 3171 2314 3236 asseruit,
2342 3178 2400 3225 ut
2415 3171 2667 3226 humanae
2696 3169 3022 3225 infirmitatis
3051 3172 3465 3227 reverberareut
3494 3170 3656 3226 obtu-

371 3262 584 3317 silentio
630 3262 1098 3333 supprimendum.
1150 3263 1209 3316 In
1273 3262 1465 3317 eadem
1513 3262 1760 3328 basilica,
1809 3263 1964 3331 juxta

370 3366 521 3407 aram
559 3350 702 3405 beati
718 3351 940 3405 Joannis
978 3350 1259 3421 Baptistae,
1309 3365 1440 3407 arca
1474 3351 1723 3421 quadam
1769 3350 1964 3421 parieti

371 3440 624 3512 contigua
652 3455 763 3494 non
788 3440 1003 3513 magnis
1064 3439 1335 3510 lapidibus
1390 3455 1554 3509 opere
1626 3439 1962 3496 caementicio

368 3529 425 3583 in
453 3537 686 3601 quatuor
712 3528 971 3584 lateribus
1021 3536 1355 3597 constructa,
1406 3528 1656 3599 superius
1677 3536 1861 3584 autem
1889 3536 1963 3583 ta-

370 3617 530 3686 bulis,
564 3634 788 3689 quarum
816 3617 1131 3689 grossitudo
1160 3618 1322 3672 trium
1351 3617 1437 3673 vel
1458 3625 1682 3689 quatuor
1698 3616 1964 3690 eratdigi-

372 3714 570 3774 torum,
607 3706 665 3762 in
701 3715 1067 3762 transversum
1104 3706 1295 3777 positis
1323 3713 1694 3777 caamentoque
1727 3705 1965 3776 desuper

370 3796 481 3851 litis
493 3803 748 3868 cooperta
763 3796 1065 3861 videbatur,
1085 3796 1138 3849 in
1152 3811 1257 3867 qua
1272 3795 1442 3852 sancti
1459 3794 1562 3851 viri
1580 3795 1964 3866 corpusculum

374 3885 535 3957 paulo
567 3885 725 3941 altius
750 3901 782 3941 a
805 3885 1112 3957 pavimento
1132 3900 1166 3940 a
1187 3884 1528 3941 sublevatum
1566 3884 1749 3940 tabula
1776 3883 1964 3956 lignea

424 4081 604 4137 {Nota
638 4089 829 4126 morem
849 4079 1141 4137 antiquum
1182 4079 1474 4126 asservandi
1514 4083 1800 4137 sanctorum
1834 4080 1967 4137 Arell-

372 4132 636 4194 quiasslc
668 4133 901 4194 monachi
942 4132 1376 4194 Lindisfarnenses
1418 4144 1601 4194 corpus
1642 4134 1965 4194 sancti__(;uth-

375 4185 503 4250 berti
536 4196 565 4232 e
602 4189 731 4248 terra
774 4186 1049 4250 levatum.¢
1072 4197 1308 4250 novaque
1346 4186 1397 4232 in
1448 4185 1591 4250 theca
1630 4187 1962 4250 reconditum,

373 4249 525 4301 supra
559 4241 899 4300 pavimentum
946 4240 1549 4302 sanctuarii'posuerunt,
1571 4256 1593 4280 ›
1631 4240 1796 4338 inq)uit
1836 4240 1964 4286 Beda

373 4303 425 4355 [ιι
447 4293 517 4355 lib.
550 4304 615 4355 εν,
636 4296 895 4355 Ηιὲιηςδρ.
916 4298 985 4339 30.
1009 4294 1272 4355 Legendus
1285 4294 1640 4355 _idcr_n_auctor,
1665 4296 1693 4338 ll
1711 4347 1719 4355 _
1738 4325 1747 4335 .
1767 4304 1831 4355 iv,
1853 4304 1962 4355 cap.

368 4350 397 4390 3
435 4346 519 4391 ubi
541 4346 777 4409 deacribit
796 4346 958 4393 locum
971 4346 1184 4402 sepulcri
1209 4349 1255 4392 S.
1282 4346 1488 4391 f‘eaddze
1500 4347 1778 4402 episcopi,¢
1793 4346 1962 4391 tumba

375 4381 541 4454 lignea
563 4410 615 4445 in
631 4402 837 4454 modum
876 4400 1192 4445 domuncula:
1214 4400 1338 4454 facta
1358 4401 1667 4454 coopertum.
1692 4400 1964 4454 habentem

369 4431 1026 4509 ὶὸῖῗιῖἑὶὶὶέθὶι“ίῖῐι’ἶ›“αἲ’ἴὸιέ,⁹ῥ”ἐῖ
1034 4431 1192 4509 ’ἔιῖἴὸἔ
1201 4431 1416 4498 ἑὸῖὲὂῖἧ
1423 4431 1721 4509 ἵίῆῖῐὲἑιῖἰβὲ
1728 4431 1961 4509 ’ἂᾌῖὀίἷὸῗ

2063 3267 2166 3313 tus.
2200 3259 2441 3331 Cumque
2467 3260 2584 3315 haec
2613 3259 2706 3314 diu
2753 3260 3119 3330 conspiceret,
3153 3268 3206 3315 et
3234 3267 3409 3314 utrum
3436 3259 3663 3330 propius

2062 3348 2288 3403 deberet
2318 3349 2585 3403 accedere
2616 3348 2771 3402 anxia
2800 3349 2996 3403 mentis
3027 3348 3321 3420 agitatione
3351 3348 3658 3415 trutinaret,

2060 3451 2295 3506 persona
2344 3452 2466 3506 quae
2507 3444 2830 3506 apparuerat
2860 3452 2919 3490 se
2951 3437 3291 3505 subtrahens,
3337 3452 3459 3491 eum
3489 3437 3660 3490 mira-

2062 3524 2182 3580 culo
2213 3532 2266 3578 et
2296 3532 2515 3594 stupore
2545 3530 2951 3578 consternatum
2983 3524 3219 3595 reliquit.
3243 3525 3366 3579 Non
3389 3532 3471 3579 est
3500 3524 3669 3595 igitur

2060 3612 2379 3669 incredibile
2421 3612 2674 3666 eumdem
2721 3611 3088 3666 venerabilem
3130 3612 3307 3667 virum
3350 3612 3658 3682 praesentiae

2063 3718 2174 3757 suae
2202 3701 2408 3757 visione
2437 3699 2717 3756 declarare
2745 3699 3001 3765 voluisse,
3035 3698 3201 3772 digne
3246 3700 3392 3755 circa
3422 3699 3659 3755 transla-

2061 3789 2265 3846 tionem
2323 3805 2476 3845 suam
2534 3787 2784 3844 fraternae
2839 3787 3145 3844 devotionis
3194 3787 3442 3843 iteratam
3489 3786 3659 3843 fuisse
3718 3776 3724 3781 ’

2063 3880 2358 3935 solertiam.

2061 4055 2485 4116 tur-monumenta
2503 4056 2553 4116 ξ.
2576 4052 2812 4116 ger-nardi
2847 4051 3242 4116 et.S..Ma_lachia9
3280 4051 3413 4116 apud
3438 4051 3659 4116 Claram-

2061 4108 2255 4154 vallem.
2282 4110 2470 4163 Corpus
2500 4109 2549 4152 S.
2573 4108 2797 4154 Othmari
2842 4106 2911 4153 ad
2958 4106 3188 4152 dextram
3233 4106 3435 4164 partem
3468 4106 3660 4152 altaris

2061 4162 2221 4222 fuisse
2250 4160 2747 4222 collocatum,_tra_dl_t
2794 4163 2873 4222 Iso
2903 4160 3182 4222 mopaellus
3199 4158 3251 4222 in
3282 4159 3368 4220 lib.
3399 4169 3415 4222 ε
3443 4159 3658 4222 yiraeu-

2059 4216 2433 4275 lorum,_cap._5.
2460 4212 2595 4275 quod
2636 4214 2953 4275 gedaetiam
2972 4213 3035 4259 de
3055 4215 3137 4259 SS.
3159 4212 3355 4275 Aidani
3370 4214 3419 4257 et
3440 4212 3650 4259 Ceadda

2062 4268 2293 4323 reliquiis
2318 4265 2532 4313 afﬁrmat
2555 4267 2605 4312 in
2636 4268 2757 4313 Hist.
2780 4266 2865 4313 lib.
2888 4278 2960 4322 ut,
2982 4276 3123 4322 capp.
3158 4269 3209 4311 17
3238 4268 3287 4311 et
3305 4270 3372 4310 93.

2116 4356 2139 4390 δ
2170 4348 2356 4406 Nempe
2376 4358 2651 4406 anno,_no_n
2678 4352 2772 4400 7-29.
2815 4350 2870 4394 ut
2890 4346 3186 4406 Hepldanno
3221 4344 3552 4406 videturqu
3579 4344 3659 4406 in-

2061 4398 2321 4462 sequente.
2372 4398 2707 4463 uteolligitur
2726 4398 2787 4465 ex
2820 4398 3094 4463 consecuta
3135 4398 3483 4460 translationis
3504 4398 3658 4444 histo-

2063 4464 2153 4499 ria.
2178 4456 2315 4499 Certe
2336 4454 2558 4500 besulicaa
2593 4457 2751 4500 sancti
2801 4454 2922 4500 Galli
2965 4454 3383 4498 instaurationem
3424 4455 3659 4501 annoeao

371 4506 456 4579 93?:
464 4507 566 4579 id!
570 4506 687 4579 831‘!
692 4506 773 4579 ἓὲι
783 4506 996 4579 E‘J‘PPIP.
1004 4506 1242 4579 ,ΨΒίῖἱῇ
1250 4522 1294 4579 .3.
1303 4506 1631 4579 P‘E‘.§§9§.‘.’.‘.
1654 4506 1965 4579 ξὲεὲλέἒηὶίξζ
1984 4519 2036 4579 Β
2065 4506 2221 4579 ΞΨἒὲεέ
2231 4569 2258 4579 -
2269 4507 2738 4579 ίξξειιραέω..9.ιξφι
2752 4562 2779 4579 ι.
2792 4511 2875 4579 ηεξ
2880 4508 2987 4579 ξ’Ξὲ
2992 4517 3061 4579 ‘39.
3070 4508 3226 4579 “11'.”
3247 4506 3464 4579 διθξηέςειὲ
3473 4513 3662 4579 .mPPf:

371 4560 510 4614 mulo
529 4560 572 4603 S.
592 4558 865 4614 Venerandl
890 4559 1113 4614 episcopi
1152 4558 1321 4614 scribit
1361 4558 1633 4614 Gregorius
1660 4559 1965 4604 Turonensis

373 4612 641 4668 episcopus
662 4612 817 4668 inlib.
836 4613 899 4657 de
920 4611 1084 4659 Gloria
1103 4613 1268 4668 conf.,_
1288 4622 1395 4668 cap.
1428 4616 1496 4664 37,
1528 4611 1819 4667 ibidemque
1855 4621 1965 4668 cap.

380 4667 800 4722 44._’l'ranqull_lusﬁ
836 4676 1103 4722 episcopus
1130 4666 1412 4722 sepulcrum
1465 4666 1841 4722 superterram
1878 4666 1968 4710 ba-

381 4718 553 4765 buisse
574 4718 884 4776 perhibetur:
912 4722 968 4766 In
996 4718 1131 4766 hunc
1171 4718 1276 4766 fere
1294 4718 1500 4765 modum
1531 4718 1780 4765 hactenus
1797 4719 1969 4765 visun-

2066 4559 2407 4621 _chus_inulib.t
2445 4560 2509 4621 de
2548 4560 2722 4621 Mirati;
2752 4562 2798 4621 _S.
2840 4556 3292 4621 Oihmari.__e‘ap.;5
3314 4556 3661 4621 scribitbha‘nc

2065 4613 2443 4673 translationem
2482 4613 2673 4673 factam.
2697 4612 2857 4673 tuisse
2879 4627 2901 4651 ε
2934 4609 3276 4673 xvuulgale'nd.
3300 4609 3451 4673 μεμε.
3470 4609 3551 4673 in
3578 4609 3662 4673 die

2065 4664 2712 4768 ἰθέἓὲοαρῗέιξξῗέἓῗάὧ
2746 4666 2824 4712 est
2857 4674 2993 4712 anno
3029 4667 3124 4720 830,
3162 4672 3264 4721 quo
3300 4663 3561 4713 Panchaia
3598 4671 3664 4708 xv
