3996 6184
265 375 403 433 1043

901 348 1305 414 WALAFRIDI
1334 334 1806 401 STRABIFULD.
1838 327 2012 386 MON.
2045 323 2199 381 OPP.
2229 317 2407 377 PARS
2434 316 2503 372 II.
2533 304 3013 368 —lIISTORICA.

3432 297 3457 348 1
3468 295 3573 349 οιι

274 463 3572 561 ________________________________————

708 663 1157 801 VITA
1275 640 1929 786 SANCTI
2026 607 3120 762 BLAITMAICI

1418 892 1645 939 ABBATIS
1702 882 1945 929 BHENSIS
1997 879 2068 921 ET
2124 871 2423 918 MARTYRIS.

552 1080 733 1157 (Apud
763 1071 1156 1137 Mabillonium,
1190 1070 1324 1123 Acta
1355 1063 1679 1119 Sanctorum
1708 1047 1914 1107 ordinis

1947 1045 2005 1100 S.
2036 1037 2263 1103 Bened.,
2299 1049 2427 1089 saec.
2460 1045 2543 1096 In,
2578 1042 2645 1083 ex
2668 1021 2888 1080 Canisio
2914 1026 2967 1074 ct
2996 1010 3307 1083 Bollando.)

1689 1170 2193 1198 ____...——

879 1309 921 1363 I.
964 1307 1280 1361 Paonocus.

352 1437 411 1494 Si
437 1439 641 1491 tantam
666 1438 915 1503 meruere
943 1435 1041 1475 suo
1069 1431 1167 1488 pro
1197 1409 1434 1469 carmine
1460 1405 1685 1468 famam,

291 1526 396 1598 Qui
424 1498 828 1581 scelerosorum
854 1525 1040 1566 mores
1069 1514 1122 1561 et
1152 1503 1296 1558 facta
1326 1498 1565 1553 tulerunt

287 1586 563 1672 faudibus
592 1609 647 1664 in
676 1604 894 1671 coelum,
928 1594 1131 1671 perfusi
1159 1586 1423 1647 daemonis
1454 1590 1589 1647 arte,

282 1702 498 1761 Frivola
526 1702 806 1754 nectentes
833 1668 1114 1746 hominum
1142 1678 1474 1736 monimenta
1502 1668 1769 1725 malorum
1800 1680 1814 1716 :

284 1794 396 1850 Cur
422 1805 534 1846 non
560 1783 783 1840 liberius
812 1784 1127 1834 sanctorum
1154 1769 1295 1824 facta
1326 1775 1609 1823 canamus,

278 1846 435 1951 duos
463 1874 736 1949 placuisse
766 1871 883 1924 Deo
912 1863 1070 1920 nobis
1099 1854 1364 1914 miracula
1392 1846 1674 1922 produnt?

442 1934 571 2020 fidei
602 1961 796 2017 virtute
827 1960 1021 2028 gerunt
1047 1964 1149 2019 per
1178 1956 1406 1999 munera
1438 1934 1657 1993 Christi.

285 2019 426 2113 Nam
457 2050 735 2121 Scriptura
764 2019 927 2107 canit,
960 2036 1193 2093 Domino
1225 2029 1526 2102 spondente
1560 2019 1770 2094 pusillis
1805 2035 1819 2071 :

288 2107 607 2215 0s‘apﬁerire
636 2144 787 2191 tuum
817 2128 1059 2191 studeas,
1098 2137 1203 2196 ego
1238 2118 1402 2175 verba
1433 2112 1681 2168 ministro
1713 2107 1892 2178 (Psal.

1691 2195 1894 2266 Lxxx).

363 2320 720 2391 QuaprOpter,
751 2303 1060 2367 venerande
1092 2302 1271 2362 Pater,
1304 2288 1627 2352 charissime
1657 2285 1829 2351 Felix,

292 2387 589 2479 Praeceptis
617 2414 806 2474 parere
835 2395 951 2452 tuis
969 2409 1036 2448 ex
1063 2387 1226 2445 corde
1256 2389 1478 2456 paratus
1789 2399 1792 2402 ~

295 2467 522 2558 Strabus
546 2467 670 2565 ego,
703 2485 851 2543 misit
879 2497 1041 2556 quem
1068 2486 1213 2534 terra
1245 2467 1594 2529 Alamannica
1620 2470 1770 2531 natu,

299 2587 546 2646 Scribere
574 2559 819 2651 disposui
847 2574 916 2628 de
945 2570 1053 2627 vita
1083 2574 1136 2622 et
1162 2563 1271 2619 ﬁne
1300 2559 1449 2616 beati

295 2641 613 2737 Blaitmaici,
646 2641 835 2742 genuit
863 2675 1027 2734 quem
1057 2656 1212 2712 dives
1242 2646 1497 2706 Hibernia
1526 2641 1751 2707 mundo,

295 2735 917 2836 Martyriiquevsequens
947 2745 1094 2803 misit
1122 2738 1384 2815 perfectio
1414 2735 1574 2800 coelo,

299 2829 477 2929 Ipsius
508 2829 578 2907 ut.
594 2843 803 2903 meritis
832 2838 1044 2897 veniam
1073 2849 1176 2905 per
1205 2829 1370 2886 saecla
1398 2836 1701 2896 capessam.

530 2966 599 3021 II.
632 2963 955 3018 Burrum:
982 2963 1206 3015 parum,
1237 2957 1449 3000 REGIUM
1480 2951 1681 2995 GENUS.

378 3072 575 3149 Reguli
603 3070 673 3126 de
703 3066 870 3136 stirpe
899 3068 1068 3124 satus,
1102 3064 1483 3120 summumque
1515 3046 1774 3101 decorem

308 3140 626 3225 Nobilitatis
651 3156 880 3216 habens,
912 3146 1142 3204 ﬂorebat
1171 3141 1361 3214 regius
1383 3140 1563 3191 haeres

302 3258 417 3314 Iste
446 3250 549 3309 Dei
578 3251 795 3303 sanctus
823 3239 992 3296 vitam
1020 3231 1272 3289 ducendo
1302 3225 1595 3298 pudicam;

311 3307 581 3415 Euodque
611 3334 750 3390 solet
778 3342 900 3385 raro
931 3324 1133 3381 factum
1159 3327 1213 3375 et
1242 3333 1353 3373 non
1383 3328 1529 3385 saepe
1555 3307 1729 3368 videri
1762 3324 1776 3363 :

317 3403 533 3501 (inanti)
558 3422 732 3491 major
756 3423 893 3483 erat,
924 3419 1073 3469 tanto
1100 3406 1363 3479 dejectior
1393 3403 1524 3458 ibat.

317 3490 458 3592 Spes
484 3512 690 3588 patriae,
722 3508 938 3564 fortuna
966 3499 1155 3574 patris,
1189 3513 1282 3553 rex
1312 3494 1403 3550 ille
1432 3490 1683 3557 futurus;

319 3587 533 3665 Iudicio
554 3603 752 3674 justus,
782 3593 1046 3668 prudens,
1077 3596 1131 3645 et
1158 3598 1391 3657 corpore
1420 3587 1626 3645 castus,

324 3671 570 3761 Sobrius,
602 3694 843 3755 ornatus,
869 3679 1162 3754 jocundus,
1194 3681 1406 3739 cautus,
1437 3671 1700 3725 honestus
1734 3682 1748 3719 :

321 3782 535 3844 Nobilis
557 3759 619 3835 in
647 3790 850 3851 genere
878 3768 1127 3845 egregio,
1160 3759 1482 3839 generosior
1511 3763 1671 3823 actu;

326 3869 605 3943 Obsequio
632 3850 896 3935 locuples,
929 3857 1125 3914 melius
1155 3850 1444 3909 virtutibus
1474 3853 1699 3914 auctus;

322 3936 610 4021 Tractabat
633 3954 805 4011 laicus
833 3948 980 4023 quod
1009 3942 1240 4019 clericus
1269 3936 1553 3996 efficiebat.

327 4051 496 4121 Cujus
523 4040 902 4103 honorandum
930 4048 1133 4092 nomen
1161 4043 1417 4086 sermone
1448 4022 1657 4087 Latino,

328 4107 561 4197 Pulcher
587 4139 748 4191 natus
775 4136 801 4164 α
829 4126 986 4183 adest
1018 4140 1031 4177 :
1061 4117 1367 4189 meritoque
1396 4109 1701 4186 probabilis
1732 4107 1824 4164 illo

330 4225 565 4285 Nomine
591 4222 790 4295 dignus
818 4220 952 4280 erat,
986 4214 1201 4267 Patrem
1233 4205 1326 4278 qui
1355 4201 1811 4272 cunctipotentem

331 4314 536 4389 Elegit,
563 4293 904 4386 pulchroque
930 4302 1108 4358 Deum
1139 4293 1387 4370 quaesivit
1417 4305 1620 4346 amore.

705 4414 798 4471 III.
830 4411 1004 4467 Fucrr
1034 4420 1107 4462 an
1139 4411 1563 4461 mammarum.

406 4523 715 4588 Sordebant
745 4527 958 4577 terrena
987 4512 1170 4570 animo
1200 4506 1387 4565 divina
1409 4502 1633 4577 petenti,

339 4620 729 4685 Secretumque
754 4610 931 4665 latens
959 4604 1014 4660 in
1044 4601 1162 4657 solo
1189 4603 1415 4671 pectore
1442 4590 1660 4658 mansit,

337 4708 530 4765 Donec
557 4700 629 4758 ad
642 4680 911 4756 effectum
938 4688 1208 4765 processit
1236 4692 1426 4742 sancta
1455 4680 1722 4739 voluntas.

344 4792 666 4853 Cmnobium
698 4786 883 4844 furtim
905 4780 1178 4855 quoddam
1209 4776 1325 4831 sine
1356 4779 1494 4828 teste
1521 4768 1740 4841 petebat
1772 4783 1786 4819 :

343 4883 558 4955 Quique
588 4878 687 4936 fuit
716 4874 932 4949 pridem
959 4868 1146 4942 patriae
1174 4880 1273 4937 per
1301 4859 1551 4934 regmina
1577 4855 1853 4952 princeps,

341 4941 578 5028 Nomine
605 4983 704 5039 pro
716 4941 929 5021 Christi
958 4941 1041 5015 est
1070 4956 1245 5012 factus
1272 4958 1401 5008 tunc
1431 4962 1598 5004 verna
1625 4941 1869 4999 minoris.

346 5035 694 5117 Fascibus—in
723 5050 918 5109 mediis
946 5046 1039 5121 qui
1065 5042 1341 5117 quondam
1371 5035 1562 5093 terruit
1589 5048 1800 5098 omnes,

352 5144 624 5205 Omnibus
653 5138 908 5198 admissis
940 5135 1155 5193 sibimet
1185 5130 1302 5186 sine
1332 5125 1501 5182 milite
1530 5122 1713 5180 servit.

350 5254 444 5313 IV.
477 5252 682 5307 Parens
709 5261 839 5303 ams
868 5252 1278 5302 pnocsnuuoua
1307 5244 1625 5290 ILLacaaM:
1649 5238 1943 5283 DISCUSSJE.

422 5360 586 5417 Fama
608 5361 669 5410 ut
697 5352 835 5409 forte
864 5349 1054 5406 volans
1081 5344 1249 5418 patris
1276 5338 1525 5415 pervenit
1552 5336 1621 5392 ad
1649 5349 1830 5398 aures,

352 5450 491 5509 Hinc
537 5454 725 5516 stupor
781 5447 942 5510 atque
986 5435 1144 5490 dolor
1171 5440 1411 5487 mentem
1454 5428 1674 5484 cinxere
1702 5418 1943 5494 parentis

358 5538 702 5597 Subtractum
729 5528 878 5587 dolet
905 5522 1198 5592 haeredem,
1228 5519 1496 5591 mittitque
1526 5520 1790 5578 senatum,

1956 4006 2005 4070 C

1905 1277 1962 1339 Α
1982 1269 2236 1344 Agmina,
2267 1270 2551 1337 praetores,
2581 1256 2863 1331 populum,
2898 1256 3191 1325 praecepta,
3225 1244 3520 1317 maniplos.

1982 1335 2213 1431 Duxque
2269 1335 2577 1422 comesque
2642 1347 2813 1415 ibant,
2880 1344 3235 1414 properanter
3292 1335 3585 1406 cpiscopus

3420 1428 3563 1477 astat

3420 1428 3563 1477 astat

1986 1508 2367 1603 Abbatumquc
2395 1528 2613 1592 cohors,
2646 1520 2829 1587 vicini,
2861 1533 3025 1575 carne
3050 1512 3339 1586 propinqui
3362 1422 3418 1580 ;[
3564 1462 3581 1491 ⁷

1974 1628 2106 1681 -Hoc
2134 1622 2311 1677 solum
2337 1618 2545 1672 nitente
2574 1628 2755 1676 manu,
2791 1609 2836 1663 si
2866 1606 3109 1679 qualibet
3137 1610 3251 1657 arte

1991 1713 2284 1770 Eﬁicerent
2314 1706 2574 1762 reducem
2603 1701 2765 1757 vitata
2791 1693 3035 1769 pericula
3058 1698 3295 1746 mentem

1993 1801 2169 1858 Corde
2200 1796 2379 1851 subire
2409 1792 2534 1848 alio.
2569 1790 2616 1845 Ο
2646 1788 2770 1844 talis
2797 1800 2961 1858 quam
2991 1797 3139 1838 caeca
3167 1778 3417 1835 voluntas
3453 1793 3468 1829 :

1994 1891 2091 1946 [lle
2119 1885 2474 1959 procellarum
2508 1896 2567 1935 se
2597 1878 2686 1935 vix
2715 1877 2784 1931 de
2814 1872 3030 1946 gurgite
3059 1868 3313 1939 dempsit,

1996 1976 2345 2048 Quaesitoque
2374 1971 2466 2026 diu
2496 1967 2730 2023 titubans
2762 1962 2907 2018 stetit
2936 1960 3171 2015 anchora
3200 1962 3378 2027 portu.

1993 2047 2249 2125 Nondum
2277 2075 2529 2118 curarum
2558 2054 2729 2127 potuit
2757 2053 2970 2107 laxasse
2999 2047 3279 2110 rudentes,

1994 2157 2110 2211 Nec
2137 2163 2282 2208 terra
2314 2148 2498 2203 ﬁxisse
2533 2145 2767 2217 pedem;
2798 2155 2922 2196 cum
2954 2136 3165 2193 concita
3194 2131 3372 2188 ventis

1996 2249 2144 2301 Aura
2172 2236 2503 2313 pharetratis
2532 2231 2760 2303 impegit
2788 2230 2856 2283 ab
2884 2241 3105 2298 aequore
3136 2221 3380 2294 puppim.

1996 2334 2172 2405 Vique
2202 2344 2301 2385 sua
2330 2324 2616 2382 tremulam
2643 2319 2968 2375 dissolveret
2994 2313 3137 2369 unda
3166 2310 3425 2373 carinam,

1997 2422 2068 2478 Ni
2086 2399 2311 2492 regeret
2338 2429 2579 2487 proram,
2614 2410 2707 2483 qui
2740 2406 2937 2463 saecula
2961 2409 3157 2460 cuncta
3184 2399 3475 2473 gubernat.

2197 2525 2264 2580 V.
2296 2524 2620 2578 BLAITMAICI
2658 2528 2962 2577 vm'rU'ras;
2998 2518 3396 2564 nummorum.

1935 2639 1988 2699 Β
2065 2635 2191 2690 Mox
2221 2630 2360 2685 miro
2389 2644 2422 2683 a
2453 2625 2663 2683 cunctis
2690 2636 2909 2691 semper
2936 2616 3251 2686 complexus
3280 2624 3488 2679 amore,

2005 2726 2337 2780 Cunctorum
2365 2714 2569 2771 studuit
2591 2710 2707 2766 fieri
2738 2709 2956 2778 dicique
2982 2703 3251 2759 minister.

2003 2814 2183 2869 Mente
2214 2806 2453 2869 humilis,
2487 2803 2688 2872 lingua:
2716 2805 2920 2862 custos,
2952 2803 3006 2850 et
3032 2806 3228 2848 norma
3254 2788 3549 2844 bonorum.

2004 2901 2185 2959 Verba
2213 2897 2314 2953 Dei
2346 2894 2566 2964 capiens
2596 2887 2797 2945 sitienti
2827 2884 2994 2941 corde
3019 2882 3267 2947 libenter,

2006 2987 2265 3047 Discendi
2298 2982 2540 3039 studiosa
2568 2993 2770 3052 gerens
2799 2971 3117 3045 praecordia,
3149 2967 3304 3023 libris

2007 3075 2301 3135 Perdidicit
2330 3071 2511 3127 divina
2541 3067 2719 3123 animo
2747 3065 3071 3120 documenta
3100 3056 3301 3129 sagaci.

2013 3167 2211 3238 Sicque
2241 3163 2435 3234 vigens
2465 3156 2835 3213 doctrinarum
2863 3162 3184 3220 morumque
3212 3144 3411 3209 nitore,

2011 3236 2250 3327 Agmina
2276 3250 2570 3306 multorum
2598 3243 2738 3300 rexit
2764 3238 3081 3297 veneranda
3110 3236 3385 3300 virorum;

2012 3322 2293 3413 Exemplis
2322 3353 2422 3394 sua
2451 3336 2595 3392 dicta
2620 3332 2879 3404 probans,
2912 3340 3189 3397 vanosque
3220 3322 3436 3378 favores

2014 3435 2120 3490 Pro
2150 3411 2321 3486 nihilo
2350 3428 2556 3482 ducens
2589 3439 2602 3480 :
2636 3421 2724 3478 cui
2751 3421 2870 3475 laus
2901 3424 2955 3472 et
2982 3413 3159 3489 gloria
3188 3411 3362 3467 solum

2016 3521 2263 3579 Christus
2306 3524 2444 3583 erat,
2489 3511 2735 3569 Christus
2780 3521 2983 3572 sermo,
3027 3502 3274 3560 Christus
3313 3498 3616 3554 documen-

3459 3584 3613 3657 [ιιιηι.

2018 3701 2133 3756 Pax
2163 3695 2408 3768 clypeus,
2440 3689 2608 3748 lorica
2636 3699 2854 3759 preces,
2884 3679 3145 3755 patientia
3176 3677 3397 3746 bellum,

2020 3789 2210 3845 Mucro
2238 3784 2338 3840 Dei
2367 3781 2615 3845 verbum,
2648 3792 2774 3848 Spes
2804 3781 2859 3831 et
2885 3771 3107 3828 dilectio
3137 3776 3326 3825 totum.

2020 3876 2168 3933 Nulli
2196 3872 2450 3937 detraxit,
2482 3868 2615 3924 nulli
2641 3863 2885 3922 convicia
2916 3859 3127 3917 struxit.

2026 3963 2249 4037 Singula
2279 3960 2409 4032 quid
2440 3957 2545 4013 fari
2571 3971 2671 4027 per
2705 3952 2919 4024 singula
2947 3949 3117 4006 verba
3144 3960 3372 4001 necesse
3400 3951 3503 4009 est,

2029 4055 2163 4111 Cum
2194 4047 2455 4124 quidquid
2484 4044 2684 4118 legitur
2713 4043 2989 4104 virtutum,
3022 4038 3123 4091 rite
3150 4040 3380 4103 teneret,

2028 4144 2099 4199 Et
2126 4126 2388 4214 quidquid
2418 4133 2531 4192 vitii
2559 4137 2821 4188 monstrat
2851 4126 3151 4198 Scriptura,
3184 4128 3395 4179 caveret

2032 4213 2298 4289 Omnibus
2328 4225 2566 4282 existens
2595 4219 2826 4276 feliciter
2852 4215 3037 4273 omnia
3067 4213 3258 4282 factus,

2030 4318 2102 4378 Ut
2129 4324 2355 4375 cunctos
2384 4313 2584 4369 faceret
2614 4308 2831 4366 Christo
2861 4322 2957 4361 sua
2986 4303 3137 4360 lucra
3167 4299 3392 4357 referre.

2031 4407 2189 4467 Utilis
2220 4412 2272 4462 et
2299 4402 2540 4477 prudens
2572 4414 2763 4455 servus
2792 4411 2890 4469 per
2915 4392 3074 4450 ovilia
3102 4388 3321 4458 Christi,

2032 4499 2302 4568 Tempore
2330 4492 2424 4565 qui
2451 4497 2599 4547 certo
2628 4500 2939 4543 mensuram
2971 4481 3134 4537 farris
3163 4478 3330 4550 opimi

2038 4567 2330 4644 Conservis
2358 4580 2620 4644 tribuens,
2652 4574 2879 4631 radiavit
2906 4571 3109 4642 ubique
3138 4567 3334 4623 ﬁdelis.

2356 4688 2445 4743 VI.
2475 4688 2755 4742 Maurran
2782 4692 3008 4736 mum
3030 4688 3307 4733 EXOPTAT.

2110 4799 2290 4868 thue
2316 4793 2452 4849 nihil
2479 4789 2675 4855 meriti,
2704 4787 2837 4843 nihil
2866 4793 2920 4841 et
2948 4781 3239 4857 probitatis
3266 4781 3505 4843 abesset,

2042 4884 2284 4957 Martyrii
2310 4882 2547 4954 palmam
2575 4876 2821 4951 quaesivit
2847 4881 3028 4929 mente
3057 4870 3316 4943 benigna,

2044 4973 2253 5045 Smpius
2282 4974 2387 5026 hac
2416 4984 2578 5026 causa
2604 4964 2924 5039 peregrinas
2953 4961 3129 5017 visere
3160 4968 3334 5014 terras

2042 5063 2228 5128 Nisus,
2260 5061 2330 5116 ab
2359 5060 2596 5128 incoepto
2622 5054 2824 5127 populo
2852 5051 3163 5107 retrahente
3195 5046 3416 5119 quievit,

2048 5151 2205 5209 Unde
2235 5148 2416 5204 animo
2446 5145 2586 5202 sedit
2612 5143 2839 5217 fugitivo
2867 5140 3005 5196 calle
3030 5150 3318 5209 parumper

2048 5241 2299 5312 Optatem
2328 5243 2537 5293 tentare
2565 5233 2706 5289 viam
2732 5247 2854 5287 cum
2882 5227 3273 5309 discipulorum

2050 5329 2286 5403 Agmine
2314 5342 2421 5381 non
2451 5323 2640 5388 multo,
2670 5320 2909 5392 pretiosa
2936 5303 3161 5372 monilia
3188 5327 3375 5368 secum

2050 5397 2320 5475 Virtutum
2351 5414 2452 5469 sub
2481 5411 2624 5467 mole
2644 5425 2840 5483 gerens
2874 5424 2886 5462 :
2918 5404 3197 5477 ruptisque
3224 5397 3481 5467 tenebris,

2051 5508 2223 5563 Nocte
2251 5504 2434 5576 fugam
2466 5501 2707 5573 capiens,
2739 5502 3099 5570 properanter
3125 5490 3279 5548 abire
3306 5488 3555 5561 parabat.

410 5758 432 5783 ι
457 5742 601 5791 Nunc
634 5735 765 5788 ὁταὴ
792 5734 901 5784 sive
927 5730 1056 5782 brae
1084 5722 1323 5776 Hibernia
1343 5718 1618 5784 pulchrum
1645 5717 1812 5771 sonat.
1834 5722 1952 5763 meo
1966 5710 2157 5767 tilium;
2184 5719 2245 5759 ex
2264 5707 2520 5757 Bollando.
