4024 6194
323 299 466 355 1045
1566 303 1728 359 VITA
1784 304 1840 360 S.
1880 304 2322 398 BLAITMAICI.\

2030 304 2322 398 .TMAICI.\
3482 316 3620 373 1086

328 423 477 479 Ecce
506 422 898 494 superveniens
928 422 1168 497 fugitivis
1198 425 1357 481 turba
1388 434 1731 498 sequentum,
1948 430 2006 491 A
2024 430 2121 482 Ast
2151 428 2239 483 alii
2270 428 2466 501 quibus
2495 430 2600 487 hoc
2628 432 2871 487 nondum
2898 431 3095 506 fiducia
3149 437 3346 492 mentis

329 513 417 567 Ad
446 511 634 568 caulas
658 521 817 584 capto
846 514 1070 569 retrahit.
1097 523 1319 585 pastore
1348 515 1614 571 bidentes.
2027 516 2317 586 Persuasit,
2353 534 2455 591 per
2483 525 2608 575 nota
2638 518 2823 593 fugam
2853 521 2974 578 loca
2998 523 3142 581 calle
3173 534 3482 596 capessunt.

329 601 447 656 Hoc
477 616 692 673 quoque
722 618 833 657 non
863 610 1095 669 taceam,
1128 611 1348 659 sanctus
1379 605 1526 676 quod
1557 604 1792 676 Spiritus
1820 604 1917 672 illi,

332 660 921 761 More.prolphetarum,
957 708 1142 747 rerum
1172 660 1644 749 secreta-ferebat.
2416 660 2513 714 Ix'
2548 662 2841 717 1"“me
2870 677 3221 721 eonommn'

331 779 476 834 Nam
502 779 632 834 dum
660 779 803 834 fama
830 788 1044 851 patrem
1072 781 1237 853 longe
1265 782 1480 853 lateque
1510 783 1651 838 beati
2096 794 2277 848 Aurea
2303 792 2599 850 discutiens
2624 795 2882 851 tenebras
2911 811 3111 853 aurora
3141 798 3422 855 madentes

332 867 510 938 Ipsius
538 869 608 922 ad
639 884 867 939 superos
897 870 1002 924 vita
1036 869 1275 941 fugiente
1305 870 1523 926 volasse
2027 880 2248 948 Claruit,
2283 890 2334 936 et
2363 881 2563 937 nitidus
2592 883 2823 954 pulchro
2852 884 2935 941 sol
2963 886 3097 942 orbe
3127 886 3370 943 refulsit:

332 956 613 1025 Proderet,
646 958 893 1028 exposuit
922 974 1033 1013 non
1063 974 1204 1025 esse,
1240 959 1337 1014 sed
1367 976 1488 1015 esse
1517 960 1758 1015 futurum
2028 970 2160 1026 Cum
2188 985 2343 1027 sacer
2369 971 2455 1026 hic
2482 996 2486 1018 .

2030 970 2160 1026 Cum
2188 985 2343 1027 sacer
2369 971 2455 1026 hic
2482 971 2677 1028 doctor
2705 973 2996 1029 missarum
3025 983 3215 1031 sancta
3243 975 3525 1032 celebrans

335 1045 465 1101 Post
487 1046 762 1102 modicnm
792 1053 1024 1118 tempUS,
1056 1056 1245 1103 sancto
1275 1048 1570 1119 spiramine
1595 1050 1809 1105 doctus.
2027 1058 2232 1126 Ofﬁcia,
2263 1068 2385 1115 ante
2415 1075 2627 1116 sacram
2657 1060 2858 1116 vitulus
2889 1063 3035 1118 stetit
3064 1063 3279 1137 integer
3309 1079 3485 1136 aram,

699 1162 807 1217 VII.
842 1162 1081 1217 Sncnnrr
1111 1177 1172 1216 IN
1198 1177 1441 1219 INSULAM
1470 1164 1576 1218 H11.
2025 1148 2215 1203 Ηοδῐὶα
2243 1156 2400 1220 grala
2427 1150 2486 1203 Dt

2030 1148 2215 1203 Hostia
2243 1156 2400 1220 grata
2427 1150 2543 1203 Deo
2572 1164 2833 1205 mucrone
2865 1149 3068 1206 litanda
3094 1151 3311 1208 minaci.

406 1266 589 1322 Insula
617 1266 891 1323 Pictorum
921 1270 1171 1339 quaedam
1200 1277 1537 1325 monstratur
1566 1270 1618 1324 in
1651 1270 1782 1336 oris,
2025 1236 2234 1339 (ignem
2262 1237 2594 1339 turbajacfat’
2628 1238 2888 1339 la‘zrymis
2915 1240 3285 1339 PI‘GCibusqut’:
3309 1241 3542 1297 Tonami

334 1355 658 1429 Fluctivago
690 1332 955 1427 suspensa
981 1357 1117 1424 salo,
1149 1359 1491 1431 cognominis
1523 1360 1601 1414 Eo
1631 1367 1676 1425 ⁸,
1770 1332 1778 1336 ”
2022 1332 2423 1431 Εθῖηπξθηίίθηδ
2450 1332 2657 1431 θίξίῖξῖδε
2687 1334 2753 1389 de
2782 1335 3028 1431 Pondere
3058 1336 3242 1392 carnis
3271 1336 3465 1431 ίίυτίξδο

333 1443 457 1513 Qua
488 1420 707 1500 sangms
738 1420 954 1500 Dbmini
983 1420 1273 1517 reqlﬁescvil
1304 1462 1469 1502 came
1500 1420 1782 1502 Columba.
2022 1420 2165 1475 Ecce
2196 1420 2380 1474 furens
2408 1421 2690 1476 maledicta
2722 1424 2921 1477 cohors
2952 1439 3053 1494 per
3081 1433 3267 1494 aperta
3297 1426 3489 1481 ruebat

335 1509 490 1589 ﬁanc
518 1533 672 1604 petiit
701 1542 826 1589 voto
855 1509 1095 1605 patiendi
1126 1535 1382 1607 stigmata
1415 1535 1633 1591 Christi.
2027 1509 2221 1613 Ξξῖθίθχζ
2243 1509 2373 1606 νίξ’ί⁵
2402 1509 2967 1613 Πξῷξίθηάοηρθξίοξξλίξ
2997 1528 3142 1568 Saeva
3172 1513 3362 1613 beatus-

334 1622 452 1678 Illic
482 1597 717 1694 namque
744 1597 1002 1695 frequens
1031 1597 1247 1696 pagana
1276 1632 1494 1679 caterva
1523 1626 1803 1680 Danorum
2125 1597 2348 1699 Γθιίίῖιξίδ
2377 1597 2568 1652 rabida
2598 1598 2759 1699 sofii_s
2788 1598 2996 1655 feritate
3026 1602 3338 1699 Perempus’.

334 1686 647 1767 Adventare
678 1686 1256 1777 solet,.furiis-ar‘inata
1286 1713 1561 1786 malignis.
2028 1686 2110 1786 fd
2129 1693 2389 1786 ‘S‘ancwm
2418 1702 2620 1786 νθξλθνθ
2651 1689 2883 1786 Patrem,
2911 1690 3153 1786 Ρίξθίίοδθο
3184 1689 3404 1786 ωξίεξυδ

337 1800 446 1856 Sed
477 1809 696 1856 sanctus
726 1774 943 1855 Domini
970 1801 1108 1856 tales
1138 1810 1347 1857 tentare
1378 1774 1566 1857 183,165
1957 1774 2276 1847 BReddere
2309 1782 2589 1845 cogentes,
2623 1776 2778 1847 queis
2807 1776 2978 1832 sancti
3008 1786 3195 1834 sancta
3225 1778 3503 1835 Columba;

334 1890 642 1960 Disponens
672 1890 874 1954 animo,
909 1905 1049 1945 vana
1078 1890 1366 1945 formidine
1394 1900 1632 1946 mentem
2189 1871 2391 1960 lacent,
2426 1881 2486 1960 (ἶιξ

2030 1862 2167 1917 Ossa
2189 1863 2391 1932 jacent,
2426 1879 2588 1935 quam
2619 1864 2815 1935 quippe
2849 1866 2959 1920 suis
2988 1867 3057 1922 de
3085 1866 3308 1923 sedibus
3335 1883 3518 1923 arcam

334 1951 517 2043 Exuit,
551 1985 603 2033 et
632 1978 825 2049 clypeo
855 1951 979 2033 fidei
1005 1979 1275 2051 galeaque
1305 1980 1495 2034 salutis
2027 1951 2299 2054 ’ξουθξξῖθδ
2328 1952 2486 2054 illi?“

2030 1951 2299 2006 Tollentes
2328 1951 2533 2005 tumulo
2564 1960 2704 2006 terra
2723 1968 2957 2023 posuere
2978 1963 3165 2010 cavato

340 2039 596 2131 Munitus,
630 2039 908 2121 hominum
934 2039 1043 2121 non
1074 2039 1286 2122 horruit
1317 2084 1472 2123 arma
1493 2068 1783 2123 malorum.
2029 2039 2245 2142 Εθδρίίθ
2275 2039 2377 2142 su?)
2398 2040 2597 2138 densot
2623 2041 2782 2142 gnari
2806 2042 2921 2140 jf’m
2950 2043 3118 2142 Ρξθδίίδ
3148 2042 3365 2141 ίθίίῖυιωο
3469 2130 3481 2142 ,

336 2154 442 2223 Qui
468 2170 594 2211 cum
621 2156 934 2227 doctiloquo
963 2157 1136 2227 potuit
1167 2157 1430 2212 cecinisse
1460 2159 1765 2228 Propheta:
2028 2128 2447 2233 {Ianﬁgrmdam
2476 2144 2695 2233 capiere
2716 2130 2849 2183 Dm“
2877 2146 2888 2185 ⁵
2912 2131 3010 2228 ῗθά
3041 2139 3261 2233 sam?!“
3288 2146 3485 2187 mem“

336 2243 435 2298 Est
465 2245 612 2299 Deus
642 2216 861 2314 adjutor
887 2216 1148 2312 mihimet,
1181 2246 1344 2301 timor
1373 2247 1655 2317 improbus
1680 2247 1840 2301 absit.
2029 2218 2305 2317 gesiltll"_'
2330 2232 2493 2271 manu
2515 2216 2680 2316 firmo
2711 2234 2997 2274 conamme
3025 2228 3223 2317 mf’nus

1400 2307 1575 2404 (ῥεαι,
1608 2336 1804 2405 GKVH.)
2031 2307 2223 2407 Contra
2253 2314 2400 2407 stare
2447 2307 2641 2407 aciem,
3076 2308 3350 2407 lacessere
3396 2309 3612 2376 doctus,

336 2424 459 2479 Iam
490 2439 707 2496 quoque
733 2424 928 2479 doctus
957 2431 1075 2478 erat
1105 2440 1202 2495 per
1230 2395 1448 2495 publica
1478 2425 1619 2479 bella
1650 2395 1930 2481 ministros
2030 2395 2238 2496 99d“?
2266 2395 2558 2496 άξδδυθιυεν
2588 2395 2683 2496 “Pi
2714 2396 2858 2461 talia.
2877 2397 3139 2496 Barbare,
3151 2397 3322 2496 dicta,

337 2484 987 2578 Temneredmmonicos,
1021 2484 1201 2583 ipsum
1230 2484 1322 2584 qui
1354 2513 1455 2568 rite
1484 2521 1777 2584 tyrannum
2032 2484 2194 2584 1:13”
2197 2484 2495 2584 iF‘_Ig"9“°
2526 2484 2761 2584 pfnimsf
2796 2484 2940 2584 (190d
2972 2485 3437 2584 qufmtis‘aum‘m
3479 2573 3494 2584 ,
3550 2573 3561 2584 _

340 2601 640 2669 Stravcrat,
673 2610 726 2657 et
751 2602 958 2658 cunctis
977 2572 1133 2656 solus
1166 2572 1441 2673 superavit
1471 2572 1524 2656 in
1552 2604 1739 2657 armis.
2033 2572 2153 2673 Quo
2174 2572 2427 2673 ’δίίδὶλυξηί
2456 2572 2710 2673 Ρίξῗίξυῐξ-Ίίν
2743 2573 3167 2673 1.69tum‘quibus_
3186 2580 3347 2673 atque
3372 2573 3615 2673 latebris.

2032 2659 2193 2730 Quod
2222 2660 2267 2714 si
2290 2660 2430 2716 scire
2458 2660 2609 2729 mihi,
2644 2661 2859 2717 Christo
2890 2661 3226 2728 admittente,
3261 2662 3474 2729 liceret,

582 2745 724 2801 VIII.
757 2746 1039 2800 DANOBUM
1077 2759 1382 2801 ADVENTUM
1411 2759 1701 2800 Ριωςοιοιτ.
2029 2749 2320 2820 Nunquam
2348 2757 2534 2804 nostra
2550 2749 2653 2803 tuis
2675 2751 2777 2805 hoc
2807 2751 3027 2804 auribus
3047 2766 3144 2806 ora
3173 2750 3456 2806 referrent.

2032 2837 2288 2907 Barbare,
2322 2838 2427 2893 duc
2445 2837 2679 2908 gladios,
2713 2839 2963 2908 capulum
2992 2854 3146 2910 cape,
3163 2839 3384 2912 jamque
3405 2839 3615 2896 trucida

2030 2926 2262 2992 Auxilio,
2296 2926 2443 2980 Deus
2459 2926 2618 2992 alme,
2653 2927 2913 2982 humilem
2945 2928 3271 2984 commendo
3302 2936 3395 2983 tuo
3422 2943 3531 2983 me.

2034 3014 2171 3070 Hinc
2199 3014 2286 3085 pia
2313 3015 2577 3069 truncatis
2601 3015 2923 3086 discerpitur
2950 3016 3123 3071 hostia
3151 3019 3176 3055 δ
3199 3016 3480 3084 membris,

2035 3102 2300 3173 Quodque
2330 3101 2480 3157 ferox
2510 3102 2665 3157 miles
2685 3118 2852 3159 censu
2866 3092 3098 3175 pensare
3116 3106 3396 3177 nequibat,

2030 3191 2237 3246 Rimari
2266 3190 2320 3244 in
2351 3190 2549 3261 gelidis
2579 3191 2742 3261 caepit
2771 3208 2870 3262 per
2899 3193 3128 3248 vulnera
3156 3192 3326 3249 ﬁbris.

2028 3279 2145 3334 Nec
2164 3279 2359 3333 mirum
2373 3296 2386 3333 :
2402 3294 2526 3332 nam
2547 3295 2764 3350 semper
2779 3289 2954 3347 erunt,
2970 3297 3294 3354 semperque
3306 3290 3622 3354 resurgunt,

2030 3365 2180 3436 Quos
2210 3365 2359 3421 furor
2387 3366 2443 3421 in
2471 3366 2704 3422 famulos
2725 3368 2951 3424 Domini
2978 3369 3157 3425 malus
3186 3370 3383 3427 excitet
3410 3385 3621 3426 omnes.

2030 3456 2099 3511 Ut
2128 3454 2271 3526 quod
2297 3470 2398 3524 pro
2429 3456 2638 3510 cunctis
2670 3457 2869 3512 Christi
2897 3474 3129 3514 censura
3160 3460 3390 3532 peregit,

2031 3542 2221 3600 Cuncti
2241 3543 2344 3599 hoc
2372 3558 2470 3613 pro
2499 3542 2717 3599 Christo
2746 3543 2963 3613 faciant,
2995 3547 3124 3604 licet
3150 3548 3359 3620 impare
3390 3548 3550 3607 facto.

410 2891 648 2960 Tempus
681 2895 796 2943 erat
825 2903 932 2959 quo
960 2903 1159 2960 magna
1187 2886 1286 2942 Dei
1318 2886 1605 2942 clementia
1635 2904 1852 2943 servum

341 2978 671 3036 Consociare
703 2993 861 3030 suum
890 2976 1072 3029 nitidis
1102 2991 1267 3045 super
1292 2984 1435 3029 astra
1467 2975 1719 3047 maniplis

339 3066 639 3138 Disposuit,
672 3072 986 3136 certamque
1019 3066 1160 3119 bono
1191 3064 1439 3119 conferre
1468 3080 1728 3120 coronam

340 3155 543 3212 Victori
574 3173 586 3209 :
621 3170 745 3210 cum
775 3161 959 3208 sancta
987 3152 1089 3207 viri
1116 3169 1272 3207 mens
1301 3153 1531 3222 praescia
1560 3169 1743 3208 rerum

341 3246 615 3301 Venturos
643 3257 943 3314 properare
971 3241 1149 3312 lupos,
1182 3248 1240 3295 ut
1266 3242 1510 3295 membra
1539 3241 1754 3311 piarum

339 3333 657 3390 Dividerent
688 3330 890 3395 ovium,
924 3346 1088 3384 sensu
1114 3336 1482 3400 praenosceret
1513 3328 1642 3384 alto.

338 3423 473 3488 Vos,
503 3421 596 3489 ait,
627 3435 660 3475 ο
690 3419 842 3484 socii,
873 3418 1151 3473 vobiscum
1181 3424 1361 3471 mente
1392 3416 1578 3488 sagaci

343 3510 601 3581 Quaerite,
636 3508 680 3562 si
707 3521 900 3579 poenas
929 3506 1125 3560 Christi
1154 3521 1256 3576 pro
1284 3505 1503 3560 nomine
1531 3504 1684 3561 vobis

340 3600 423 3655 Sit
450 3598 688 3654 tolerare
719 3595 953 3651 animus.
984 3594 1194 3649 Mecum
1224 3592 1530 3665 quicunque
1561 3593 1789 3664 potestis

337 3689 694 3758 Exspectare,
724 3699 941 3755 precor,
975 3698 1170 3738 sensus
1198 3688 1401 3737 armate
1429 3681 1636 3738 viriles.

1408 3714 1636 3782 .vuuca‘:
2596 3715 2670 3769 X.
2721 3714 3056 3772 CONCLUSIO.

340 3778 411 3832 At
440 3775 637 3847 quibus
663 3771 862 3827 infirmi
890 3771 1130 3844 pavitant
1154 3771 1457 3842 penetralia
1484 3771 1688 3839 cordis,

342 3867 486 3921 Ecce
516 3863 705 3937 fugam
731 3862 987 3926 calerent,
1018 3867 1078 3915 ut
1105 3867 1264 3931 parta
1294 3859 1539 3931 pericula
1565 3860 1751 3927 vitent,
2102 3856 2197 3912 Ille
2223 3855 2388 3930 igitur
2410 3855 2608 3912 Christi
2638 3855 2808 3913 factus
2835 3873 2935 3929 pro
2963 3857 3181 3913 nomine
3211 3866 3433 3932 martyr,

341 3953 426 4010 Ad
454 3951 680 4008 meliora
709 3966 837 4006 suos
865 3956 1140 4005 armantes
1167 3956 1295 4006 vota
1322 3948 1577 4005 lacertos.
2032 3946 2227 4012 Testis,
2263 3945 2367 4001 fert
2397 3954 2451 4000 ut
2480 3944 2640 4013 fama,
2673 3946 2793 4002 loco
2823 3946 3113 4018 requiescit
3141 3947 3331 4004 eodem
3365 3966 3378 4002 :

338 4042 599 4098 Proxima
623 4048 731 4095 stat
758 4038 916 4094 nobis
944 4046 1103 4094 certae
1130 4037 1351 4093 tentatio
1380 4037 1590 4093 mortis.
2030 4034 2197 4089 Multa
2223 4034 2313 4090 ubi
2340 4051 2439 4106 pro
2468 4035 2674 4090 meritis
2702 4034 2896 4090 dantur
2923 4034 3186 4091 miracula
3215 4036 3436 4104 sanctis,

339 4131 527 4187 Firma
552 4128 687 4184 ﬁdes
715 4127 920 4200 vigilet,
952 4127 1116 4183 rebus
1145 4141 1412 4197 suspensa
1439 4124 1634 4181 futuris
1668 4143 1682 4181 :
2032 4123 2152 4192 Quo
2182 4124 2377 4180 colitur
2404 4123 2666 4180 Dominus
2695 4125 2863 4198 digno
2891 4133 3213 4181 veneranter
3239 4127 3448 4183 honore

343 4220 516 4277 Cauta
542 4218 722 4273 minus
750 4216 919 4272 fortes
948 4224 1130 4272 servet
1157 4215 1324 4271 tutela
1353 4215 1628 4288 fugarum.
2033 4212 2168 4268 Cum
2197 4212 2414 4281 sanctis,
2448 4228 2683 4285 quorum
2712 4213 2923 4269 meritis
2948 4229 3074 4269 mea
3102 4214 3331 4271 crimina
3360 4215 3515 4282 solvi,

342 4309 443 4364 His
466 4306 625 4363 dictis
652 4312 976 4377 compuncta
1004 4305 1223 4370 cohors,
1255 4303 1403 4375 quod
1431 4319 1594 4374 posse
1622 4303 1857 4371 videbat,
2032 4302 2229 4368 Credo,
2259 4302 2455 4374 quibus
2483 4302 2704 4357 laudum
2732 4303 2958 4375 supplex
2986 4301 3212 4359 donaria
3231 4302 3373 4359 misi.

341 4397 460 4453 Hoc
487 4396 666 4451 animo
696 4394 895 4449 statuit.
930 4392 1165 4462 Quidam
1188 4392 1289 4447 sub
1316 4400 1540 4463 pectore
1569 4390 1728 4447 firmo
2030 4391 2119 4445 Nil
2148 4398 2311 4461 negat
2340 4391 2425 4445 his
2453 4390 2717 4457 Christus,
2760 4392 2848 4448 cui
2875 4392 3106 4447 maxima
3135 4392 3288 4449 lucra
3317 4392 3572 4460 tulerunt,

343 4485 653 4557 Sacrilegas
682 4490 928 4554 spectare
955 4498 1167 4547 manus,
1200 4480 1492 4554 gladioque
1522 4479 1720 4536 furenti
1950 4498 2005 4558 D
2034 4478 2139 4548 Qui
2167 4495 2291 4534 cum
2319 4481 2476 4535 Patre
2505 4481 2614 4551 pio,
2649 4488 2945 4553 sanctoque
2974 4480 3031 4535 in
3054 4482 3252 4538 saecula
3278 4481 3427 4537 Flatu

345 4573 711 4646 Supposuisse
742 4579 898 4643 caput
930 4570 1248 4644 gaudebant
1274 4576 1455 4625 mente
1483 4584 1700 4625 serena.
2035 4568 2263 4641 Regnat,
2296 4575 2349 4624 et
2377 4576 2583 4624 aeterno
2611 4569 2778 4640 pollet
2807 4569 2924 4625 sine
2948 4568 3054 4625 fine
3084 4570 3301 4626 decore.

400 4759 418 4783 '
445 4750 569 4813 Aliis
606 4753 728 4798 10νᾶ
780 4750 829 4796 οἱ
866 4749 945 4795 Ηίι
991 4748 1171 4803 insula.
1220 4746 1271 4793 in
1323 4756 1422 4804 qua
1467 4746 1670 4794 Ηίίθηεθ
1763 4756 1938 4794 mom-
2036 4767 2171 4804 anno
2192 4760 2289 4812 793,
2312 4766 2411 4815 quo
2437 4756 2859 4814 Lindisfarnensis
2888 4757 3098 4804 ecclesia
3137 4769 3226 4815 per
3260 4769 3347 4806 eos
3373 4758 3629 4807 destructa

357 4807 585 4904 “Erigit?
645 4855 1032 4911 adjacentesque
1106 4852 1413 4911 Britanniam
1498 4854 1714 4911 insulam
1778 4865 1937 4901 vexa—
2035 4831 2137 4911 98",
2154 4828 2486 4911 mtiliti}???

2035 4831 2127 4875 est.
2158 4805 2296 4875 Diem
2317 4805 2494 4911 mortis
2517 4832 2577 4908 ⁶19
2599 4811 2822 4875 Januarii
2846 4829 3055 4886 signant
3080 4805 3361 4878 recentiora

345 4898 1064 4959 νοτιῖυῖῖιοιῗὲἒὶιὶὅιῗῖἰιῖὼ
1107 4898 1440 4965 inruptionem
1495 4898 1773 4965 conitiéﬁsa
1790 4898 1795 4900 ’
1815 4898 1936 4965 pato
2035 4900 2174 4957 108i!
2200 4902 2251 4948 ei
2273 4898 2671 4948 Benedicti“!!!-
