4024 6194
403 232 541 289 10L"!
986 219 1393 281 WALAFRIDI
1421 194 1665 275 STRABI
1698 213 1904 271 FULD.
1933 210 2108 269 MON.
2142 209 2294 268 OPP.
2328 208 2506 268 PARS
2533 208 2604 265 ΙΙ.
2636 238 2706 251 —-
2733 203 3123 263 HISTORICA.
3556 204 3696 260 1048

880 491 1328 625 VITA
1427 485 1547 620 Ξ.
1647 481 2379 614 ΜΑΜΜᾹΞ

2104 481 2388 609 ME
2481 468 3345 609 MONACHI

1478 701 1661 776 (Apud
1681 700 1888 767 Canis.,
1919 697 2103 770 Antiq.
2132 699 2304 767 Lect.,
2340 705 2470 753 tem.
2504 697 2597 767 II.)

411 357 3695 413 ________________________________________________._.

867 969 1109 1026 STRABI
1147 962 1529 1023 PREFATIO.
2011 944 2068 1006 Α
2097 941 2247 1010 Quos
2277 938 2379 994 Asi:

2104 941 2247 1010 Quos
2277 938 2420 994 Asiae
2447 953 2641 994 versus
2669 951 2925 993 occasum
2952 949 3081 989 rura
3110 931 3336 987 minoris

1064 1022 1071 1024 ⁷
1170 1101 1178 1105 ,
1226 1022 1231 1023 ί
1454 1089 1483 1105 .,
2096 1029 2472 1100 Armeniaeque
2501 1027 2661 1091 latus,
2693 1042 2794 1097 per
2821 1024 2955 1079 fines
2984 1023 3156 1095 tangit
3182 1022 3328 1076 Eoos

508 1096 761 1172 LegiStis’
795 1096 1039 1150 meminit
1067 1101 1251 1149 “sua
1281 1096 1574 1188 sagacitas’
2097 1120 2333 1188 Campus
2363 1096 2770 1179 Amazonidum,
2803 1120 3012 1183 septem
3042 1112 3111 1166 de
3139 1119 3295 1182 parte
3323 1108 3516 1164 trionis

541 1196 806 1267 Αυίίίίυοε
834 1191 1072 1265 Propriis
1100 1188 1434 1246 carminibus
1463 1187 1614 1243 Viros
2093 1187 2318 1263 Nubiifer
2345 1205 2565 1276 opponit
2592 1204 2828 1261 calidum
2854 1204 2989 1273 juga
3018 1202 3227 1255 Taurus
3255 1199 3324 1254 ad
3355 1202 3634 1253 Austrum.

539 1286 748 1340 Horum
778 1280 1031 1337 δυδείάίίδ
1061 1279 1290 1335 credere
1321 1276 1585 1367 εωρίιιενη
2097 1296 2276 1367 Quam
2302 1296 2495 1351 virtute
2524 1303 2719 1364 potens
2749 1290 3049 1347 construxit
3076 1292 3311 1344 Perseus
3342 1286 3496 1353 olim,

542 1372 786 1442 Quorum
816 1370 958 1426 faeta
985 1368 1124 1439 δίΥῙΟ
1154 1367 1299 1421 dona
1329 1365 1417 1420 vel
1447 1363 1752 1434 explicant?
2094 1363 2222 1442 Post
2251 1372 2489 1441 Romana
2520 1363 2632 1437 suis
2661 1383 2826 1437 rebus
2856 1381 3037 1436 laetata
3069 1386 3332 1450 potestas,

542 1463 612 1518 Ut
638 1460 827 1530 Ρθυοίε
856 1458 1042 1514 Valeas
1071 1462 1267 1511 caetera
1296 1454 1531 1517 discere,
2095 1476 2405 1531 Caesaream
2432 1472 2670 1528 vocitare
2700 1470 2868 1535 dedit,
2901 1468 3228 1539 peregrinus
3254 1475 3306 1521 et
3334 1466 3539 1536 hospes

541 1552 773 1605 Martem
803 1546 945 1602 bella
975 1560 1178 1600 canens
1207 1550 1321 1599 Orat
1352 1550 1405 1596 et
1433 1540 1723 1633 Ηθνξδυιθω
1748 1556 1770 1601 ι²
2097 1562 2355 1633 Corporis
2386 1578 2448 1616 ac
2476 1560 2663 1615 mundi
2693 1558 2821 1614 felix
2849 1560 2991 1613 hanc
3018 1558 3193 1612 incola
3219 1558 3479 1611 Mammes

541 1638 825 1708 Nymphas
853 1633 1101 1690 Γυΐίοοίω
1134 1634 1386 1702 Panaque
1415 1628 1723 1720 Ρτξθίθτυίῖί·
2096 1628 2324 1707 Incaluit
2355 1650 2569 1720 partim,
2602 1648 2804 1703 cmlum
2832 1662 2956 1701 nam
2987 1654 3167 1700 mente
3198 1644 3454 1715 petebat;

540 1728 713 1781 Εκίτθι
741 1726 861 1779 Πτίθο
893 1731 1016 1778 sum
1044 1721 1215 1788 Varia,
1248 1735 1384 1776 Vana
1415 1719 1513 1811 Sf3d
1543 1717 1740 1772 omnia“
2094 1741 2273 1811 thue
2302 1717 2437 1793 fides
2470 1717 2673 1793 sobolis
2702 1735 2874 1790 multo
2903 1735 3172 1806 pretiosor
3202 1740 3366 1802 esset,

540 1817 610 1870 Αί
635 1813 794 1868 “bis
823 1811 1085 1867 Dominus
1113 1826 1211 1865 οτθ
1238 1808 1518 1865 vocandus
1547 1814 1631 1893 95‘
2092 1808 2397 1883 Perfectam
2427 1835 2653 1881 tenuere
2682 1823 2847 1879 ﬁdem
2878 1823 3076 1894 pietate
3108 1829 3360 1893 parentes
3448 1884 3458 1889 θ

540 1902 974 1970 Ῑιθυάθηάυδίῖυθ
1003 1898 1093 1969 Pio
1125 1897 1288 1953 corde
1317 1896 1404 1951 vel
1435 1895 1667 1960 δαίδων
2091 1918 2162 1972 Et
2191 1925 2378 1972 natum
2406 1917 2644 1971 docuere
2674 1914 2758 1968 sui
2789 1929 3014 1968 servare
3044 1911 3285 1966 timendo

540 1990 707 2059 cuius
734 1987 922 2058 Pandi‘
951 2002 1090 2056 opus
1120 1984 1369 2074 quisqvis
1392 1983 1691 2074 honoribils
2092 2005 2293 2061 Lucida
2315 2006 2471 2074 jussa
2500 2004 2599 2059 Dei
2624 2022 2640 2070 ;
2671 2019 2779 2059 non
2810 2002 3034 2073 segnior
3061 2000 3153 2054 ille
3184 2005 3454 2069 repertus,

543 2078 870 2133 sanctorum
900 2074 1140 2131 celebrat
1167 2073 1390 2127 nomina
1419 2070 1678 2141 θοηὲτυίδ
1710 2085 1721 2124 ⁵
2092 2070 2334 2149 Moribus
2364 2101 2580 2148 aetatem
2611 2108 2776 2147 sensu
2805 2070 2956 2146 tener
2985 2082 3169 2144 extulit
3198 2103 3392 2153 annos,

539 2165 856 2253 Auspelme’
887 2162 1147 2253 “Vigila?
1180 2159 1682 2253 “harePrﬁcaﬁb‘lS
2092 2183 2268 2238 Carne
2304 2199 2455 2253 puer,
2490 2181 2589 2237 sed
2617 2181 2780 2237 corde
2811 2194 2979 2235 senex
3011 2196 3024 2232 :
3059 2177 3150 2249 qui
3173 2176 3369 2232 deinde
3397 2179 3689 2246 parentum

537 2251 776 2324 vumngt
807 2267 878 2307 ne
909 2251 1073 2367 είῙθξδ
1102 2265 1332 2321 Poscere
1353 2248 1633 2367 j‘Udicemi
2021 2273 2220 2367 BPost
2249 2248 2502 2337 mortem,
2535 2277 2721 2326 custos
2750 2268 2873 2323 vitae
2905 2248 3246 2325 cautissimus
3274 2265 3452 2333 almae,

537 2343 876 2367 1......-οκ-...η
914 2339 957 2367 ,ιε
1056 2338 1288 2367 ..νήησε-νυ.
1344 2352 1370 2367 n
1397 2336 1556 2367 amna
2102 2360 2156 2367 -.
2582 2358 2597 2367 .
2644 2366 2647 2367 ,
2718 2359 2755 2367 ..
2802 2357 2811 2367 .
2884 2357 2899 2367 ς
2956 2356 3010 2367 .._
3121 2355 3130 2365 .
3326 2363 3336 2367 -

531 2343 880 2435 Ῑξηβθτωηξη
901 2339 982 2435 ,θίν
1012 2338 1308 2435 “qm”?!
1342 2337 1603 2435 θιθωίίξν,
1705 2424 1715 2434 ,
2021 2337 2075 2367 υ
2094 2360 2408 2417 Observans
2435 2358 2685 2413 mandata
2716 2357 2834 2426 Dei,
2868 2356 3019 2412 dedit
3047 2355 3201 2411 ocius
3233 2363 3389 2409 arctae

533 2429 710 2499 Quem
741 2429 835 2501 qui
862 2428 984 2520 plus
1013 2428 1186 2520 petiit,
1218 2427 1341 2497 plus
1369 2425 1563 2520 meruit
1584 2424 1739 2520 Ροῐὶί·
2090 2449 2412 2520 Exemplum
2444 2463 2796 2518 normamque
2821 2424 2969 2501 ivitae.
3004 2444 3239 2500 Latitare
3268 2442 3533 2513 nequibat

543 2520 657 2615 ξοδ
679 2519 795 2588 jam
822 2516 1125 2615 νθῗδίθξηοδ
1155 2531 1289 2614 qm,”
1312 2512 1720 2615 νοΙξζδυδάθτθν
1809 2556 1812 2562 λ
2091 2539 2232 2594 Urbs
2261 2512 2317 2591 in
2345 2546 2530 2593 monte
2558 2512 2778 2598 sedens,
2810 2534 2992 2591 modio
3021 2550 3199 2606 neque
3229 2512 3371 2587 tecta
3402 2532 3641 2587 lucernae

533 2609 639 2701 E’m
665 2623 754 2664 me
781 2605 1051 2701 009‘!!!“
1077 2604 1309 2701 Ρτοξηίίθ
1339 2603 1610 2701 ῗοῙίδυδυ
2092 2627 2333 2682 Flamma
2359 2626 2517 2698 perit,
2555 2626 2652 2680 sed
2677 2626 2861 2680 lumen
2890 2640 3062 2697 agens
3092 2603 3148 2676 in
3177 2622 3394 2677 domate
3424 2620 3632 2677 cunctis

527 2697 717 2786 Doni”
745 2694 1025 2786 Perﬁf’iam
1054 2693 1199 2786 quo?
1230 2692 1402 2786 m°d°_
1419 2692 1700 2762 poscmus’
2091 2692 2420 2773 Cunctorum
2447 2716 2504 2771 in
2534 2731 2657 2771 sese
2687 2730 2883 2786 purum
2914 2692 3178 2769 convertit
3205 2726 3469 2767 amorem.

528 2783 793 2841 Perfectis
826 2783 991 2839 etiam
1021 2781 1274 2837 sensibus
1304 2780 1558 2849 arduum,

528 2876 599 2966 At
625 2872 810 2928 multis
841 2878 1058 2966 egomet
1089 2870 1345 2926 sordibus
1377 2869 1605 2966 obsitus,
1667 2956 1679 2966 .
2723 2908 2948 2966 CAPUT
2986 2909 3053 2964 IL

532 2963 856 3020 Sanctorum
885 2960 1160 3032 precibus,
1195 2974 1330 3031 quos
1361 2958 1483 3014 colo
1514 2956 1753 3015 carmine

527 3051 736 3107 Donari
761 3049 979 3106 veniam
1010 3048 1179 3105 credo
1208 3046 1441 3102 fideliter

696 3082 737 3157 ἷξ
767 3082 1667 3157 T9311":‘f:’_':‘f:'°:,___,,____
2096 3085 2351 3157 Qualiter
2381 3088 2628 3156 tempore
2649 3084 3062 3156 persecutionis
3090 3082 3457 3140 solitudinem
3487 3083 3684 3141 duode-

524 3139 741 3214 Magnis
769 3146 824 3195 et
853 3137 1035 3193 nimiis
1067 3151 1205 3207 quas
1231 3137 1372 3191 veho
1403 3134 1689 3202 classibus,

2160 3175 2358 3231 cenm’s
2412 3190 2544 3231 cum
2607 3173 2897 3246 pecoribus
2962 3174 3230 3245 petierit,
3290 3176 3349 3229 et
3401 3172 3538 3247 quid
3607 3173 3683 3229 ibi

870 3275 1133 3333 ORATIO
1171 3274 1507 3332 EIUSDEM.
2158 3265 2379 3337 fecerit.

532 3402 580 3462 Ο
609 3415 797 3459 rerum
825 3406 977 3457 sator
1003 3398 1248 3457 omnium
1274 3398 1577 3471 tremenda,

537 3490 648 3562 Qui
676 3489 1000 3546 mirabiliter
1028 3506 1204 3563 genus
1231 3489 1432 3546 creasti

531 3581 862 3650 Humanum,
897 3594 1157 3635 recreans
1187 3578 1333 3634 idem
1357 3585 1627 3649 potenter,

530 3671 675 3728 Dum
700 3684 895 3742 poenas
926 3668 1108 3725 crucis
1135 3667 1398 3724 innocens
1427 3667 1594 3736 luisti,

528 3758 671 3816 Audi
698 3775 787 3814 me
816 3756 1080 3813 miserum
1107 3756 1267 3811 malis
1297 3763 1597 3828 gravatum,

531 3849 592 3905 In
621 3863 730 3921 quo
758 3846 834 3902 nil
864 3846 967 3900 nisi
997 3845 1244 3917 repperis
1273 3845 1488 3900 ruinam
1520 3863 1534 3900 :

532 3946 613 4002 Tu
637 3945 785 4002 solus
814 3943 960 4000 vitiis
988 3949 1144 4015 potes
1173 3942 1401 4008 mederi,
1472 3960 1489 3973 ·

534 4035 612 4092 Te
641 4034 819 4090 solum
848 4032 1120 4088 medicum
1147 4031 1388 4103 requiro,
1423 4046 1576 4086 sana.

540 4122 804 4195 Indignus
834 4136 1051 4193 quoque
1080 4128 1133 4176 te
1164 4135 1364 4194 rogare
1394 4119 1688 4194 quicquam
1740 4155 1742 4158 ν

536 4211 627 4268 Nil
648 4226 876 4283 possum
905 4209 1115 4265 meritis
1143 4208 1279 4264 meis
1307 4208 1526 4264 mereri.

541 4301 605 4356 In
635 4315 742 4372 quo
771 4297 1030 4355 deficiunt
1058 4314 1192 4369 opes
1218 4296 1480 4369 precandi

2088 3455 2157 3511 Et
2176 3455 2293 3525 jam
2321 3453 2406 3510 bis
2435 3469 2600 3511 senos
2628 3452 2854 3526 puerilis
2882 3453 3143 3510 ﬂosculus
3170 3469 3345 3510 annos

2087 3544 2374 3617 Attigerat,
2407 3559 2532 3600 cum
2556 3559 2704 3600 saeva
2731 3542 2861 3598 mali
2889 3542 2977 3598 lex
3005 3542 3283 3599 Aureliani

2018 3664 2067 3728 α
2088 3633 2351 3689 Ecclesiae
2377 3639 2640 3689 mactaret
2666 3647 2816 3699 oves,
2849 3639 3087 3688 vastaret
3117 3631 3279 3702 ovile,

2089 3721 2438 3793 Lictoresque
2467 3721 2615 3793 pium
2648 3728 3008 3792 sequerentur
3034 3720 3255 3792 ubique,
3287 3727 3523 3790 tyranno

2088 3810 2464 3881 Prmeipiente,
2495 3826 2689 3882 genus,
2723 3808 2888 3866 variis
2914 3816 2973 3864 ut
3002 3824 3239 3880 corpora
3265 3808 3443 3880 poenis

2088 3897 2336 3954 Afﬁciant
2365 3898 2534 3954 variis
2563 3897 2843 3953 uolentum
2872 3896 3086 3953 solvere
3115 3897 3256 3954 divis

2088 3986 2222 4043 Liba
2250 4002 2551 4058 precesque
2579 3994 2816 4058 patrum.
2848 3987 2972 4041 Mox
3002 4002 3137 4058 ergo
3166 3994 3226 4041 ut
3250 3985 3387 4042 vidit
3413 3985 3472 4042 in
3499 3985 3622 4058 ipsa

2088 4075 2336 4131 Caesarea
2365 4090 2501 4146 puer
2526 4075 2630 4130 ista
2658 4075 2797 4148 geri,
2829 4074 3080 4146 fanisque
3108 4073 3350 4146 profanis

2089 4163 2353 4220 Seductos
2380 4163 2589 4219 servire
2618 4165 2833 4230 choros,
2865 4179 2975 4219 non
3002 4179 3200 4235 passus
3228 4163 3388 4219 inerti

2086 4251 2319 4307 Tantum
2346 4251 2529 4307 animo
2558 4251 2790 4307 tolerare
2818 4251 2992 4318 nefas,
3027 4267 3378 4324 quascunque
3395 4258 3677 4323 parentum

2088 4341 2230 4397 Cura
2250 4340 2463 4412 paravit
2491 4357 2626 4412 opes
2655 4340 2874 4411 sprevit,
2904 4348 3251 4413 montemque
3278 4340 3471 4412 petivit

2085 4430 2321 4485 Mentem
2351 4444 2518 4485 carne
2547 4445 2802 4500 sequens,
2848 4429 3044 4484 mansit
3071 4445 3193 4501 quae
3239 4444 3457 4500 semper
3486 4429 3544 4484 in
3570 4428 3675 4484 alto

2087 4517 2461 4590 Contemplata
2489 4519 2684 4587 Deum,
2715 4534 3021 4590 regumque
3048 4517 3297 4588 aequabat
3326 4517 3541 4589 opimas

2086 4606 2324 4664 Delicias
2352 4607 2409 4661 in
2438 4607 2577 4662 lacte
2605 4607 2833 4680 gregis;
2866 4608 2962 4661 has
2990 4606 3223 4677 denique
3253 4606 3430 4661 solum
3458 4596 3467 4604 ’

2087 4696 2171 4752 Ad
2199 4703 2439 4752 montem
2467 4695 2722 4767 perduxit
2749 4711 2904 4767 Opes,
2934 4695 3192 4767 pascebat
3223 4694 3445 4751 ovillum

2085 4784 2209 4856 Ipse
2237 4800 2427 4856 pecus,
2460 4784 2769 4855 victumque
2798 4783 2903 4838 sibi
2930 4784 3205 4855 quarebat
3232 4784 3301 4838 ab
3330 4783 3445 4839 illo.

2088 4872 2296 4943 Saepius
2325 4872 2580 4928 insistens
2598 4872 2875 4943 precibus,
2907 4871 3170 4943 librisque
3199 4871 3449 4943 legendis

2088 4959 2210 5016 Otia
2238 4960 2402 5034 longa
2430 4962 2651 5016 trahens
2680 4960 2845 5016 vitam
2875 4960 2992 5015 sine
3022 4959 3247 5016 crimine
3273 4960 3443 5015 duxit.

2015 5026 2068 5086 D
2090 5046 2250 5118 Quod
2278 5026 2519 5105 montem
2547 5049 2702 5120 petiit
2724 5048 2944 5104 monitis
2973 5049 3247 5106 consensit
3276 5050 3419 5115 Iesu,

2085 5137 2298 5194 Excidii
2327 5138 2419 5210 qui
2449 5138 2607 5209 signa
2635 5152 2859 5205 canens,
2893 5138 2997 5193 hoc
3026 5136 3172 5192 addit
3200 5138 3475 5210 agendum
3508 5155 3522 5191 :

539 4391 793 4445 Mammm
821 4387 1104 4444 subveniat
1133 4386 1207 4441 tui
1236 4394 1510 4457 precatus.

424 4466 433 4474 “
538 4479 703 4548 Cujus
733 4476 875 4533 facta
899 4476 1031 4531 libet
1056 4482 1232 4531 metro
1263 4474 1467 4531 referre

541 4566 626 4623 Ad
653 4566 875 4622 laudem
903 4564 1000 4619 tibi
1030 4564 1393 4638 gloriamque,
1426 4563 1638 4632 Factor,

536 4657 584 4711 A
615 4670 723 4727 quo
757 4662 979 4711 sanctus
1007 4654 1172 4709 habet
1196 4653 1509 4709 beatitatem

537 4743 608 4801 Et
633 4750 886 4816 peccator
911 4742 1076 4798 habet
1103 4741 1498 4800 reversionem.

533 4834 657 4889 Jam
684 4847 829 4887 nunc
858 4830 1061 4898 ordiar,
1094 4846 1127 4886 ο
1157 4830 1316 4886 beate
1345 4832 1628 4898 Mammas,

533 4919 716 4988 Adsis,
747 4920 1001 4986 obsecro,
1035 4918 1373 4992 Spiritusque
1404 4920 1578 4977 sancti

529 5010 724 5066 Munus
751 5009 1011 5067 concilies
1041 5024 1165 5064 meo
1193 5007 1370 5064 labori

530 5098 695 5155 Trino
717 5105 778 5154 ut
805 5098 976 5171 digna
999 5098 1116 5154 Deo
1146 5096 1356 5170 loquar,
1389 5097 1487 5154 sed
1517 5105 1571 5154 et
1599 5105 1670 5153 te.

908 5256 1131 5313 CAPUT
1179 5255 1469 5313 pRIMUM.
2083 5226 2232 5282 Tunc
2277 5226 2369 5299 qui
2406 5227 2564 5298 plana
2610 5226 2812 5292 colunt,
2856 5225 2927 5281 ad
2972 5241 3178 5280 summa
3224 5226 3508 5282 cacumina
3553 5234 3671 5281 ten-

714 5371 914 5427 Patria
946 5373 1005 5427 et
1027 5372 1282 5444 pueritia
1310 5372 1420 5429 viri
1448 5336 1655 5429 sancti.
2084 5404 2379 5476 Mamremq

3532 5314 3675 5380 dant,

2104 5404 2457 5477 tIaturentque
2486 5403 2692 5477 fugam.
2724 5403 2903 5459 Mores
2933 5402 3172 5458 imitatus
3200 5402 3374 5458 avitos
3510 5316 3530 5388 ι

384 5487 589 5545 Urbem
618 5485 969 5559 Cappadoces
997 5485 1259 5554 habitant,
1294 5502 1439 5559 quos
1466 5487 1556 5544 ille
1586 5486 1822 5544 refertur
2082 5492 2234 5549 Pavit
2262 5509 2395 5549 oves
2427 5492 2674 5564 simplex,
2709 5491 2897 5565 magni
2926 5499 3162 5548 sectator
3187 5491 3351 5547 Iacob
3375 5511 3389 5558 ;

384 5575 750 5650 Progenuisse
776 5574 1020 5643 Mosoch,
1053 5574 1278 5631 veniens
1308 5575 1377 5632 de
1407 5576 1614 5633 semine
1643 5577 1872 5649 Japhet;
2081 5580 2234 5637 Alter
2261 5582 2416 5651 Abel,
2448 5582 2873 5654 patriarcharum
2903 5580 3248 5639 sanctissima
3276 5580 3476 5652 proles.
