4024 6194
350 263 490 318 1049

988 384 1213 443 CAPUT
1245 388 1336 442 III.

1571 263 1736 320 VITA
1765 263 1821 320 S.
1853 261 2124 320 MAMMrE
2154 262 2496 320 MONACHI.

1960 389 2016 450 A
2044 389 2228 444 Cernit
2257 390 2596 445 abundantes
2624 389 2780 446 lactis
2807 390 2876 447 de
2903 407 3130 448 munere
3172 392 3398 462 fructus,

3505 271 3644 327 1050

360 492 630 562 Quomodo
661 492 722 550 in
753 476 1018 566 campum
1058 509 1094 549 α
1121 496 1353 550 Domino
1406 499 1633 553 vocatus
1655 497 1871 568 virgam
1888 500 1947 552 et
2044 475 2112 568 Ῑξί
2140 482 2296 568 mg?"
2326 481 2382 528 υί
2411 475 2677 530 Dominus
2709 476 2974 568 quidquid
3002 477 3130 568 Veli?
3163 477 3289 568 inde
3318 479 3560 536 futurum

793 582 1164 654 Evangelium
1192 583 1500 640 invenerit.

350 706 476 762 Haec
505 705 648 761 inter
676 720 928 778 campum
959 707 1176 763 Domini
1205 715 1354 779 petat
1384 725 1480 763 ore
1510 715 1780 776 monetur,

343 793 688 868 Et'pergens
729 809 742 850 :
787 792 928 863 Quo,
970 795 1202 866 Christe,
1244 813 1429 864 vocas,
1464 811 1571 870 quo
1624 804 1678 854 te
1717 813 1936 871 sequar,

1702 886 1893 959 [inquit
1913 888 1940 942 Ὺ

340 972 567 1045 Fulgida
596 973 851 1028 continuo
879 989 980 1045 per
1008 972 1131 1029 coeli
1161 973 1320 1048 virga
1349 989 1603 1030 serenum

340 1063 566 1134 Voxque
583 1061 748 1116 simul
768 1062 963 1117 cecidit
992 1079 1006 1117 :
1038 1063 1157 1116 Tibi
1174 1063 1403 1119 mittitur
1421 1065 1628 1136 accipe,
1651 1065 1932 1132 Mammes,

334 1151 401 1206 Et
430 1152 793 1221 quodcunque
821 1152 917 1204 tibi
947 1152 1141 1206 suadet
1173 1169 1328 1208 mens
1367 1162 1558 1209 sancta
1618 1155 1933 1224 petendum,

332 1240 448 1294 Hac
477 1240 715 1294 dabitur.
756 1239 970 1294 Faciem
1009 1249 1158 1295 tuum
1189 1241 1345 1297 laetus
1375 1243 1446 1297 ad
1473 1244 1682 1298 aethera
1714 1244 1931 1302 tollens.

330 1327 462 1381 Fert
488 1335 672 1400 grates
711 1329 946 1383 Domino
985 1347 1000 1396 ;
1040 1345 1168 1384 mox
1211 1330 1368 1402 virga
1404 1338 1462 1385 ut
1504 1331 1729 1404 contigit
1770 1347 1934 1387 occas

330 1415 542 1484 Campi,
611 1416 964 1486 Evangelium
1018 1417 1158 1473 miro
1197 1418 1354 1473 datur
1395 1418 1586 1474 ordine
1635 1426 1882 1475 sanctum
1917 1439 1929 1475 :

332 1502 496 1571 Quod
538 1512 824 1576 postquam
870 1506 1104 1578 sumpsit
1136 1507 1364 1578 supplex
1392 1514 1446 1562 et
1474 1506 1605 1578 legit
1634 1519 1879 1578 apertum
1918 1528 1930 1567 :

326 1591 524 1658 Credo,
557 1593 735 1648 sciens
766 1594 921 1667 virga
947 1604 1226 1666 pastorem
1255 1595 1441 1652 codice
1480 1613 1737 1668 magnum

328 1681 622 1736 Doctorem
664 1683 890 1750 institui,
948 1685 1243 1740 Dominum
1286 1692 1612 1740 veneranter
1667 1687 1926 1756 adorans,

321 1770 393 1824 Et
423 1769 564 1842 quis,
597 1771 686 1836 ait,
721 1771 898 1840 dictis,
933 1774 1180 1841 ostende,
1213 1773 1524 1830 monebitur
1553 1773 1716 1830 istis?

325 1858 555 1912 Donasti
577 1860 688 1928 jam
721 1861 866 1916 velle
897 1862 1065 1934 loqui,
1099 1864 1170 1918 da
1197 1866 1425 1924 credere
1454 1870 1642 1925 verbis

325 1947 507 2003 Corda
564 1948 741 2004 aliena
782 1951 941 2005 meis.
993 1952 1152 2018 Dixit,
1197 1969 1498 2029 vocemque
1546 1958 1818 2031 loquentis

331 2037 567 2091 Audiit:
616 2039 898 2109 Accelera,
947 2041 1227 2109 Mammes,
1279 2053 1629 2120 montemque
1676 2049 1923 2104 revisens

322 2125 447 2181 Mox
503 2141 727 2197 parvam
784 2129 1073 2202 compinge
1120 2131 1364 2201 domum,
1407 2135 1570 2206 dabo,
1602 2137 1800 2193 deinde
1839 2139 1922 2207 ju-

1717 2227 1920 2299 [bendo

319 2302 448 2360 Haec
476 2317 636 2361 sacra
664 2303 829 2373 dicta,
865 2307 1065 2380 quibus
1095 2307 1288 2366 doctor
1317 2312 1582 2386 capienda
1617 2316 1913 2372 ministres.

919 2439 1144 2499 CAPUT
1174 2445 1263 2501 IV.

319 2555 793 2643 Quemadmodum
814 2573 887 2614 ex
910 2562 1444 2643 pru’ceptoflomurn
1467 2567 1530 2622 in
1543 2571 1751 2643 _monte
1775 2585 1914 2625 con-

376 2629 679 2693 struxerit,
723 2632 779 2684 et
809 2646 844 2684 a
872 2629 1144 2688 silvicolis
1162 2635 1239 2688 sit
1258 2638 1515 2706 gregibus
1536 2637 1862 2696 honoratus.

313 2732 408 2786 Ille
453 2732 527 2803 pii
556 2743 836 2805 praecepta
883 2735 1053 2791 Patris
1099 2743 1412 2797 veneranda
1459 2751 1694 2811 secutus,

308 2821 549 2876 Montem
594 2823 950 2891 conscendit,
1015 2827 1370 2900 praecisisque
1431 2832 1673 2904 undique
1733 2835 1910 2892 solers

304 2910 630 2980 Arboribus,
673 2912 838 2967 struit
875 2921 1033 2969 antra
1072 2916 1248 2989 magis
1288 2934 1450 2990 quam
1491 2921 1704 2978 daedala
1747 2925 1909 2980 celsis

304 3006 471 3062 Tecta
499 3007 680 3074 tholis,
723 3007 882 3064 simul
912 3010 1190 3067 aediﬁcans
1218 3015 1387 3071 altare
1419 3017 1645 3073 Tonanti
1669 3038 1684 3087 ;

304 3095 541 3168 Postque
571 3096 777 3151 laboris
805 3113 962 3166 onus,
995 3109 1186 3157 sancto
1218 3104 1421 3159 sudore
1449 3104 1680 3163 ﬂuentes

304 3187 469 3239 Artus
561 3186 867 3257 composuit
937 3203 1152 3244 sessum
1244 3190 1554 3265 librumque
1636 3197 1902 3266 revolvit;

303 3272 554 3344 Dumque
627 3289 812 3329 sacros
888 3291 1082 3332 versus
1163 3280 1510 3351 depromeret
1580 3297 1678 3340 ore
1751 3286 1907 3342 beato

299 3369 604 3428 Silvestres
631 3388 834 3429 venere
867 3390 1090 3446 greges,
1134 3377 1389 3433 animalia
1421 3379 1580 3448 jussu

300 3460 441 3514 Acta
489 3460 596 3528 dei,
643 3459 859 3535 ﬁxoque
917 3480 1063 3536 genu
1115 3465 1384 3537 patienter
1433 3468 1686 3525 adorant.

301 3545 426 3616 Quo
457 3549 717 3607 recitante
757 3559 959 3620 tacent,
1000 3561 1057 3610 et
1095 3555 1274 3611 acutis
1311 3557 1534 3612 auribus
1565 3566 1762 3629 astant,

297 3634 429 3688 Post
476 3634 721 3706 verbum,
773 3652 897 3693 cum
940 3637 1114 3695 lustra
1156 3657 1340 3698 mares
1407 3643 1675 3700 silvestria
1728 3647 1907 3702 cuncti

300 3722 656 3794 Expeterent,
702 3726 859 3798 quasi
889 3729 1167 3784 carnalem
1205 3730 1450 3788 doctoris
1491 3733 1563 3788 ad
1601 3751 1758 3790 usum

299 3810 588 3869 Femineos
619 3813 834 3886 liquere
866 3817 1088 3884 choros,
1124 3823 1246 3890 quis
1275 3819 1414 3877 lacte
1451 3822 1728 3879 tumebant

298 3899 484 3956 Ubera
512 3909 623 3958 tota
651 3919 814 3973 uovo,
849 3905 1068 3962 domitis
1096 3908 1212 3963 sine
1242 3908 1333 3964 lite
1365 3911 1660 3979 cohaerent,

300 3988 434 4058 Quae
498 3991 673 4047 sancti
702 3993 929 4050 sociavit
963 3996 1182 4065 honor;
1228 3997 1277 4053 si
1307 3998 1492 4055 dicere
1535 4001 1762 4074 dignum
1800 4009 1902 4070 est,

299 4085 388 4143 Sic
419 4087 612 4144 cdocta
641 4105 741 4147 suo
771 4091 942 4148 servit
967 4093 1496 4155 Macedonia'Paulo.

295 4175 403 4231 Dat
460 4177 676 4235 carnale
720 4180 922 4235 bonum
986 4198 1089 4254 per
1138 4199 1297 4255 quem
1367 4186 1612 4243 cmlestia
1651 4189 1902 4261 sumpsit.

296 4263 560 4320 Miremur
589 4267 807 4324 virtutis
837 4284 995 4340 opus,
1027 4271 1306 4328 doleamus
1333 4273 1518 4348 iniqua

295 4352 567 4425 Brutaque
624 4357 792 4413 corda
835 4358 1153 4429 hominum;
1198 4362 1435 4418 verbum
1490 4364 1726 4423 faciente
1784 4383 1904 4423 ma-

2044 561 2358 629 Outendat;
2391 571 2500 617 tum
2533 572 2714 619 sancta
2745 565 2919 619 virum
2952 582 3075 620 mox
3100 566 3274 636 jussio
3299 575 3486 638 portas

2041 651 2306 707 Caesareae
2334 667 2631 724 properare
2656 653 2829 722 jubet,
2863 655 3189 727 tandemque
3219 657 3448 727 repertis

2039 740 2396 811 Pauperibus,
2427 741 2624 809 viduis,
2668 743 2876 797 orbatis
2904 743 3024 798 luce
3040 752 3352 814 parentum,

2042 828 2202 896 Quod
2231 829 2493 884 Dominus
2524 831 2728 901 tribuit,
2771 831 2940 903 largis
2978 833 3305 890 contradere
3348 833 3563 906 palmis.

2037 919 2161 973 Non
2183 935 2346 974 secus
2366 935 2431 975 ac
2446 919 2661 988 jussum
2682 928 2784 990 est,
2816 929 3066 991 prompto
3095 921 3325 992 perfecit
3351 939 3559 980 amore.

2039 1007 2248 1079 Saepius
2274 1009 2392 1064 haec
2422 1009 2628 1079 passim
2659 1009 2807 1065 cives
2835 1010 3083 1064 miranda
3112 1011 3379 1079 videntes,

2036 1096 2257 1151 Invidiae
2285 1098 2533 1167 pulsante
2561 1098 2728 1164 malo,
2763 1099 3144 1168 conspectibus
3174 1101 3398 1156 adsunt.

2038 1185 2211 1238 Fortis
2240 1185 2554 1251 Alexandri,
2589 1187 2681 1258 qui
2709 1188 2915 1242 dudum
2946 1205 3151 1258 praeses
3178 1190 3246 1242 ab
3277 1188 3373 1245 illo

2038 1270 2235 1323 Missus
2266 1271 2398 1337 erat,
2434 1287 2632 1326 nonam
2663 1273 2755 1344 qui
2785 1273 2952 1328 movit
2982 1274 3038 1327 in
3069 1275 3203 1330 orbe
3235 1275 3531 1346 procellam

2038 1357 2409 1424 Christicolis;
2442 1361 2596 1427 cujus
2627 1369 2869 1416 sanctum
2899 1361 2985 1416 lex
3031 1362 3246 1418 horrica
3276 1365 3564 1420 Mammem

2037 1446 2272 1516 Propulit
2302 1446 2356 1500 in
2384 1455 2621 1503 montem
2647 1466 2659 1502 :
2692 1449 2962 1516 Clemens,
2996 1466 3028 1505 o
3047 1468 3274 1522 presses,
3298 1453 3520 1521 obaudi,

2037 1537 2342 1590 Accusator
2372 1535 2464 1602 ait,
2499 1537 2789 1608 quemdam
2821 1539 2888 1593 de
2922 1539 3087 1610 stirpe
3117 1556 3405 1614 magorum

2035 1623 2278 1678 Vidimus
2334 1625 2550 1697 inclytis
2605 1625 2669 1699 [Γ.
2720 1626 2958 1702 inlicitis]
3003 1629 3157 1703 leges
3210 1638 3423 1686 mutare
3478 1631 3630 1688 fera-

1960 1747 2072 1807 BA
2202 1801 2212 1807 _
2260 1801 2290 1807 η
2497 1801 2510 1807 _
3490 1720 3631 1794 [rum

2035 1799 2398 1868 Carminibus,
2431 1801 2607 1858 solers
2637 1811 2784 1859 ortas
2814 1820 3100 1877 compesce
3131 1807 3402 1879 querelas.

2647 1935 2870 1992 CAPUT
2902 1938 2992 1992 VI.

2135 2042 2252 2108 Qua
2281 2043 2481 2097 missos
2520 2043 2778 2113 praesidis
2824 2044 3184 2100 humanitate
3215 2049 3544 2121 susceperit.

2021 2155 2116 2209 His
2145 2164 2420 2214 commota
2452 2172 2617 2227 super
2648 2156 2919 2212 furibundi
2949 2159 3198 2229 praesidis
3227 2161 3328 2232 ira,

2013 2244 2097 2297 Ire
2127 2244 2265 2298 duos
2298 2245 2508 2315 equites
2539 2253 2894 2316 sanctumque
2924 2249 3198 2304 adducere
3223 2250 3403 2318 jussit.

2019 2331 2226 2386 Obvius
2258 2333 2344 2387 his
2373 2335 2635 2388 Mammes
2666 2333 2862 2388 montis
2895 2337 3280 2392 scandentibus
3309 2338 3418 2394 alta
3446 2357 3462 2396 :

2017 2419 2136 2488 Quo
2188 2421 2508 2492 properatis,
2548 2422 2670 2477 ait?
2712 2423 3053 2478 Mammetem
3102 2427 3417 2498 quaerimus,
3450 2429 3616 2485 aiunt.

2018 2509 2074 2564 Si
2105 2510 2266 2577 nosti,
2308 2518 2606 2566 monstrato
2635 2511 2800 2577 viam,
2833 2528 2938 2583 qua
2967 2513 3167 2569 mansit
3199 2524 3253 2570 et
3288 2516 3425 2588 ipse,

2015 2598 2112 2652 Vel
2142 2615 2246 2669 qua
2276 2608 2467 2669 pascat
2496 2616 2647 2654 oves.
2680 2600 2806 2654 Non
2836 2600 2997 2669 hujus
3029 2603 3283 2672 nominis,
3314 2605 3512 2678 inquit,

2011 2687 2110 2742 Hic
2137 2703 2410 2758 cognosco
2441 2689 2637 2754 virum,
2672 2703 2775 2744 nec
2804 2688 2974 2757 hujus
3004 2693 3214 2748 mansio
3246 2702 3374 2750 nota
3407 2703 3510 2750 est.

2007 3043 2068 3096 In
2099 3043 2217 3098 solo
2251 3060 2507 3100 sermone
2538 3045 2746 3118 fugam.
2778 3051 2920 3104 Nam
2949 3057 3146 3105 ctetera
3176 3049 3333 3105 fortis

1931 3106 1980 3168 Ο
2007 3131 2360 3186 Tentamenta
2390 3133 2527 3199 tulit,
2562 3106 2664 3205 pro
2695 3137 2906 3192 Christo
2937 3153 3143 3208 ponere
3171 3138 3381 3194 malens

2008 3217 2182 3286 Quam
2219 3236 2438 3276 servare
2467 3222 2726 3293 animam,
2751 3227 3041 3298 verbisque
3062 3227 3410 3298 sequentibus
3431 3228 3606 3299 ipsum

2003 3308 2127 3362 Non
2159 3309 2404 3365 timuisse
2436 3311 2631 3369 docet:
2666 3314 2930 3370 Mammes
2959 3331 3057 3371 cur
3081 3316 3364 3387 quaeritur,
3397 3316 3588 3389 inquit,

2010 3396 2296 3452 Declarate
2325 3397 2458 3452 mihi
2479 3407 2534 3454 et
2563 3401 2718 3455 vobis
2743 3403 3394 3474 monstrabo:videndum.

2009 3484 2336 3555 Proditione,
2367 3486 2535 3553 aiunt,
2569 3489 2853 3559 pulsantur
2882 3491 3132 3562 praesidis
3161 3508 3346 3559 aures,

2004 3573 2170 3627 Audit
2199 3581 2252 3628 et
2279 3575 2426 3630 hunc
2453 3591 2679 3645 puerum
2710 3578 2948 3651 magicis
2973 3579 3252 3637 conﬁdere
3276 3581 3444 3638 rebus
3519 3590 3540 3597 ‘

2004 3661 2073 3715 Et
2102 3662 2373 3717 domitare
2394 3663 2538 3718 feras
2570 3673 2622 3718 et
2654 3667 2964 3737 agrestibus
2995 3669 3323 3738 imperitare.

2006 3749 2118 3816 Ille,
2154 3750 2254 3804 Dei
2285 3751 2428 3806 dono
2489 3754 2747 3824 monitus,
2783 3757 3098 3826 respondit:
3138 3758 3364 3824 Eamus,

2007 3837 2408 3912 Gustemusque
2439 3841 2614 3912 prius,
2650 3851 2759 3897 tum
2771 3843 2928 3912 jussa
2959 3843 3236 3900 facessere
3265 3853 3500 3918 tempus:

2005 3927 2376 4000 Adductisque
2410 3930 2630 3984 domum
2661 3932 2910 3987 convivia
2938 3932 3095 4005 larga
3121 3935 3348 4005 paravit,

2004 4016 2182 4085 Panis,
2214 4033 2365 4088 aquae
2394 4019 2644 4091 niveique
2676 4035 2954 4091 apponens
2982 4038 3208 4078 munera
3235 4023 3413 4080 lactis.

2007 4104 2129 4158 Non
2161 4113 2367 4160 tantum
2398 4107 2637 4178 pr0priis
2667 4109 2923 4179 precibus
2954 4109 3218 4167 dilexerat
3243 4113 3447 4180 hostes,

2007 4194 2210 4248 Verum
2241 4195 2388 4266 quod
2417 4196 2591 4252 sancti
2621 4199 2829 4253 monuit
2857 4198 3094 4256 sollertia
3121 4201 3272 4256 Pauli

2009 4283 2330 4339 Esuriemve
2359 4284 2573 4342 sitimve
2601 4287 2713 4357 pati
2743 4303 2851 4342 non
2880 4289 3101 4359 pertulit
3128 4288 3303 4362 ipsos.

2006 4371 2144 4426 Hinc
2175 4372 2360 4427 videas
2386 4383 2624 4430 mentem
2655 4391 2859 4446 prunas
2890 4377 3136 4450 tetigisse
3161 4379 3421 4447 calentes,

1677 4455 1890 4528 (sistro,
1923 4465 1976 4525 D
1999 4469 2136 4522 Dum
2167 4468 2314 4524 velut
2343 4470 2531 4525 affines
2561 4471 2845 4529 Mammem
2880 4483 3204 4531 venerantur
3234 4477 3484 4534 amicum.

293 4525 521 4582 Intenta:
577 4536 834 4600 stupuere
879 4529 1043 4588 ferae:
1095 4541 1148 4587 at
1188 4533 1393 4591 ratione
1434 4525 1684 4610 vigentes

293 4631 554 4688 Auditum
582 4636 812 4707 strepitu
852 4653 1072 4694 sensum
1110 4655 1365 4697 sermone
1402 4643 1728 4713 retundunt;

291 4719 396 4774 Dat
426 4719 541 4777 fera
571 4724 899 4794 mercedem,
934 4743 969 4780 n
993 4741 1056 4783 os
1081 4728 1249 4800 impia
1277 4731 1485 4801 probra
1520 4731 1759 4803 docenti,

290 4807 429 4864 Hinc
462 4808 577 4867 fera
598 4827 706 4868 non
733 4814 1004 4883 meritum,
1047 4817 1145 4873 sed
1184 4818 1346 4875 habet
1383 4836 1540 4876 mens
1586 4822 1726 4879 dura
1769 4840 1895 4881 rea-

1734 4911 1889 4986 [tum.

919 4993 1149 5052 CAPUT
1177 4995 1241 5052 V.

292 5093 360 5149 Ut
387 5096 641 5184 agrestia.
661 5111 792 5184 cum
811 5098 1048 5184 mitibus
1066 5102 1343 5184 mulgens,
1380 5108 1448 5184 et_
1465 5120 1654 5184 caseos
1683 5124 1890 5184 paupe-

434 5166 587 5223 ribus
620 5169 875 5226 tribuens
895 5171 1048 5244 apud
1064 5166 1367 5245 praesident
1399 5177 1477 5232 sit
1497 5166 1741 5237 delatu's.
1797 5166 1813 5184 ⁸
1845 5166 1852 5167 ⁷
1896 5180 1909 5199 ⁸

287 5269 380 5324 Vir
409 5271 647 5341 Domini,
677 5290 991 5347 agnoscens
1020 5277 1144 5335 ideo
1174 5296 1455 5339 remanere
1483 5282 1719 5342 libenter

281 5358 350 5414 Ut
381 5375 553 5434 grege
582 5378 703 5418 cum
733 5365 953 5438 proprio
982 5366 1120 5424 fetas
1149 5370 1420 5444 mulgeret
1439 5382 1708 5446 agrestes,

283 5448 570 5505 Accendes
601 5451 762 5508 niveo
793 5453 972 5510 sinum
1003 5456 1073 5512 de
1106 5457 1252 5514 fonte
1281 5459 1544 5531 replevit:

281 5533 486 5592 Caseus
517 5537 744 5597 efficitur
769 5543 1034 5614 paulatim
1059 5545 1198 5602 lacte
1231 5555 1441 5604 coacto.

279 5623 504 5695 Pinguis
532 5635 585 5683 et
611 5629 870 5687 immissis
900 5633 1118 5692 ditescit
1145 5633 1334 5692 ﬁscina
1365 5637 1553 5693 formis
1579 5659 1591 5694 :

2003 4565 2071 4618 Et
2099 4567 2333 4622 redeunt
2362 4575 2566 4624 sancta:
2597 4576 2766 4624 testes
2798 4569 3015 4626 virtutis
3047 4571 3238 4644 opimi.

2615 4691 2841 4750 CAPUT
2871 4694 2988 4750 VII.

2004 4797 2259 4877 Qualiter
2275 4798 2423 4877 ipsos
2454 4813 2734 4877 concursu
2765 4801 3074 4877 agrestium
3092 4804 3332 4877 territos
3346 4805 3412 4860 de
3446 4821 3505 4862 se
3523 4807 3614 4877 sit,

2067 4869 2423 4937 consolatus;
2455 4869 2517 4924 in
2546 4887 2650 4943 quo
2681 4871 2749 4926 de
2777 4869 3028 4930 nominis
3049 4875 3170 4945 ejus
3199 4875 3549 4934 diversitate.

1993 4973 2145 5047 Ergo
2172 4975 2280 5030 illis
2310 4976 2514 5046 pariter
2541 4978 2935 5049 prandentibus
2962 4979 3126 5036 intrat
3153 4983 3390 5054 agrestis

1992 5063 2176 5120 Turba
2204 5067 2542 5134 catervatim,
2574 5067 2786 5140 legeret
2812 5067 2946 5125 dum
2973 5069 3235 5143 dogmata
3263 5079 3488 5130 sanctus

1991 5161 2157 5217 Verbi
2185 5163 2491 5234 evangelici
2525 5183 2537 5220 :
2570 5166 2853 5221 turbantur
2879 5167 3064 5223 nescia
3094 5167 3217 5224 visu

1989 5259 2168 5314 Corda
2195 5259 2391 5326 virum,
2428 5261 2653 5334 supplex
2684 5261 2822 5318 alius
2848 5263 3226 5336 complectitur
3251 5283 3421 5340 aram,

1984 5355 2082 5410 Ille
2109 5356 2279 5411 sacris
2309 5357 2541 5430 genibus
2570 5361 2821 5416 Mammze
2851 5359 3156 5418 timefactus
3184 5363 3430 5421 inhaeret.

1983 5453 2209 5508 Attoniti
2239 5462 2452 5510 terrore
2483 5471 2646 5526 novo,
2679 5473 3060 5532 summamque
3093 5461 3284 5517 salutis

1979 5553 2101 5606 Jam
2131 5551 2294 5606 dubio
2325 5553 2427 5607 sub
2472 5555 2639 5610 corde
2679 5562 2896 5625 tenent;
2929 5573 3267 5630 cernensque
3312 5559 3587 5631 timentes,

1978 5648 2061 5703 Ne
2091 5647 2349 5718 timeatis,
2387 5648 2478 5716 ait,
2513 5651 2856 5710 Mammetem
2887 5654 3129 5721 cernitis,
3164 5669 3294 5710 ecce
