4024 6194
397 233 526 287 1051

402 357 674 428 Quaeritis,
705 357 849 412 hunc
876 355 1053 428 ipsum
1083 371 1181 412 vos
1201 355 1471 411 invenisse
1501 355 1685 412 sciatis
1713 374 1728 423 ;

401 445 710 502 Confortate
739 445 967 514 animos,
1001 446 1131 499 nihil
1161 445 1247 498 hic
1275 444 1378 498 nisi
1409 444 1538 499 mite
1565 445 1777 501 videtis.

399 538 470 591 At
498 535 630 590 mihi
659 541 824 590 restat
851 534 1026 588 adhuc
1055 533 1312 588 dubitatio
1340 533 1576 588 nominis
1607 535 1795 603 hujus:

400 623 538 679 Nam
567 625 836 680 Mammas
867 625 1134 692 Mammw,
1166 630 1219 676 et
1257 624 1516 680 Mammas
1545 625 1854 680 Mammetis
1890 623 1993 678 ha-

1817 710 1994 784 [betur

401 801 471 856 Et
499 802 760 857 Mammes
790 801 1044 856 Mammis
1076 799 1336 870 scriptum
1366 799 1577 872 liquere
1597 799 1828 871 priores.

405 889 484 946 Sit
510 889 870 960 quodcunque
904 898 1086 942 tamen
1117 889 1354 944 ca‘lestis
1385 889 1607 960 scriptio
1630 897 1828 956 servat,

401 976 770 1048 Quodcunque
787 977 1144 1049 exprimimus
1168 985 1412 1032 sanctum
1433 977 1710 1048 signamus
1723 978 1990 1035 eumdem.

400 1066 452 1119 Si
487 1065 587 1132 vis,
622 1073 813 1137 sponte
843 1067 986 1132 veni,
1023 1065 1067 1120 si
1099 1081 1226 1134 non,
1258 1067 1506 1136 permitte
1537 1067 1756 1131 reverti,

396 1153 633 1225 Pergite,
663 1154 753 1224 ait,
786 1154 863 1208 nil
890 1161 1072 1210 vestra
1101 1154 1263 1209 timor
1285 1155 1394 1224 jam
1421 1161 1644 1224 pectora
1664 1155 1862 1222 turbet,

397 1243 534 1297 Nam
569 1258 892 1315 quocunque
924 1243 1024 1298 Dei
1052 1258 1140 1298 me
1170 1242 1400 1314 Spiritus
1430 1243 1622 1315 egerit,
1643 1243 1750 1299 ibo.

398 1331 664 1387 Continuo
688 1332 913 1387 redeunt
946 1333 1245 1404 gaudentes
1277 1340 1438 1402 atque
1466 1332 1737 1388 timentes.

398 1427 574 1496 Quam
606 1428 765 1484 facile
793 1428 1149 1500 Omnipotens
1179 1429 1459 1492 hominum
1479 1436 1689 1485 mutare
1714 1437 1935 1500 repente

397 1517 572 1573 Corda
601 1525 798 1589 potest,
830 1518 1154 1590 laudemque
1185 1517 1298 1572 suis
1327 1519 1627 1574 concedere
1651 1519 1870 1574 sanctis.

394 1605 519 1661 Non
546 1606 708 1662 modo
729 1614 787 1662 ut
815 1607 914 1662 hos
933 1607 1182 1662 homines
1203 1606 1445 1676 timeant,
1467 1607 1564 1662 sed
1585 1614 1775 1663 cuncta
1789 1615 1983 1664 creata.

987 1738 1212 1795 CAPUT
1242 1740 1380 1794 VIII.

403 1851 693 1921 Quomodo,
741 1854 1080 1909 admonente
1111 1855 1210 1909 Dei
1253 1854 1489 1924 Spiritu,
1539 1855 1776 1923 leonem,
1811 1857 1906 1928 qui
1945 1873 2003 1913 se

823 1931 1172 1995 sequeretur,
1197 1928 1499 1980 vocaverit.

400 2027 612 2099 Spritus
641 2028 920 2100 egregium
951 2028 1134 2083 docuit
1163 2029 1413 2083 sublimia
1444 2029 1731 2085 Mammem
1759 2049 1772 2084 :

397 2116 571 2189 Surge
599 2115 771 2186 aiens,
795 2117 1128 2188 jamjamque
1160 2131 1296 2172 voca
1327 2118 1393 2172 de
1427 2126 1609 2173 monte
1642 2118 1859 2175 leonem

393 2203 496 2273 Qui
525 2204 748 2260 multum
780 2204 993 2260 virtutis
1026 2206 1252 2271 habens,
1287 2214 1339 2260 et
1369 2221 1606 2277 corpore
1638 2215 1906 2278 prastans

389 2293 608 2348 Iudaeos
637 2301 939 2366 gentesque
969 2301 1144 2361 vocet,
1187 2310 1309 2349 cum
1341 2295 1507 2366 stirpe
1537 2296 1792 2367 maligna.

391 2381 568 2437 Laatus
595 2383 666 2437 ad
692 2383 973 2438 astherium
1003 2383 1264 2438 Mammes
1295 2385 1536 2455 suspexit
1568 2384 1898 2457 Olympum:

389 2469 435 2525 Ο
466 2472 611 2526 Deus
643 2470 784 2526 alme
804 2480 1040 2543 patrum,
1074 2472 1261 2527 mundi
1293 2473 1381 2542 pie
1406 2473 1670 2540 conditor,
1705 2474 1898 2546 inquit,

390 2560 509 2614 Jam
539 2561 816 2630 miserere,
851 2568 1126 2632 tuumque,
1165 2562 1338 2627 Pater,
1367 2577 1433 2616 ne
1463 2562 1659 2617 desere
1681 2579 1920 2631 servum;

391 2649 620 2720 Respice
648 2649 948 2704 Mammetis
980 2650 1107 2720 quid
1141 2649 1311 2704 corda
1340 2648 1583 2723 fidesque
1614 2651 1874 2718 volutent,

391 2737 791 2810 Passurumque
811 2746 905 2793 tuo
933 2753 1034 2809 pro
1064 2737 1284 2794 nomine
1312 2738 1479 2794 multa
1509 2747 1680 2795 tuere.

389 2826 551 2893 Dixit,
585 2841 708 2882 cum
736 2828 962 2883 veniens
990 2827 1160 2882 eremi
1190 2827 1258 2882 de
1288 2835 1442 2898 parte
1472 2827 1683 2899 rugitus

391 2914 492 2968 Dat
517 2915 604 2971 leo
632 2915 921 2982 terribiles,
951 2915 1261 2972 horrendus
1290 2916 1427 2972 colla
1453 2917 1740 2988 jubasque.

392 3004 488 3058 Cui
513 3005 773 3059 Mammes
805 3023 819 3060 :
855 3007 974 3073 Quo
1006 3004 1271 3074 Christus,
1304 3005 1574 3070 ait,vocat,
1609 3005 1843 3078 impiger
1869 3005 1978 3060 ibo.

390 3092 468 3146 Tu
497 3108 711 3164 quoque
730 3093 910 3148 divina
939 3094 1126 3147 venias
1157 3094 1226 3148 ad
1247 3101 1536 3148 scammata
1559 3093 1738 3162 jussu,

394 3182 644 3253 Dumque
675 3198 807 3237 cavo
837 3181 1034 3236 fuerint
1059 3182 1366 3251 spectacula
1386 3181 1439 3234 in
1462 3181 1880 3251 amphitheatro,

392 3269 563 3340 Impia
592 3270 748 3324 turba
776 3285 933 3323 suum
960 3269 1198 3323 moriens
1227 3277 1279 3324 te
1301 3268 1494 3323 sentiat
1523 3269 1753 3325 hostem.

393 3359 473 3412 Ac
502 3357 648 3411 velut
674 3357 780 3413 hoc
809 3357 1019 3424 dicens,
1052 3357 1211 3412 miles
1239 3357 1436 3413 vexilla
1468 3358 1738 3429 sequeris,

396 3445 652 3501 Sternere
681 3445 832 3502 disce
863 3445 1016 3501 ducis
1047 3445 1251 3502 strictis
1281 3446 1631 3502 mucronibus
1661 3448 1864 3504 hostes.

1037 3570 1263 3627 CAPUT
1292 3571 1389 3626 IX.

418 3659 890 3727 Quemadmodum
941 3660 1252 3716 Caesaream
1283 3661 1557 3732 rventem,
1591 3658 1820 3732 praesidi
1873 3661 1935 3714 in

1065 3731 1336 3788 notuert’t.

387 3837 688 3893 Caesaream
717 3845 840 3908 post
868 3839 972 3893 ista
1000 3853 1140 3909 puer
1168 3835 1516 3892 venerandus
1547 3835 1733 3900 adivit,

383 3925 643 3996 Repperit
672 3933 726 3980 et
752 3934 941 3997 portas
965 3926 1116 3994 juxta
1145 3925 1391 3982 residere
1411 3933 1659 3996 patentes

385 4011 537 4082 Quos
569 4013 774 4070 dudum
802 4030 1007 4086 praeses
1038 4013 1361 4085 capiendum
1382 4013 1533 4068 misit
1559 4014 1630 4067 ad
1657 4013 1838 4084 ipsum
1863 4031 1874 4066 :

385 4101 489 4170 Qui
517 4111 704 4159 sancto
733 4103 983 4158 veniente
1011 4109 1246 4174 stupent,
1280 4102 1578 4174 humilique
1611 4101 1844 4156 salutant

386 4190 638 4263 Alloquio
670 4209 684 4246 :
716 4190 954 4247 Salutem
972 4191 1224 4265 [salvum]
1242 4199 1407 4248 temet
1427 4190 1728 4264 gaudemus
1750 4189 1982 4258 adesse;

385 4279 740 4353 Amplexique
759 4279 950 4352 pedes,
982 4280 1167 4336 verbis
1195 4287 1525 4337 venerantur
1555 4278 1768 4335 amicis.

383 4375 678 4448 Surgentes
697 4376 767 4432 ad
795 4374 942 4432 celsa
972 4375 1075 4431 viri
1104 4375 1358 4447 przetoria
1380 4384 1628 4444 currunt,

898 230 1301 288 WALAFRIDI
1339 229 1581 285 STRABI
1621 229 1819 287 FULD.
1861 228 2031 288 MON.
2074 227 2227 286 OPP.
2268 229 2442 286 PARS
2481 231 2549 286 II.
2589 261 2658 273 -—
2697 230 3090 287 HISTORICA.

2019 3079 2066 3140 Ο

3549 240 3690 295 1052

2018 362 2074 421 Α
2094 373 2188 428 His
2220 373 2380 428 simul
2400 375 2598 429 auditis
2620 374 2787 429 multa
2816 376 2883 430 de
2905 383 3054 447 parte
3083 374 3296 446 piorum

2096 471 2179 526 Ad
2201 472 2487 526 Mammcm
2509 489 2728 538 venere,
2764 472 2904 527 sacri
2931 474 3213 528 consortia
3235 475 3388 530 verbi

2096 567 2433 638 Quaarentes,
2469 570 2680 625 animos
2705 587 2806 642 per
2835 571 3039 643 gaudia
3058 579 3245 628 sancta
3265 571 3473 629 refecti.

2730 684 2955 739 CAPUT
2976 685 3048 740 X.

2097 779 2301 847 Quibus
2315 783 2598 856 responsis
2615 781 2863 853 praesidi.
2901 782 3309 856 confessionem
3335 785 3689 856 magicarum

2479 855 2696 908 artium
2729 855 3029 924 quwrenti,
3063 853 3383 910 ob-viaverit.

2095 941 2306 995 Interea
2325 955 2529 1010 prmses
2558 941 2848 995 Mammem
2872 940 3026 1009 jubet
3047 950 3171 996 ante
3203 941 3442 998 tribunal

2096 1027 2385 1095 Constitui,
2412 1037 2465 1084 et
2496 1029 2680 1084 verbis
2700 1030 2990 1084 adductum
3010 1029 3188 1100 pulsat
3217 1031 3439 1085 amaris.

2091 1117 2170 1171 Tu
2185 1118 2466 1185 Mammes,
2493 1134 2657 1189 quem
2678 1118 2826 1174 fama
2855 1134 3076 1188 magum
3097 1119 3248 1186 serit,
3281 1119 3370 1175 ille
3405 1119 3618 1176 vocaris
3635 1120 3662 1174 ?

2093 1206 2294 1261 Servus
2323 1207 2417 1277 ait,
2449 1207 2668 1274 Christi,
2715 1208 2978 1262 Mammes
3025 1223 3212 1277 vocor,
3249 1208 3426 1264 incola
3463 1209 3686 1265 montis.

2089 1294 2207 1360 Dic,
2233 1293 2422 1367 inquit,
2466 1295 2680 1368 magica
2697 1311 3046 1366 compescere
3077 1296 3306 1367 qualiter
3332 1305 3468 1362 arte,

2089 1384 2158 1436 Et
2182 1383 2445 1438 domitare
2468 1383 2630 1450 feras,
2657 1385 2824 1439 debes
2846 1401 2968 1438 nam
2996 1385 3253 1454 pandere,
3275 1386 3474 1456 possis.

2092 1472 2304 1538 Servio,
2336 1472 2408 1526 ait
2438 1482 2676 1538 sanctus,
2705 1473 2937 1540 Christo,
2963 1474 3055 1545 qui
3084 1482 3274 1529 cuncta
3294 1475 3585 1546 gubernat,

2090 1570 2258 1638 Cujus
2287 1569 2356 1624 ad
2374 1571 2654 1640 imperium
2686 1571 2988 1624 substantia
3018 1571 3250 1627 flectitur
3270 1572 3440 1639 orbis;

2094 1669 2245 1723 Illum
2277 1676 2424 1722 terra
2454 1669 2628 1733 timet,
2650 1670 2867 1735 coelum,
2905 1686 3071 1738 mare,
3098 1671 3321 1740 spiritus
3351 1670 3564 1726 omnis:

2106 1767 2234 1822 Haec
2261 1769 2375 1822 scio
2405 1776 2456 1821 et
2489 1769 2603 1822 hEBC
2627 1768 2818 1832 fateor,
2845 1767 2970 1823 novi
3009 1783 3132 1822 nam
3165 1777 3358 1823 caetera
3392 1783 3690 1841 nunquam.

2105 1855 2249 1910 Dixit
2277 1855 2588 1910 Alexander
2623 1874 2634 1909 :
2670 1855 2908 1928 Magicas
2931 1856 2975 1910 si
3004 1856 3246 1927 pandere
3276 1856 3518 1912 fraudes-

2104 1952 2506 2008 Dissimulando
2538 1952 2701 2025 fugis,
2736 1953 3016 2008 tormentis
3038 1953 3262 2008 fortibus
3293 1962 3465 2019 actus,

2100 2041 2346 2097 Nudabis
2370 2059 2489 2114 qua)
2519 2050 2654 2096 tecta
2683 2054 2855 2107 tenes;
2889 2041 2974 2096 dic
3005 2058 3140 2114 ergo
3171 2043 3314 2114 quod
3335 2052 3481 2113 opto.

2099 2138 2240 2203 Non,
2271 2137 2461 2209 inquit,
2485 2138 2648 2192 didici
2681 2137 2939 2209 mysteria
2963 2137 3102 2192 foeda
3132 2154 3445 2210 magorum;

2100 2227 2296 2282 Invoco
2325 2227 2424 2281 sed
2452 2227 2744 2296 Christum,
2766 2227 2919 2294 cujus
2947 2226 3258 2281 venerabile
3287 2242 3484 2281 nomen

2098 2313 2294 2370 Omnia
2326 2322 2513 2370 sancta
2542 2315 2665 2370 facit
2696 2333 2708 2368 :
2744 2329 2968 2370 carnem
2991 2315 3085 2368 tibi
3115 2315 3252 2370 cedo
3284 2315 3564 2369 tcrendam

2096 2403 2271 2472 Quam
2295 2404 2541 2460 cruciare
2570 2412 2747 2474 potes,
2773 2403 2909 2458 liber
2940 2403 3036 2458 sed
3059 2403 3274 2473 spiritus
3306 2403 3412 2458 iste

2093 2493 2153 2546 In
2175 2493 2390 2547 Domini
2422 2493 2617 2547 virtute
2646 2501 2844 2558 manet,
2881 2508 3041 2563 quem
3064 2499 3254 2547 cuncta
3276 2491 3611 2548 tremiscunt.

2093 2583 2304 2637 Prmses
2325 2582 2397 2635 ait
2430 2600 2442 2634 :
2478 2581 2702 2653 Magicis
2721 2596 2914 2651 poenas
2935 2589 3283 2636 contemnere
3314 2596 3482 2637 sacris

2091 2672 2165 2726 Te
2185 2671 2378 2738 video;
2401 2686 2468 2725 ne
2499 2670 2662 2725 crede
2693 2679 2872 2725 tamen
2903 2685 2990 2724 me
3023 2670 3244 2725 ﬂectere
3273 2685 3439 2740 posse

2086 2759 2352 2831 Nequitia:
2383 2767 2687 2816 commenta
2722 2767 2843 2827 tum,
2875 2758 2960 2813 vel
2984 2759 3221 2813 carmine
3253 2758 3385 2812 ludi.

2089 2848 2252 2916 Dixit,
2284 2855 2336 2903 et
2357 2864 2388 2903 e
2417 2857 2604 2902 contra
2635 2856 2849 2902 sanctus
2872 2847 2976 2901 fert
3001 2847 3124 2901 talia
3155 2847 3451 2901 Mammes:

2089 2945 2213 3000 Odit
2244 2945 2443 3017 quippe
2467 2947 2613 2999 Deus
2634 2945 2905 3016 vitamque
2935 2960 3218 3016 genusque
3240 2960 3548 3016 magorum.
3611 3002 3614 3006 ,

2088 3034 2155 3088 Et
2183 3049 2374 3107 magus
2405 3049 2528 3089 esse
2557 3033 2744 3105 nequit
2776 3033 2992 3088 Domini
3023 3033 3115 3103 qui
3147 3033 3333 3105 flagrat
3361 3047 3583 3099 amore;

2088 3123 2211 3177 Non
2241 3131 2346 3188 tua,
2384 3122 2540 3186 scito,
2577 3138 2761 3186 miser,
2787 3123 2951 3176 timeo
2982 3129 3250 3176 tormenta
3279 3121 3546 3187 minasve,

2089 3211 2384 3266 Salvatoris
2416 3211 2619 3265 habens
2639 3218 2868 3276 scutum,
2905 3210 2996 3281 qui
3027 3209 3210 3264 sidera
3242 3218 3442 3276 servat,

2088 3299 2192 3368 Qui
2221 3315 2308 3354 me
2330 3306 2490 3370 teque
2519 3314 2618 3354 suo
2641 3299 2809 3368 judex
2840 3299 2955 3367 subj
2970 3315 3065 3352 ure
3097 3306 3348 3366 retentat,

2087 3387 2260 3455 Quem
2288 3387 2428 3456 colo,
2463 3403 2626 3458 quem
2658 3387 2834 3442 solum
2857 3403 2953 3458 per
2985 3387 3166 3460 legem
3195 3387 3385 3442 doctus
3409 3386 3614 3442 adoro.

2089 3477 2296 3531 Prmses
2326 3476 2434 3530 ait:
2468 3475 2700 3531 Diversa
2721 3476 2909 3531 studes
2939 3491 3218 3546 opponere
3249 3475 3427 3532 veris:

2089 3566 2364 3621 Hactenus
2387 3563 2572 3620 artifici
2593 3564 2744 3638 licuit
2773 3563 2970 3619 lusisse
3001 3565 3237 3636 loquela,

2085 3663 2202 3716 Jam
2231 3670 2486 3718 montana
2519 3662 2652 3716 mihi
2673 3661 2830 3718 citius
2854 3671 3067 3717 secreta
3087 3669 3387 3733 patescant.

2085 3753 2155 3808 Et
2185 3751 2332 3823 quid,
2357 3751 2451 3817 ait,
2485 3751 2712 3818 tibimet,
2729 3750 2896 3819 judex
2927 3750 3222 3816 scelerose,
3257 3749 3469 3806 fatebor
3490 3750 3518 3802 ?

2097 3947 2300 4015 Quibus
2330 3946 2529 4002 itidem
2559 3857 3150 4020 blanggiﬁtlj'lj‘ngsidis
3181 3945 3586 4003 obviatiom’bus

2703 4018 3084 4088 confutaverit
3097 4056 3110 4071 .

2086 4107 2223 4161 llmc
2253 4106 2415 4159 aliam
2445 4111 2648 4160 tentare
2670 4104 2812 4159 viam
2842 4104 3112 4159 dementia
3134 4103 3298 4175 cmpit

2083 4192 2309 4248 Judicis.
2345 4193 2555 4248 lnvicti
2578 4193 2698 4262 jura
2730 4209 2831 4264 per
2862 4193 3113 4259 Caesaris,
3148 4192 3338 4264 inquit,

2086 4283 2377 4338 Fortunam
2399 4294 2705 4354 numenque
2738 4283 2921 4349 deum,
2948 4282 3083 4336 nihil
3114 4297 3238 4337 esse
3267 4279 3517 4336 nefanda:

2085 4371 2228 4430 Artis
2257 4370 2402 4442 apud
2433 4371 2721 4439 Mammen,
2757 4379 2812 4426 et
2839 4369 2997 4426 citius
3026 4378 3253 4426 Securus
3281 4369 3478 4423 abibis.

384 4441 640 4520 Dicentes
672 4483 686 4519 :
721 4463 768 4520 Ο
795 4479 1022 4535 ρτωεεε,
1047 4441 1202 4519 adest
1230 4479 1392 4536 quem
1424 4441 1621 4535 quaeris
1649 4473 1706 4520 ut
1749 4441 2057 4553 hostem,D
2094 4461 2198 4516 Per
2227 4441 2426 4516 nomen
2455 4459 2718 4516 conﬁrmo
2747 4459 2848 4514 Dei
2879 4459 3048 4514 Patris
3075 4460 3255 4514 omnia
3286 4459 3548 4512 Mammas

384 4554 507 4608 Non
527 4569 741 4625 magus,
765 4561 824 4607 ut
855 4552 1002 4608 stulti
1034 4545 1297 4608 cdnfinxit
1323 4552 1508 4624 Opinio
1540 4553 1708 4625 vulgi,

382 4642 496 4696 Nec
519 4658 641 4697 reus
667 4641 887 4698 illorum
909 4657 1028 4714 quas
1057 4641 1281 4712 garrula
1310 4640 1451 4696 fama
1473 4643 1708 4706 serebat,

383 4731 492 4786 Sed
521 4746 714 4787 servus
742 4730 1007 4802 milesque
1038 4729 1138 4784 Dei
1166 4730 1285 4786 sine
1305 4729 1534 4785 crimine
1564 4730 1783 4785 summi.

384 4818 555 4876 Judex
585 4819 702 4876 haec
731 4827 920 4876 contra
955 4836 968 4872 :
1002 4818 1182 4875 Pretio
1210 4819 1562 4892 cognoscitur
1593 4818 1693 4874 iste

385 4915 705 4988 Corrupisse
734 4929 908 4982 meos,
943 4921 1188 4970 sererent
1217 4921 1274 4970 ut
1303 4913 1440 4969 falsa
1468 4913 1736 4971 volentes.

382 5004 498 5059 Nos
525 5004 671 5060 aiunt
689 5019 799 5060 non
826 5003 961 5059 falsa
987 5003 1101 5072 tibi,
1131 5004 1229 5058 sed
1260 5002 1380 5059 visa
1399 5003 1586 5073 locuti,

385 5091 541 5147 Haud
569 5093 816 5163 cupimus
843 5093 1018 5165 pretio
1049 5108 1240 5149 verum
1272 5099 1486 5148 mutare
1517 5107 1791 5164 saporem.

386 5180 632 5236 Vidimus
662 5181 734 5235 ad
761 5195 953 5237 vocem
983 5181 1260 5236 Christum
1291 5181 1360 5237 de
1390 5196 1546 5237 more
1573 5181 1840 5251 vocantis,

387 5267 672 5326 Silvicolas
701 5275 876 5324 astare
905 5286 1124 5343 greges,
1159 5269 1312 5342 quasi
1343 5269 1498 5324 mitia
1526 5270 1792 5342 quaedam,

389 5358 762 5429 Orantemque
790 5357 923 5412 satis
943 5359 1136 5414 humili
1163 5359 1502 5415 circumdare
1525 5366 1703 5431 gestu.

386 5448 676 5504 Nescimus
704 5448 848 5501 hunc
878 5462 1000 5503 esse
1029 5463 1288 5519 magum;
1323 5447 1368 5501 si
1398 5448 1622 5503 credere
1659 5446 1818 5504 nobis

391 5536 630 5591 Duxeris
656 5535 961 5608 indignum,
1002 5544 1199 5606 praesto
1229 5544 1329 5601 est,
1363 5551 1491 5590 nam
1519 5545 1739 5592 venerat
1761 5535 1941 5604 ultro;

392 5624 616 5680 Iudiciis
641 5625 848 5700 inquire
867 5624 972 5682 tuis
991 5639 1092 5679 nos
1108 5639 1234 5680 vera
1255 5623 1480 5683 locutos.

2095 4550 2272 4606 Laetus
2301 4548 2394 4615 ait,
2428 4550 2662 4619 Natique
2685 4549 2843 4603 simul
2873 4563 2997 4603 cum
3026 4548 3247 4602 numine
3285 4545 3508 4613 Flatus;

2094 4640 2190 4693 Ast
2219 4638 2499 4692 hominum
2527 4636 2788 4709 figmenta
2825 4636 2981 4708 sequi
3012 4635 3281 4708 saevisque
3311 4635 3646 4707 redemptam

2094 4725 2444 4781 Daemonibus
2467 4727 2728 4781 damnare
2749 4725 2986 4780 animam
3015 4724 3164 4780 nullo
3185 4723 3376 4779 ordine
3394 4739 3598 4795 possun

2094 4813 2348 4870 Praesidis
2375 4813 2459 4870 ira
2491 4815 2683 4869 videns
2711 4814 2814 4868 sibi
2844 4813 2998 4869 fortia
3029 4812 3139 4868 tela
3170 4813 3388 4879 remitti,

1987 4926 1998 4936 -
2093 4903 2359 4974 Increpat,
2393 4911 2446 4958 et
2475 4902 2633 4958 dictis
2661 4902 2860 4958 ardens
2887 4917 2988 4973 pro
3020 4900 3220 4956 talibus
3247 4901 3391 4955 intus
3425 4918 3439 4952 :

2093 4992 2326 5057 Nomen,
2363 4991 2452 5055 ait,
2489 4998 2776 5046 contemne
2807 4989 2924 5056 Dei,
2950 4990 3170 5060 jamque
3199 4989 3319 5060 ipsa
3348 4995 3548 5061 negato

2091 5082 2223 5135 Jura
2251 5079 2346 5146 tui,
2378 5079 2685 5151 nostrisque
2703 5077 2886 5134 ferens
2914 5077 3178 5133 libamina
3206 5077 3345 5131 divis

2093 5167 2389 5224 Aureliana
2403 5169 2556 5236 jubet
2586 5167 2796 5223 cunctis
2828 5166 2971 5237 quod
3004 5165 3211 5220 sanctio
3242 5163 3474 5236 comple.

2096 5258 2190 5314 Vir
2220 5255 2436 5312 Domini
2466 5256 2624 5310 solita
2649 5255 2818 5310 fretus
2846 5255 3042 5311 virtute
3073 5254 3330 5309 Tonantis
3364 5271 3376 5306 :

2095 5345 2254 5415 Quod
2283 5345 2448 5401 didici
2479 5347 2745 5413 sectabor,
2777 5345 2849 5399 ait
2881 5363 2894 5410 ;
2931 5344 3021 5416 qui
3053 5351 3250 5398 cuncta
3278 5341 3566 5415 gubernat,

2097 5444 2236 5500 Huic
2266 5444 2435 5500 libare
2467 5445 2610 5514 volo,
2645 5459 2806 5517 quem
2838 5442 3012 5497 solum
3045 5457 3263 5512 semper
3291 5441 3462 5496 adoro
3497 5458 3512 5494 :

2095 5535 2384 5589 Dzemones
2406 5533 2496 5588 ille
2528 5533 2673 5588 colat
2704 5531 2990 5587 Dominum
3021 5531 3111 5603 qui
3143 5529 3318 5585 nescit
3347 5527 3584 5601 Olympi,

2096 5621 2248 5677 Vane
2277 5638 2433 5694 puer,
2467 5621 2691 5676 nimium
2719 5636 2925 5693 praeses
2957 5618 3256 5685 seduceris,
3291 5617 3481 5690 inquit,
