  <div class='ocr_page' id='page_1' title='image "/cluster/home/n/w/nwhite01/storage/ocr_20150623/114/hvd.32044052819893/532.png"; bbox 0 0 4024 6194; ppageno 0'>
   <div class='ocr_carea' id='block_1_1' title="bbox 179 3216 1585 3286">
    <p class='ocr_par' dir='ltr' id='par_1_1' title="bbox 179 3216 1585 3286">
     <span class='ocr_line' id='line_1_1' title="bbox 179 3216 1585 3286; baseline 0.006 -18"><span class='ocrx_word' id='word_1_1' title='bbox 179 3258 183 3262; x_wconf 91' lang='grc'>.</span> <span class='ocrx_word' id='word_1_2' title='bbox 270 3216 421 3270; x_wconf 83' lang='lat' dir='ltr'>Intus</span> <span class='ocrx_word' id='word_1_3' title='bbox 442 3216 623 3272; x_wconf 89' lang='lat' dir='ltr'>adhuc</span> <span class='ocrx_word' id='word_1_4' title='bbox 652 3217 820 3285; x_wconf 83' lang='lat' dir='ltr'>sensi,</span> <span class='ocrx_word' id='word_1_5' title='bbox 850 3218 1050 3273; x_wconf 91' lang='lat' dir='ltr'>mentis</span> <span class='ocrx_word' id='word_1_6' title='bbox 1080 3235 1309 3275; x_wconf 90' lang='lat' dir='ltr'>securus</span> <span class='ocrx_word' id='word_1_7' title='bbox 1335 3218 1389 3273; x_wconf 92' lang='lat' dir='ltr'>in</span> <span class='ocrx_word' id='word_1_8' title='bbox 1437 3235 1585 3286; x_wconf 85' lang='lat' dir='ltr'>arce,</span> 
     </span>
    </p>
   </div>
   <div class='ocr_carea' id='block_1_2' title="bbox 260 270 3570 373">
    <p class='ocr_par' dir='ltr' id='par_1_2' title="bbox 260 270 3570 373">
     <span class='ocr_line' id='line_1_2' title="bbox 260 270 3570 373; baseline -0.003 0"><span class='ocrx_word' id='word_1_9' title='bbox 260 319 402 373; x_wconf 79' lang='grc'>1053</span> <span class='ocrx_word' id='word_1_10' title='bbox 1491 313 1656 370; x_wconf 82' lang='lat' dir='ltr'>VITA</span> <span class='ocrx_word' id='word_1_11' title='bbox 1686 311 1742 367; x_wconf 92' lang='lat' dir='ltr'>s.</span> <span class='ocrx_word' id='word_1_12' title='bbox 1774 306 2048 366; x_wconf 65' lang='lat' dir='ltr'>MAMM/E</span> <span class='ocrx_word' id='word_1_13' title='bbox 2077 306 2417 365; x_wconf 77' lang='lat' dir='ltr'>MONACHI.</span> <span class='ocrx_word' id='word_1_14' title='bbox 3292 270 3295 271; x_wconf 13' lang='grc' dir='ltr'><em>ν</em></span> <span class='ocrx_word' id='word_1_15' title='bbox 3430 309 3570 364; x_wconf 66' lang='lat' dir='ltr'>lost</span> 
     </span>
    </p>
   </div>
   <div class='ocr_carea' id='block_1_3' title="bbox 260 431 3323 513">
    <p class='ocr_par' dir='ltr' id='par_1_3' title="bbox 260 431 3323 513">
     <span class='ocr_line' id='line_1_3' title="bbox 260 431 3323 513; baseline -0.004 -14"><span class='ocrx_word' id='word_1_16' title='bbox 260 444 331 499; x_wconf 86' lang='lat' dir='ltr'>Et</span> <span class='ocrx_word' id='word_1_17' title='bbox 361 441 542 513; x_wconf 88' lang='lat' dir='ltr'>doleo,</span> <span class='ocrx_word' id='word_1_18' title='bbox 583 455 707 496; x_wconf 89' lang='lat' dir='ltr'>nam</span> <span class='ocrx_word' id='word_1_19' title='bbox 744 439 975 512; x_wconf 89' lang='lat' dir='ltr'>pulchra</span> <span class='ocrx_word' id='word_1_20' title='bbox 1002 439 1097 495; x_wconf 85' lang='lat' dir='ltr'>tibi</span> <span class='ocrx_word' id='word_1_21' title='bbox 1145 455 1291 497; x_wconf 88' lang='lat' dir='ltr'>nunc</span> <span class='ocrx_word' id='word_1_22' title='bbox 1321 438 1555 511; x_wconf 84' lang='lat' dir='ltr'>suppetit</span> <span class='ocrx_word' id='word_1_23' title='bbox 1607 446 1759 509; x_wconf 71' lang='lat' dir='ltr'>aetas,</span> <span class='ocrx_word' id='word_1_24' title='bbox 1897 433 2300 506; x_wconf 82' lang='lat' dir='ltr'>APerpetitur,</span> <span class='ocrx_word' id='word_1_25' title='bbox 2332 440 2512 489; x_wconf 89' lang='lat' dir='ltr'>tractu</span> <span class='ocrx_word' id='word_1_26' title='bbox 2539 432 2663 490; x_wconf 85' lang='lat' dir='ltr'>coeli</span> <span class='ocrx_word' id='word_1_27' title='bbox 2691 447 2796 489; x_wconf 87' lang='lat' dir='ltr'>vox</span> <span class='ocrx_word' id='word_1_28' title='bbox 2843 432 3011 488; x_wconf 87' lang='lat' dir='ltr'>missa</span> <span class='ocrx_word' id='word_1_29' title='bbox 3040 431 3278 489; x_wconf 74' lang='lat' dir='ltr'>cucurrit</span> <span class='ocrx_word' id='word_1_30' title='bbox 3310 450 3323 487; x_wconf 93' lang='lat'>:</span> 
     </span>
    </p>
   </div>
   <div class='ocr_carea' id='block_1_4' title="bbox 260 516 3568 603">
    <p class='ocr_par' dir='ltr' id='par_1_4' title="bbox 260 516 3568 603">
     <span class='ocr_line' id='line_1_4' title="bbox 260 516 3568 603; baseline -0.004 -15"><span class='ocrx_word' id='word_1_31' title='bbox 260 534 332 588; x_wconf 92' lang='lat' dir='ltr'>Et</span> <span class='ocrx_word' id='word_1_32' title='bbox 369 532 580 603; x_wconf 90' lang='lat' dir='ltr'>primos</span> <span class='ocrx_word' id='word_1_33' title='bbox 610 529 814 587; x_wconf 90' lang='lat' dir='ltr'>teneris</span> <span class='ocrx_word' id='word_1_34' title='bbox 857 537 1090 586; x_wconf 81' lang='lat' dir='ltr'>ostentat</span> <span class='ocrx_word' id='word_1_35' title='bbox 1116 529 1341 586; x_wconf 89' lang='lat' dir='ltr'>ﬂoribus</span> <span class='ocrx_word' id='word_1_36' title='bbox 1387 544 1580 595; x_wconf 90' lang='lat' dir='ltr'>annos,</span> <span class='ocrx_word' id='word_1_37' title='bbox 1972 522 2132 579; x_wconf 88' lang='lat' dir='ltr'>Nunc</span> <span class='ocrx_word' id='word_1_38' title='bbox 2160 537 2320 594; x_wconf 90' lang='lat' dir='ltr'>opus,</span> <span class='ocrx_word' id='word_1_39' title='bbox 2352 537 2386 579; x_wconf 94' lang='grc' dir='ltr'>ο</span> <span class='ocrx_word' id='word_1_40' title='bbox 2424 524 2710 588; x_wconf 89' lang='lat' dir='ltr'>Mammes,</span> <span class='ocrx_word' id='word_1_41' title='bbox 2742 516 2959 588; x_wconf 85' lang='lat' dir='ltr'>animis,</span> <span class='ocrx_word' id='word_1_42' title='bbox 2992 537 3137 578; x_wconf 90' lang='lat' dir='ltr'>nunc</span> <span class='ocrx_word' id='word_1_43' title='bbox 3163 528 3386 593; x_wconf 79' lang='lat' dir='ltr'>pectore</span> <span class='ocrx_word' id='word_1_44' title='bbox 3416 519 3568 591; x_wconf 90' lang='lat' dir='ltr'>forti,</span> 
     </span>
    </p>
   </div>
   <div class='ocr_carea' id='block_1_5' title="bbox 260 610 3331 692">
    <p class='ocr_par' dir='ltr' id='par_1_5' title="bbox 260 610 3331 692">
     <span class='ocr_line' id='line_1_5' title="bbox 260 610 3331 692; baseline -0.005 -13"><span class='ocrx_word' id='word_1_45' title='bbox 260 623 383 679; x_wconf 87' lang='lat' dir='ltr'>Nec</span> <span class='ocrx_word' id='word_1_46' title='bbox 413 618 619 692; x_wconf 81' lang='lat' dir='ltr'>poteris</span> <span class='ocrx_word' id='word_1_47' title='bbox 666 635 861 691; x_wconf 85' lang='lat' dir='ltr'>poenas</span> <span class='ocrx_word' id='word_1_48' title='bbox 890 618 1105 690; x_wconf 79' lang='lat' dir='ltr'>penitus</span> <span class='ocrx_word' id='word_1_49' title='bbox 1150 617 1393 690; x_wconf 87' lang='lat' dir='ltr'>perferre</span> <span class='ocrx_word' id='word_1_50' title='bbox 1420 624 1655 689; x_wconf 88' lang='lat' dir='ltr'>paratas,</span> <span class='ocrx_word' id='word_1_51' title='bbox 1975 610 2314 678; x_wconf 89' lang='lat' dir='ltr'>Confortare,</span> <span class='ocrx_word' id='word_1_52' title='bbox 2350 626 2523 683; x_wconf 85' lang='lat' dir='ltr'>prope</span> <span class='ocrx_word' id='word_1_53' title='bbox 2553 617 2636 665; x_wconf 90' lang='lat' dir='ltr'>est</span> <span class='ocrx_word' id='word_1_54' title='bbox 2665 610 2910 679; x_wconf 86' lang='lat' dir='ltr'>victoria,</span> <span class='ocrx_word' id='word_1_55' title='bbox 2941 610 3103 682; x_wconf 89' lang='lat' dir='ltr'>plena</span> <span class='ocrx_word' id='word_1_56' title='bbox 3129 625 3331 667; x_wconf 84' lang='lat' dir='ltr'>corona</span> 
     </span>
    </p>
   </div>
   <div class='ocr_carea' id='block_1_6' title="bbox 262 691 3010 780">
    <p class='ocr_par' dir='ltr' id='par_1_6' title="bbox 262 691 3010 780">
     <span class='ocr_line' id='line_1_6' title="bbox 262 691 3010 780; baseline -0.005 -13"><span class='ocrx_word' id='word_1_57' title='bbox 262 691 461 767; x_wconf 84' lang='lat' dir='ltr'>Fervet</span> <span class='ocrx_word' id='word_1_58' title='bbox 491 709 637 765; x_wconf 88' lang='lat' dir='ltr'>enim</span> <span class='ocrx_word' id='word_1_59' title='bbox 666 709 838 765; x_wconf 90' lang='lat' dir='ltr'>crudo</span> <span class='ocrx_word' id='word_1_60' title='bbox 864 707 1030 763; x_wconf 84' lang='lat' dir='ltr'>virtus</span> <span class='ocrx_word' id='word_1_61' title='bbox 1058 707 1114 762; x_wconf 91' lang='lat' dir='ltr'>in</span> <span class='ocrx_word' id='word_1_62' title='bbox 1142 691 1359 779; x_wconf 76' lang='lat' dir='ltr'>pectore</span> <span class='ocrx_word' id='word_1_63' title='bbox 1402 722 1621 780; x_wconf 89' lang='lat' dir='ltr'>magna,</span> <span class='ocrx_word' id='word_1_64' title='bbox 1975 702 2160 768; x_wconf 87' lang='lat' dir='ltr'>Utere,</span> <span class='ocrx_word' id='word_1_65' title='bbox 2193 699 2393 756; x_wconf 83' lang='lat' dir='ltr'>duritia</span> <span class='ocrx_word' id='word_1_66' title='bbox 2421 699 2579 756; x_wconf 90' lang='lat' dir='ltr'>miles</span> <span class='ocrx_word' id='word_1_67' title='bbox 2608 698 2808 754; x_wconf 86' lang='lat' dir='ltr'>invicte</span> <span class='ocrx_word' id='word_1_68' title='bbox 2850 698 3010 754; x_wconf 88' lang='lat' dir='ltr'>virili.</span> 
     </span>
    </p>
   </div>
   <div class='ocr_carea' id='block_1_7' title="bbox 265 785 3333 869">
    <p class='ocr_par' dir='ltr' id='par_1_7' title="bbox 265 785 3333 869">
     <span class='ocr_line' id='line_1_7' title="bbox 265 785 3333 869; baseline -0.004 -15"><span class='ocrx_word' id='word_1_69' title='bbox 265 797 501 854; x_wconf 86' lang='lat' dir='ltr'>Fervida</span> <span class='ocrx_word' id='word_1_70' title='bbox 533 798 632 853; x_wconf 91' lang='lat' dir='ltr'>sed</span> <span class='ocrx_word' id='word_1_71' title='bbox 661 797 882 869; x_wconf 84' lang='lat' dir='ltr'>languet</span> <span class='ocrx_word' id='word_1_72' title='bbox 910 796 1068 852; x_wconf 88' lang='lat' dir='ltr'>bellis</span> <span class='ocrx_word' id='word_1_73' title='bbox 1088 796 1310 853; x_wconf 86' lang='lat' dir='ltr'>audacia</span> <span class='ocrx_word' id='word_1_74' title='bbox 1341 795 1550 865; x_wconf 78' lang='lat' dir='ltr'>coaptis.</span> <span class='ocrx_word' id='word_1_75' title='bbox 1975 789 2126 845; x_wconf 89' lang='lat' dir='ltr'>Hane</span> <span class='ocrx_word' id='word_1_76' title='bbox 2145 804 2337 845; x_wconf 89' lang='lat' dir='ltr'>vocem</span> <span class='ocrx_word' id='word_1_77' title='bbox 2366 787 2585 860; x_wconf 89' lang='lat' dir='ltr'>quidam</span> <span class='ocrx_word' id='word_1_78' title='bbox 2616 787 2816 843; x_wconf 89' lang='lat' dir='ltr'>sanctis</span> <span class='ocrx_word' id='word_1_79' title='bbox 2851 803 2882 843; x_wconf 92' lang='lat' dir='ltr'>e</span> <span class='ocrx_word' id='word_1_80' title='bbox 2912 785 3163 842; x_wconf 77' lang='lat' dir='ltr'>fratribus</span> <span class='ocrx_word' id='word_1_81' title='bbox 3191 786 3333 842; x_wconf 92' lang='lat' dir='ltr'>almo</span> 
     </span>
    </p>
   </div>
   <div class='ocr_carea' id='block_1_8' title="bbox 264 876 3360 957">
    <p class='ocr_par' dir='ltr' id='par_1_8' title="bbox 264 876 3360 957">
     <span class='ocr_line' id='line_1_8' title="bbox 264 876 3360 957; baseline -0.004 -14"><span class='ocrx_word' id='word_1_82' title='bbox 264 886 532 951; x_wconf 88' lang='lat' dir='ltr'>Flectere,</span> <span class='ocrx_word' id='word_1_83' title='bbox 563 885 758 957; x_wconf 83' lang='lat' dir='ltr'>frange</span> <span class='ocrx_word' id='word_1_84' title='bbox 785 884 967 951; x_wconf 84' lang='lat' dir='ltr'>fidem,</span> <span class='ocrx_word' id='word_1_85' title='bbox 1018 884 1193 941; x_wconf 85' lang='lat' dir='ltr'>facilis</span> <span class='ocrx_word' id='word_1_86' title='bbox 1221 884 1372 957; x_wconf 88' lang='lat' dir='ltr'>fuga,</span> <span class='ocrx_word' id='word_1_87' title='bbox 1403 884 1544 940; x_wconf 89' lang='lat' dir='ltr'>forte</span> <span class='ocrx_word' id='word_1_88' title='bbox 1572 881 1768 939; x_wconf 89' lang='lat' dir='ltr'>furoris</span> <span class='ocrx_word' id='word_1_89' title='bbox 1976 877 2177 934; x_wconf 85' lang='lat' dir='ltr'>Auditu</span> <span class='ocrx_word' id='word_1_90' title='bbox 2206 878 2503 949; x_wconf 86' lang='lat' dir='ltr'>excipiunt,</span> <span class='ocrx_word' id='word_1_91' title='bbox 2536 884 2590 932; x_wconf 92' lang='lat' dir='ltr'>et</span> <span class='ocrx_word' id='word_1_92' title='bbox 2619 876 2784 948; x_wconf 90' lang='lat' dir='ltr'>pleno</span> <span class='ocrx_word' id='word_1_93' title='bbox 2831 884 3053 947; x_wconf 89' lang='lat' dir='ltr'>pectore</span> <span class='ocrx_word' id='word_1_94' title='bbox 3085 876 3360 948; x_wconf 84' lang='lat' dir='ltr'>gaudent;</span> 
     </span>
    </p>
   </div>
   <div class='ocr_carea' id='block_1_9' title="bbox 274 963 3184 1046">
    <p class='ocr_par' dir='ltr' id='par_1_9' title="bbox 274 963 3184 1046">
     <span class='ocr_line' id='line_1_9' title="bbox 274 963 3184 1046; baseline -0.002 -15"><span class='ocrx_word' id='word_1_95' title='bbox 274 974 614 1046; x_wconf 89' lang='lat' dir='ltr'>Supplicium</span> <span class='ocrx_word' id='word_1_96' title='bbox 634 972 841 1039; x_wconf 89' lang='lat' dir='ltr'>nostri;</span> <span class='ocrx_word' id='word_1_97' title='bbox 873 972 1274 1045; x_wconf 85' lang='lat' dir='ltr'>Dominumque</span> <span class='ocrx_word' id='word_1_98' title='bbox 1313 973 1593 1045; x_wconf 89' lang='lat' dir='ltr'>Deumque</span> <span class='ocrx_word' id='word_1_99' title='bbox 1623 972 1875 1046; x_wconf 88' lang='lat' dir='ltr'>negando</span> <span class='ocrx_word' id='word_1_100' title='bbox 1976 968 2076 1022; x_wconf 76' lang='lat' dir='ltr'>Ast</span> <span class='ocrx_word' id='word_1_101' title='bbox 2103 964 2242 1023; x_wconf 77' lang='lat' dir='ltr'>alios</span> <span class='ocrx_word' id='word_1_102' title='bbox 2270 965 2360 1039; x_wconf 83' lang='lat' dir='ltr'>qui</span> <span class='ocrx_word' id='word_1_103' title='bbox 2391 964 2540 1021; x_wconf 77' lang='lat' dir='ltr'>nulla</span> <span class='ocrx_word' id='word_1_104' title='bbox 2571 965 2716 1020; x_wconf 75' lang='lat' dir='ltr'>sacri</span> <span class='ocrx_word' id='word_1_105' title='bbox 2744 964 3008 1020; x_wconf 80' lang='lat' dir='ltr'>solamina</span> <span class='ocrx_word' id='word_1_106' title='bbox 3054 963 3184 1020; x_wconf 77' lang='lat' dir='ltr'>dicti</span> 
     </span>
    </p>
   </div>
   <div class='ocr_carea' id='block_1_10' title="bbox 265 1052 3469 1132">
    <p class='ocr_par' dir='ltr' id='par_1_10' title="bbox 265 1052 3469 1132">
     <span class='ocr_line' id='line_1_10' title="bbox 265 1052 3469 1132; baseline -0.004 -13"><span class='ocrx_word' id='word_1_107' title='bbox 265 1062 421 1120; x_wconf 76' lang='lat' dir='ltr'>Oﬂ&#39;er</span> <span class='ocrx_word' id='word_1_108' title='bbox 450 1078 602 1119; x_wconf 88' lang='lat' dir='ltr'>saera</span> <span class='ocrx_word' id='word_1_109' title='bbox 631 1061 736 1117; x_wconf 90' lang='lat' dir='ltr'>diis</span> <span class='ocrx_word' id='word_1_110' title='bbox 763 1062 984 1118; x_wconf 89' lang='lat' dir='ltr'>incensa</span> <span class='ocrx_word' id='word_1_111' title='bbox 1012 1062 1343 1132; x_wconf 88' lang='lat' dir='ltr'>potentibus,</span> <span class='ocrx_word' id='word_1_112' title='bbox 1375 1063 1480 1118; x_wconf 87' lang='lat' dir='ltr'>hoc</span> <span class='ocrx_word' id='word_1_113' title='bbox 1510 1070 1594 1118; x_wconf 88' lang='lat' dir='ltr'>est</span> <span class='ocrx_word' id='word_1_114' title='bbox 1976 1056 2301 1127; x_wconf 89' lang='lat' dir='ltr'>Percepere,</span> <span class='ocrx_word' id='word_1_115' title='bbox 2333 1062 2512 1111; x_wconf 88' lang='lat' dir='ltr'>metus</span> <span class='ocrx_word' id='word_1_116' title='bbox 2538 1053 2738 1127; x_wconf 89' lang='lat' dir='ltr'>pariter</span> <span class='ocrx_word' id='word_1_117' title='bbox 2781 1068 3097 1127; x_wconf 78' lang='lat' dir='ltr'>mcerorque</span> <span class='ocrx_word' id='word_1_118' title='bbox 3125 1052 3469 1126; x_wconf 85' lang='lat' dir='ltr'>premebant.</span> 
     </span>
    </p>
   </div>
   <div class='ocr_carea' id='block_1_11' title="bbox 269 1150 2955 1244">
    <p class='ocr_par' dir='ltr' id='par_1_11' title="bbox 269 1150 2955 1244">
     <span class='ocr_line' id='line_1_11' title="bbox 269 1150 2955 1244; baseline -0.001 -37"><span class='ocrx_word' id='word_1_119' title='bbox 269 1151 433 1244; x_wconf 70' lang='lat' dir='ltr'>Quod</span> <span class='ocrx_word' id='word_1_120' title='bbox 456 1153 612 1244; x_wconf 79' lang='lat' dir='ltr'>jubet</span> <span class='ocrx_word' id='word_1_121' title='bbox 629 1153 942 1244; x_wconf 37' lang='lat' dir='ltr'>Augustus,</span> <span class='ocrx_word' id='word_1_122' title='bbox 967 1168 1080 1244; x_wconf 79' lang='lat' dir='ltr'>quo</span> <span class='ocrx_word' id='word_1_123' title='bbox 1105 1150 1244 1244; x_wconf 82' lang='lat' dir='ltr'>facto</span> <span class='ocrx_word' id='word_1_124' title='bbox 1274 1150 1424 1244; x_wconf 66' lang='lat' dir='ltr'>liber</span> <span class='ocrx_word' id='word_1_125' title='bbox 1463 1150 1660 1218; x_wconf 85' lang='lat' dir='ltr'>abibis,</span> <span class='ocrx_word' id='word_1_126' title='bbox 2544 1187 2770 1244; x_wconf 73' lang='lat' dir='ltr'>CAPUT</span> <span class='ocrx_word' id='word_1_127' title='bbox 2829 1187 2955 1243; x_wconf 71' lang='lat' dir='ltr'>XIV</span> 
     </span>
    </p>
   </div>
   <div class='ocr_carea' id='block_1_12' title="bbox 263 1238 1584 1297">
    <p class='ocr_par' dir='ltr' id='par_1_12' title="bbox 263 1238 1584 1297">
     <span class='ocr_line' id='line_1_12' title="bbox 263 1238 1584 1297; baseline -0.001 -1"><span class='ocrx_word' id='word_1_128' title='bbox 263 1241 455 1297; x_wconf 91' lang='lat' dir='ltr'>Fultus</span> <span class='ocrx_word' id='word_1_129' title='bbox 482 1240 739 1297; x_wconf 87' lang='lat' dir='ltr'>amicitia.</span> <span class='ocrx_word' id='word_1_130' title='bbox 772 1239 970 1295; x_wconf 85' lang='lat' dir='ltr'>Reddit</span> <span class='ocrx_word' id='word_1_131' title='bbox 996 1238 1083 1296; x_wconf 93' lang='lat' dir='ltr'>cui</span> <span class='ocrx_word' id='word_1_132' title='bbox 1112 1240 1240 1295; x_wconf 91' lang='lat' dir='ltr'>talia</span> <span class='ocrx_word' id='word_1_133' title='bbox 1274 1241 1537 1295; x_wconf 85' lang='lat' dir='ltr'>Mammes</span> <span class='ocrx_word' id='word_1_134' title='bbox 1569 1258 1584 1295; x_wconf 86' lang='lat'><strong>:</strong></span> 
     </span>
    </p>
   </div>
   <div class='ocr_carea' id='block_1_13' title="bbox 265 1328 1626 1401">
    <p class='ocr_par' dir='ltr' id='par_1_13' title="bbox 265 1328 1626 1401">
     <span class='ocr_line' id='line_1_13' title="bbox 265 1328 1626 1401; baseline -0.003 -15"><span class='ocrx_word' id='word_1_135' title='bbox 265 1332 389 1386; x_wconf 85' lang='lat' dir='ltr'>Jam</span> <span class='ocrx_word' id='word_1_136' title='bbox 417 1345 574 1386; x_wconf 90' lang='lat' dir='ltr'>cessa</span> <span class='ocrx_word' id='word_1_137' title='bbox 597 1345 836 1401; x_wconf 89' lang='lat' dir='ltr'>sperare,</span> <span class='ocrx_word' id='word_1_138' title='bbox 860 1329 1046 1397; x_wconf 88' lang='lat' dir='ltr'>miser,</span> <span class='ocrx_word' id='word_1_139' title='bbox 1080 1344 1202 1384; x_wconf 90' lang='lat' dir='ltr'>mea</span> <span class='ocrx_word' id='word_1_140' title='bbox 1229 1334 1353 1383; x_wconf 89' lang='lat' dir='ltr'>vota</span> <span class='ocrx_word' id='word_1_141' title='bbox 1398 1328 1626 1395; x_wconf 88' lang='lat' dir='ltr'>reﬂecti,</span> 
     </span>
    </p>
   </div>
   <div class='ocr_carea' id='block_1_14' title="bbox 270 1416 3043 1490">
    <p class='ocr_par' dir='ltr' id='par_1_14' title="bbox 270 1416 3043 1490">
     <span class='ocr_line' id='line_1_14' title="bbox 270 1416 3043 1490; baseline -0.021 -2"><span class='ocrx_word' id='word_1_142' title='bbox 270 1419 340 1474; x_wconf 56' lang='lat' dir='ltr'>Et</span> <span class='ocrx_word' id='word_1_143' title='bbox 364 1434 469 1489; x_wconf 82' lang='grc' dir='ltr'>ΡῙὈ</span> <span class='ocrx_word' id='word_1_144' title='bbox 498 1427 551 1473; x_wconf 72' lang='grc' dir='ltr'>ιθ</span> <span class='ocrx_word' id='word_1_145' title='bbox 578 1417 758 1490; x_wconf 74' lang='grc' dir='ltr'>Ροῑίυδ</span> <span class='ocrx_word' id='word_1_146' title='bbox 779 1417 997 1473; x_wconf 80' lang='lat' dir='ltr'>tandem</span> <span class='ocrx_word' id='word_1_147' title='bbox 1028 1416 1268 1472; x_wconf 86' lang='lat' dir='ltr'>doluisse</span> <span class='ocrx_word' id='word_1_148' title='bbox 1294 1425 1592 1485; x_wconf 66' lang='lat' dir='ltr'>memento,</span> <span class='ocrx_word' id='word_1_149' title='bbox 2264 1416 2627 1490; x_wconf 33' lang='lat' dir='ltr'>&#39;&quot;r-&quot;w-i-um</span> <span class='ocrx_word' id='word_1_150' title='bbox 2673 1416 2753 1490; x_wconf 22' lang='lat' dir='ltr'><strong>vA---</strong></span> <span class='ocrx_word' id='word_1_151' title='bbox 2775 1416 2848 1421; x_wconf 65' lang='grc' dir='ltr'>-ν-</span> <span class='ocrx_word' id='word_1_152' title='bbox 2872 1416 2889 1421; x_wconf 61' lang='grc' dir='ltr'><strong><em>τ</em></strong></span> 
     </span>
    </p>
   </div>
   <div class='ocr_carea' id='block_1_15' title="bbox 269 1487 3372 1578">
    <p class='ocr_par' dir='ltr' id='par_1_15' title="bbox 269 1487 3372 1578">
     <span class='ocr_line' id='line_1_15' title="bbox 269 1487 3372 1578; baseline -0.001 -17"><span class='ocrx_word' id='word_1_153' title='bbox 269 1487 451 1578; x_wconf 79' lang='lat' dir='ltr'>Atque</span> <span class='ocrx_word' id='word_1_154' title='bbox 478 1487 652 1562; x_wconf 78' lang='lat' dir='ltr'>annos</span> <span class='ocrx_word' id='word_1_155' title='bbox 681 1507 886 1563; x_wconf 88' lang='lat' dir='ltr'>deﬂere</span> <span class='ocrx_word' id='word_1_156' title='bbox 914 1516 1053 1576; x_wconf 91' lang='lat' dir='ltr'>tuos,</span> <span class='ocrx_word' id='word_1_157' title='bbox 1087 1522 1176 1562; x_wconf 88' lang='lat' dir='ltr'>me</span> <span class='ocrx_word' id='word_1_158' title='bbox 1206 1504 1398 1562; x_wconf 85' lang='lat' dir='ltr'>desine</span> <span class='ocrx_word' id='word_1_159' title='bbox 1437 1504 1591 1573; x_wconf 88' lang='lat' dir='ltr'>ﬂere,</span> <span class='ocrx_word' id='word_1_160' title='bbox 1980 1491 2272 1563; x_wconf 67' lang='grc' dir='ltr'>Ροεῑίῖυθοῐη</span> <span class='ocrx_word' id='word_1_161' title='bbox 2299 1489 2391 1545; x_wconf 71' lang='lat' dir='ltr'>illa</span> <span class='ocrx_word' id='word_1_162' title='bbox 2412 1488 2583 1560; x_wconf 66' lang='lat' dir='ltr'>index</span> <span class='ocrx_word' id='word_1_163' title='bbox 2624 1487 2919 1544; x_wconf 62' lang='lat' dir='ltr'>animam“!</span> <span class='ocrx_word' id='word_1_164' title='bbox 2948 1504 3083 1544; x_wconf 70' lang='lat' dir='ltr'>V009</span> <span class='ocrx_word' id='word_1_165' title='bbox 3128 1487 3372 1578; x_wconf 55' lang='grc' dir='ltr'>ἶυΐφίθε</span> 
     </span>
    </p>
   </div>
   <div class='ocr_carea' id='block_1_16' title="bbox 268 1577 3513 1676">
    <p class='ocr_par' dir='ltr' id='par_1_16' title="bbox 268 1577 3513 1676">
     <span class='ocr_line' id='line_1_16' title="bbox 268 1577 3513 1676; baseline -0.001 -16"><span class='ocrx_word' id='word_1_166' title='bbox 268 1577 375 1660; x_wconf 14' lang='lat' dir='ltr'>Cui,</span> <span class='ocrx_word' id='word_1_167' title='bbox 396 1604 664 1660; x_wconf 89' lang='lat' dir='ltr'>Dominus</span> <span class='ocrx_word' id='word_1_168' title='bbox 706 1611 983 1675; x_wconf 87' lang='lat' dir='ltr'>protector</span> <span class='ocrx_word' id='word_1_169' title='bbox 1026 1605 1199 1659; x_wconf 90' lang='lat' dir='ltr'>adest.</span> <span class='ocrx_word' id='word_1_170' title='bbox 1237 1604 1374 1660; x_wconf 87' lang='lat' dir='ltr'>Volo</span> <span class='ocrx_word' id='word_1_171' title='bbox 1411 1603 1679 1675; x_wconf 89' lang='lat' dir='ltr'>protinus,</span> <span class='ocrx_word' id='word_1_172' title='bbox 1704 1602 1880 1676; x_wconf 79' lang='lat' dir='ltr'>inquit</span> <span class='ocrx_word' id='word_1_173' title='bbox 2337 1578 2573 1676; x_wconf 60' lang='grc' dir='ltr'>ίοῙθΓπθ</span> <span class='ocrx_word' id='word_1_174' title='bbox 2608 1593 2803 1676; x_wconf 51' lang='lat' dir='ltr'>&quot;iam</span> <span class='ocrx_word' id='word_1_175' title='bbox 2833 1584 2887 1676; x_wconf 55' lang='grc' dir='ltr'>(ξι</span> <span class='ocrx_word' id='word_1_176' title='bbox 2916 1592 3190 1676; x_wconf 46' lang='grc' dir='ltr'>δᾘὲῐᾜθτῗ</span> <span class='ocrx_word' id='word_1_177' title='bbox 3229 1577 3513 1632; x_wconf 70' lang='lat' dir='ltr'>Mammem</span> 
     </span>
    </p>
   </div>
   <div class='ocr_carea' id='block_1_17' title="bbox 272 1664 3232 1774">
    <p class='ocr_par' dir='ltr' id='par_1_17' title="bbox 272 1664 3232 1774">
     <span class='ocr_line' id='line_1_17' title="bbox 272 1664 3232 1774; baseline 0.001 -18"><span class='ocrx_word' id='word_1_178' title='bbox 272 1702 506 1770; x_wconf 68' lang='lat' dir='ltr'>Praeses,</span> <span class='ocrx_word' id='word_1_179' title='bbox 535 1709 592 1756; x_wconf 95' lang='lat' dir='ltr'>ut</span> <span class='ocrx_word' id='word_1_180' title='bbox 615 1664 731 1772; x_wconf 77' lang='lat' dir='ltr'>ipse</span> <span class='ocrx_word' id='word_1_181' title='bbox 760 1718 931 1773; x_wconf 84' lang='lat' dir='ltr'>neges</span> <span class='ocrx_word' id='word_1_182' title='bbox 960 1718 1122 1774; x_wconf 89' lang='lat' dir='ltr'>quem</span> <span class='ocrx_word' id='word_1_183' title='bbox 1152 1702 1289 1758; x_wconf 90' lang='lat' dir='ltr'>dicis</span> <span class='ocrx_word' id='word_1_184' title='bbox 1306 1664 1432 1772; x_wconf 77' lang='lat' dir='ltr'>jure</span> <span class='ocrx_word' id='word_1_185' title='bbox 1461 1664 1796 1758; x_wconf 37' lang='lat' dir='ltr'>colendum:</span> <span class='ocrx_word' id='word_1_186' title='bbox 1864 1664 1877 1667; x_wconf 38' lang='lat'>_</span> 
     </span>
    </p>
   </div>
   <div class='ocr_carea' id='block_1_18' title="bbox 264 1755 3155 1862">
    <p class='ocr_par' dir='ltr' id='par_1_18' title="bbox 264 1755 3155 1862">
     <span class='ocr_line' id='line_1_18' title="bbox 264 1755 3155 1862; baseline 0 -17"><span class='ocrx_word' id='word_1_187' title='bbox 264 1791 391 1845; x_wconf 89' lang='lat' dir='ltr'>Non</span> <span class='ocrx_word' id='word_1_188' title='bbox 418 1806 583 1861; x_wconf 89' lang='lat' dir='ltr'>nego,</span> <span class='ocrx_word' id='word_1_189' title='bbox 610 1755 949 1859; x_wconf 58' lang='lat' dir='ltr'>sanctusoait,</span> <span class='ocrx_word' id='word_1_190' title='bbox 979 1755 1273 1847; x_wconf 81' lang='lat' dir='ltr'>Dominum</span> <span class='ocrx_word' id='word_1_191' title='bbox 1293 1755 1326 1860; x_wconf 56' lang='grc' dir='ltr'><em>ξ’</em></span> <span class='ocrx_word' id='word_1_192' title='bbox 1341 1798 1603 1847; x_wconf 87' lang='lat' dir='ltr'>tormenta</span> <span class='ocrx_word' id='word_1_193' title='bbox 1630 1789 1809 1862; x_wconf 89' lang='lat' dir='ltr'>parari</span> <span class='ocrx_word' id='word_1_194' title='bbox 1908 1792 1962 1852; x_wconf 93' lang='lat' dir='ltr'>B</span> <span class='ocrx_word' id='word_1_195' title='bbox 1985 1756 2031 1862; x_wconf 58' lang='grc' dir='ltr'><strong><em>Β</em></strong></span> <span class='ocrx_word' id='word_1_196' title='bbox 2036 1763 2448 1862; x_wconf 43' lang='grc' dir='ltr'>έροωίθίίξίῖυξ</span> <span class='ocrx_word' id='word_1_197' title='bbox 2464 1762 3155 1862; x_wconf 10' lang='lat' dir='ltr'>_S‘§“1_Y‘Y‘9F?A°aﬂ‘_‘g‘{“‘}‘1</span> 
     </span>
    </p>
   </div>
   <div class='ocr_carea' id='block_1_19' title="bbox 268 1843 3513 1951">
    <p class='ocr_par' dir='ltr' id='par_1_19' title="bbox 268 1843 3513 1951">
     <span class='ocr_line' id='line_1_19' title="bbox 268 1843 3513 1951; baseline 0.004 -18"><span class='ocrx_word' id='word_1_198' title='bbox 268 1843 949 1948; x_wconf 48' lang='lat' dir='ltr'>iactata.&quot;;{.aasg</span> <span class='ocrx_word' id='word_1_199' title='bbox 973 1843 1807 1951; x_wconf 51' lang='lat' dir='ltr'>aga&quot;g;.;’.3.;;.&#39;.aliis:</span> <span class='ocrx_word' id='word_1_200' title='bbox 1908 1843 1958 1852; x_wconf 72' lang='grc'>”</span> <span class='ocrx_word' id='word_1_201' title='bbox 1981 1847 2053 1951; x_wconf 60' lang='grc' dir='ltr'>ΞΠ</span> <span class='ocrx_word' id='word_1_202' title='bbox 2080 1861 2245 1918; x_wconf 68' lang='lat' dir='ltr'>quem</span> <span class='ocrx_word' id='word_1_203' title='bbox 2275 1860 2385 1951; x_wconf 64' lang='lat' dir='ltr'>“0P</span> <span class='ocrx_word' id='word_1_204' title='bbox 2415 1843 2563 1901; x_wconf 61' lang='lat' dir='ltr'>“ex”</span> <span class='ocrx_word' id='word_1_205' title='bbox 2592 1843 2739 1900; x_wconf 64' lang='grc' dir='ltr'>ίθτυε</span> <span class='ocrx_word' id='word_1_206' title='bbox 2767 1843 3063 1951; x_wconf 60' lang='lat' dir='ltr'>“nguibf‘s&#39;</span> <span class='ocrx_word' id='word_1_207' title='bbox 3089 1843 3219 1951; x_wconf 61' lang='grc' dir='ltr'>ίὲίῗθ</span> <span class='ocrx_word' id='word_1_208' title='bbox 3247 1848 3467 1951; x_wconf 61' lang='grc' dir='ltr'>Ρθῖιπδί</span> <span class='ocrx_word' id='word_1_209' title='bbox 3500 1857 3513 1897; x_wconf 78' lang='grc'><strong><em>⁵</em></strong></span> 
     </span>
    </p>
   </div>
   <div class='ocr_carea' id='block_1_20' title="bbox 1981 1939 3588 2015">
    <p class='ocr_par' dir='ltr' id='par_1_20' title="bbox 1981 1939 3588 2015">
     <span class='ocr_line' id='line_1_20' title="bbox 1981 1939 3588 2015; baseline -0.003 -15"><span class='ocrx_word' id='word_1_210' title='bbox 1981 1944 2238 2008; x_wconf 89' lang='lat' dir='ltr'>Demens,</span> <span class='ocrx_word' id='word_1_211' title='bbox 2275 1941 2367 2013; x_wconf 90' lang='lat' dir='ltr'>qui</span> <span class='ocrx_word' id='word_1_212' title='bbox 2408 1956 2669 2015; x_wconf 87' lang='lat' dir='ltr'>magnam</span> <span class='ocrx_word' id='word_1_213' title='bbox 2717 1957 2950 2013; x_wconf 89' lang='lat' dir='ltr'>regnare</span> <span class='ocrx_word' id='word_1_214' title='bbox 2978 1939 3035 1995; x_wconf 90' lang='lat' dir='ltr'>in</span> <span class='ocrx_word' id='word_1_215' title='bbox 3063 1946 3283 2011; x_wconf 75' lang='lat' dir='ltr'>pectore</span> <span class='ocrx_word' id='word_1_216' title='bbox 3313 1940 3588 1996; x_wconf 89' lang='lat' dir='ltr'>ﬂammam</span> 
     </span>
    </p>
   </div>
   <div class='ocr_carea' id='block_1_21' title="bbox 2053 1294 3507 1368">
    <p class='ocr_par' dir='ltr' id='par_1_21' title="bbox 2053 1294 3507 1368">
     <span class='ocr_line' id='line_1_21' title="bbox 2053 1294 3507 1368; baseline -0.002 -16"><span class='ocrx_word' id='word_1_217' title='bbox 2053 1295 2327 1365; x_wconf 82' lang='lat' dir='ltr'>Quomodo</span> <span class='ocrx_word' id='word_1_218' title='bbox 2351 1310 2561 1368; x_wconf 73' lang='lat' dir='ltr'>prwses</span> <span class='ocrx_word' id='word_1_219' title='bbox 2582 1298 2876 1351; x_wconf 81' lang='lat' dir='ltr'>caminum</span> <span class='ocrx_word' id='word_1_220' title='bbox 2918 1294 3135 1368; x_wconf 69' lang='lat' dir='ltr'>instrui</span> <span class='ocrx_word' id='word_1_221' title='bbox 3152 1294 3507 1368; x_wconf 68' lang='lat' dir='ltr'>praeceperit,</span> 
     </span>
    </p>
   </div>
   <div class='ocr_carea' id='block_1_22' title="bbox 2263 1365 3295 1439">
    <p class='ocr_par' dir='ltr' id='par_1_22' title="bbox 2263 1365 3295 1439">
     <span class='ocr_line' id='line_1_22' title="bbox 2263 1365 3295 1439; baseline -0.002 -17"><span class='ocrx_word' id='word_1_222' title='bbox 2263 1365 2635 1439; x_wconf 61' lang='lat' dir='ltr'>sanctumque</span> <span class='ocrx_word' id='word_1_223' title='bbox 2671 1381 2898 1422; x_wconf 82' lang='lat' dir='ltr'>carcere</span> <span class='ocrx_word' id='word_1_224' title='bbox 2928 1365 3295 1437; x_wconf 39' lang='lat' dir='ltr'>mancip’arit.</span> 
     </span>
    </p>
   </div>
   <div class='ocr_carea' id='block_1_23' title="bbox 839 2027 3374 2106">
    <p class='ocr_par' dir='ltr' id='par_1_23' title="bbox 839 2027 3374 2106">
     <span class='ocr_line' id='line_1_23' title="bbox 839 2027 3374 2106; baseline -0.002 -19"><span class='ocrx_word' id='word_1_225' title='bbox 839 2050 1066 2106; x_wconf 73' lang='lat' dir='ltr'>CAPUT</span> <span class='ocrx_word' id='word_1_226' title='bbox 1110 2050 1234 2105; x_wconf 65' lang='grc' dir='ltr'>ΧΠ,</span> <span class='ocrx_word' id='word_1_227' title='bbox 1983 2031 2310 2088; x_wconf 89' lang='lat' dir='ltr'>Sanctorum</span> <span class='ocrx_word' id='word_1_228' title='bbox 2339 2029 2622 2102; x_wconf 84' lang='lat' dir='ltr'>ignorans,</span> <span class='ocrx_word' id='word_1_229' title='bbox 2653 2029 2813 2103; x_wconf 83' lang='lat' dir='ltr'>ignes</span> <span class='ocrx_word' id='word_1_230' title='bbox 2843 2027 3107 2084; x_wconf 89' lang='lat' dir='ltr'>adhibere</span> <span class='ocrx_word' id='word_1_231' title='bbox 3136 2028 3374 2084; x_wconf 91' lang='lat' dir='ltr'>eadueos</span> 
     </span>
    </p>
   </div>
   <div class='ocr_carea' id='block_1_24' title="bbox 342 2116 3373 2229">
    <p class='ocr_par' dir='ltr' id='par_1_24' title="bbox 342 2116 3373 2229">
     <span class='ocr_line' id='line_1_24' title="bbox 342 2116 3373 2229; baseline 0 -14"><span class='ocrx_word' id='word_1_232' title='bbox 342 2158 409 2216; x_wconf 85' lang='lat' dir='ltr'>Ut</span> <span class='ocrx_word' id='word_1_233' title='bbox 453 2170 760 2228; x_wconf 76' lang='lat' dir='ltr'>suspensus</span> <span class='ocrx_word' id='word_1_234' title='bbox 804 2159 1036 2229; x_wconf 85' lang='lat' dir='ltr'>equulco</span> <span class='ocrx_word' id='word_1_235' title='bbox 1062 2158 1293 2214; x_wconf 82' lang='lat' dir='ltr'>verbera</span> <span class='ocrx_word' id='word_1_236' title='bbox 1322 2174 1383 2214; x_wconf 81' lang='lat' dir='ltr'>se</span> <span class='ocrx_word' id='word_1_237' title='bbox 1412 2174 1527 2215; x_wconf 81' lang='lat' dir='ltr'>non</span> <span class='ocrx_word' id='word_1_238' title='bbox 1564 2161 1807 2218; x_wconf 79' lang='lat' dir='ltr'>sensisse</span> <span class='ocrx_word' id='word_1_239' title='bbox 1981 2119 2104 2229; x_wconf 51' lang='lat'>13??</span> <span class='ocrx_word' id='word_1_240' title='bbox 2343 2126 2783 2229; x_wconf 33' lang='lat'>3123?}???</span> <span class='ocrx_word' id='word_1_241' title='bbox 2802 2133 2924 2229; x_wconf 45' lang='lat' dir='ltr'>Pin</span> 
     </span>
    </p>
   </div>
   <div class='ocr_carea' id='block_1_25' title="bbox 816 2204 3375 2299">
    <p class='ocr_par' dir='ltr' id='par_1_25' title="bbox 816 2204 3375 2299">
     <span class='ocr_line' id='line_1_25' title="bbox 816 2204 3375 2299; baseline -0.008 -21"><span class='ocrx_word' id='word_1_242' title='bbox 816 2204 1238 2299; x_wconf 48' lang='grc' dir='ltr'>ὧῖἤξςίςιίίδῖἶξ</span> <span class='ocrx_word' id='word_1_243' title='bbox 1258 2204 1291 2213; x_wconf 67' lang='grc'><em>”</em></span> <span class='ocrx_word' id='word_1_244' title='bbox 1322 2204 1379 2214; x_wconf 52' lang='grc' dir='ltr'><strong><em>Π</em></strong></span> <span class='ocrx_word' id='word_1_245' title='bbox 1414 2204 1527 2215; x_wconf 77' lang='grc'>””’</span> <span class='ocrx_word' id='word_1_246' title='bbox 1565 2204 1806 2269; x_wconf 69' lang='grc'>”’””.’””“’</span> <span class='ocrx_word' id='word_1_247' title='bbox 1987 2206 2097 2264; x_wconf 91' lang='lat' dir='ltr'>Sed</span> <span class='ocrx_word' id='word_1_248' title='bbox 2123 2206 2299 2280; x_wconf 87' lang='lat' dir='ltr'>magis</span> <span class='ocrx_word' id='word_1_249' title='bbox 2341 2207 2532 2279; x_wconf 84' lang='lat' dir='ltr'>augeri</span> <span class='ocrx_word' id='word_1_250' title='bbox 2563 2206 2771 2273; x_wconf 88' lang='lat' dir='ltr'>soleat;</span> <span class='ocrx_word' id='word_1_251' title='bbox 2802 2221 2906 2261; x_wconf 90' lang='lat' dir='ltr'>nee</span> <span class='ocrx_word' id='word_1_252' title='bbox 2951 2204 3185 2261; x_wconf 82' lang='lat' dir='ltr'>fortibus</span> <span class='ocrx_word' id='word_1_253' title='bbox 3212 2204 3375 2259; x_wconf 91' lang='lat' dir='ltr'>undis</span> 
     </span>
    </p>
   </div>
   <div class='ocr_carea' id='block_1_26' title="bbox 1982 2293 3304 2366">
    <p class='ocr_par' dir='ltr' id='par_1_26' title="bbox 1982 2293 3304 2366">
     <span class='ocr_line' id='line_1_26' title="bbox 1982 2293 3304 2366; baseline -0.004 -14"><span class='ocrx_word' id='word_1_254' title='bbox 1982 2296 2306 2352; x_wconf 88' lang='lat' dir='ltr'>Sanctorum</span> <span class='ocrx_word' id='word_1_255' title='bbox 2337 2294 2583 2349; x_wconf 87' lang='lat' dir='ltr'>ﬂammas</span> <span class='ocrx_word' id='word_1_256' title='bbox 2626 2293 2872 2366; x_wconf 87' lang='lat' dir='ltr'>superari</span> <span class='ocrx_word' id='word_1_257' title='bbox 2901 2308 3066 2365; x_wconf 86' lang='lat' dir='ltr'>posse</span> <span class='ocrx_word' id='word_1_258' title='bbox 3095 2293 3304 2359; x_wconf 88' lang='lat' dir='ltr'>beatas,</span> 
     </span>
    </p>
   </div>
   <div class='ocr_carea' id='block_1_27' title="bbox 1979 2380 3442 2454">
    <p class='ocr_par' dir='ltr' id='par_1_27' title="bbox 1979 2380 3442 2454">
     <span class='ocr_line' id='line_1_27' title="bbox 1979 2380 3442 2454; baseline -0.003 -15"><span class='ocrx_word' id='word_1_259' title='bbox 1979 2382 2159 2440; x_wconf 90' lang='lat' dir='ltr'>Testis</span> <span class='ocrx_word' id='word_1_260' title='bbox 2187 2383 2343 2439; x_wconf 84' lang='lat' dir='ltr'>adest</span> <span class='ocrx_word' id='word_1_261' title='bbox 2371 2382 2670 2454; x_wconf 85' lang='lat' dir='ltr'>Scriptura,</span> <span class='ocrx_word' id='word_1_262' title='bbox 2719 2397 2877 2439; x_wconf 89' lang='lat' dir='ltr'>sacro</span> <span class='ocrx_word' id='word_1_263' title='bbox 2909 2397 3031 2454; x_wconf 66' lang='lat' dir='ltr'>quae</span> <span class='ocrx_word' id='word_1_264' title='bbox 3059 2380 3315 2451; x_wconf 80' lang='lat' dir='ltr'>praedicat</span> <span class='ocrx_word' id='word_1_265' title='bbox 3344 2396 3442 2436; x_wconf 90' lang='lat' dir='ltr'>ore</span> 
     </span>
    </p>
   </div>
   <div class='ocr_carea' id='block_1_28' title="bbox 1982 2468 3444 2542">
    <p class='ocr_par' dir='ltr' id='par_1_28' title="bbox 1982 2468 3444 2542">
     <span class='ocr_line' id='line_1_28' title="bbox 1982 2468 3444 2542; baseline -0.004 -14"><span class='ocrx_word' id='word_1_266' title='bbox 1982 2471 2139 2541; x_wconf 89' lang='lat' dir='ltr'>Quod</span> <span class='ocrx_word' id='word_1_267' title='bbox 2168 2469 2352 2526; x_wconf 91' lang='lat' dir='ltr'>multis</span> <span class='ocrx_word' id='word_1_268' title='bbox 2380 2486 2490 2525; x_wconf 90' lang='lat' dir='ltr'>non</span> <span class='ocrx_word' id='word_1_269' title='bbox 2510 2470 2684 2542; x_wconf 90' lang='lat' dir='ltr'>possit</span> <span class='ocrx_word' id='word_1_270' title='bbox 2712 2468 2868 2542; x_wconf 91' lang='lat' dir='ltr'>aquis</span> <span class='ocrx_word' id='word_1_271' title='bbox 2896 2470 3020 2541; x_wconf 90' lang='lat' dir='ltr'>pius</span> <span class='ocrx_word' id='word_1_272' title='bbox 3048 2469 3216 2523; x_wconf 90' lang='lat' dir='ltr'>ardor</span> <span class='ocrx_word' id='word_1_273' title='bbox 3239 2468 3444 2524; x_wconf 89' lang='lat' dir='ltr'>amoris</span> 
     </span>
    </p>
   </div>
   <div class='ocr_carea' id='block_1_29' title="bbox 1980 2557 3373 2633">
    <p class='ocr_par' dir='ltr' id='par_1_29' title="bbox 1980 2557 3373 2633">
     <span class='ocr_line' id='line_1_29' title="bbox 1980 2557 3373 2633; baseline -0.004 -17"><span class='ocrx_word' id='word_1_274' title='bbox 1980 2560 2287 2633; x_wconf 87' lang='lat' dir='ltr'>Exstingui.</span> <span class='ocrx_word' id='word_1_275' title='bbox 2329 2560 2621 2616; x_wconf 88' lang='lat' dir='ltr'>Tormenta</span> <span class='ocrx_word' id='word_1_276' title='bbox 2661 2566 2817 2630; x_wconf 88' lang='lat' dir='ltr'>parat</span> <span class='ocrx_word' id='word_1_277' title='bbox 2846 2558 2976 2613; x_wconf 92' lang='lat' dir='ltr'>dum</span> <span class='ocrx_word' id='word_1_278' title='bbox 3019 2557 3148 2613; x_wconf 89' lang='lat' dir='ltr'>talia</span> <span class='ocrx_word' id='word_1_279' title='bbox 3196 2557 3373 2623; x_wconf 89' lang='lat' dir='ltr'>miles,</span> 
     </span>
    </p>
   </div>
   <div class='ocr_carea' id='block_1_30' title="bbox 1981 2645 3273 2720">
    <p class='ocr_par' dir='ltr' id='par_1_30' title="bbox 1981 2645 3273 2720">
     <span class='ocr_line' id='line_1_30' title="bbox 1981 2645 3273 2720; baseline -0.002 -17"><span class='ocrx_word' id='word_1_280' title='bbox 1981 2651 2195 2705; x_wconf 73' lang='lat' dir='ltr'>Praeses</span> <span class='ocrx_word' id='word_1_281' title='bbox 2224 2648 2293 2703; x_wconf 90' lang='lat' dir='ltr'>ab</span> <span class='ocrx_word' id='word_1_282' title='bbox 2335 2648 2550 2704; x_wconf 88' lang='lat' dir='ltr'>interno</span> <span class='ocrx_word' id='word_1_283' title='bbox 2596 2647 2844 2720; x_wconf 87' lang='lat' dir='ltr'>pulsatus</span> <span class='ocrx_word' id='word_1_284' title='bbox 2870 2646 3075 2716; x_wconf 89' lang='lat' dir='ltr'>judice,</span> <span class='ocrx_word' id='word_1_285' title='bbox 3102 2645 3273 2715; x_wconf 86' lang='lat' dir='ltr'>jussis</span> 
     </span>
    </p>
   </div>
   <div class='ocr_carea' id='block_1_31' title="bbox 268 2332 1593 2405">
    <p class='ocr_par' dir='ltr' id='par_1_31' title="bbox 268 2332 1593 2405">
     <span class='ocr_line' id='line_1_31' title="bbox 268 2332 1593 2405; baseline 0.002 -17"><span class='ocrx_word' id='word_1_286' title='bbox 268 2332 576 2389; x_wconf 89' lang='lat' dir='ltr'>Inﬂammat</span> <span class='ocrx_word' id='word_1_287' title='bbox 605 2334 822 2405; x_wconf 83' lang='lat' dir='ltr'>magnis</span> <span class='ocrx_word' id='word_1_288' title='bbox 851 2335 1149 2391; x_wconf 83' lang='lat' dir='ltr'>vehemens</span> <span class='ocrx_word' id='word_1_289' title='bbox 1178 2335 1486 2392; x_wconf 86' lang='lat' dir='ltr'>fervoribus</span> <span class='ocrx_word' id='word_1_290' title='bbox 1515 2337 1593 2391; x_wconf 89' lang='lat' dir='ltr'>ira</span> 
     </span>
    </p>
   </div>
   <div class='ocr_carea' id='block_1_32' title="bbox 269 2422 1629 2500">
    <p class='ocr_par' dir='ltr' id='par_1_32' title="bbox 269 2422 1629 2500">
     <span class='ocr_line' id='line_1_32' title="bbox 269 2422 1629 2500; baseline 0.001 -21"><span class='ocrx_word' id='word_1_291' title='bbox 269 2423 466 2479; x_wconf 88' lang='lat' dir='ltr'>Pectus</span> <span class='ocrx_word' id='word_1_292' title='bbox 494 2422 790 2478; x_wconf 82' lang='lat' dir='ltr'>Alexandri</span> <span class='ocrx_word' id='word_1_293' title='bbox 820 2424 1096 2492; x_wconf 88' lang='lat' dir='ltr'>miserum,</span> <span class='ocrx_word' id='word_1_294' title='bbox 1123 2425 1277 2494; x_wconf 86' lang='lat' dir='ltr'>jubet</span> <span class='ocrx_word' id='word_1_295' title='bbox 1305 2426 1462 2480; x_wconf 92' lang='lat' dir='ltr'>altius</span> <span class='ocrx_word' id='word_1_296' title='bbox 1494 2441 1629 2500; x_wconf 88' lang='lat' dir='ltr'>ergo</span> 
     </span>
    </p>
   </div>
   <div class='ocr_carea' id='block_1_33' title="bbox 269 2511 1769 2586">
    <p class='ocr_par' dir='ltr' id='par_1_33' title="bbox 269 2511 1769 2586">
     <span class='ocr_line' id='line_1_33' title="bbox 269 2511 1769 2586; baseline 0.002 -17"><span class='ocrx_word' id='word_1_297' title='bbox 269 2511 531 2569; x_wconf 89' lang='lat' dir='ltr'>Sanctum</span> <span class='ocrx_word' id='word_1_298' title='bbox 572 2512 849 2584; x_wconf 91' lang='lat' dir='ltr'>suspendi,</span> <span class='ocrx_word' id='word_1_299' title='bbox 903 2514 1294 2586; x_wconf 89' lang='lat' dir='ltr'>tormentisque</span> <span class='ocrx_word' id='word_1_300' title='bbox 1333 2515 1549 2571; x_wconf 86' lang='lat' dir='ltr'>arcibus</span> <span class='ocrx_word' id='word_1_301' title='bbox 1579 2532 1769 2572; x_wconf 89' lang='lat' dir='ltr'>amens</span> 
     </span>
    </p>
   </div>
   <div class='ocr_carea' id='block_1_34' title="bbox 268 2601 1871 2677">
    <p class='ocr_par' dir='ltr' id='par_1_34' title="bbox 268 2601 1871 2677">
     <span class='ocr_line' id='line_1_34' title="bbox 268 2601 1871 2677; baseline 0.002 -20"><span class='ocrx_word' id='word_1_302' title='bbox 268 2601 455 2657; x_wconf 89' lang='lat' dir='ltr'>Pulsat</span> <span class='ocrx_word' id='word_1_303' title='bbox 484 2609 774 2673; x_wconf 88' lang='lat' dir='ltr'>utrumque</span> <span class='ocrx_word' id='word_1_304' title='bbox 804 2601 941 2656; x_wconf 90' lang='lat' dir='ltr'>latus</span> <span class='ocrx_word' id='word_1_305' title='bbox 966 2621 979 2669; x_wconf 88' lang='lat'>;</span> <span class='ocrx_word' id='word_1_306' title='bbox 1014 2603 1143 2657; x_wconf 90' lang='lat' dir='ltr'>dum</span> <span class='ocrx_word' id='word_1_307' title='bbox 1167 2604 1406 2675; x_wconf 89' lang='lat' dir='ltr'>carpitur</span> <span class='ocrx_word' id='word_1_308' title='bbox 1427 2606 1681 2677; x_wconf 88' lang='lat' dir='ltr'>unguibis</span> <span class='ocrx_word' id='word_1_309' title='bbox 1698 2606 1871 2673; x_wconf 90' lang='lat' dir='ltr'>uncis,</span> 
     </span>
    </p>
   </div>
   <div class='ocr_carea' id='block_1_35' title="bbox 268 2689 1728 2750">
    <p class='ocr_par' dir='ltr' id='par_1_35' title="bbox 268 2689 1728 2750">
     <span class='ocr_line' id='line_1_35' title="bbox 268 2689 1728 2750; baseline 0.003 -5"><span class='ocrx_word' id='word_1_310' title='bbox 268 2689 489 2745; x_wconf 86' lang='lat' dir='ltr'>Nullam</span> <span class='ocrx_word' id='word_1_311' title='bbox 522 2691 614 2745; x_wconf 89' lang='lat' dir='ltr'>dat</span> <span class='ocrx_word' id='word_1_312' title='bbox 642 2693 906 2746; x_wconf 88' lang='lat' dir='ltr'>Mammes</span> <span class='ocrx_word' id='word_1_313' title='bbox 937 2707 1126 2747; x_wconf 90' lang='lat' dir='ltr'>vocem</span> <span class='ocrx_word' id='word_1_314' title='bbox 1158 2692 1225 2747; x_wconf 90' lang='lat' dir='ltr'>de</span> <span class='ocrx_word' id='word_1_315' title='bbox 1254 2709 1404 2749; x_wconf 90' lang='lat' dir='ltr'>more</span> <span class='ocrx_word' id='word_1_316' title='bbox 1433 2693 1728 2750; x_wconf 90' lang='lat' dir='ltr'>dolentum.</span> 
     </span>
    </p>
   </div>
   <div class='ocr_carea' id='block_1_36' title="bbox 269 2778 1660 2855">
    <p class='ocr_par' dir='ltr' id='par_1_36' title="bbox 269 2778 1660 2855">
     <span class='ocr_line' id='line_1_36' title="bbox 269 2778 1660 2855; baseline 0.004 -23"><span class='ocrx_word' id='word_1_317' title='bbox 269 2778 548 2844; x_wconf 92' lang='lat' dir='ltr'>Nondum,</span> <span class='ocrx_word' id='word_1_318' title='bbox 582 2795 785 2849; x_wconf 78' lang='lat' dir='ltr'>praeses</span> <span class='ocrx_word' id='word_1_319' title='bbox 811 2779 904 2846; x_wconf 89' lang='lat' dir='ltr'>ait,</span> <span class='ocrx_word' id='word_1_320' title='bbox 951 2780 1190 2848; x_wconf 90' lang='lat' dir='ltr'>sensisti,</span> <span class='ocrx_word' id='word_1_321' title='bbox 1223 2796 1387 2837; x_wconf 79' lang='lat' dir='ltr'>saxea</span> <span class='ocrx_word' id='word_1_322' title='bbox 1425 2783 1660 2855; x_wconf 82' lang='lat' dir='ltr'>plagas?</span> 
     </span>
    </p>
   </div>
   <div class='ocr_carea' id='block_1_37' title="bbox 268 2867 1668 2941">
    <p class='ocr_par' dir='ltr' id='par_1_37' title="bbox 268 2867 1668 2941">
     <span class='ocr_line' id='line_1_37' title="bbox 268 2867 1668 2941; baseline 0.003 -19"><span class='ocrx_word' id='word_1_323' title='bbox 268 2867 434 2935; x_wconf 90' lang='lat' dir='ltr'>Dure,</span> <span class='ocrx_word' id='word_1_324' title='bbox 467 2883 571 2923; x_wconf 91' lang='lat' dir='ltr'>nec</span> <span class='ocrx_word' id='word_1_325' title='bbox 600 2868 861 2923; x_wconf 89' lang='lat' dir='ltr'>humanos</span> <span class='ocrx_word' id='word_1_326' title='bbox 875 2869 1102 2938; x_wconf 88' lang='lat' dir='ltr'>juvenili</span> <span class='ocrx_word' id='word_1_327' title='bbox 1130 2869 1187 2924; x_wconf 92' lang='lat' dir='ltr'>in</span> <span class='ocrx_word' id='word_1_328' title='bbox 1215 2886 1446 2941; x_wconf 90' lang='lat' dir='ltr'>corpore</span> <span class='ocrx_word' id='word_1_329' title='bbox 1474 2888 1668 2926; x_wconf 89' lang='lat' dir='ltr'>sensus</span> 
     </span>
    </p>
   </div>
   <div class='ocr_carea' id='block_1_38' title="bbox 268 2951 1658 3011">
    <p class='ocr_par' dir='ltr' id='par_1_38' title="bbox 268 2951 1658 3011">
     <span class='ocr_line' id='line_1_38' title="bbox 268 2951 1658 3011; baseline 0.003 -5"><span class='ocrx_word' id='word_1_330' title='bbox 268 2952 441 3006; x_wconf 89' lang='lat' dir='ltr'>Error</span> <span class='ocrx_word' id='word_1_331' title='bbox 469 2951 671 3006; x_wconf 90' lang='lat' dir='ltr'>habere</span> <span class='ocrx_word' id='word_1_332' title='bbox 710 2951 854 3006; x_wconf 89' lang='lat' dir='ltr'>sinit.</span> <span class='ocrx_word' id='word_1_333' title='bbox 904 2954 1168 3008; x_wconf 88' lang='lat' dir='ltr'>Mammes</span> <span class='ocrx_word' id='word_1_334' title='bbox 1198 2954 1268 3008; x_wconf 89' lang='lat' dir='ltr'>ad</span> <span class='ocrx_word' id='word_1_335' title='bbox 1289 2954 1473 3009; x_wconf 87' lang='lat' dir='ltr'>sidera</span> <span class='ocrx_word' id='word_1_336' title='bbox 1503 2954 1658 3011; x_wconf 67' lang='lat' dir='ltr'>laetus</span> 
     </span>
    </p>
   </div>
   <div class='ocr_carea' id='block_1_39' title="bbox 267 3038 1688 3114">
    <p class='ocr_par' dir='ltr' id='par_1_39' title="bbox 267 3038 1688 3114">
     <span class='ocr_line' id='line_1_39' title="bbox 267 3038 1688 3114; baseline 0.004 -22"><span class='ocrx_word' id='word_1_337' title='bbox 267 3038 526 3093; x_wconf 89' lang='lat' dir='ltr'>lntuitum</span> <span class='ocrx_word' id='word_1_338' title='bbox 553 3046 769 3094; x_wconf 88' lang='lat' dir='ltr'>vertens</span> <span class='ocrx_word' id='word_1_339' title='bbox 798 3057 811 3093; x_wconf 90' lang='lat'>:</span> <span class='ocrx_word' id='word_1_340' title='bbox 845 3039 1039 3096; x_wconf 90' lang='lat' dir='ltr'>Grates</span> <span class='ocrx_word' id='word_1_341' title='bbox 1082 3042 1464 3112; x_wconf 89' lang='lat' dir='ltr'>persolvimus,</span> <span class='ocrx_word' id='word_1_342' title='bbox 1497 3042 1688 3114; x_wconf 85' lang='lat' dir='ltr'>inquit,</span> 
     </span>
    </p>
   </div>
   <div class='ocr_carea' id='block_1_40' title="bbox 268 3126 1660 3202">
    <p class='ocr_par' dir='ltr' id='par_1_40' title="bbox 268 3126 1660 3202">
     <span class='ocr_line' id='line_1_40' title="bbox 268 3126 1660 3202; baseline 0.006 -21"><span class='ocrx_word' id='word_1_343' title='bbox 268 3126 563 3182; x_wconf 88' lang='lat' dir='ltr'>Terrarum</span> <span class='ocrx_word' id='word_1_344' title='bbox 593 3128 823 3200; x_wconf 84' lang='lat' dir='ltr'>coelique</span> <span class='ocrx_word' id='word_1_345' title='bbox 855 3130 990 3194; x_wconf 90' lang='lat' dir='ltr'>Deo,</span> <span class='ocrx_word' id='word_1_346' title='bbox 1023 3130 1151 3201; x_wconf 86' lang='lat' dir='ltr'>quia</span> <span class='ocrx_word' id='word_1_347' title='bbox 1181 3146 1289 3186; x_wconf 91' lang='lat' dir='ltr'>non</span> <span class='ocrx_word' id='word_1_348' title='bbox 1336 3131 1514 3202; x_wconf 88' lang='lat' dir='ltr'>magis</span> <span class='ocrx_word' id='word_1_349' title='bbox 1544 3132 1660 3202; x_wconf 90' lang='lat' dir='ltr'>ipse</span> 
     </span>
    </p>
   </div>
   <div class='ocr_carea' id='block_1_41' title="bbox 1984 2734 3485 2808">
    <p class='ocr_par' dir='ltr' id='par_1_41' title="bbox 1984 2734 3485 2808">
     <span class='ocr_line' id='line_1_41' title="bbox 1984 2734 3485 2808; baseline -0.003 -14"><span class='ocrx_word' id='word_1_350' title='bbox 1984 2737 2160 2795; x_wconf 87' lang='lat' dir='ltr'>Obvia</span> <span class='ocrx_word' id='word_1_351' title='bbox 2183 2738 2340 2808; x_wconf 89' lang='lat' dir='ltr'>jussa</span> <span class='ocrx_word' id='word_1_352' title='bbox 2383 2736 2588 2807; x_wconf 86' lang='lat' dir='ltr'>ferens,</span> <span class='ocrx_word' id='word_1_353' title='bbox 2620 2738 2909 2792; x_wconf 88' lang='lat' dir='ltr'>Mammem</span> <span class='ocrx_word' id='word_1_354' title='bbox 2937 2735 3090 2805; x_wconf 89' lang='lat' dir='ltr'>jubet</span> <span class='ocrx_word' id='word_1_355' title='bbox 3110 2735 3238 2790; x_wconf 92' lang='lat' dir='ltr'>inde</span> <span class='ocrx_word' id='word_1_356' title='bbox 3268 2734 3485 2790; x_wconf 87' lang='lat' dir='ltr'>beatum</span> 
     </span>
    </p>
   </div>
   <div class='ocr_carea' id='block_1_42' title="bbox 1982 2823 3334 2899">
    <p class='ocr_par' dir='ltr' id='par_1_42' title="bbox 1982 2823 3334 2899">
     <span class='ocr_line' id='line_1_42' title="bbox 1982 2823 3334 2899; baseline -0.003 -17"><span class='ocrx_word' id='word_1_357' title='bbox 1982 2826 2232 2883; x_wconf 88' lang='lat' dir='ltr'>Carceris</span> <span class='ocrx_word' id='word_1_358' title='bbox 2261 2826 2488 2883; x_wconf 85' lang='lat' dir='ltr'>extremi</span> <span class='ocrx_word' id='word_1_359' title='bbox 2514 2825 2726 2899; x_wconf 90' lang='lat' dir='ltr'>gremio</span> <span class='ocrx_word' id='word_1_360' title='bbox 2754 2824 3105 2897; x_wconf 89' lang='lat' dir='ltr'>tenebrisque</span> <span class='ocrx_word' id='word_1_361' title='bbox 3135 2823 3334 2897; x_wconf 90' lang='lat' dir='ltr'>ligari;</span> 
     </span>
    </p>
   </div>
   <div class='ocr_carea' id='block_1_43' title="bbox 1981 2912 3376 2989">
    <p class='ocr_par' dir='ltr' id='par_1_43' title="bbox 1981 2912 3376 2989">
     <span class='ocr_line' id='line_1_43' title="bbox 1981 2912 3376 2989; baseline -0.003 -18"><span class='ocrx_word' id='word_1_362' title='bbox 1981 2917 2106 2987; x_wconf 91' lang='lat' dir='ltr'>Ipse</span> <span class='ocrx_word' id='word_1_363' title='bbox 2134 2915 2314 2989; x_wconf 88' lang='lat' dir='ltr'>magis</span> <span class='ocrx_word' id='word_1_364' title='bbox 2343 2914 2583 2970; x_wconf 87' lang='lat' dir='ltr'>tenebris</span> <span class='ocrx_word' id='word_1_365' title='bbox 2608 2928 2756 2971; x_wconf 65' lang='lat' dir='ltr'>caaca</span> <span class='ocrx_word' id='word_1_366' title='bbox 2786 2920 2839 2970; x_wconf 88' lang='lat' dir='ltr'>et</span> <span class='ocrx_word' id='word_1_367' title='bbox 2868 2912 3101 2986; x_wconf 82' lang='lat' dir='ltr'>caligine</span> <span class='ocrx_word' id='word_1_368' title='bbox 3134 2927 3376 2985; x_wconf 90' lang='lat' dir='ltr'>pressus,</span> 
     </span>
    </p>
   </div>
   <div class='ocr_carea' id='block_1_44' title="bbox 1982 3001 3393 3074">
    <p class='ocr_par' dir='ltr' id='par_1_44' title="bbox 1982 3001 3393 3074">
     <span class='ocr_line' id='line_1_44' title="bbox 1982 3001 3393 3074; baseline 0.001 -15"><span class='ocrx_word' id='word_1_369' title='bbox 1982 3004 2087 3073; x_wconf 86' lang='lat' dir='ltr'>Qui</span> <span class='ocrx_word' id='word_1_370' title='bbox 2115 3003 2347 3059; x_wconf 90' lang='lat' dir='ltr'>Domino</span> <span class='ocrx_word' id='word_1_371' title='bbox 2367 3003 2590 3060; x_wconf 91' lang='lat' dir='ltr'>ductore</span> <span class='ocrx_word' id='word_1_372' title='bbox 2609 3018 2820 3071; x_wconf 90' lang='lat' dir='ltr'>carens,</span> <span class='ocrx_word' id='word_1_373' title='bbox 2852 3002 2987 3074; x_wconf 90' lang='lat' dir='ltr'>petit</span> <span class='ocrx_word' id='word_1_374' title='bbox 3024 3001 3342 3067; x_wconf 84' lang='lat' dir='ltr'>exteriores,</span> <span class='ocrx_word' id='word_1_375' title='bbox 3384 3053 3393 3061; x_wconf 93' lang='lat'>.</span> 
     </span>
    </p>
   </div>
   <div class='ocr_carea' id='block_1_45' title="bbox 1983 3089 3584 3164">
    <p class='ocr_par' dir='ltr' id='par_1_45' title="bbox 1983 3089 3584 3164">
     <span class='ocr_line' id='line_1_45' title="bbox 1983 3089 3584 3164; baseline -0.003 -16"><span class='ocrx_word' id='word_1_376' title='bbox 1983 3091 2119 3161; x_wconf 86' lang='lat' dir='ltr'>Quis</span> <span class='ocrx_word' id='word_1_377' title='bbox 2146 3093 2304 3149; x_wconf 88' lang='lat' dir='ltr'>ﬂetus</span> <span class='ocrx_word' id='word_1_378' title='bbox 2346 3091 2675 3164; x_wconf 88' lang='lat' dir='ltr'>stridorque,</span> <span class='ocrx_word' id='word_1_379' title='bbox 2726 3099 2969 3161; x_wconf 89' lang='lat' dir='ltr'>manent,</span> <span class='ocrx_word' id='word_1_380' title='bbox 3005 3090 3121 3146; x_wconf 92' lang='lat' dir='ltr'>sine</span> <span class='ocrx_word' id='word_1_381' title='bbox 3164 3090 3285 3146; x_wconf 91' lang='lat' dir='ltr'>luce</span> <span class='ocrx_word' id='word_1_382' title='bbox 3315 3089 3584 3146; x_wconf 91' lang='lat' dir='ltr'>tenebras.</span> 
     </span>
    </p>
   </div>
   <div class='ocr_carea' id='block_1_46' title="bbox 1910 3152 3312 3252">
    <p class='ocr_par' dir='ltr' id='par_1_46' title="bbox 1910 3152 3312 3252">
     <span class='ocr_line' id='line_1_46' title="bbox 1910 3152 3312 3252; baseline -0.001 -17"><span class='ocrx_word' id='word_1_383' title='bbox 1910 3152 1959 3214; x_wconf 53' lang='grc' dir='ltr'>(ἶ</span> <span class='ocrx_word' id='word_1_384' title='bbox 1981 3183 2050 3236; x_wconf 85' lang='lat' dir='ltr'>At</span> <span class='ocrx_word' id='word_1_385' title='bbox 2079 3181 2283 3237; x_wconf 90' lang='lat' dir='ltr'>sanctis</span> <span class='ocrx_word' id='word_1_386' title='bbox 2312 3180 2545 3236; x_wconf 88' lang='lat' dir='ltr'>mundus</span> <span class='ocrx_word' id='word_1_387' title='bbox 2574 3195 2784 3251; x_wconf 89' lang='lat' dir='ltr'>career,</span> <span class='ocrx_word' id='word_1_388' title='bbox 2817 3194 2924 3252; x_wconf 88' lang='lat' dir='ltr'>quo</span> <span class='ocrx_word' id='word_1_389' title='bbox 2968 3179 3167 3235; x_wconf 90' lang='lat' dir='ltr'>solvier</span> <span class='ocrx_word' id='word_1_390' title='bbox 3193 3186 3312 3235; x_wconf 91' lang='lat' dir='ltr'>orat</span> 
     </span>
    </p>
   </div>
   <div class='ocr_carea' id='block_1_47' title="bbox 270 3266 3400 3378">
    <p class='ocr_par' dir='ltr' id='par_1_47' title="bbox 270 3266 3400 3378">
     <span class='ocr_line' id='line_1_47' title="bbox 270 3266 3400 3378; baseline -0.002 -51"><span class='ocrx_word' id='word_1_391' title='bbox 270 3266 1588 3378; x_wconf 44' lang='grc' dir='ltr'>ᾆεξῐξξξῶᾘέἷεξέθξΘᾶθςῖςῖ</span> <span class='ocrx_word' id='word_1_392' title='bbox 1981 3269 2051 3325; x_wconf 91' lang='lat' dir='ltr'>Se</span> <span class='ocrx_word' id='word_1_393' title='bbox 2082 3270 2367 3326; x_wconf 87' lang='lat' dir='ltr'>Psalmista</span> <span class='ocrx_word' id='word_1_394' title='bbox 2396 3271 2627 3327; x_wconf 90' lang='lat' dir='ltr'>Domum</span> <span class='ocrx_word' id='word_1_395' title='bbox 2655 3268 2897 3342; x_wconf 90' lang='lat' dir='ltr'>paradisi</span> <span class='ocrx_word' id='word_1_396' title='bbox 2943 3267 3102 3324; x_wconf 72' lang='lat' dir='ltr'>laetus</span> <span class='ocrx_word' id='word_1_397' title='bbox 3130 3275 3189 3323; x_wconf 89' lang='lat' dir='ltr'>ut</span> <span class='ocrx_word' id='word_1_398' title='bbox 3214 3266 3400 3323; x_wconf 89' lang='lat' dir='ltr'>intret.</span> 
     </span>
    </p>
   </div>
   <div class='ocr_carea' id='block_1_48' title="bbox 271 3391 2946 3467">
    <p class='ocr_par' dir='ltr' id='par_1_48' title="bbox 271 3391 2946 3467">
     <span class='ocr_line' id='line_1_48' title="bbox 271 3391 2946 3467; baseline 0.004 -19"><span class='ocrx_word' id='word_1_399' title='bbox 271 3391 318 3448; x_wconf 94' lang='grc' dir='ltr'><strong>Ο</strong></span> <span class='ocrx_word' id='word_1_400' title='bbox 349 3393 439 3465; x_wconf 88' lang='lat' dir='ltr'>pia</span> <span class='ocrx_word' id='word_1_401' title='bbox 468 3401 784 3450; x_wconf 89' lang='lat' dir='ltr'>sanctorum</span> <span class='ocrx_word' id='word_1_402' title='bbox 819 3394 969 3450; x_wconf 89' lang='lat' dir='ltr'>miris</span> <span class='ocrx_word' id='word_1_403' title='bbox 994 3396 1255 3467; x_wconf 89' lang='lat' dir='ltr'>patientia</span> <span class='ocrx_word' id='word_1_404' title='bbox 1297 3395 1524 3453; x_wconf 88' lang='lat' dir='ltr'>vincens</span> <span class='ocrx_word' id='word_1_405' title='bbox 2555 3403 2781 3460; x_wconf 84' lang='lat' dir='ltr'>CAPUT</span> <span class='ocrx_word' id='word_1_406' title='bbox 2823 3402 2946 3458; x_wconf 86' lang='lat' dir='ltr'>XV.</span> 
     </span>
    </p>
   </div>
   <div class='ocr_carea' id='block_1_49' title="bbox 270 3483 3595 3589">
    <p class='ocr_par' dir='ltr' id='par_1_49' title="bbox 270 3483 3595 3589">
     <span class='ocr_line' id='line_1_49' title="bbox 270 3483 3595 3589; baseline 0.002 -54"><span class='ocrx_word' id='word_1_407' title='bbox 270 3484 485 3589; x_wconf 39' lang='lat' dir='ltr'>aspera</span> <span class='ocrx_word' id='word_1_408' title='bbox 512 3490 705 3538; x_wconf 90' lang='lat' dir='ltr'>cuncta</span> <span class='ocrx_word' id='word_1_409' title='bbox 747 3483 957 3539; x_wconf 84' lang='lat' dir='ltr'>modis!</span> <span class='ocrx_word' id='word_1_410' title='bbox 986 3484 1227 3584; x_wconf 80' lang='lat' dir='ltr'>coelestia</span> <span class='ocrx_word' id='word_1_411' title='bbox 1255 3492 1436 3541; x_wconf 90' lang='lat' dir='ltr'>mente</span> <span class='ocrx_word' id='word_1_412' title='bbox 1464 3493 1733 3557; x_wconf 89' lang='lat' dir='ltr'>petentes,</span> <span class='ocrx_word' id='word_1_413' title='bbox 2057 3518 2535 3588; x_wconf 67' lang='lat' dir='ltr'>Quemadmodum</span> <span class='ocrx_word' id='word_1_414' title='bbox 2571 3520 2862 3589; x_wconf 58' lang='lat' dir='ltr'>ingressus</span> <span class='ocrx_word' id='word_1_415' title='bbox 2904 3532 3212 3585; x_wconf 55' lang='lat' dir='ltr'>carcerem,</span> <span class='ocrx_word' id='word_1_416' title='bbox 3250 3520 3473 3589; x_wconf 64' lang='lat' dir='ltr'>paverit</span> <span class='ocrx_word' id='word_1_417' title='bbox 3516 3519 3595 3576; x_wconf 56' lang='lat' dir='ltr'><strong><em>ibi</em></strong></span> 
     </span>
    </p>
   </div>
   <div class='ocr_carea' id='block_1_50' title="bbox 272 3536 3285 3646">
    <p class='ocr_par' dir='ltr' id='par_1_50' title="bbox 272 3536 3285 3646">
     <span class='ocr_line' id='line_1_50' title="bbox 272 3536 3285 3625; baseline 0.008 -70"><span class='ocrx_word' id='word_1_418' title='bbox 272 3569 311 3625; x_wconf 77' lang='lat' dir='ltr'><strong>C</strong></span> <span class='ocrx_word' id='word_1_419' title='bbox 350 3536 367 3552; x_wconf 80' lang='grc' dir='ltr'><strong><em>ι</em></strong></span> <span class='ocrx_word' id='word_1_420' title='bbox 404 3536 407 3537; x_wconf 51' lang='grc' dir='ltr'><em>ν</em></span> <span class='ocrx_word' id='word_1_421' title='bbox 522 3536 533 3537; x_wconf 45' lang='grc' dir='ltr'><em>κ</em></span> <span class='ocrx_word' id='word_1_422' title='bbox 627 3536 639 3538; x_wconf 60' lang='grc' dir='ltr'><strong><em>τ</em></strong></span> <span class='ocrx_word' id='word_1_423' title='bbox 678 3536 700 3538; x_wconf 55' lang='grc' dir='ltr'>η</span> <span class='ocrx_word' id='word_1_424' title='bbox 770 3536 773 3537; x_wconf 53' lang='grc' dir='ltr'><em>ν</em></span> <span class='ocrx_word' id='word_1_425' title='bbox 814 3536 956 3539; x_wconf 46' lang='grc' dir='ltr'>απτ</span> <span class='ocrx_word' id='word_1_426' title='bbox 993 3536 1227 3584; x_wconf 46' lang='grc' dir='ltr'>ημῖν-η</span> <span class='ocrx_word' id='word_1_427' title='bbox 1257 3536 1433 3541; x_wconf 64' lang='grc' dir='ltr'>------ν</span> <span class='ocrx_word' id='word_1_428' title='bbox 1464 3536 1733 3585; x_wconf 61' lang='grc' dir='ltr'>τ--τ-ν--τ</span> <span class='ocrx_word' id='word_1_429' title='bbox 2057 3536 2535 3588; x_wconf 70' lang='grc' dir='ltr'>ραεῃιαατηοααγη</span> <span class='ocrx_word' id='word_1_430' title='bbox 2571 3536 2862 3589; x_wconf 79' lang='lat' dir='ltr'>mgressus</span> <span class='ocrx_word' id='word_1_431' title='bbox 2904 3536 3212 3585; x_wconf 77' lang='lat' dir='ltr'>carcerem,</span> <span class='ocrx_word' id='word_1_432' title='bbox 3250 3536 3285 3592; x_wconf 87' lang='lat' dir='ltr'>p</span> 
     </span>
     <span class='ocr_line' id='line_1_51' title="bbox 315 3574 2921 3646; baseline 0.007 -21"><span class='ocrx_word' id='word_1_433' title='bbox 315 3577 636 3625; x_wconf 89' lang='lat' dir='ltr'>ontemnunt</span> <span class='ocrx_word' id='word_1_434' title='bbox 665 3586 887 3627; x_wconf 90' lang='lat' dir='ltr'>carnem</span> <span class='ocrx_word' id='word_1_435' title='bbox 915 3589 1149 3628; x_wconf 79' lang='lat' dir='ltr'>memori</span> <span class='ocrx_word' id='word_1_436' title='bbox 1167 3574 1255 3629; x_wconf 91' lang='lat' dir='ltr'>vel</span> <span class='ocrx_word' id='word_1_437' title='bbox 1283 3589 1509 3630; x_wconf 90' lang='lat' dir='ltr'>eernere</span> <span class='ocrx_word' id='word_1_438' title='bbox 1535 3592 1656 3631; x_wconf 77' lang='lat' dir='ltr'>Vtsu</span> <span class='ocrx_word' id='word_1_439' title='bbox 1682 3595 1696 3643; x_wconf 87' lang='lat'>;</span> <span class='ocrx_word' id='word_1_440' title='bbox 2649 3589 2921 3646; x_wconf 76' lang='lat' dir='ltr'>reclusos.</span> 
     </span>
    </p>
   </div>
   <div class='ocr_carea' id='block_1_51' title="bbox 272 3657 1520 3735">
    <p class='ocr_par' dir='ltr' id='par_1_51' title="bbox 272 3657 1520 3735">
     <span class='ocr_line' id='line_1_52' title="bbox 272 3657 1520 3735; baseline 0.004 -22"><span class='ocrx_word' id='word_1_441' title='bbox 272 3657 365 3715; x_wconf 91' lang='lat' dir='ltr'>Sic</span> <span class='ocrx_word' id='word_1_442' title='bbox 392 3659 629 3730; x_wconf 90' lang='lat' dir='ltr'>perdunt</span> <span class='ocrx_word' id='word_1_443' title='bbox 651 3659 834 3728; x_wconf 90' lang='lat' dir='ltr'>vitam,</span> <span class='ocrx_word' id='word_1_444' title='bbox 866 3660 973 3717; x_wconf 87' lang='lat' dir='ltr'>vita</span> <span class='ocrx_word' id='word_1_445' title='bbox 1006 3661 1125 3719; x_wconf 91' lang='lat' dir='ltr'>sine</span> <span class='ocrx_word' id='word_1_446' title='bbox 1153 3662 1261 3719; x_wconf 85' lang='lat' dir='ltr'>fine</span> <span class='ocrx_word' id='word_1_447' title='bbox 1291 3669 1520 3735; x_wconf 89' lang='lat' dir='ltr'>reperta.</span> 
     </span>
    </p>
   </div>
   <div class='ocr_carea' id='block_1_52' title="bbox 273 3747 1668 3825">
    <p class='ocr_par' dir='ltr' id='par_1_52' title="bbox 273 3747 1668 3825">
     <span class='ocr_line' id='line_1_53' title="bbox 273 3747 1668 3825; baseline 0.004 -22"><span class='ocrx_word' id='word_1_448' title='bbox 273 3747 374 3803; x_wconf 90' lang='lat' dir='ltr'>Est</span> <span class='ocrx_word' id='word_1_449' title='bbox 394 3747 513 3804; x_wconf 88' lang='lat' dir='ltr'>leve</span> <span class='ocrx_word' id='word_1_450' title='bbox 542 3757 929 3822; x_wconf 89' lang='lat' dir='ltr'>momentoque</span> <span class='ocrx_word' id='word_1_451' title='bbox 957 3751 1148 3807; x_wconf 89' lang='lat' dir='ltr'>volans</span> <span class='ocrx_word' id='word_1_452' title='bbox 1180 3751 1315 3825; x_wconf 87' lang='lat' dir='ltr'>fugit</span> <span class='ocrx_word' id='word_1_453' title='bbox 1331 3752 1483 3810; x_wconf 91' lang='lat' dir='ltr'>ocius</span> <span class='ocrx_word' id='word_1_454' title='bbox 1507 3768 1668 3809; x_wconf 91' lang='lat' dir='ltr'>omne</span> 
     </span>
    </p>
   </div>
   <div class='ocr_carea' id='block_1_53' title="bbox 276 3835 1807 3912">
    <p class='ocr_par' dir='ltr' id='par_1_53' title="bbox 276 3835 1807 3912">
     <span class='ocr_line' id='line_1_54' title="bbox 276 3835 1807 3912; baseline 0.006 -22"><span class='ocrx_word' id='word_1_455' title='bbox 276 3835 436 3904; x_wconf 90' lang='lat' dir='ltr'>Quod</span> <span class='ocrx_word' id='word_1_456' title='bbox 457 3836 712 3907; x_wconf 89' lang='lat' dir='ltr'>tolerant,</span> <span class='ocrx_word' id='word_1_457' title='bbox 747 3840 893 3894; x_wconf 89' lang='lat' dir='ltr'>acuit</span> <span class='ocrx_word' id='word_1_458' title='bbox 918 3856 1045 3911; x_wconf 88' lang='lat' dir='ltr'>spes</span> <span class='ocrx_word' id='word_1_459' title='bbox 1075 3842 1339 3912; x_wconf 89' lang='lat' dir='ltr'>muneris,</span> <span class='ocrx_word' id='word_1_460' title='bbox 1371 3842 1536 3898; x_wconf 90' lang='lat' dir='ltr'>ardor</span> <span class='ocrx_word' id='word_1_461' title='bbox 1589 3843 1807 3912; x_wconf 87' lang='lat' dir='ltr'>amoris,</span> 
     </span>
    </p>
   </div>
   <div class='ocr_carea' id='block_1_54' title="bbox 286 3924 1573 4001">
    <p class='ocr_par' dir='ltr' id='par_1_54' title="bbox 286 3924 1573 4001">
     <span class='ocr_line' id='line_1_55' title="bbox 286 3924 1573 4001; baseline 0.006 -23"><span class='ocrx_word' id='word_1_462' title='bbox 286 3925 728 3998; x_wconf 89' lang='lat' dir='ltr'>Immensumque</span> <span class='ocrx_word' id='word_1_463' title='bbox 758 3924 872 3981; x_wconf 88' lang='lat' dir='ltr'>suis</span> <span class='ocrx_word' id='word_1_464' title='bbox 900 3928 1138 3984; x_wconf 83' lang='lat' dir='ltr'>caelestis</span> <span class='ocrx_word' id='word_1_465' title='bbox 1160 3928 1331 4001; x_wconf 89' lang='lat' dir='ltr'>gloria</span> <span class='ocrx_word' id='word_1_466' title='bbox 1356 3931 1573 4001; x_wconf 89' lang='lat' dir='ltr'>pondus</span> 
     </span>
    </p>
   </div>
   <div class='ocr_carea' id='block_1_55' title="bbox 273 4013 1787 4093">
    <p class='ocr_par' dir='ltr' id='par_1_55' title="bbox 273 4013 1787 4093">
     <span class='ocr_line' id='line_1_56' title="bbox 273 4013 1787 4093; baseline 0.006 -26"><span class='ocrx_word' id='word_1_467' title='bbox 273 4013 539 4068; x_wconf 80' lang='lat' dir='ltr'>Mercedis</span> <span class='ocrx_word' id='word_1_468' title='bbox 571 4013 769 4071; x_wconf 89' lang='lat' dir='ltr'>tribuit.</span> <span class='ocrx_word' id='word_1_469' title='bbox 804 4014 949 4084; x_wconf 91' lang='lat' dir='ltr'>Quid</span> <span class='ocrx_word' id='word_1_470' title='bbox 986 4032 1220 4088; x_wconf 89' lang='lat' dir='ltr'>pronum</span> <span class='ocrx_word' id='word_1_471' title='bbox 1246 4018 1301 4072; x_wconf 89' lang='lat' dir='ltr'>in</span> <span class='ocrx_word' id='word_1_472' title='bbox 1321 4019 1505 4089; x_wconf 67' lang='lat' dir='ltr'>praelia</span> <span class='ocrx_word' id='word_1_473' title='bbox 1525 4035 1742 4093; x_wconf 90' lang='lat' dir='ltr'>semper</span> <span class='ocrx_word' id='word_1_474' title='bbox 1780 4082 1787 4091; x_wconf 53' lang='grc'><em>,</em></span> 
     </span>
    </p>
   </div>
   <div class='ocr_carea' id='block_1_56' title="bbox 274 4101 1664 4177">
    <p class='ocr_par' dir='ltr' id='par_1_56' title="bbox 274 4101 1664 4177">
     <span class='ocr_line' id='line_1_57' title="bbox 274 4101 1664 4177; baseline 0.006 -22"><span class='ocrx_word' id='word_1_475' title='bbox 274 4101 533 4157; x_wconf 89' lang='lat' dir='ltr'>Tironem</span> <span class='ocrx_word' id='word_1_476' title='bbox 559 4101 828 4158; x_wconf 80' lang='lat' dir='ltr'>minaris?</span> <span class='ocrx_word' id='word_1_477' title='bbox 856 4104 1030 4159; x_wconf 84' lang='lat' dir='ltr'>liabet</span> <span class='ocrx_word' id='word_1_478' title='bbox 1069 4121 1165 4160; x_wconf 90' lang='lat' dir='ltr'>sua</span> <span class='ocrx_word' id='word_1_479' title='bbox 1194 4107 1415 4177; x_wconf 59' lang='lat' dir='ltr'>praemia</span> <span class='ocrx_word' id='word_1_480' title='bbox 1444 4109 1618 4165; x_wconf 87' lang='lat' dir='ltr'>victor</span> <span class='ocrx_word' id='word_1_481' title='bbox 1651 4128 1664 4164; x_wconf 91' lang='lat'><strong>:</strong></span> 
     </span>
    </p>
   </div>
   <div class='ocr_carea' id='block_1_57' title="bbox 272 4191 1705 4270">
    <p class='ocr_par' dir='ltr' id='par_1_57' title="bbox 272 4191 1705 4270">
     <span class='ocr_line' id='line_1_58' title="bbox 272 4191 1705 4270; baseline 0.006 -25"><span class='ocrx_word' id='word_1_482' title='bbox 272 4191 378 4247; x_wconf 91' lang='lat' dir='ltr'>Pro</span> <span class='ocrx_word' id='word_1_483' title='bbox 405 4206 580 4264; x_wconf 85' lang='lat' dir='ltr'>regno</span> <span class='ocrx_word' id='word_1_484' title='bbox 607 4200 832 4265; x_wconf 82' lang='lat' dir='ltr'>pugnat,</span> <span class='ocrx_word' id='word_1_485' title='bbox 867 4208 1105 4266; x_wconf 88' lang='lat' dir='ltr'>regnans</span> <span class='ocrx_word' id='word_1_486' title='bbox 1134 4203 1259 4267; x_wconf 91' lang='lat' dir='ltr'>post</span> <span class='ocrx_word' id='word_1_487' title='bbox 1282 4195 1426 4252; x_wconf 90' lang='lat' dir='ltr'>bella</span> <span class='ocrx_word' id='word_1_488' title='bbox 1457 4197 1705 4270; x_wconf 90' lang='lat' dir='ltr'>quiescit.</span> 
     </span>
    </p>
   </div>
   <div class='ocr_carea' id='block_1_58' title="bbox 1988 3693 3452 3767">
    <p class='ocr_par' dir='ltr' id='par_1_58' title="bbox 1988 3693 3452 3767">
     <span class='ocr_line' id='line_1_59' title="bbox 1988 3693 3452 3767; baseline -0.003 -13"><span class='ocrx_word' id='word_1_489' title='bbox 1988 3699 2224 3754; x_wconf 89' lang='lat' dir='ltr'>Sanctus</span> <span class='ocrx_word' id='word_1_490' title='bbox 2253 3696 2308 3752; x_wconf 91' lang='lat' dir='ltr'>in</span> <span class='ocrx_word' id='word_1_491' title='bbox 2340 3694 2563 3767; x_wconf 89' lang='lat' dir='ltr'>augusti</span> <span class='ocrx_word' id='word_1_492' title='bbox 2609 3693 2909 3766; x_wconf 90' lang='lat' dir='ltr'>perductus</span> <span class='ocrx_word' id='word_1_493' title='bbox 2951 3694 3188 3752; x_wconf 87' lang='lat' dir='ltr'>carceris</span> <span class='ocrx_word' id='word_1_494' title='bbox 3216 3703 3452 3763; x_wconf 90' lang='lat' dir='ltr'>antrum,</span> 
     </span>
    </p>
   </div>
   <div class='ocr_carea' id='block_1_59' title="bbox 1982 3781 3274 3858">
    <p class='ocr_par' dir='ltr' id='par_1_59' title="bbox 1982 3781 3274 3858">
     <span class='ocr_line' id='line_1_60' title="bbox 1982 3781 3274 3858; baseline -0.003 -15"><span class='ocrx_word' id='word_1_495' title='bbox 1982 3784 2240 3858; x_wconf 83' lang='lat' dir='ltr'>Repperit</span> <span class='ocrx_word' id='word_1_496' title='bbox 2270 3783 2513 3841; x_wconf 89' lang='lat' dir='ltr'>inclusos</span> <span class='ocrx_word' id='word_1_497' title='bbox 2542 3781 2695 3840; x_wconf 91' lang='lat' dir='ltr'>vario</span> <span class='ocrx_word' id='word_1_498' title='bbox 2724 3797 2826 3854; x_wconf 91' lang='lat' dir='ltr'>pro</span> <span class='ocrx_word' id='word_1_499' title='bbox 2855 3782 3085 3840; x_wconf 88' lang='lat' dir='ltr'>crimine</span> <span class='ocrx_word' id='word_1_500' title='bbox 3133 3782 3274 3839; x_wconf 90' lang='lat' dir='ltr'>dura</span> 
     </span>
    </p>
   </div>
   <div class='ocr_carea' id='block_1_60' title="bbox 1985 3870 3452 3947">
    <p class='ocr_par' dir='ltr' id='par_1_60' title="bbox 1985 3870 3452 3947">
     <span class='ocr_line' id='line_1_61' title="bbox 1985 3870 3452 3947; baseline -0.003 -15"><span class='ocrx_word' id='word_1_501' title='bbox 1985 3876 2142 3933; x_wconf 89' lang='lat' dir='ltr'>Sorte</span> <span class='ocrx_word' id='word_1_502' title='bbox 2172 3879 2368 3947; x_wconf 87' lang='lat' dir='ltr'>quater</span> <span class='ocrx_word' id='word_1_503' title='bbox 2397 3873 2606 3938; x_wconf 90' lang='lat' dir='ltr'>denos;</span> <span class='ocrx_word' id='word_1_504' title='bbox 2638 3886 2767 3929; x_wconf 86' lang='lat' dir='ltr'>mox</span> <span class='ocrx_word' id='word_1_505' title='bbox 2811 3871 2989 3943; x_wconf 90' lang='lat' dir='ltr'>primo</span> <span class='ocrx_word' id='word_1_506' title='bbox 3016 3870 3075 3927; x_wconf 87' lang='lat' dir='ltr'>in</span> <span class='ocrx_word' id='word_1_507' title='bbox 3116 3870 3303 3927; x_wconf 90' lang='lat' dir='ltr'>limine</span> <span class='ocrx_word' id='word_1_508' title='bbox 3331 3871 3452 3927; x_wconf 74' lang='lat' dir='ltr'>fixis</span> 
     </span>
    </p>
   </div>
   <div class='ocr_carea' id='block_1_61' title="bbox 1983 3959 3512 4035">
    <p class='ocr_par' dir='ltr' id='par_1_61' title="bbox 1983 3959 3512 4035">
     <span class='ocr_line' id='line_1_62' title="bbox 1983 3959 3512 4035; baseline -0.002 -15"><span class='ocrx_word' id='word_1_509' title='bbox 1983 3965 2068 4020; x_wconf 88' lang='lat' dir='ltr'>Ad</span> <span class='ocrx_word' id='word_1_510' title='bbox 2112 3962 2403 4020; x_wconf 89' lang='lat' dir='ltr'>Dominum</span> <span class='ocrx_word' id='word_1_511' title='bbox 2446 3960 2702 4035; x_wconf 88' lang='lat' dir='ltr'>genibus,</span> <span class='ocrx_word' id='word_1_512' title='bbox 2753 3959 3018 4016; x_wconf 82' lang='lat' dir='ltr'>fundebat</span> <span class='ocrx_word' id='word_1_513' title='bbox 3046 3960 3178 4016; x_wconf 88' lang='lat' dir='ltr'>talia</span> <span class='ocrx_word' id='word_1_514' title='bbox 3205 3961 3512 4017; x_wconf 88' lang='lat' dir='ltr'>Mammes:</span> 
     </span>
    </p>
   </div>
   <div class='ocr_carea' id='block_1_62' title="bbox 1984 4048 3524 4124">
    <p class='ocr_par' dir='ltr' id='par_1_62' title="bbox 1984 4048 3524 4124">
     <span class='ocr_line' id='line_1_63' title="bbox 1984 4048 3524 4124; baseline -0.004 -13"><span class='ocrx_word' id='word_1_515' title='bbox 1984 4053 2364 4124; x_wconf 89' lang='lat' dir='ltr'>Omnipotens,</span> <span class='ocrx_word' id='word_1_516' title='bbox 2386 4050 2652 4106; x_wconf 89' lang='lat' dir='ltr'>immense</span> <span class='ocrx_word' id='word_1_517' title='bbox 2673 4050 2843 4117; x_wconf 90' lang='lat' dir='ltr'>Deus,</span> <span class='ocrx_word' id='word_1_518' title='bbox 2876 4065 3038 4121; x_wconf 90' lang='lat' dir='ltr'>quem</span> <span class='ocrx_word' id='word_1_519' title='bbox 3080 4049 3319 4123; x_wconf 91' lang='lat' dir='ltr'>denique</span> <span class='ocrx_word' id='word_1_520' title='bbox 3351 4048 3524 4106; x_wconf 87' lang='lat' dir='ltr'>nostri</span> 
     </span>
    </p>
   </div>
   <div class='ocr_carea' id='block_1_63' title="bbox 1984 4137 3271 4212">
    <p class='ocr_par' dir='ltr' id='par_1_63' title="bbox 1984 4137 3271 4212">
     <span class='ocr_line' id='line_1_64' title="bbox 1984 4137 3271 4212; baseline -0.003 -15"><span class='ocrx_word' id='word_1_521' title='bbox 1984 4142 2239 4198; x_wconf 88' lang='lat' dir='ltr'>Dilexere</span> <span class='ocrx_word' id='word_1_522' title='bbox 2264 4147 2468 4212; x_wconf 88' lang='lat' dir='ltr'>patres,</span> <span class='ocrx_word' id='word_1_523' title='bbox 2495 4137 2618 4209; x_wconf 92' lang='lat' dir='ltr'>quia</span> <span class='ocrx_word' id='word_1_524' title='bbox 2653 4145 2709 4194; x_wconf 89' lang='lat' dir='ltr'>tu</span> <span class='ocrx_word' id='word_1_525' title='bbox 2738 4138 3029 4194; x_wconf 89' lang='lat' dir='ltr'>miseratus</span> <span class='ocrx_word' id='word_1_526' title='bbox 3058 4138 3271 4206; x_wconf 91' lang='lat' dir='ltr'>amasti,</span> 
     </span>
    </p>
   </div>
   <div class='ocr_carea' id='block_1_64' title="bbox 1984 4226 3525 4301">
    <p class='ocr_par' dir='ltr' id='par_1_64' title="bbox 1984 4226 3525 4301">
     <span class='ocr_line' id='line_1_65' title="bbox 1984 4226 3525 4301; baseline -0.003 -15"><span class='ocrx_word' id='word_1_527' title='bbox 1984 4229 2198 4286; x_wconf 87' lang='lat' dir='ltr'>Exaudi</span> <span class='ocrx_word' id='word_1_528' title='bbox 2225 4244 2365 4301; x_wconf 86' lang='lat' dir='ltr'>quas</span> <span class='ocrx_word' id='word_1_529' title='bbox 2386 4226 2557 4283; x_wconf 90' lang='lat' dir='ltr'>fundo</span> <span class='ocrx_word' id='word_1_530' title='bbox 2605 4242 2821 4298; x_wconf 90' lang='lat' dir='ltr'>preces,</span> <span class='ocrx_word' id='word_1_531' title='bbox 2856 4241 2961 4284; x_wconf 90' lang='lat' dir='ltr'>nec</span> <span class='ocrx_word' id='word_1_532' title='bbox 2994 4226 3244 4300; x_wconf 89' lang='lat' dir='ltr'>linquere</span> <span class='ocrx_word' id='word_1_533' title='bbox 3273 4236 3299 4263; x_wconf 73' lang='grc'><strong><em>³</em></strong></span> <span class='ocrx_word' id='word_1_534' title='bbox 3326 4234 3525 4284; x_wconf 89' lang='lat' dir='ltr'>memet</span> 
     </span>
    </p>
   </div>
   <div class='ocr_carea' id='block_1_65' title="bbox 1986 4314 3239 4389">
    <p class='ocr_par' dir='ltr' id='par_1_65' title="bbox 1986 4314 3239 4389">
     <span class='ocr_line' id='line_1_66' title="bbox 1986 4314 3239 4389; baseline -0.002 -15"><span class='ocrx_word' id='word_1_535' title='bbox 1986 4317 2215 4374; x_wconf 84' lang='lat' dir='ltr'>Auxiliis</span> <span class='ocrx_word' id='word_1_536' title='bbox 2242 4317 2335 4389; x_wconf 90' lang='lat' dir='ltr'>qui</span> <span class='ocrx_word' id='word_1_537' title='bbox 2362 4315 2489 4373; x_wconf 85' lang='lat' dir='ltr'>vivo</span> <span class='ocrx_word' id='word_1_538' title='bbox 2519 4315 2645 4382; x_wconf 89' lang='lat' dir='ltr'>tuis,</span> <span class='ocrx_word' id='word_1_539' title='bbox 2696 4315 2944 4388; x_wconf 87' lang='lat' dir='ltr'>dignare,</span> <span class='ocrx_word' id='word_1_540' title='bbox 2994 4314 3239 4371; x_wconf 90' lang='lat' dir='ltr'>Creator.</span> 
     </span>
    </p>
   </div>
   <div class='ocr_carea' id='block_1_66' title="bbox 930 4368 3307 4477">
    <p class='ocr_par' dir='ltr' id='par_1_66' title="bbox 930 4368 3307 4477">
     <span class='ocr_line' id='line_1_67' title="bbox 930 4368 3307 4477; baseline 0.006 -32"><span class='ocrx_word' id='word_1_541' title='bbox 930 4368 1157 4428; x_wconf 70' lang='lat' dir='ltr'>CAPUT</span> <span class='ocrx_word' id='word_1_542' title='bbox 1202 4373 1349 4428; x_wconf 75' lang='lat' dir='ltr'>Xm&#39;</span> <span class='ocrx_word' id='word_1_543' title='bbox 1986 4368 2486 4473; x_wconf 31' lang='lat' dir='ltr'>Ero—tinusjin‘elusiv,</span> <span class='ocrx_word' id='word_1_544' title='bbox 2515 4368 2787 4477; x_wconf 46' lang='lat' dir='ltr'>percepi;</span> <span class='ocrx_word' id='word_1_545' title='bbox 2796 4368 3026 4461; x_wconf 77' lang='lat' dir='ltr'>nomine</span> 
     </span>
    </p>
   </div>
   <div class='ocr_carea' id='block_1_67' title="bbox 352 4493 3412 4575">
    <p class='ocr_par' dir='ltr' id='par_1_67' title="bbox 352 4493 3412 4575">
     <span class='ocr_line' id='line_1_68' title="bbox 352 4493 3412 4575; baseline -0.004 -14"><span class='ocrx_word' id='word_1_546' title='bbox 352 4504 613 4575; x_wconf 78' lang='lat' dir='ltr'>Qualiter</span> <span class='ocrx_word' id='word_1_547' title='bbox 640 4506 832 4562; x_wconf 77' lang='lat' dir='ltr'>acrius</span> <span class='ocrx_word' id='word_1_548' title='bbox 871 4508 1053 4562; x_wconf 81' lang='lat' dir='ltr'>tortus</span> <span class='ocrx_word' id='word_1_549' title='bbox 1085 4498 1299 4555; x_wconf 68' lang='lat' dir='ltr'>caelesti</span> <span class='ocrx_word' id='word_1_550' title='bbox 1341 4498 1687 4555; x_wconf 78' lang='lat' dir='ltr'>allocutione</span> <span class='ocrx_word' id='word_1_551' title='bbox 1733 4499 1810 4555; x_wconf 81' lang='lat' dir='ltr'>sit</span> <span class='ocrx_word' id='word_1_552' title='bbox 1910 4511 1967 4574; x_wconf 84' lang='lat' dir='ltr'>D</span> <span class='ocrx_word' id='word_1_553' title='bbox 1988 4496 2071 4552; x_wconf 87' lang='lat' dir='ltr'>Ad</span> <span class='ocrx_word' id='word_1_554' title='bbox 2100 4494 2314 4568; x_wconf 89' lang='lat' dir='ltr'>plantas</span> <span class='ocrx_word' id='word_1_555' title='bbox 2342 4494 2561 4551; x_wconf 91' lang='lat' dir='ltr'>volvere</span> <span class='ocrx_word' id='word_1_556' title='bbox 2590 4508 2774 4549; x_wconf 89' lang='lat' dir='ltr'>sacras</span> <span class='ocrx_word' id='word_1_557' title='bbox 2796 4508 2897 4549; x_wconf 88' lang='lat' dir='ltr'>sua</span> <span class='ocrx_word' id='word_1_558' title='bbox 2925 4508 3157 4566; x_wconf 88' lang='lat' dir='ltr'>corpora</span> <span class='ocrx_word' id='word_1_559' title='bbox 3185 4493 3412 4565; x_wconf 88' lang='lat' dir='ltr'>passim.</span> 
     </span>
    </p>
   </div>
   <div class='ocr_carea' id='block_1_68' title="bbox 898 4575 1821 4667">
    <p class='ocr_par' dir='ltr' id='par_1_68' title="bbox 898 4575 1273 4647">
     <span class='ocr_line' id='line_1_69' title="bbox 898 4575 1273 4647; baseline -0.019 -14"><span class='ocrx_word' id='word_1_560' title='bbox 898 4575 1273 4647; x_wconf 75' lang='lat' dir='ltr'>confortatus.</span> 
     </span>
    </p>
   </div>
   <div class='ocr_carea' id='block_1_69' title="bbox 1983 4575 3448 4667">
    <p class='ocr_par' dir='ltr' id='par_1_69' title="bbox 1983 4589 3448 4667">
     <span class='ocr_line' id='line_1_70' title="bbox 1983 4589 3448 4667; baseline -0.002 -17"><span class='ocrx_word' id='word_1_561' title='bbox 1983 4598 2026 4650; x_wconf 84' lang='lat' dir='ltr'><strong>A</strong></span> <span class='ocrx_word' id='word_1_562' title='bbox 2048 4592 2242 4667; x_wconf 88' lang='lat' dir='ltr'>quibus</span> <span class='ocrx_word' id='word_1_563' title='bbox 2270 4600 2328 4648; x_wconf 92' lang='lat' dir='ltr'>ut</span> <span class='ocrx_word' id='word_1_564' title='bbox 2358 4592 2617 4647; x_wconf 87' lang='lat' dir='ltr'>Mammes</span> <span class='ocrx_word' id='word_1_565' title='bbox 2647 4589 2778 4662; x_wconf 88' lang='lat' dir='ltr'>quid</span> <span class='ocrx_word' id='word_1_566' title='bbox 2797 4590 3000 4647; x_wconf 88' lang='lat' dir='ltr'>vellent</span> <span class='ocrx_word' id='word_1_567' title='bbox 3024 4606 3161 4649; x_wconf 89' lang='lat' dir='ltr'>voce</span> <span class='ocrx_word' id='word_1_568' title='bbox 3190 4590 3448 4663; x_wconf 77' lang='lat' dir='ltr'>reposcit,</span> 
     </span>
    </p>
   </div>
   <div class='ocr_carea' id='block_1_70' title="bbox 274 4676 3308 4752">
    <p class='ocr_par' dir='ltr' id='par_1_70' title="bbox 274 4676 3308 4752">
     <span class='ocr_line' id='line_1_71' title="bbox 274 4676 3308 4752; baseline -0.001 -13"><span class='ocrx_word' id='word_1_569' title='bbox 274 4684 490 4739; x_wconf 73' lang='lat' dir='ltr'>Praeses</span> <span class='ocrx_word' id='word_1_570' title='bbox 515 4689 574 4737; x_wconf 90' lang='lat' dir='ltr'>ut</span> <span class='ocrx_word' id='word_1_571' title='bbox 597 4682 856 4739; x_wconf 90' lang='lat' dir='ltr'>invictum</span> <span class='ocrx_word' id='word_1_572' title='bbox 887 4681 1054 4738; x_wconf 89' lang='lat' dir='ltr'>sensit</span> <span class='ocrx_word' id='word_1_573' title='bbox 1086 4695 1184 4752; x_wconf 88' lang='lat' dir='ltr'>per</span> <span class='ocrx_word' id='word_1_574' title='bbox 1223 4676 1455 4734; x_wconf 88' lang='lat' dir='ltr'>vulnera</span> <span class='ocrx_word' id='word_1_575' title='bbox 1481 4676 1774 4733; x_wconf 88' lang='lat' dir='ltr'>Mammem</span> <span class='ocrx_word' id='word_1_576' title='bbox 1980 4682 2165 4740; x_wconf 75' lang='lat' dir='ltr'>Audiit</span> <span class='ocrx_word' id='word_1_577' title='bbox 2194 4680 2431 4739; x_wconf 85' lang='lat' dir='ltr'>esuriem</span> <span class='ocrx_word' id='word_1_578' title='bbox 2460 4679 2818 4752; x_wconf 83' lang='lat' dir='ltr'>languentum</span> <span class='ocrx_word' id='word_1_579' title='bbox 2845 4686 3040 4736; x_wconf 90' lang='lat' dir='ltr'>cuncta</span> <span class='ocrx_word' id='word_1_580' title='bbox 3060 4695 3160 4752; x_wconf 88' lang='lat' dir='ltr'>per</span> <span class='ocrx_word' id='word_1_581' title='bbox 3178 4695 3308 4737; x_wconf 89' lang='lat' dir='ltr'>ossa</span> 
     </span>
    </p>
   </div>
   <div class='ocr_carea' id='block_1_71' title="bbox 274 4766 3311 4837">
    <p class='ocr_par' dir='ltr' id='par_1_71' title="bbox 274 4766 3311 4837">
     <span class='ocr_line' id='line_1_72' title="bbox 274 4766 3311 4837; baseline -0.003 -6"><span class='ocrx_word' id='word_1_582' title='bbox 274 4770 505 4829; x_wconf 84' lang='lat' dir='ltr'>Obnixis</span> <span class='ocrx_word' id='word_1_583' title='bbox 529 4772 724 4828; x_wconf 87' lang='lat' dir='ltr'>durare</span> <span class='ocrx_word' id='word_1_584' title='bbox 756 4771 968 4837; x_wconf 90' lang='lat' dir='ltr'>animis,</span> <span class='ocrx_word' id='word_1_585' title='bbox 993 4786 1096 4826; x_wconf 87' lang='lat' dir='ltr'>nec</span> <span class='ocrx_word' id='word_1_586' title='bbox 1119 4767 1262 4825; x_wconf 84' lang='lat' dir='ltr'>velle</span> <span class='ocrx_word' id='word_1_587' title='bbox 1281 4766 1491 4823; x_wconf 65' lang='grc' dir='ltr'>τεῦθοῐί</span> <span class='ocrx_word' id='word_1_588' title='bbox 1980 4775 2100 4829; x_wconf 87' lang='lat' dir='ltr'>Jam</span> <span class='ocrx_word' id='word_1_589' title='bbox 2128 4772 2342 4828; x_wconf 88' lang='lat' dir='ltr'>rabiem</span> <span class='ocrx_word' id='word_1_590' title='bbox 2373 4768 2604 4826; x_wconf 88' lang='lat' dir='ltr'>traxisse</span> <span class='ocrx_word' id='word_1_591' title='bbox 2638 4783 2812 4836; x_wconf 90' lang='lat' dir='ltr'>suam,</span> <span class='ocrx_word' id='word_1_592' title='bbox 2848 4776 3037 4824; x_wconf 90' lang='lat' dir='ltr'>nutare</span> <span class='ocrx_word' id='word_1_593' title='bbox 3068 4769 3311 4826; x_wconf 87' lang='lat' dir='ltr'>subactis</span> 
     </span>
    </p>
   </div>
   <div class='ocr_carea' id='block_1_72' title="bbox 274 4854 3377 4931">
    <p class='ocr_par' dir='ltr' id='par_1_72' title="bbox 274 4854 3377 4931">
     <span class='ocr_line' id='line_1_73' title="bbox 274 4854 3377 4931; baseline -0.002 -16"><span class='ocrx_word' id='word_1_594' title='bbox 274 4860 359 4915; x_wconf 85' lang='lat' dir='ltr'>Ad</span> <span class='ocrx_word' id='word_1_595' title='bbox 383 4861 574 4915; x_wconf 88' lang='lat' dir='ltr'>mundi</span> <span class='ocrx_word' id='word_1_596' title='bbox 601 4860 830 4916; x_wconf 91' lang='lat' dir='ltr'>ridentis</span> <span class='ocrx_word' id='word_1_597' title='bbox 859 4876 1018 4931; x_wconf 90' lang='lat' dir='ltr'>opem</span> <span class='ocrx_word' id='word_1_598' title='bbox 1050 4876 1064 4914; x_wconf 88' lang='lat'><strong>:</strong></span> <span class='ocrx_word' id='word_1_599' title='bbox 1094 4859 1213 4913; x_wconf 77' lang='lat' dir='ltr'>lam</span> <span class='ocrx_word' id='word_1_600' title='bbox 1245 4855 1507 4923; x_wconf 86' lang='lat' dir='ltr'>funditus,</span> <span class='ocrx_word' id='word_1_601' title='bbox 1543 4854 1735 4928; x_wconf 87' lang='lat' dir='ltr'>inquit,</span> <span class='ocrx_word' id='word_1_602' title='bbox 1981 4862 2202 4920; x_wconf 78' lang='lat' dir='ltr'>Viribus</span> <span class='ocrx_word' id='word_1_603' title='bbox 2231 4859 2528 4925; x_wconf 87' lang='lat' dir='ltr'>incessum,</span> <span class='ocrx_word' id='word_1_604' title='bbox 2561 4857 2874 4931; x_wconf 70' lang='lat' dir='ltr'>linguaeque</span> <span class='ocrx_word' id='word_1_605' title='bbox 2893 4858 3172 4914; x_wconf 87' lang='lat' dir='ltr'>retundier</span> <span class='ocrx_word' id='word_1_606' title='bbox 3199 4874 3377 4914; x_wconf 88' lang='lat' dir='ltr'>usum.</span> 
     </span>
    </p>
   </div>
   <div class='ocr_carea' id='block_1_73' title="bbox 275 4942 3487 5020">
    <p class='ocr_par' dir='ltr' id='par_1_73' title="bbox 275 4942 3487 5020">
     <span class='ocr_line' id='line_1_74' title="bbox 275 4942 3487 5020; baseline -0.001 -15"><span class='ocrx_word' id='word_1_607' title='bbox 275 4949 540 5005; x_wconf 89' lang='lat' dir='ltr'>Interiora</span> <span class='ocrx_word' id='word_1_608' title='bbox 565 4948 669 5005; x_wconf 91' lang='lat' dir='ltr'>viri</span> <span class='ocrx_word' id='word_1_609' title='bbox 696 4948 949 5004; x_wconf 89' lang='lat' dir='ltr'>manibus</span> <span class='ocrx_word' id='word_1_610' title='bbox 977 4947 1263 5020; x_wconf 85' lang='lat' dir='ltr'>pulsentur</span> <span class='ocrx_word' id='word_1_611' title='bbox 1286 4942 1534 5011; x_wconf 84' lang='lat' dir='ltr'>obunciS,</span> <span class='ocrx_word' id='word_1_612' title='bbox 1982 4952 2112 5007; x_wconf 68' lang='lat' dir='ltr'>Haec</span> <span class='ocrx_word' id='word_1_613' title='bbox 2138 4949 2280 5005; x_wconf 91' lang='lat' dir='ltr'>inter</span> <span class='ocrx_word' id='word_1_614' title='bbox 2308 4946 2547 5020; x_wconf 89' lang='lat' dir='ltr'>patulam</span> <span class='ocrx_word' id='word_1_615' title='bbox 2574 4953 2862 5018; x_wconf 88' lang='lat' dir='ltr'>penetrare</span> <span class='ocrx_word' id='word_1_616' title='bbox 2903 4946 3158 5003; x_wconf 90' lang='lat' dir='ltr'>columba</span> <span class='ocrx_word' id='word_1_617' title='bbox 3186 4945 3487 5003; x_wconf 88' lang='lat' dir='ltr'>fenestram</span> 
     </span>
    </p>
   </div>
   <div class='ocr_carea' id='block_1_74' title="bbox 274 5031 3454 5109">
    <p class='ocr_par' dir='ltr' id='par_1_74' title="bbox 274 5031 3454 5109">
     <span class='ocr_line' id='line_1_75' title="bbox 274 5031 3454 5109; baseline -0 -16"><span class='ocrx_word' id='word_1_618' title='bbox 274 5038 344 5093; x_wconf 92' lang='lat' dir='ltr'>Ut</span> <span class='ocrx_word' id='word_1_619' title='bbox 373 5037 595 5092; x_wconf 89' lang='lat' dir='ltr'>tandem</span> <span class='ocrx_word' id='word_1_620' title='bbox 615 5045 794 5094; x_wconf 91' lang='lat' dir='ltr'>cesset</span> <span class='ocrx_word' id='word_1_621' title='bbox 820 5035 1047 5109; x_wconf 86' lang='lat' dir='ltr'>magicis</span> <span class='ocrx_word' id='word_1_622' title='bbox 1077 5032 1355 5092; x_wconf 83' lang='lat' dir='ltr'>confidere</span> <span class='ocrx_word' id='word_1_623' title='bbox 1381 5031 1558 5101; x_wconf 90' lang='lat' dir='ltr'>vanis,</span> <span class='ocrx_word' id='word_1_624' title='bbox 1982 5040 2115 5097; x_wconf 87' lang='lat' dir='ltr'>Visa</span> <span class='ocrx_word' id='word_1_625' title='bbox 2142 5038 2327 5095; x_wconf 87' lang='lat' dir='ltr'>ferens</span> <span class='ocrx_word' id='word_1_626' title='bbox 2356 5034 2560 5104; x_wconf 88' lang='lat' dir='ltr'>mellis,</span> <span class='ocrx_word' id='word_1_627' title='bbox 2592 5034 2739 5092; x_wconf 90' lang='lat' dir='ltr'>nivei</span> <span class='ocrx_word' id='word_1_628' title='bbox 2789 5050 3008 5108; x_wconf 87' lang='lat' dir='ltr'>quoque</span> <span class='ocrx_word' id='word_1_629' title='bbox 3037 5051 3266 5093; x_wconf 90' lang='lat' dir='ltr'>munera</span> <span class='ocrx_word' id='word_1_630' title='bbox 3296 5036 3454 5092; x_wconf 89' lang='lat' dir='ltr'>laetis</span> 
     </span>
    </p>
   </div>
   <div class='ocr_carea' id='block_1_75' title="bbox 275 5123 3594 5197">
    <p class='ocr_par' dir='ltr' id='par_1_75' title="bbox 275 5123 3594 5197">
     <span class='ocr_line' id='line_1_76' title="bbox 275 5123 3594 5197; baseline -0.001 -13"><span class='ocrx_word' id='word_1_631' title='bbox 275 5126 346 5181; x_wconf 86' lang='lat' dir='ltr'>Et</span> <span class='ocrx_word' id='word_1_632' title='bbox 374 5126 567 5182; x_wconf 85' lang='lat' dir='ltr'>saltem</span> <span class='ocrx_word' id='word_1_633' title='bbox 614 5127 807 5182; x_wconf 87' lang='lat' dir='ltr'>nolens</span> <span class='ocrx_word' id='word_1_634' title='bbox 834 5125 1064 5197; x_wconf 80' lang='lat' dir='ltr'>vestigia</span> <span class='ocrx_word' id='word_1_635' title='bbox 1092 5131 1284 5180; x_wconf 74' lang='lat' dir='ltr'>nostra</span> <span class='ocrx_word' id='word_1_636' title='bbox 1312 5129 1592 5195; x_wconf 72' lang='lat' dir='ltr'>sequatur.</span> <span class='ocrx_word' id='word_1_637' title='bbox 1991 5129 2106 5186; x_wconf 84' lang='lat' dir='ltr'>Vox</span> <span class='ocrx_word' id='word_1_638' title='bbox 2138 5127 2297 5184; x_wconf 89' lang='lat' dir='ltr'>simul</span> <span class='ocrx_word' id='word_1_639' title='bbox 2335 5125 2606 5197; x_wconf 88' lang='lat' dir='ltr'>increpuit</span> <span class='ocrx_word' id='word_1_640' title='bbox 2634 5124 2752 5181; x_wconf 91' lang='lat' dir='ltr'>Tibi</span> <span class='ocrx_word' id='word_1_641' title='bbox 2789 5124 3038 5192; x_wconf 91' lang='lat' dir='ltr'>mittitur,</span> <span class='ocrx_word' id='word_1_642' title='bbox 3069 5123 3276 5197; x_wconf 88' lang='lat' dir='ltr'>accipe,</span> <span class='ocrx_word' id='word_1_643' title='bbox 3308 5126 3594 5197; x_wconf 82' lang='lat' dir='ltr'>Mammes,</span> 
     </span>
    </p>
   </div>
   <div class='ocr_carea' id='block_1_76' title="bbox 276 5211 3390 5288">
    <p class='ocr_par' dir='ltr' id='par_1_76' title="bbox 276 5211 3390 5288">
     <span class='ocr_line' id='line_1_77' title="bbox 276 5211 3390 5288; baseline 0.001 -19"><span class='ocrx_word' id='word_1_644' title='bbox 276 5215 543 5270; x_wconf 88' lang='lat' dir='ltr'>Mammes</span> <span class='ocrx_word' id='word_1_645' title='bbox 573 5215 785 5271; x_wconf 87' lang='lat' dir='ltr'>sidereo</span> <span class='ocrx_word' id='word_1_646' title='bbox 817 5212 992 5288; x_wconf 86' lang='lat' dir='ltr'>ﬁgens</span> <span class='ocrx_word' id='word_1_647' title='bbox 1017 5229 1113 5268; x_wconf 89' lang='lat' dir='ltr'>sua</span> <span class='ocrx_word' id='word_1_648' title='bbox 1153 5211 1358 5267; x_wconf 87' lang='lat' dir='ltr'>lumina</span> <span class='ocrx_word' id='word_1_649' title='bbox 1388 5211 1548 5277; x_wconf 81' lang='lat' dir='ltr'>coelo,</span> <span class='ocrx_word' id='word_1_650' title='bbox 1984 5217 2207 5273; x_wconf 90' lang='lat' dir='ltr'>Dulcius</span> <span class='ocrx_word' id='word_1_651' title='bbox 2244 5217 2351 5272; x_wconf 89' lang='lat' dir='ltr'>hoc</span> <span class='ocrx_word' id='word_1_652' title='bbox 2379 5215 2602 5271; x_wconf 89' lang='lat' dir='ltr'>domum</span> <span class='ocrx_word' id='word_1_653' title='bbox 2640 5213 2895 5286; x_wconf 87' lang='lat' dir='ltr'>pretiosis</span> <span class='ocrx_word' id='word_1_654' title='bbox 2935 5212 3133 5269; x_wconf 88' lang='lat' dir='ltr'>sumito</span> <span class='ocrx_word' id='word_1_655' title='bbox 3160 5215 3390 5272; x_wconf 89' lang='lat' dir='ltr'>cunctis.</span> 
     </span>
    </p>
   </div>
   <div class='ocr_carea' id='block_1_77' title="bbox 276 5299 3452 5378">
    <p class='ocr_par' dir='ltr' id='par_1_77' title="bbox 276 5299 3452 5378">
     <span class='ocr_line' id='line_1_78' title="bbox 276 5299 3452 5378; baseline 0.001 -19"><span class='ocrx_word' id='word_1_656' title='bbox 276 5303 386 5375; x_wconf 87' lang='lat' dir='ltr'>Spe</span> <span class='ocrx_word' id='word_1_657' title='bbox 415 5304 636 5360; x_wconf 89' lang='lat' dir='ltr'>meliore</span> <span class='ocrx_word' id='word_1_658' title='bbox 664 5311 867 5359; x_wconf 90' lang='lat' dir='ltr'>metum</span> <span class='ocrx_word' id='word_1_659' title='bbox 896 5319 1179 5375; x_wconf 66' lang='lat' dir='ltr'>pinnarum</span> <span class='ocrx_word' id='word_1_660' title='bbox 1218 5301 1358 5356; x_wconf 91' lang='lat' dir='ltr'>liber</span> <span class='ocrx_word' id='word_1_661' title='bbox 1385 5299 1591 5371; x_wconf 90' lang='lat' dir='ltr'>abegit.</span> <span class='ocrx_word' id='word_1_662' title='bbox 1983 5306 2272 5378; x_wconf 82' lang='lat' dir='ltr'>Accipiens</span> <span class='ocrx_word' id='word_1_663' title='bbox 2299 5305 2565 5360; x_wconf 87' lang='lat' dir='ltr'>Mammes</span> <span class='ocrx_word' id='word_1_664' title='bbox 2593 5303 2847 5359; x_wconf 90' lang='lat' dir='ltr'>manibus</span> <span class='ocrx_word' id='word_1_665' title='bbox 2884 5317 3045 5361; x_wconf 88' lang='lat' dir='ltr'>saera</span> <span class='ocrx_word' id='word_1_666' title='bbox 3072 5304 3213 5361; x_wconf 90' lang='lat' dir='ltr'>dona</span> <span class='ocrx_word' id='word_1_667' title='bbox 3241 5304 3452 5378; x_wconf 88' lang='lat' dir='ltr'>supinis</span> 
     </span>
    </p>
   </div>
   <div class='ocr_carea' id='block_1_78' title="bbox 277 5386 3420 5464">
    <p class='ocr_par' dir='ltr' id='par_1_78' title="bbox 277 5386 3420 5464">
     <span class='ocr_line' id='line_1_79' title="bbox 277 5386 3420 5464; baseline 0 -17"><span class='ocrx_word' id='word_1_668' title='bbox 277 5393 475 5460; x_wconf 88' lang='lat' dir='ltr'>Credo,</span> <span class='ocrx_word' id='word_1_669' title='bbox 507 5400 698 5448; x_wconf 88' lang='lat' dir='ltr'>tenens</span> <span class='ocrx_word' id='word_1_670' title='bbox 729 5394 875 5464; x_wconf 92' lang='lat' dir='ltr'>quod</span> <span class='ocrx_word' id='word_1_671' title='bbox 906 5392 1154 5447; x_wconf 88' lang='lat' dir='ltr'>Christus</span> <span class='ocrx_word' id='word_1_672' title='bbox 1194 5389 1287 5456; x_wconf 79' lang='lat' dir='ltr'>ait,</span> <span class='ocrx_word' id='word_1_673' title='bbox 1319 5405 1428 5444; x_wconf 87' lang='lat' dir='ltr'>non</span> <span class='ocrx_word' id='word_1_674' title='bbox 1458 5404 1582 5443; x_wconf 85' lang='lat' dir='ltr'>esse</span> <span class='ocrx_word' id='word_1_675' title='bbox 1608 5386 1881 5443; x_wconf 77' lang='lat' dir='ltr'>timendos</span> <span class='ocrx_word' id='word_1_676' title='bbox 1985 5394 2208 5462; x_wconf 83' lang='lat' dir='ltr'>Mandit,</span> <span class='ocrx_word' id='word_1_677' title='bbox 2236 5401 2293 5457; x_wconf 83' lang='lat' dir='ltr'>et</span> <span class='ocrx_word' id='word_1_678' title='bbox 2324 5393 2636 5463; x_wconf 86' lang='lat' dir='ltr'>adjunctam</span> <span class='ocrx_word' id='word_1_679' title='bbox 2668 5392 2826 5449; x_wconf 87' lang='lat' dir='ltr'>satiat</span> <span class='ocrx_word' id='word_1_680' title='bbox 2854 5393 3162 5451; x_wconf 88' lang='lat' dir='ltr'>benedictio</span> <span class='ocrx_word' id='word_1_681' title='bbox 3191 5394 3420 5450; x_wconf 88' lang='lat' dir='ltr'>turbam.</span> 
     </span>
    </p>
   </div>
   <div class='ocr_carea' id='block_1_79' title="bbox 273 5477 3310 5556">
    <p class='ocr_par' dir='ltr' id='par_1_79' title="bbox 273 5477 3310 5556">
     <span class='ocr_line' id='line_1_80' title="bbox 273 5477 3310 5556; baseline -0.002 -19"><span class='ocrx_word' id='word_1_682' title='bbox 273 5482 513 5554; x_wconf 81' lang='lat' dir='ltr'>Corpora</span> <span class='ocrx_word' id='word_1_683' title='bbox 543 5482 634 5554; x_wconf 91' lang='lat' dir='ltr'>qui</span> <span class='ocrx_word' id='word_1_684' title='bbox 661 5482 949 5553; x_wconf 90' lang='lat' dir='ltr'>perimunt,</span> <span class='ocrx_word' id='word_1_685' title='bbox 988 5480 1261 5537; x_wconf 89' lang='lat' dir='ltr'>communi</span> <span class='ocrx_word' id='word_1_686' title='bbox 1293 5477 1530 5533; x_wconf 91' lang='lat' dir='ltr'>obnoxia</span> <span class='ocrx_word' id='word_1_687' title='bbox 1556 5477 1736 5546; x_wconf 81' lang='lat' dir='ltr'>morti,</span> <span class='ocrx_word' id='word_1_688' title='bbox 1984 5487 2055 5541; x_wconf 69' lang='lat' dir='ltr'>Ut</span> <span class='ocrx_word' id='word_1_689' title='bbox 2084 5500 2279 5556; x_wconf 69' lang='lat' dir='ltr'>panes,</span> <span class='ocrx_word' id='word_1_690' title='bbox 2314 5499 2451 5555; x_wconf 76' lang='lat' dir='ltr'>quos</span> <span class='ocrx_word' id='word_1_691' title='bbox 2483 5481 2625 5538; x_wconf 82' lang='lat' dir='ltr'>forte</span> <span class='ocrx_word' id='word_1_692' title='bbox 2654 5498 2790 5554; x_wconf 80' lang='lat' dir='ltr'>puer</span> <span class='ocrx_word' id='word_1_693' title='bbox 2816 5490 3122 5555; x_wconf 79' lang='lat' dir='ltr'>portaverat</span> <span class='ocrx_word' id='word_1_694' title='bbox 3150 5500 3310 5552; x_wconf 62' lang='lat' dir='ltr'>unus,</span> 
     </span>
    </p>
   </div>
   <div class='ocr_carea' id='block_1_80' title="bbox 275 5569 3590 5651">
    <p class='ocr_par' dir='ltr' id='par_1_80' title="bbox 275 5569 3590 5651">
     <span class='ocr_line' id='line_1_81' title="bbox 275 5569 3590 5651; baseline -0.002 -18"><span class='ocrx_word' id='word_1_695' title='bbox 275 5578 530 5635; x_wconf 77' lang='lat' dir='ltr'>Victurus</span> <span class='ocrx_word' id='word_1_696' title='bbox 558 5579 676 5635; x_wconf 90' lang='lat' dir='ltr'>sine</span> <span class='ocrx_word' id='word_1_697' title='bbox 705 5578 813 5634; x_wconf 85' lang='lat' dir='ltr'>ﬁne</span> <span class='ocrx_word' id='word_1_698' title='bbox 842 5578 1054 5634; x_wconf 89' lang='lat' dir='ltr'>animas</span> <span class='ocrx_word' id='word_1_699' title='bbox 1083 5578 1212 5651; x_wconf 88' lang='lat' dir='ltr'>quia</span> <span class='ocrx_word' id='word_1_700' title='bbox 1254 5576 1480 5649; x_wconf 87' lang='lat' dir='ltr'>perdere</span> <span class='ocrx_word' id='word_1_701' title='bbox 1506 5575 1670 5629; x_wconf 90' lang='lat' dir='ltr'>nullis</span> <span class='ocrx_word' id='word_1_702' title='bbox 1985 5573 2235 5647; x_wconf 87' lang='lat' dir='ltr'>Quinque</span> <span class='ocrx_word' id='word_1_703' title='bbox 2265 5572 2414 5629; x_wconf 89' lang='lat' dir='ltr'>dedit</span> <span class='ocrx_word' id='word_1_704' title='bbox 2444 5572 2709 5628; x_wconf 90' lang='lat' dir='ltr'>Dominus</span> <span class='ocrx_word' id='word_1_705' title='bbox 2729 5573 2999 5645; x_wconf 90' lang='lat' dir='ltr'>quondam</span> <span class='ocrx_word' id='word_1_706' title='bbox 3027 5588 3124 5645; x_wconf 90' lang='lat' dir='ltr'>per</span> <span class='ocrx_word' id='word_1_707' title='bbox 3142 5571 3307 5627; x_wconf 91' lang='lat' dir='ltr'>millia</span> <span class='ocrx_word' id='word_1_708' title='bbox 3333 5569 3590 5643; x_wconf 88' lang='lat' dir='ltr'>quinque,</span> 
     </span>
    </p>
   </div>
   <div class='ocr_carea' id='block_1_81' title="bbox 274 5658 3486 5759">
    <p class='ocr_par' dir='ltr' id='par_1_81' title="bbox 274 5658 3486 5759">
     <span class='ocr_line' id='line_1_82' title="bbox 274 5658 3486 5759; baseline -0.002 -37"><span class='ocrx_word' id='word_1_709' title='bbox 274 5666 567 5759; x_wconf 49' lang='lat' dir='ltr'>Silppliclis</span> <span class='ocrx_word' id='word_1_710' title='bbox 596 5676 842 5740; x_wconf 89' lang='lat' dir='ltr'>possunt.</span> <span class='ocrx_word' id='word_1_711' title='bbox 866 5669 1019 5742; x_wconf 88' lang='lat' dir='ltr'>Ergo</span> <span class='ocrx_word' id='word_1_712' title='bbox 1048 5668 1176 5723; x_wconf 91' lang='lat' dir='ltr'>dum</span> <span class='ocrx_word' id='word_1_713' title='bbox 1220 5666 1344 5722; x_wconf 87' lang='lat' dir='ltr'>talia</span> <span class='ocrx_word' id='word_1_714' title='bbox 1374 5667 1636 5721; x_wconf 85' lang='lat' dir='ltr'>Mammes</span> <span class='ocrx_word' id='word_1_715' title='bbox 1987 5663 2077 5720; x_wconf 92' lang='lat' dir='ltr'>Sic</span> <span class='ocrx_word' id='word_1_716' title='bbox 2109 5663 2254 5736; x_wconf 90' lang='lat' dir='ltr'>quod</span> <span class='ocrx_word' id='word_1_717' title='bbox 2284 5670 2463 5735; x_wconf 87' lang='lat' dir='ltr'>portat</span> <span class='ocrx_word' id='word_1_718' title='bbox 2495 5661 2633 5729; x_wconf 88' lang='lat' dir='ltr'>avis,</span> <span class='ocrx_word' id='word_1_719' title='bbox 2665 5662 2912 5719; x_wconf 75' lang='lat' dir='ltr'>Mammas</span> <span class='ocrx_word' id='word_1_720' title='bbox 2942 5663 3043 5718; x_wconf 90' lang='lat' dir='ltr'>sub</span> <span class='ocrx_word' id='word_1_721' title='bbox 3081 5662 3289 5716; x_wconf 87' lang='lat' dir='ltr'>honore</span> <span class='ocrx_word' id='word_1_722' title='bbox 3320 5658 3486 5730; x_wconf 84' lang='lat' dir='ltr'>beati,</span> 
     </span>
    </p>
   </div>
   <div class='ocr_carea' id='block_1_82' title="bbox 334 5766 2304 5873">
    <p class='ocr_par' dir='ltr' id='par_1_82' title="bbox 334 5766 2304 5873">
     <span class='ocr_line' id='line_1_83' title="bbox 334 5766 2304 5873; baseline -0.003 -17"><span class='ocrx_word' id='word_1_723' title='bbox 334 5810 360 5838; x_wconf 70' lang='grc'><strong>³</strong></span> <span class='ocrx_word' id='word_1_724' title='bbox 394 5804 556 5857; x_wconf 81' lang='lat' dir='ltr'>Hank.</span> <span class='ocrx_word' id='word_1_725' title='bbox 580 5804 717 5873; x_wconf 75' lang='lat' dir='ltr'>legit,</span> <span class='ocrx_word' id='word_1_726' title='bbox 741 5808 993 5861; x_wconf 80' lang='lat' dir='ltr'>Mammem</span> <span class='ocrx_word' id='word_1_727' title='bbox 1016 5804 1068 5858; x_wconf 90' lang='lat' dir='ltr'>in</span> <span class='ocrx_word' id='word_1_728' title='bbox 1093 5805 1199 5858; x_wconf 82' lang='lat' dir='ltr'>not.</span> <span class='ocrx_word' id='word_1_729' title='bbox 1225 5816 1320 5856; x_wconf 88' lang='lat' dir='ltr'>ms.</span> <span class='ocrx_word' id='word_1_730' title='bbox 1351 5817 1366 5868; x_wconf 95' lang='lat'>;</span> <span class='ocrx_word' id='word_1_731' title='bbox 1391 5766 1479 5855; x_wconf 80' lang='lat' dir='ltr'>sed</span> <span class='ocrx_word' id='word_1_732' title='bbox 1515 5799 1769 5855; x_wconf 83' lang='lat' dir='ltr'>retinenda</span> <span class='ocrx_word' id='word_1_733' title='bbox 1794 5801 1938 5853; x_wconf 85' lang='lat' dir='ltr'>vetus</span> <span class='ocrx_word' id='word_1_734' title='bbox 1960 5798 2128 5854; x_wconf 88' lang='lat' dir='ltr'>lectio.</span> <span class='ocrx_word' id='word_1_735' title='bbox 2153 5799 2304 5851; x_wconf 59' lang='lat' dir='ltr'>Basn.</span> 
     </span>
    </p>
   </div>
  </div>
