  <div class='ocr_page' id='page_1' title='image "/cluster/home/n/w/nwhite01/storage/ocr_20150623/114/hvd.32044052819893/533.png"; bbox 0 0 4024 6194; ppageno 0'>
   <div class='ocr_carea' id='block_1_1' title="bbox 436 264 575 319">
    <p class='ocr_par' dir='ltr' id='par_1_1' title="bbox 436 264 575 319">
     <span class='ocr_line' id='line_1_1' title="bbox 436 264 575 319; baseline 0.007 -1"><span class='ocrx_word' id='word_1_1' title='bbox 436 264 575 319; x_wconf 74' lang='grc' dir='ltr'>10ΰὸ</span> 
     </span>
    </p>
   </div>
   <div class='ocr_carea' id='block_1_2' title="bbox 428 404 1920 472">
    <p class='ocr_par' dir='ltr' id='par_1_2' title="bbox 428 404 1920 472">
     <span class='ocr_line' id='line_1_2' title="bbox 428 404 1920 472; baseline -0.001 -10"><span class='ocrx_word' id='word_1_2' title='bbox 428 408 581 462; x_wconf 88' lang='lat' dir='ltr'>Hanc</span> <span class='ocrx_word' id='word_1_3' title='bbox 601 404 817 461; x_wconf 79' lang='lat' dir='ltr'>turbam</span> <span class='ocrx_word' id='word_1_4' title='bbox 846 404 1042 461; x_wconf 89' lang='lat' dir='ltr'>satiare</span> <span class='ocrx_word' id='word_1_5' title='bbox 1070 404 1245 472; x_wconf 88' lang='lat' dir='ltr'>valet;</span> <span class='ocrx_word' id='word_1_6' title='bbox 1280 406 1400 462; x_wconf 75' lang='lat' dir='ltr'>haec</span> <span class='ocrx_word' id='word_1_7' title='bbox 1427 422 1649 462; x_wconf 88' lang='lat' dir='ltr'>munera</span> <span class='ocrx_word' id='word_1_8' title='bbox 1677 414 1920 462; x_wconf 91' lang='lat' dir='ltr'>sanctum</span> 
     </span>
    </p>
   </div>
   <div class='ocr_carea' id='block_1_3' title="bbox 428 486 1886 564">
    <p class='ocr_par' dir='ltr' id='par_1_3' title="bbox 428 486 1886 564">
     <span class='ocr_line' id='line_1_3' title="bbox 428 486 1886 564; baseline 0 -12"><span class='ocrx_word' id='word_1_9' title='bbox 428 495 595 552; x_wconf 85' lang='lat' dir='ltr'>Trina</span> <span class='ocrx_word' id='word_1_10' title='bbox 623 494 836 563; x_wconf 90' lang='lat' dir='ltr'>decent,</span> <span class='ocrx_word' id='word_1_11' title='bbox 891 494 982 564; x_wconf 92' lang='lat' dir='ltr'>qui</span> <span class='ocrx_word' id='word_1_12' title='bbox 1012 493 1139 549; x_wconf 85' lang='lat' dir='ltr'>felle</span> <span class='ocrx_word' id='word_1_13' title='bbox 1187 510 1401 561; x_wconf 85' lang='lat' dir='ltr'>carens,</span> <span class='ocrx_word' id='word_1_14' title='bbox 1452 486 1741 551; x_wconf 74' lang='lat' dir='ltr'>dulcedine</span> <span class='ocrx_word' id='word_1_15' title='bbox 1762 495 1886 552; x_wconf 77' lang='lat' dir='ltr'>vitae</span> 
     </span>
    </p>
   </div>
   <div class='ocr_carea' id='block_1_4' title="bbox 432 581 1740 654">
    <p class='ocr_par' dir='ltr' id='par_1_4' title="bbox 432 581 1740 654">
     <span class='ocr_line' id='line_1_4' title="bbox 432 581 1740 654; baseline 0.001 -17"><span class='ocrx_word' id='word_1_16' title='bbox 432 581 683 637; x_wconf 60' lang='lat' dir='ltr'>Caelestis</span> <span class='ocrx_word' id='word_1_17' title='bbox 704 582 974 652; x_wconf 90' lang='lat' dir='ltr'>jucundus</span> <span class='ocrx_word' id='word_1_18' title='bbox 1002 589 1134 651; x_wconf 91' lang='lat' dir='ltr'>erat,</span> <span class='ocrx_word' id='word_1_19' title='bbox 1180 582 1266 639; x_wconf 89' lang='lat' dir='ltr'>cui</span> <span class='ocrx_word' id='word_1_20' title='bbox 1308 583 1448 638; x_wconf 87' lang='lat' dir='ltr'>trina</span> <span class='ocrx_word' id='word_1_21' title='bbox 1484 592 1740 654; x_wconf 82' lang='lat' dir='ltr'>potestas,</span> 
     </span>
    </p>
   </div>
   <div class='ocr_carea' id='block_1_5' title="bbox 432 668 1810 745">
    <p class='ocr_par' dir='ltr' id='par_1_5' title="bbox 432 668 1810 745">
     <span class='ocr_line' id='line_1_5' title="bbox 432 668 1810 745; baseline 0.001 -20"><span class='ocrx_word' id='word_1_22' title='bbox 432 670 576 738; x_wconf 88' lang='lat' dir='ltr'>Vita,</span> <span class='ocrx_word' id='word_1_23' title='bbox 605 668 762 738; x_wconf 85' lang='lat' dir='ltr'>ﬁdes,</span> <span class='ocrx_word' id='word_1_24' title='bbox 793 671 985 737; x_wconf 92' lang='lat' dir='ltr'>virtus,</span> <span class='ocrx_word' id='word_1_25' title='bbox 1013 670 1246 741; x_wconf 87' lang='lat' dir='ltr'>dilectio,</span> <span class='ocrx_word' id='word_1_26' title='bbox 1292 687 1441 743; x_wconf 87' lang='lat' dir='ltr'>spes,</span> <span class='ocrx_word' id='word_1_27' title='bbox 1473 672 1581 744; x_wconf 86' lang='lat' dir='ltr'>via,</span> <span class='ocrx_word' id='word_1_28' title='bbox 1615 673 1810 745; x_wconf 87' lang='lat' dir='ltr'>palma.</span> 
     </span>
    </p>
   </div>
   <div class='ocr_carea' id='block_1_6' title="bbox 1025 785 1424 841">
    <p class='ocr_par' dir='ltr' id='par_1_6' title="bbox 1025 785 1424 841">
     <span class='ocr_line' id='line_1_6' title="bbox 1025 785 1424 841; baseline 0 -2"><span class='ocrx_word' id='word_1_29' title='bbox 1025 785 1250 840; x_wconf 86' lang='lat' dir='ltr'>CAPUT</span> <span class='ocrx_word' id='word_1_30' title='bbox 1276 785 1424 841; x_wconf 84' lang='lat' dir='ltr'><strong>XVI.</strong></span> 
     </span>
    </p>
   </div>
   <div class='ocr_carea' id='block_1_7' title="bbox 439 871 2029 948">
    <p class='ocr_par' dir='ltr' id='par_1_7' title="bbox 439 871 2029 948">
     <span class='ocr_line' id='line_1_7' title="bbox 439 871 2029 948; baseline 0.001 -18"><span class='ocrx_word' id='word_1_31' title='bbox 439 874 504 930; x_wconf 80' lang='lat' dir='ltr'>Ut</span> <span class='ocrx_word' id='word_1_32' title='bbox 544 872 733 948; x_wconf 60' lang='lat' dir='ltr'>vincti</span> <span class='ocrx_word' id='word_1_33' title='bbox 764 871 1065 948; x_wconf 66' lang='lat' dir='ltr'>effugerint</span> <span class='ocrx_word' id='word_1_34' title='bbox 1094 890 1408 946; x_wconf 65' lang='lat' dir='ltr'>praesesquc</span> <span class='ocrx_word' id='word_1_35' title='bbox 1437 891 1569 948; x_wconf 67' lang='lat' dir='ltr'>cum</span> <span class='ocrx_word' id='word_1_36' title='bbox 1610 877 1901 932; x_wconf 81' lang='lat' dir='ltr'>Mam-mete</span> <span class='ocrx_word' id='word_1_37' title='bbox 1928 892 2029 948; x_wconf 84' lang='lat' dir='ltr'>pro</span> 
     </span>
    </p>
   </div>
   <div class='ocr_carea' id='block_1_8' title="bbox 712 944 1739 1001">
    <p class='ocr_par' dir='ltr' id='par_1_8' title="bbox 712 944 1739 1001">
     <span class='ocr_line' id='line_1_8' title="bbox 712 944 1739 1001; baseline 0.003 -3"><span class='ocrx_word' id='word_1_38' title='bbox 712 944 1059 1000; x_wconf 76' lang='lat' dir='ltr'>immolando</span> <span class='ocrx_word' id='word_1_39' title='bbox 1095 944 1419 1001; x_wconf 65' lang='lat' dir='ltr'>sermonem</span> <span class='ocrx_word' id='word_1_40' title='bbox 1463 946 1739 1001; x_wconf 82' lang='lat' dir='ltr'>habuerit.</span> 
     </span>
    </p>
   </div>
   <div class='ocr_carea' id='block_1_9' title="bbox 430 1041 1712 1101">
    <p class='ocr_par' dir='ltr' id='par_1_9' title="bbox 430 1041 1712 1101">
     <span class='ocr_line' id='line_1_9' title="bbox 430 1041 1712 1101; baseline 0.004 -6"><span class='ocrx_word' id='word_1_41' title='bbox 430 1042 547 1095; x_wconf 87' lang='lat' dir='ltr'>Jam</span> <span class='ocrx_word' id='word_1_42' title='bbox 566 1041 761 1097; x_wconf 87' lang='lat' dir='ltr'>mediae</span> <span class='ocrx_word' id='word_1_43' title='bbox 790 1058 911 1097; x_wconf 90' lang='lat' dir='ltr'>cum</span> <span class='ocrx_word' id='word_1_44' title='bbox 955 1042 1131 1097; x_wconf 92' lang='lat' dir='ltr'>noctis</span> <span class='ocrx_word' id='word_1_45' title='bbox 1175 1044 1278 1097; x_wconf 83' lang='lat' dir='ltr'>iter</span> <span class='ocrx_word' id='word_1_46' title='bbox 1306 1043 1547 1099; x_wconf 80' lang='lat' dir='ltr'>labentia</span> <span class='ocrx_word' id='word_1_47' title='bbox 1571 1044 1712 1101; x_wconf 86' lang='lat' dir='ltr'>coelo</span> 
     </span>
    </p>
   </div>
   <div class='ocr_carea' id='block_1_10' title="bbox 432 1130 1709 1202">
    <p class='ocr_par' dir='ltr' id='par_1_10' title="bbox 432 1130 1709 1202">
     <span class='ocr_line' id='line_1_10' title="bbox 432 1130 1709 1202; baseline 0 -16"><span class='ocrx_word' id='word_1_48' title='bbox 432 1130 624 1186; x_wconf 86' lang='lat' dir='ltr'>Sidera</span> <span class='ocrx_word' id='word_1_49' title='bbox 653 1131 958 1202; x_wconf 81' lang='lat' dir='ltr'>signarent,</span> <span class='ocrx_word' id='word_1_50' title='bbox 1006 1131 1183 1185; x_wconf 92' lang='lat' dir='ltr'>subito</span> <span class='ocrx_word' id='word_1_51' title='bbox 1229 1131 1443 1186; x_wconf 89' lang='lat' dir='ltr'>sublata</span> <span class='ocrx_word' id='word_1_52' title='bbox 1469 1148 1709 1188; x_wconf 88' lang='lat' dir='ltr'>serarum</span> 
     </span>
    </p>
   </div>
   <div class='ocr_carea' id='block_1_11' title="bbox 432 1218 2028 1292">
    <p class='ocr_par' dir='ltr' id='par_1_11' title="bbox 432 1218 2028 1292">
     <span class='ocr_line' id='line_1_11' title="bbox 432 1218 2028 1292; baseline 0.003 -19"><span class='ocrx_word' id='word_1_53' title='bbox 432 1218 675 1273; x_wconf 85' lang='lat' dir='ltr'>Claustra</span> <span class='ocrx_word' id='word_1_54' title='bbox 705 1219 849 1274; x_wconf 89' lang='lat' dir='ltr'>viam</span> <span class='ocrx_word' id='word_1_55' title='bbox 877 1219 1121 1274; x_wconf 90' lang='lat' dir='ltr'>tribuunt</span> <span class='ocrx_word' id='word_1_56' title='bbox 1150 1220 1360 1276; x_wconf 91' lang='lat' dir='ltr'>cunctis</span> <span class='ocrx_word' id='word_1_57' title='bbox 1389 1236 1525 1292; x_wconf 90' lang='lat' dir='ltr'>quos</span> <span class='ocrx_word' id='word_1_58' title='bbox 1556 1235 1747 1276; x_wconf 89' lang='lat' dir='ltr'>carcer</span> <span class='ocrx_word' id='word_1_59' title='bbox 1772 1220 2028 1277; x_wconf 84' lang='lat' dir='ltr'>habebat.</span> 
     </span>
    </p>
   </div>
   <div class='ocr_carea' id='block_1_12' title="bbox 429 1314 2033 1390">
    <p class='ocr_par' dir='ltr' id='par_1_12' title="bbox 429 1314 2033 1390">
     <span class='ocr_line' id='line_1_12' title="bbox 429 1314 2033 1390; baseline 0.001 -21"><span class='ocrx_word' id='word_1_60' title='bbox 429 1314 659 1386; x_wconf 87' lang='lat' dir='ltr'>Jamque</span> <span class='ocrx_word' id='word_1_61' title='bbox 689 1314 876 1388; x_wconf 84' lang='lat' dir='ltr'>fugam</span> <span class='ocrx_word' id='word_1_62' title='bbox 902 1317 1145 1371; x_wconf 84' lang='lat' dir='ltr'>celerant</span> <span class='ocrx_word' id='word_1_63' title='bbox 1166 1315 1375 1384; x_wconf 86' lang='lat' dir='ltr'>miseri,</span> <span class='ocrx_word' id='word_1_64' title='bbox 1407 1316 1691 1389; x_wconf 89' lang='lat' dir='ltr'>solumque</span> <span class='ocrx_word' id='word_1_65' title='bbox 1721 1316 2033 1390; x_wconf 90' lang='lat' dir='ltr'>relinquunt</span> 
     </span>
    </p>
   </div>
   <div class='ocr_carea' id='block_1_13' title="bbox 431 1404 1890 1478">
    <p class='ocr_par' dir='ltr' id='par_1_13' title="bbox 431 1404 1890 1478">
     <span class='ocr_line' id='line_1_13' title="bbox 431 1404 1890 1478; baseline 0.001 -19"><span class='ocrx_word' id='word_1_66' title='bbox 431 1404 726 1460; x_wconf 87' lang='lat' dir='ltr'>Convivam</span> <span class='ocrx_word' id='word_1_67' title='bbox 755 1405 857 1458; x_wconf 91' lang='lat' dir='ltr'>sub</span> <span class='ocrx_word' id='word_1_68' title='bbox 887 1412 1044 1460; x_wconf 88' lang='lat' dir='ltr'>nocte</span> <span class='ocrx_word' id='word_1_69' title='bbox 1084 1422 1245 1459; x_wconf 91' lang='lat' dir='ltr'>suum</span> <span class='ocrx_word' id='word_1_70' title='bbox 1275 1423 1289 1460; x_wconf 91' lang='lat'><strong>:</strong></span> <span class='ocrx_word' id='word_1_71' title='bbox 1324 1405 1486 1460; x_wconf 85' lang='lat' dir='ltr'>timor</span> <span class='ocrx_word' id='word_1_72' title='bbox 1525 1406 1724 1461; x_wconf 89' lang='lat' dir='ltr'>indicat</span> <span class='ocrx_word' id='word_1_73' title='bbox 1754 1422 1890 1478; x_wconf 91' lang='lat' dir='ltr'>ergo</span> 
     </span>
    </p>
   </div>
   <div class='ocr_carea' id='block_1_14' title="bbox 430 1501 1816 1571">
    <p class='ocr_par' dir='ltr' id='par_1_14' title="bbox 430 1501 1816 1571">
     <span class='ocr_line' id='line_1_14' title="bbox 430 1501 1816 1571; baseline 0.001 -14"><span class='ocrx_word' id='word_1_74' title='bbox 430 1502 543 1557; x_wconf 86' lang='lat' dir='ltr'>Hos</span> <span class='ocrx_word' id='word_1_75' title='bbox 566 1501 841 1557; x_wconf 85' lang='lat' dir='ltr'>tolerasse</span> <span class='ocrx_word' id='word_1_76' title='bbox 868 1518 1013 1568; x_wconf 91' lang='lat' dir='ltr'>reos,</span> <span class='ocrx_word' id='word_1_77' title='bbox 1060 1502 1213 1557; x_wconf 91' lang='lat' dir='ltr'>illum</span> <span class='ocrx_word' id='word_1_78' title='bbox 1246 1502 1346 1557; x_wconf 91' lang='lat' dir='ltr'>sub</span> <span class='ocrx_word' id='word_1_79' title='bbox 1392 1502 1619 1558; x_wconf 90' lang='lat' dir='ltr'>crimine</span> <span class='ocrx_word' id='word_1_80' title='bbox 1647 1502 1816 1571; x_wconf 91' lang='lat' dir='ltr'>nullo,</span> 
     </span>
    </p>
   </div>
   <div class='ocr_carea' id='block_1_15' title="bbox 431 1598 1821 1672">
    <p class='ocr_par' dir='ltr' id='par_1_15' title="bbox 431 1598 1821 1672">
     <span class='ocr_line' id='line_1_15' title="bbox 431 1598 1821 1672; baseline 0 -17"><span class='ocrx_word' id='word_1_81' title='bbox 431 1598 539 1655; x_wconf 90' lang='lat' dir='ltr'>Sed</span> <span class='ocrx_word' id='word_1_82' title='bbox 571 1606 776 1654; x_wconf 88' lang='lat' dir='ltr'>tantum</span> <span class='ocrx_word' id='word_1_83' title='bbox 807 1599 999 1655; x_wconf 88' lang='lat' dir='ltr'>virtute</span> <span class='ocrx_word' id='word_1_84' title='bbox 1031 1600 1214 1669; x_wconf 90' lang='lat' dir='ltr'>animi,</span> <span class='ocrx_word' id='word_1_85' title='bbox 1247 1616 1348 1670; x_wconf 91' lang='lat' dir='ltr'>per</span> <span class='ocrx_word' id='word_1_86' title='bbox 1395 1599 1583 1671; x_wconf 82' lang='lat' dir='ltr'>praelia</span> <span class='ocrx_word' id='word_1_87' title='bbox 1611 1601 1821 1672; x_wconf 83' lang='lat' dir='ltr'>Regem</span> 
     </span>
    </p>
   </div>
   <div class='ocr_carea' id='block_1_16' title="bbox 429 1696 1957 1772">
    <p class='ocr_par' dir='ltr' id='par_1_16' title="bbox 429 1696 1957 1772">
     <span class='ocr_line' id='line_1_16' title="bbox 429 1696 1957 1772; baseline 0.001 -19"><span class='ocrx_word' id='word_1_88' title='bbox 429 1696 583 1753; x_wconf 83' lang='lat' dir='ltr'>Velle</span> <span class='ocrx_word' id='word_1_89' title='bbox 611 1699 765 1771; x_wconf 89' lang='lat' dir='ltr'>sequi</span> <span class='ocrx_word' id='word_1_90' title='bbox 794 1699 1100 1769; x_wconf 85' lang='lat' dir='ltr'>prOprium,</span> <span class='ocrx_word' id='word_1_91' title='bbox 1147 1699 1495 1771; x_wconf 85' lang='lat' dir='ltr'>palmamque</span> <span class='ocrx_word' id='word_1_92' title='bbox 1525 1699 1711 1754; x_wconf 88' lang='lat' dir='ltr'>subire</span> <span class='ocrx_word' id='word_1_93' title='bbox 1741 1698 1957 1772; x_wconf 88' lang='lat' dir='ltr'>quietis.</span> 
     </span>
    </p>
   </div>
   <div class='ocr_carea' id='block_1_17' title="bbox 429 1794 1793 1867">
    <p class='ocr_par' dir='ltr' id='par_1_17' title="bbox 429 1794 1793 1867">
     <span class='ocr_line' id='line_1_17' title="bbox 429 1794 1793 1867; baseline 0.001 -18"><span class='ocrx_word' id='word_1_94' title='bbox 429 1794 635 1851; x_wconf 66' lang='lat' dir='ltr'>Prmses</span> <span class='ocrx_word' id='word_1_95' title='bbox 662 1804 719 1851; x_wconf 90' lang='lat' dir='ltr'>ut</span> <span class='ocrx_word' id='word_1_96' title='bbox 748 1796 1002 1867; x_wconf 86' lang='lat' dir='ltr'>explosas</span> <span class='ocrx_word' id='word_1_97' title='bbox 1032 1796 1503 1852; x_wconf 39' lang='lat' dir='ltr'>audivitrcarceris</span> <span class='ocrx_word' id='word_1_98' title='bbox 1552 1795 1793 1866; x_wconf 84' lang='lat' dir='ltr'>umbras,</span> 
     </span>
    </p>
   </div>
   <div class='ocr_carea' id='block_1_18' title="bbox 362 1884 1819 1966">
    <p class='ocr_par' dir='ltr' id='par_1_18' title="bbox 362 1884 1819 1966">
     <span class='ocr_line' id='line_1_18' title="bbox 362 1884 1819 1966; baseline -0.001 -17"><span class='ocrx_word' id='word_1_99' title='bbox 362 1884 363 1889; x_wconf 34' lang='grc'><em>“</em></span> <span class='ocrx_word' id='word_1_100' title='bbox 427 1892 703 1966; x_wconf 81' lang='lat' dir='ltr'>Eﬁ‘ugisse</span> <span class='ocrx_word' id='word_1_101' title='bbox 733 1910 879 1962; x_wconf 86' lang='lat' dir='ltr'>reos,</span> <span class='ocrx_word' id='word_1_102' title='bbox 914 1894 1198 1965; x_wconf 91' lang='lat' dir='ltr'>solumque</span> <span class='ocrx_word' id='word_1_103' title='bbox 1229 1894 1471 1950; x_wconf 88' lang='lat' dir='ltr'>residere</span> <span class='ocrx_word' id='word_1_104' title='bbox 1510 1895 1819 1963; x_wconf 85' lang='lat' dir='ltr'>Mammem,</span> 
     </span>
    </p>
   </div>
   <div class='ocr_carea' id='block_1_19' title="bbox 429 1988 1679 2057">
    <p class='ocr_par' dir='ltr' id='par_1_19' title="bbox 429 1988 1679 2057">
     <span class='ocr_line' id='line_1_19' title="bbox 429 1988 1679 2057; baseline 0.001 -15"><span class='ocrx_word' id='word_1_105' title='bbox 429 1988 652 2042; x_wconf 91' lang='lat' dir='ltr'>Custodi</span> <span class='ocrx_word' id='word_1_106' title='bbox 674 1989 831 2057; x_wconf 89' lang='lat' dir='ltr'>jubet</span> <span class='ocrx_word' id='word_1_107' title='bbox 859 1989 1035 2045; x_wconf 90' lang='lat' dir='ltr'>accito</span> <span class='ocrx_word' id='word_1_108' title='bbox 1066 1989 1170 2043; x_wconf 86' lang='lat' dir='ltr'>sibi</span> <span class='ocrx_word' id='word_1_109' title='bbox 1203 1989 1393 2044; x_wconf 84' lang='lat' dir='ltr'>sistere</span> <span class='ocrx_word' id='word_1_110' title='bbox 1415 1996 1679 2055; x_wconf 89' lang='lat' dir='ltr'>sanctum,</span> 
     </span>
    </p>
   </div>
   <div class='ocr_carea' id='block_1_20' title="bbox 429 2075 2031 2149">
    <p class='ocr_par' dir='ltr' id='par_1_20' title="bbox 429 2075 2031 2149">
     <span class='ocr_line' id='line_1_20' title="bbox 429 2075 2031 2149; baseline 0.001 -19"><span class='ocrx_word' id='word_1_111' title='bbox 429 2076 847 2148; x_wconf 88' lang='lat' dir='ltr'>Adductumque</span> <span class='ocrx_word' id='word_1_112' title='bbox 867 2075 1062 2131; x_wconf 74' lang='lat' dir='ltr'>affatur</span> <span class='ocrx_word' id='word_1_113' title='bbox 1080 2077 1155 2131; x_wconf 86' lang='lat' dir='ltr'>ita</span> <span class='ocrx_word' id='word_1_114' title='bbox 1188 2093 1200 2132; x_wconf 90' lang='lat'>:</span> <span class='ocrx_word' id='word_1_115' title='bbox 1236 2078 1363 2132; x_wconf 65' lang='lat' dir='ltr'>Hmc</span> <span class='ocrx_word' id='word_1_116' title='bbox 1382 2078 1537 2132; x_wconf 88' lang='lat' dir='ltr'>datur</span> <span class='ocrx_word' id='word_1_117' title='bbox 1557 2077 1724 2147; x_wconf 87' lang='lat' dir='ltr'>optio,</span> <span class='ocrx_word' id='word_1_118' title='bbox 1750 2076 2031 2149; x_wconf 90' lang='lat' dir='ltr'>Mammes,</span> 
     </span>
    </p>
   </div>
   <div class='ocr_carea' id='block_1_21' title="bbox 432 2163 1822 2236">
    <p class='ocr_par' dir='ltr' id='par_1_21' title="bbox 432 2163 1822 2236">
     <span class='ocr_line' id='line_1_21' title="bbox 432 2163 1822 2236; baseline 0.001 -17"><span class='ocrx_word' id='word_1_119' title='bbox 432 2163 559 2219; x_wconf 92' lang='lat' dir='ltr'>Sola</span> <span class='ocrx_word' id='word_1_120' title='bbox 585 2163 700 2231; x_wconf 86' lang='lat' dir='ltr'>tibi,</span> <span class='ocrx_word' id='word_1_121' title='bbox 732 2164 945 2220; x_wconf 88' lang='lat' dir='ltr'>veniam</span> <span class='ocrx_word' id='word_1_122' title='bbox 975 2173 1292 2222; x_wconf 85' lang='lat' dir='ltr'>cunctorum</span> <span class='ocrx_word' id='word_1_123' title='bbox 1322 2174 1523 2236; x_wconf 72' lang='lat' dir='ltr'>praesto</span> <span class='ocrx_word' id='word_1_124' title='bbox 1553 2165 1822 2221; x_wconf 85' lang='lat' dir='ltr'>malorum</span> 
     </span>
    </p>
   </div>
   <div class='ocr_carea' id='block_1_22' title="bbox 429 2258 1749 2333">
    <p class='ocr_par' dir='ltr' id='par_1_22' title="bbox 429 2258 1749 2333">
     <span class='ocr_line' id='line_1_22' title="bbox 429 2258 1749 2333; baseline 0 -18"><span class='ocrx_word' id='word_1_125' title='bbox 429 2258 486 2315; x_wconf 90' lang='lat' dir='ltr'>Si</span> <span class='ocrx_word' id='word_1_126' title='bbox 515 2266 725 2314; x_wconf 90' lang='lat' dir='ltr'>tantum</span> <span class='ocrx_word' id='word_1_127' title='bbox 753 2277 888 2331; x_wconf 90' lang='lat' dir='ltr'>puro</span> <span class='ocrx_word' id='word_1_128' title='bbox 918 2261 1182 2317; x_wconf 91' lang='lat' dir='ltr'>Dominus</span> <span class='ocrx_word' id='word_1_129' title='bbox 1225 2277 1476 2317; x_wconf 88' lang='lat' dir='ltr'>sermone</span> <span class='ocrx_word' id='word_1_130' title='bbox 1503 2271 1749 2333; x_wconf 80' lang='lat' dir='ltr'>negetur,</span> 
     </span>
    </p>
   </div>
   <div class='ocr_carea' id='block_1_23' title="bbox 430 2346 1891 2421">
    <p class='ocr_par' dir='ltr' id='par_1_23' title="bbox 430 2346 1891 2421">
     <span class='ocr_line' id='line_1_23' title="bbox 430 2346 1891 2421; baseline 0.002 -18"><span class='ocrx_word' id='word_1_131' title='bbox 430 2346 604 2416; x_wconf 88' lang='lat' dir='ltr'>Quem</span> <span class='ocrx_word' id='word_1_132' title='bbox 634 2349 800 2405; x_wconf 90' lang='lat' dir='ltr'>verbo</span> <span class='ocrx_word' id='word_1_133' title='bbox 830 2351 1047 2421; x_wconf 88' lang='lat' dir='ltr'>vitaque</span> <span class='ocrx_word' id='word_1_134' title='bbox 1094 2352 1269 2407; x_wconf 91' lang='lat' dir='ltr'>Deum</span> <span class='ocrx_word' id='word_1_135' title='bbox 1298 2351 1453 2416; x_wconf 83' lang='lat' dir='ltr'>colis,</span> <span class='ocrx_word' id='word_1_136' title='bbox 1486 2351 1711 2417; x_wconf 90' lang='lat' dir='ltr'>asseris,</span> <span class='ocrx_word' id='word_1_137' title='bbox 1743 2366 1891 2407; x_wconf 87' lang='lat' dir='ltr'>oras.</span> 
     </span>
    </p>
   </div>
   <div class='ocr_carea' id='block_1_24' title="bbox 428 2435 1750 2496">
    <p class='ocr_par' dir='ltr' id='par_1_24' title="bbox 428 2435 1750 2496">
     <span class='ocr_line' id='line_1_24' title="bbox 428 2435 1750 2496; baseline 0.002 -5"><span class='ocrx_word' id='word_1_138' title='bbox 428 2435 660 2493; x_wconf 89' lang='lat' dir='ltr'>Sanctus</span> <span class='ocrx_word' id='word_1_139' title='bbox 688 2438 763 2493; x_wconf 87' lang='lat' dir='ltr'>ait</span> <span class='ocrx_word' id='word_1_140' title='bbox 792 2455 807 2491; x_wconf 89' lang='lat'><strong>:</strong></span> <span class='ocrx_word' id='word_1_141' title='bbox 841 2440 1052 2494; x_wconf 87' lang='lat' dir='ltr'>Prolata</span> <span class='ocrx_word' id='word_1_142' title='bbox 1083 2440 1254 2496; x_wconf 90' lang='lat' dir='ltr'>semel</span> <span class='ocrx_word' id='word_1_143' title='bbox 1284 2439 1551 2496; x_wconf 85' lang='lat' dir='ltr'>sententia</span> <span class='ocrx_word' id='word_1_144' title='bbox 1572 2439 1750 2494; x_wconf 87' lang='lat' dir='ltr'>stabit.</span> 
     </span>
    </p>
   </div>
   <div class='ocr_carea' id='block_1_25' title="bbox 406 2512 1889 2598">
    <p class='ocr_par' dir='ltr' id='par_1_25' title="bbox 406 2512 1889 2598">
     <span class='ocr_line' id='line_1_25' title="bbox 406 2512 1889 2598; baseline 0.001 -17"><span class='ocrx_word' id='word_1_145' title='bbox 406 2512 638 2581; x_wconf 60' lang='lat' dir='ltr'>&#39;Praeses</span> <span class='ocrx_word' id='word_1_146' title='bbox 667 2526 742 2581; x_wconf 90' lang='lat' dir='ltr'>ait</span> <span class='ocrx_word' id='word_1_147' title='bbox 773 2544 787 2580; x_wconf 91' lang='lat'><strong>:</strong></span> <span class='ocrx_word' id='word_1_148' title='bbox 820 2528 1015 2583; x_wconf 89' lang='lat' dir='ltr'>Libare</span> <span class='ocrx_word' id='word_1_149' title='bbox 1053 2528 1159 2583; x_wconf 91' lang='lat' dir='ltr'>diis</span> <span class='ocrx_word' id='word_1_150' title='bbox 1187 2528 1301 2594; x_wconf 87' lang='lat' dir='ltr'>tibi,</span> <span class='ocrx_word' id='word_1_151' title='bbox 1337 2544 1493 2598; x_wconf 89' lang='lat' dir='ltr'>vane,</span> <span class='ocrx_word' id='word_1_152' title='bbox 1526 2543 1756 2584; x_wconf 88' lang='lat' dir='ltr'>necesse</span> <span class='ocrx_word' id='word_1_153' title='bbox 1788 2534 1889 2583; x_wconf 88' lang='lat' dir='ltr'>est.</span> 
     </span>
    </p>
   </div>
   <div class='ocr_carea' id='block_1_26' title="bbox 426 2614 2033 2686">
    <p class='ocr_par' dir='ltr' id='par_1_26' title="bbox 426 2614 2033 2686">
     <span class='ocr_line' id='line_1_26' title="bbox 426 2614 2033 2686; baseline 0.002 -18"><span class='ocrx_word' id='word_1_154' title='bbox 426 2614 693 2671; x_wconf 88' lang='lat' dir='ltr'>Mammes</span> <span class='ocrx_word' id='word_1_155' title='bbox 725 2632 739 2669; x_wconf 91' lang='lat'><strong>:</strong></span> <span class='ocrx_word' id='word_1_156' title='bbox 773 2615 982 2683; x_wconf 89' lang='lat' dir='ltr'>Cesset,</span> <span class='ocrx_word' id='word_1_157' title='bbox 1014 2616 1088 2671; x_wconf 90' lang='lat' dir='ltr'>ait</span> <span class='ocrx_word' id='word_1_158' title='bbox 1119 2636 1134 2684; x_wconf 88' lang='lat'><strong>;</strong></span> <span class='ocrx_word' id='word_1_159' title='bbox 1167 2616 1445 2672; x_wconf 89' lang='lat' dir='ltr'>Christum</span> <span class='ocrx_word' id='word_1_160' title='bbox 1494 2617 1636 2686; x_wconf 90' lang='lat' dir='ltr'>colo,</span> <span class='ocrx_word' id='word_1_161' title='bbox 1668 2616 1845 2685; x_wconf 91' lang='lat' dir='ltr'>jussio</span> <span class='ocrx_word' id='word_1_162' title='bbox 1875 2631 2033 2685; x_wconf 88' lang='lat' dir='ltr'>vana,</span> 
     </span>
    </p>
   </div>
   <div class='ocr_carea' id='block_1_27' title="bbox 423 2702 1892 2774">
    <p class='ocr_par' dir='ltr' id='par_1_27' title="bbox 423 2702 1892 2774">
     <span class='ocr_line' id='line_1_27' title="bbox 423 2702 1892 2774; baseline 0.001 -15"><span class='ocrx_word' id='word_1_163' title='bbox 423 2702 596 2759; x_wconf 84' lang='lat' dir='ltr'>Judex</span> <span class='ocrx_word' id='word_1_164' title='bbox 631 2721 644 2757; x_wconf 87' lang='lat'><strong>:</strong></span> <span class='ocrx_word' id='word_1_165' title='bbox 680 2704 888 2773; x_wconf 83' lang='lat' dir='ltr'>Vincet,</span> <span class='ocrx_word' id='word_1_166' title='bbox 922 2705 1017 2774; x_wconf 90' lang='lat' dir='ltr'>ait,</span> <span class='ocrx_word' id='word_1_167' title='bbox 1047 2706 1268 2761; x_wconf 89' lang='lat' dir='ltr'>fervens</span> <span class='ocrx_word' id='word_1_168' title='bbox 1296 2714 1383 2761; x_wconf 89' lang='lat' dir='ltr'>tua</span> <span class='ocrx_word' id='word_1_169' title='bbox 1434 2704 1578 2761; x_wconf 90' lang='lat' dir='ltr'>dicta</span> <span class='ocrx_word' id='word_1_170' title='bbox 1625 2704 1892 2762; x_wconf 88' lang='lat' dir='ltr'>caminus.</span> 
     </span>
    </p>
   </div>
   <div class='ocr_carea' id='block_1_28' title="bbox 423 2789 1915 2864">
    <p class='ocr_par' dir='ltr' id='par_1_28' title="bbox 423 2789 1915 2864">
     <span class='ocr_line' id='line_1_28' title="bbox 423 2789 1915 2864; baseline 0.002 -19"><span class='ocrx_word' id='word_1_171' title='bbox 423 2789 523 2846; x_wconf 88' lang='lat' dir='ltr'>Eia</span> <span class='ocrx_word' id='word_1_172' title='bbox 546 2807 670 2863; x_wconf 87' lang='lat' dir='ltr'>age,</span> <span class='ocrx_word' id='word_1_173' title='bbox 702 2808 929 2864; x_wconf 69' lang='lat' dir='ltr'>quaeque</span> <span class='ocrx_word' id='word_1_174' title='bbox 958 2793 1136 2864; x_wconf 88' lang='lat' dir='ltr'>placet</span> <span class='ocrx_word' id='word_1_175' title='bbox 1163 2793 1379 2849; x_wconf 88' lang='lat' dir='ltr'>tandem</span> <span class='ocrx_word' id='word_1_176' title='bbox 1408 2801 1677 2848; x_wconf 89' lang='lat' dir='ltr'>tormenta</span> <span class='ocrx_word' id='word_1_177' title='bbox 1704 2801 1915 2864; x_wconf 88' lang='lat' dir='ltr'>parato,</span> 
     </span>
    </p>
   </div>
   <div class='ocr_carea' id='block_1_29' title="bbox 428 2878 1741 2938">
    <p class='ocr_par' dir='ltr' id='par_1_29' title="bbox 428 2878 1741 2938">
     <span class='ocr_line' id='line_1_29' title="bbox 428 2878 1741 2938; baseline 0.002 -6"><span class='ocrx_word' id='word_1_178' title='bbox 428 2878 692 2935; x_wconf 86' lang='lat' dir='ltr'>Mammes</span> <span class='ocrx_word' id='word_1_179' title='bbox 719 2878 875 2937; x_wconf 86' lang='lat' dir='ltr'>laetus</span> <span class='ocrx_word' id='word_1_180' title='bbox 901 2880 995 2937; x_wconf 92' lang='lat' dir='ltr'>ait.</span> <span class='ocrx_word' id='word_1_181' title='bbox 1039 2881 1214 2937; x_wconf 87' lang='lat' dir='ltr'>Judex</span> <span class='ocrx_word' id='word_1_182' title='bbox 1246 2881 1334 2938; x_wconf 92' lang='lat' dir='ltr'>cui</span> <span class='ocrx_word' id='word_1_183' title='bbox 1366 2881 1496 2937; x_wconf 90' lang='lat' dir='ltr'>talia</span> <span class='ocrx_word' id='word_1_184' title='bbox 1515 2881 1695 2937; x_wconf 90' lang='lat' dir='ltr'>reddit</span> <span class='ocrx_word' id='word_1_185' title='bbox 1728 2900 1741 2935; x_wconf 92' lang='lat'><strong>:</strong></span> 
     </span>
    </p>
   </div>
   <div class='ocr_carea' id='block_1_30' title="bbox 430 2968 1895 3043">
    <p class='ocr_par' dir='ltr' id='par_1_30' title="bbox 430 2968 1895 3043">
     <span class='ocr_line' id='line_1_30' title="bbox 430 2968 1895 3043; baseline 0.001 -22"><span class='ocrx_word' id='word_1_186' title='bbox 430 2968 649 3023; x_wconf 80' lang='lat' dir='ltr'>Artibus</span> <span class='ocrx_word' id='word_1_187' title='bbox 681 2975 740 3024; x_wconf 91' lang='lat' dir='ltr'>ut</span> <span class='ocrx_word' id='word_1_188' title='bbox 769 2984 989 3041; x_wconf 89' lang='lat' dir='ltr'>semper</span> <span class='ocrx_word' id='word_1_189' title='bbox 1016 2969 1246 3043; x_wconf 80' lang='lat' dir='ltr'>magicis</span> <span class='ocrx_word' id='word_1_190' title='bbox 1292 2970 1594 3025; x_wconf 89' lang='lat' dir='ltr'>contemnis</span> <span class='ocrx_word' id='word_1_191' title='bbox 1624 2977 1676 3024; x_wconf 91' lang='lat' dir='ltr'>et</span> <span class='ocrx_word' id='word_1_192' title='bbox 1712 2968 1895 3041; x_wconf 81' lang='lat' dir='ltr'>ignes,</span> 
     </span>
    </p>
   </div>
   <div class='ocr_carea' id='block_1_31' title="bbox 431 3055 1828 3128">
    <p class='ocr_par' dir='ltr' id='par_1_31' title="bbox 431 3055 1828 3128">
     <span class='ocr_line' id='line_1_31' title="bbox 431 3055 1828 3128; baseline 0.001 -18"><span class='ocrx_word' id='word_1_193' title='bbox 431 3055 706 3123; x_wconf 81' lang='lat' dir='ltr'>Sacrifica,</span> <span class='ocrx_word' id='word_1_194' title='bbox 775 3056 859 3114; x_wconf 92' lang='lat' dir='ltr'>fer</span> <span class='ocrx_word' id='word_1_195' title='bbox 896 3058 1039 3114; x_wconf 87' lang='lat' dir='ltr'>dona</span> <span class='ocrx_word' id='word_1_196' title='bbox 1066 3058 1191 3128; x_wconf 90' lang='lat' dir='ltr'>diis,</span> <span class='ocrx_word' id='word_1_197' title='bbox 1236 3058 1308 3113; x_wconf 91' lang='lat' dir='ltr'>da</span> <span class='ocrx_word' id='word_1_198' title='bbox 1336 3074 1561 3114; x_wconf 89' lang='lat' dir='ltr'>munera</span> <span class='ocrx_word' id='word_1_199' title='bbox 1590 3057 1828 3128; x_wconf 88' lang='lat' dir='ltr'>templis.</span> 
     </span>
    </p>
   </div>
   <div class='ocr_carea' id='block_1_32' title="bbox 433 3144 2032 3218">
    <p class='ocr_par' dir='ltr' id='par_1_32' title="bbox 433 3144 2032 3218">
     <span class='ocr_line' id='line_1_32' title="bbox 433 3144 2032 3218; baseline 0 -19"><span class='ocrx_word' id='word_1_200' title='bbox 433 3144 551 3210; x_wconf 91' lang='lat' dir='ltr'>Dic,</span> <span class='ocrx_word' id='word_1_201' title='bbox 583 3145 759 3218; x_wconf 88' lang='lat' dir='ltr'>inquit</span> <span class='ocrx_word' id='word_1_202' title='bbox 788 3148 1074 3213; x_wconf 89' lang='lat' dir='ltr'>Mammes,</span> <span class='ocrx_word' id='word_1_203' title='bbox 1106 3162 1301 3201; x_wconf 88' lang='lat' dir='ltr'>censes</span> <span class='ocrx_word' id='word_1_204' title='bbox 1343 3146 1539 3217; x_wconf 90' lang='lat' dir='ltr'>quibus</span> <span class='ocrx_word' id='word_1_205' title='bbox 1578 3161 1701 3200; x_wconf 89' lang='lat' dir='ltr'>esse</span> <span class='ocrx_word' id='word_1_206' title='bbox 1727 3145 1991 3200; x_wconf 89' lang='lat' dir='ltr'>litandum</span> <span class='ocrx_word' id='word_1_207' title='bbox 2019 3163 2032 3199; x_wconf 90' lang='lat'><strong>:</strong></span> 
     </span>
    </p>
   </div>
   <div class='ocr_carea' id='block_1_33' title="bbox 1075 244 3241 325">
    <p class='ocr_par' dir='ltr' id='par_1_33' title="bbox 1075 244 3241 325">
     <span class='ocr_line' id='line_1_33' title="bbox 1075 244 3241 325; baseline 0.004 -8"><span class='ocrx_word' id='word_1_208' title='bbox 1075 263 1481 318; x_wconf 81' lang='lat' dir='ltr'><strong>WALAFBIDI</strong></span> <span class='ocrx_word' id='word_1_209' title='bbox 1523 246 1768 319; x_wconf 66' lang='lat' dir='ltr'>STRABI</span> <span class='ocrx_word' id='word_1_210' title='bbox 1812 262 2010 320; x_wconf 77' lang='lat' dir='ltr'>FULD.</span> <span class='ocrx_word' id='word_1_211' title='bbox 2046 259 2218 319; x_wconf 79' lang='lat' dir='ltr'>MON.</span> <span class='ocrx_word' id='word_1_212' title='bbox 2258 263 2409 321; x_wconf 91' lang='lat' dir='ltr'>OPP.</span> <span class='ocrx_word' id='word_1_213' title='bbox 2443 244 2621 322; x_wconf 82' lang='lat' dir='ltr'>PARS</span> <span class='ocrx_word' id='word_1_214' title='bbox 2651 268 2719 322; x_wconf 92' lang='lat' dir='ltr'>Il.</span> <span class='ocrx_word' id='word_1_215' title='bbox 2750 298 2821 309; x_wconf 89' lang='lat'><strong><em>—</em></strong></span> <span class='ocrx_word' id='word_1_216' title='bbox 2850 267 3241 325; x_wconf 82' lang='lat' dir='ltr'>HISTORICA.</span> 
     </span>
    </p>
   </div>
   <div class='ocr_carea' id='block_1_34' title="bbox 3534 277 3752 330">
    <p class='ocr_par' dir='ltr' id='par_1_34' title="bbox 3534 277 3752 330">
     <span class='ocr_line' id='line_1_34' title="bbox 3534 277 3752 330; baseline 0.009 -2"><span class='ocrx_word' id='word_1_217' title='bbox 3534 282 3539 287; x_wconf 71' lang='grc'><strong>“</strong></span> <span class='ocrx_word' id='word_1_218' title='bbox 3612 277 3752 330; x_wconf 78' lang='grc'>1056</span> 
     </span>
    </p>
   </div>
   <div class='ocr_carea' id='block_1_35' title="bbox 2054 386 3438 466">
    <p class='ocr_par' dir='ltr' id='par_1_35' title="bbox 2054 386 3438 466">
     <span class='ocr_line' id='line_1_35' title="bbox 2054 386 3438 466; baseline 0.002 -18"><span class='ocrx_word' id='word_1_219' title='bbox 2054 386 2295 462; x_wconf 86' lang='lat' dir='ltr'>AIgnis,</span> <span class='ocrx_word' id='word_1_220' title='bbox 2331 398 2383 446; x_wconf 92' lang='lat' dir='ltr'>et</span> <span class='ocrx_word' id='word_1_221' title='bbox 2412 391 2691 447; x_wconf 83' lang='lat' dir='ltr'>exstinctis</span> <span class='ocrx_word' id='word_1_222' title='bbox 2728 394 2888 464; x_wconf 68' lang='lat' dir='ltr'>coepit</span> <span class='ocrx_word' id='word_1_223' title='bbox 2918 408 3203 451; x_wconf 88' lang='lat' dir='ltr'>rarescere</span> <span class='ocrx_word' id='word_1_224' title='bbox 3230 396 3438 466; x_wconf 91' lang='lat' dir='ltr'>prunis.</span> 
     </span>
    </p>
   </div>
   <div class='ocr_carea' id='block_1_36' title="bbox 2130 476 3431 552">
    <p class='ocr_par' dir='ltr' id='par_1_36' title="bbox 2130 476 3431 552">
     <span class='ocr_line' id='line_1_36' title="bbox 2130 476 3431 552; baseline 0.005 -19"><span class='ocrx_word' id='word_1_225' title='bbox 2130 478 2434 550; x_wconf 91' lang='lat' dir='ltr'>Conspecta</span> <span class='ocrx_word' id='word_1_226' title='bbox 2464 476 2718 550; x_wconf 63' lang='lat' dir='ltr'>novit‘ate,</span> <span class='ocrx_word' id='word_1_227' title='bbox 2750 481 2842 552; x_wconf 92' lang='lat' dir='ltr'>pio</span> <span class='ocrx_word' id='word_1_228' title='bbox 2873 482 2979 537; x_wconf 82' lang='lat' dir='ltr'>fert</span> <span class='ocrx_word' id='word_1_229' title='bbox 3012 482 3139 537; x_wconf 89' lang='lat' dir='ltr'>talia</span> <span class='ocrx_word' id='word_1_230' title='bbox 3168 484 3431 541; x_wconf 85' lang='lat' dir='ltr'>Mammes</span> 
     </span>
    </p>
   </div>
   <div class='ocr_carea' id='block_1_37' title="bbox 2130 566 3709 649">
    <p class='ocr_par' dir='ltr' id='par_1_37' title="bbox 2130 566 3709 649">
     <span class='ocr_line' id='line_1_37' title="bbox 2130 566 3709 649; baseline 0.006 -26"><span class='ocrx_word' id='word_1_231' title='bbox 2130 566 2240 623; x_wconf 92' lang='lat' dir='ltr'>Ore</span> <span class='ocrx_word' id='word_1_232' title='bbox 2275 585 2289 622; x_wconf 92' lang='lat'><strong>:</strong></span> <span class='ocrx_word' id='word_1_233' title='bbox 2320 569 2482 623; x_wconf 91' lang='lat' dir='ltr'>Pater</span> <span class='ocrx_word' id='word_1_234' title='bbox 2523 586 2708 624; x_wconf 91' lang='lat' dir='ltr'>rerum</span> <span class='ocrx_word' id='word_1_235' title='bbox 2731 610 2745 638; x_wconf 92' lang='lat'>,</span> <span class='ocrx_word' id='word_1_236' title='bbox 2778 570 2874 625; x_wconf 92' lang='lat' dir='ltr'>tibi</span> <span class='ocrx_word' id='word_1_237' title='bbox 2904 571 3205 640; x_wconf 89' lang='lat' dir='ltr'>reddimus,</span> <span class='ocrx_word' id='word_1_238' title='bbox 3256 574 3476 645; x_wconf 88' lang='lat' dir='ltr'>optime,</span> <span class='ocrx_word' id='word_1_239' title='bbox 3509 582 3709 649; x_wconf 72' lang='lat' dir='ltr'>grates</span> 
     </span>
    </p>
   </div>
   <div class='ocr_carea' id='block_1_38' title="bbox 2128 656 3466 731">
    <p class='ocr_par' dir='ltr' id='par_1_38' title="bbox 2128 656 3466 731">
     <span class='ocr_line' id='line_1_38' title="bbox 2128 656 3466 731; baseline 0.004 -20"><span class='ocrx_word' id='word_1_240' title='bbox 2128 656 2261 727; x_wconf 88' lang='lat' dir='ltr'>Nos,</span> <span class='ocrx_word' id='word_1_241' title='bbox 2295 657 2421 729; x_wconf 91' lang='lat' dir='ltr'>quia</span> <span class='ocrx_word' id='word_1_242' title='bbox 2448 673 2557 714; x_wconf 91' lang='lat' dir='ltr'>non</span> <span class='ocrx_word' id='word_1_243' title='bbox 2585 657 2744 713; x_wconf 90' lang='lat' dir='ltr'>aliter</span> <span class='ocrx_word' id='word_1_244' title='bbox 2770 659 3027 731; x_wconf 86' lang='lat' dir='ltr'>dignatus</span> <span class='ocrx_word' id='word_1_245' title='bbox 3058 661 3237 717; x_wconf 89' lang='lat' dir='ltr'>visere</span> <span class='ocrx_word' id='word_1_246' title='bbox 3266 663 3466 729; x_wconf 80' lang='lat' dir='ltr'>salvas,</span> 
     </span>
    </p>
   </div>
   <div class='ocr_carea' id='block_1_39' title="bbox 2131 744 3517 821">
    <p class='ocr_par' dir='ltr' id='par_1_39' title="bbox 2131 744 3517 821">
     <span class='ocr_line' id='line_1_39' title="bbox 2131 744 3517 821; baseline 0.006 -23"><span class='ocrx_word' id='word_1_247' title='bbox 2131 744 2304 813; x_wconf 87' lang='lat' dir='ltr'>Quam</span> <span class='ocrx_word' id='word_1_248' title='bbox 2335 747 2610 818; x_wconf 88' lang='lat' dir='ltr'>quondam</span> <span class='ocrx_word' id='word_1_249' title='bbox 2640 764 2842 818; x_wconf 90' lang='lat' dir='ltr'>pueros</span> <span class='ocrx_word' id='word_1_250' title='bbox 2870 749 3172 821; x_wconf 85' lang='lat' dir='ltr'>Babylonia</span> <span class='ocrx_word' id='word_1_251' title='bbox 3193 766 3351 808; x_wconf 89' lang='lat' dir='ltr'>sacra</span> <span class='ocrx_word' id='word_1_252' title='bbox 3370 750 3517 808; x_wconf 84' lang='lat' dir='ltr'>ﬁdeli</span> 
     </span>
    </p>
   </div>
   <div class='ocr_carea' id='block_1_40' title="bbox 2133 834 3531 904">
    <p class='ocr_par' dir='ltr' id='par_1_40' title="bbox 2133 834 3531 904">
     <span class='ocr_line' id='line_1_40' title="bbox 2133 834 3531 904; baseline 0.006 -16"><span class='ocrx_word' id='word_1_253' title='bbox 2133 834 2360 890; x_wconf 89' lang='lat' dir='ltr'>Pectore</span> <span class='ocrx_word' id='word_1_254' title='bbox 2388 842 2724 904; x_wconf 88' lang='lat' dir='ltr'>temnentes,</span> <span class='ocrx_word' id='word_1_255' title='bbox 2772 836 2954 892; x_wconf 89' lang='lat' dir='ltr'>medio</span> <span class='ocrx_word' id='word_1_256' title='bbox 2995 836 3235 895; x_wconf 83' lang='lat' dir='ltr'>fornacis</span> <span class='ocrx_word' id='word_1_257' title='bbox 3264 840 3531 896; x_wconf 87' lang='lat' dir='ltr'>honorem</span> 
     </span>
    </p>
   </div>
   <div class='ocr_carea' id='block_1_41' title="bbox 2132 922 3455 992">
    <p class='ocr_par' dir='ltr' id='par_1_41' title="bbox 2132 922 3455 992">
     <span class='ocr_line' id='line_1_41' title="bbox 2132 922 3455 992; baseline 0.004 -14"><span class='ocrx_word' id='word_1_258' title='bbox 2132 922 2532 979; x_wconf 88' lang='lat' dir='ltr'>Concelebrare</span> <span class='ocrx_word' id='word_1_259' title='bbox 2560 933 2730 992; x_wconf 91' lang='lat' dir='ltr'>tuum,</span> <span class='ocrx_word' id='word_1_260' title='bbox 2781 924 3022 982; x_wconf 88' lang='lat' dir='ltr'>salvator</span> <span class='ocrx_word' id='word_1_261' title='bbox 3058 942 3186 983; x_wconf 89' lang='lat' dir='ltr'>rore</span> <span class='ocrx_word' id='word_1_262' title='bbox 3215 927 3455 984; x_wconf 88' lang='lat' dir='ltr'>dedisti:</span> 
     </span>
    </p>
   </div>
   <div class='ocr_carea' id='block_1_42' title="bbox 2130 1011 3663 1090">
    <p class='ocr_par' dir='ltr' id='par_1_42' title="bbox 2130 1011 3663 1090">
     <span class='ocr_line' id='line_1_42' title="bbox 2130 1011 3663 1090; baseline 0.006 -25"><span class='ocrx_word' id='word_1_263' title='bbox 2130 1011 2393 1069; x_wconf 85' lang='lat' dir='ltr'>Mammes</span> <span class='ocrx_word' id='word_1_264' title='bbox 2411 1029 2644 1086; x_wconf 88' lang='lat' dir='ltr'>namque</span> <span class='ocrx_word' id='word_1_265' title='bbox 2672 1021 2794 1070; x_wconf 90' lang='lat' dir='ltr'>tuus</span> <span class='ocrx_word' id='word_1_266' title='bbox 2820 1030 2933 1070; x_wconf 93' lang='lat' dir='ltr'>non</span> <span class='ocrx_word' id='word_1_267' title='bbox 2959 1015 3122 1070; x_wconf 90' lang='lat' dir='ltr'>sentit</span> <span class='ocrx_word' id='word_1_268' title='bbox 3149 1016 3203 1071; x_wconf 93' lang='lat' dir='ltr'>in</span> <span class='ocrx_word' id='word_1_269' title='bbox 3231 1017 3453 1090; x_wconf 78' lang='lat' dir='ltr'>ignibus</span> <span class='ocrx_word' id='word_1_270' title='bbox 3481 1017 3663 1090; x_wconf 86' lang='lat' dir='ltr'>ignes.</span> 
     </span>
    </p>
   </div>
   <div class='ocr_carea' id='block_1_43' title="bbox 2735 1146 3202 1205">
    <p class='ocr_par' dir='ltr' id='par_1_43' title="bbox 2735 1146 3202 1205">
     <span class='ocr_line' id='line_1_43' title="bbox 2735 1146 3202 1205; baseline 0.002 -2"><span class='ocrx_word' id='word_1_271' title='bbox 2735 1146 2959 1205; x_wconf 83' lang='lat' dir='ltr'>CAPUT</span> <span class='ocrx_word' id='word_1_272' title='bbox 2997 1148 3202 1204; x_wconf 86' lang='lat' dir='ltr'><strong>XXIII.</strong></span> 
     </span>
    </p>
   </div>
   <div class='ocr_carea' id='block_1_44' title="bbox 2135 1260 3755 1340">
    <p class='ocr_par' dir='ltr' id='par_1_44' title="bbox 2135 1260 3755 1340">
     <span class='ocr_line' id='line_1_44' title="bbox 2135 1260 3755 1340; baseline 0.003 -22"><span class='ocrx_word' id='word_1_273' title='bbox 2135 1260 2408 1329; x_wconf 82' lang='lat' dir='ltr'>Quomodo</span> <span class='ocrx_word' id='word_1_274' title='bbox 2423 1278 2631 1340; x_wconf 54' lang='lat' dir='ltr'>promes</span> <span class='ocrx_word' id='word_1_275' title='bbox 2654 1264 3000 1340; x_wconf 70' lang='lat' dir='ltr'>incendium</span> <span class='ocrx_word' id='word_1_276' title='bbox 3019 1266 3331 1340; x_wconf 61' lang='lat' dir='ltr'>renovavit,</span> <span class='ocrx_word' id='word_1_277' title='bbox 3356 1268 3755 1340; x_wconf 77' lang='lat' dir='ltr'>intactumque</span> 
     </span>
    </p>
   </div>
   <div class='ocr_carea' id='block_1_45' title="bbox 2486 1333 3382 1405">
    <p class='ocr_par' dir='ltr' id='par_1_45' title="bbox 2486 1333 3382 1405">
     <span class='ocr_line' id='line_1_45' title="bbox 2486 1333 3382 1405; baseline 0.004 -18"><span class='ocrx_word' id='word_1_278' title='bbox 2486 1333 2727 1389; x_wconf 79' lang='lat' dir='ltr'>audiens</span> <span class='ocrx_word' id='word_1_279' title='bbox 2771 1334 2963 1405; x_wconf 80' lang='lat' dir='ltr'>ipsum</span> <span class='ocrx_word' id='word_1_280' title='bbox 3007 1338 3382 1393; x_wconf 80' lang='lat' dir='ltr'>arcessiverit.</span> 
     </span>
    </p>
   </div>
   <div class='ocr_carea' id='block_1_46' title="bbox 2129 1445 3561 1517">
    <p class='ocr_par' dir='ltr' id='par_1_46' title="bbox 2129 1445 3561 1517">
     <span class='ocr_line' id='line_1_46' title="bbox 2129 1445 3561 1517; baseline 0.003 -17"><span class='ocrx_word' id='word_1_281' title='bbox 2129 1445 2310 1500; x_wconf 88' lang='lat' dir='ltr'>Tertia</span> <span class='ocrx_word' id='word_1_282' title='bbox 2334 1453 2597 1515; x_wconf 65' lang='lat' dir='ltr'>praeterea</span> <span class='ocrx_word' id='word_1_283' title='bbox 2626 1445 2756 1500; x_wconf 91' lang='lat' dir='ltr'>dum</span> <span class='ocrx_word' id='word_1_284' title='bbox 2785 1446 2981 1501; x_wconf 77' lang='lat' dir='ltr'>ccelum</span> <span class='ocrx_word' id='word_1_285' title='bbox 3008 1463 3208 1503; x_wconf 82' lang='lat' dir='ltr'>aurora</span> <span class='ocrx_word' id='word_1_286' title='bbox 3238 1456 3470 1517; x_wconf 87' lang='lat' dir='ltr'>teneret,</span> <span class='ocrx_word' id='word_1_287' title='bbox 3554 1466 3561 1471; x_wconf 83' lang='lat'><strong><em>&#39;</em></strong></span> 
     </span>
    </p>
   </div>
   <div class='ocr_carea' id='block_1_47' title="bbox 2134 1532 3491 1607">
    <p class='ocr_par' dir='ltr' id='par_1_47' title="bbox 2134 1532 3491 1607">
     <span class='ocr_line' id='line_1_47' title="bbox 2134 1532 3491 1607; baseline 0.003 -19"><span class='ocrx_word' id='word_1_288' title='bbox 2134 1533 2276 1589; x_wconf 92' lang='lat' dir='ltr'>Solis</span> <span class='ocrx_word' id='word_1_289' title='bbox 2307 1540 2360 1589; x_wconf 92' lang='lat' dir='ltr'>et</span> <span class='ocrx_word' id='word_1_290' title='bbox 2388 1532 2606 1606; x_wconf 90' lang='lat' dir='ltr'>impigri</span> <span class='ocrx_word' id='word_1_291' title='bbox 2635 1535 3032 1591; x_wconf 79' lang='lat' dir='ltr'>conscenderet</span> <span class='ocrx_word' id='word_1_292' title='bbox 3076 1536 3251 1607; x_wconf 63' lang='lat' dir='ltr'>ardua</span> <span class='ocrx_word' id='word_1_293' title='bbox 3281 1552 3491 1604; x_wconf 87' lang='lat' dir='ltr'>currus,</span> 
     </span>
    </p>
   </div>
   <div class='ocr_carea' id='block_1_48' title="bbox 2132 1622 3549 1693">
    <p class='ocr_par' dir='ltr' id='par_1_48' title="bbox 2132 1622 3549 1693">
     <span class='ocr_line' id='line_1_48' title="bbox 2132 1622 3549 1693; baseline 0.002 -16"><span class='ocrx_word' id='word_1_294' title='bbox 2132 1622 2215 1677; x_wconf 89' lang='lat' dir='ltr'>Ne</span> <span class='ocrx_word' id='word_1_295' title='bbox 2246 1636 2354 1692; x_wconf 92' lang='lat' dir='ltr'>qua</span> <span class='ocrx_word' id='word_1_296' title='bbox 2386 1622 2684 1692; x_wconf 83' lang='lat' dir='ltr'>sepulturae</span> <span class='ocrx_word' id='word_1_297' title='bbox 2713 1623 2913 1677; x_wconf 89' lang='lat' dir='ltr'>cineris</span> <span class='ocrx_word' id='word_1_298' title='bbox 2944 1639 3233 1693; x_wconf 88' lang='lat' dir='ltr'>superesse</span> <span class='ocrx_word' id='word_1_299' title='bbox 3254 1624 3341 1679; x_wconf 87' lang='lat' dir='ltr'>vel</span> <span class='ocrx_word' id='word_1_300' title='bbox 3361 1641 3549 1680; x_wconf 91' lang='lat' dir='ltr'>ossum</span> 
     </span>
    </p>
   </div>
   <div class='ocr_carea' id='block_1_49' title="bbox 2063 1710 3461 1801">
    <p class='ocr_par' dir='ltr' id='par_1_49' title="bbox 2063 1710 3461 1801">
     <span class='ocr_line' id='line_1_49' title="bbox 2063 1710 3461 1801; baseline 0.004 -38"><span class='ocrx_word' id='word_1_301' title='bbox 2063 1742 2116 1801; x_wconf 85' lang='lat' dir='ltr'>B</span> <span class='ocrx_word' id='word_1_302' title='bbox 2136 1710 2270 1782; x_wconf 84' lang='lat' dir='ltr'>Igne</span> <span class='ocrx_word' id='word_1_303' title='bbox 2298 1710 2502 1765; x_wconf 87' lang='lat' dir='ltr'>minuta</span> <span class='ocrx_word' id='word_1_304' title='bbox 2532 1717 2750 1782; x_wconf 89' lang='lat' dir='ltr'>queant,</span> <span class='ocrx_word' id='word_1_305' title='bbox 2797 1720 3047 1781; x_wconf 88' lang='lat' dir='ltr'>reparato</span> <span class='ocrx_word' id='word_1_306' title='bbox 3077 1713 3248 1767; x_wconf 90' lang='lat' dir='ltr'>multa</span> <span class='ocrx_word' id='word_1_307' title='bbox 3276 1712 3461 1769; x_wconf 86' lang='lat' dir='ltr'>furore</span> 
     </span>
    </p>
   </div>
   <div class='ocr_carea' id='block_1_50' title="bbox 2135 1797 3591 1870">
    <p class='ocr_par' dir='ltr' id='par_1_50' title="bbox 2135 1797 3591 1870">
     <span class='ocr_line' id='line_1_50' title="bbox 2135 1797 3591 1870; baseline 0.003 -17"><span class='ocrx_word' id='word_1_308' title='bbox 2135 1797 2308 1869; x_wconf 90' lang='lat' dir='ltr'>Ligna</span> <span class='ocrx_word' id='word_1_309' title='bbox 2322 1798 2475 1867; x_wconf 88' lang='lat' dir='ltr'>jubet</span> <span class='ocrx_word' id='word_1_310' title='bbox 2504 1814 2712 1869; x_wconf 67' lang='lat' dir='ltr'>praeses</span> <span class='ocrx_word' id='word_1_311' title='bbox 2746 1801 3082 1870; x_wconf 91' lang='lat' dir='ltr'>consumptis</span> <span class='ocrx_word' id='word_1_312' title='bbox 3111 1802 3315 1857; x_wconf 87' lang='lat' dir='ltr'>addere</span> <span class='ocrx_word' id='word_1_313' title='bbox 3334 1802 3591 1858; x_wconf 86' lang='lat' dir='ltr'>ﬂammis.</span> 
     </span>
    </p>
   </div>
   <div class='ocr_carea' id='block_1_51' title="bbox 2136 1885 3353 1959">
    <p class='ocr_par' dir='ltr' id='par_1_51' title="bbox 2136 1885 3353 1959">
     <span class='ocr_line' id='line_1_51' title="bbox 2136 1885 3353 1959; baseline 0.003 -18"><span class='ocrx_word' id='word_1_314' title='bbox 2136 1887 2305 1941; x_wconf 89' lang='lat' dir='ltr'>Arida</span> <span class='ocrx_word' id='word_1_315' title='bbox 2335 1885 2589 1942; x_wconf 84' lang='lat' dir='ltr'>terrificis</span> <span class='ocrx_word' id='word_1_316' title='bbox 2618 1888 2890 1959; x_wconf 91' lang='lat' dir='ltr'>crepitant</span> <span class='ocrx_word' id='word_1_317' title='bbox 2913 1889 3164 1944; x_wconf 88' lang='lat' dir='ltr'>incendia</span> <span class='ocrx_word' id='word_1_318' title='bbox 3196 1891 3353 1946; x_wconf 90' lang='lat' dir='ltr'>tectis</span> 
     </span>
    </p>
   </div>
   <div class='ocr_carea' id='block_1_52' title="bbox 2136 1976 3601 2048">
    <p class='ocr_par' dir='ltr' id='par_1_52' title="bbox 2136 1976 3601 2048">
     <span class='ocr_line' id='line_1_52' title="bbox 2136 1976 3601 2048; baseline 0.004 -19"><span class='ocrx_word' id='word_1_319' title='bbox 2136 1976 2411 2031; x_wconf 82' lang='lat' dir='ltr'>Murmure</span> <span class='ocrx_word' id='word_1_320' title='bbox 2432 1976 2502 2031; x_wconf 90' lang='lat' dir='ltr'>de</span> <span class='ocrx_word' id='word_1_321' title='bbox 2531 1992 2754 2048; x_wconf 89' lang='lat' dir='ltr'>magno,</span> <span class='ocrx_word' id='word_1_322' title='bbox 2789 1976 2966 2032; x_wconf 87' lang='lat' dir='ltr'>fumus</span> <span class='ocrx_word' id='word_1_323' title='bbox 3000 1979 3148 2034; x_wconf 87' lang='lat' dir='ltr'>volat</span> <span class='ocrx_word' id='word_1_324' title='bbox 3174 1987 3290 2034; x_wconf 89' lang='lat' dir='ltr'>ater</span> <span class='ocrx_word' id='word_1_325' title='bbox 3315 1979 3385 2035; x_wconf 90' lang='lat' dir='ltr'>ad</span> <span class='ocrx_word' id='word_1_326' title='bbox 3415 1994 3601 2036; x_wconf 87' lang='lat' dir='ltr'>auras.</span> 
     </span>
    </p>
   </div>
   <div class='ocr_carea' id='block_1_53' title="bbox 2135 2065 3539 2136">
    <p class='ocr_par' dir='ltr' id='par_1_53' title="bbox 2135 2065 3539 2136">
     <span class='ocr_line' id='line_1_53' title="bbox 2135 2065 3539 2136; baseline 0.002 -15"><span class='ocrx_word' id='word_1_327' title='bbox 2135 2066 2253 2122; x_wconf 92' lang='lat' dir='ltr'>Nec</span> <span class='ocrx_word' id='word_1_328' title='bbox 2280 2081 2433 2120; x_wconf 86' lang='lat' dir='ltr'>mora</span> <span class='ocrx_word' id='word_1_329' title='bbox 2453 2065 2677 2136; x_wconf 89' lang='lat' dir='ltr'>pulchra</span> <span class='ocrx_word' id='word_1_330' title='bbox 2703 2066 2811 2121; x_wconf 91' lang='lat' dir='ltr'>cito</span> <span class='ocrx_word' id='word_1_331' title='bbox 2840 2066 3061 2121; x_wconf 88' lang='lat' dir='ltr'>dimissa</span> <span class='ocrx_word' id='word_1_332' title='bbox 3087 2068 3339 2124; x_wconf 90' lang='lat' dir='ltr'>columba</span> <span class='ocrx_word' id='word_1_333' title='bbox 3356 2076 3539 2125; x_wconf 86' lang='lat' dir='ltr'>natata</span> 
     </span>
    </p>
   </div>
   <div class='ocr_carea' id='block_1_54' title="bbox 2138 2152 3433 2222">
    <p class='ocr_par' dir='ltr' id='par_1_54' title="bbox 2138 2152 3433 2222">
     <span class='ocr_line' id='line_1_54' title="bbox 2138 2152 3433 2222; baseline 0.003 -13"><span class='ocrx_word' id='word_1_334' title='bbox 2138 2155 2219 2209; x_wconf 92' lang='lat' dir='ltr'>De</span> <span class='ocrx_word' id='word_1_335' title='bbox 2238 2152 2378 2209; x_wconf 88' lang='lat' dir='ltr'>coelo</span> <span class='ocrx_word' id='word_1_336' title='bbox 2408 2153 2573 2221; x_wconf 92' lang='lat' dir='ltr'>venit,</span> <span class='ocrx_word' id='word_1_337' title='bbox 2606 2154 2853 2209; x_wconf 85' lang='lat' dir='ltr'>flammas</span> <span class='ocrx_word' id='word_1_338' title='bbox 2904 2155 3157 2222; x_wconf 86' lang='lat' dir='ltr'>secrevit,</span> <span class='ocrx_word' id='word_1_339' title='bbox 3190 2165 3243 2212; x_wconf 91' lang='lat' dir='ltr'>et</span> <span class='ocrx_word' id='word_1_340' title='bbox 3272 2173 3433 2213; x_wconf 90' lang='lat' dir='ltr'>omne</span> 
     </span>
    </p>
   </div>
   <div class='ocr_carea' id='block_1_55' title="bbox 2138 2243 3420 2317">
    <p class='ocr_par' dir='ltr' id='par_1_55' title="bbox 2138 2243 3420 2317">
     <span class='ocr_line' id='line_1_55' title="bbox 2138 2243 3420 2317; baseline 0.002 -19"><span class='ocrx_word' id='word_1_341' title='bbox 2138 2243 2288 2315; x_wconf 85' lang='lat' dir='ltr'>Ignis</span> <span class='ocrx_word' id='word_1_342' title='bbox 2316 2258 2453 2297; x_wconf 92' lang='lat' dir='ltr'>onus</span> <span class='ocrx_word' id='word_1_343' title='bbox 2482 2257 2712 2298; x_wconf 68' lang='lat' dir='ltr'>camera:</span> <span class='ocrx_word' id='word_1_344' title='bbox 2741 2243 2958 2299; x_wconf 90' lang='lat' dir='ltr'>curvari</span> <span class='ocrx_word' id='word_1_345' title='bbox 2987 2260 3138 2300; x_wconf 90' lang='lat' dir='ltr'>more</span> <span class='ocrx_word' id='word_1_346' title='bbox 3185 2246 3420 2317; x_wconf 84' lang='lat' dir='ltr'>peregit,</span> 
     </span>
    </p>
   </div>
   <div class='ocr_carea' id='block_1_56' title="bbox 2137 2331 3427 2405">
    <p class='ocr_par' dir='ltr' id='par_1_56' title="bbox 2137 2331 3427 2405">
     <span class='ocr_line' id='line_1_56' title="bbox 2137 2331 3427 2405; baseline 0.002 -19"><span class='ocrx_word' id='word_1_347' title='bbox 2137 2331 2253 2387; x_wconf 89' lang='lat' dir='ltr'>Nec</span> <span class='ocrx_word' id='word_1_348' title='bbox 2272 2331 2496 2405; x_wconf 79' lang='lat' dir='ltr'>longiun</span> <span class='ocrx_word' id='word_1_349' title='bbox 2527 2331 2779 2387; x_wconf 89' lang='lat' dir='ltr'>restincta</span> <span class='ocrx_word' id='word_1_350' title='bbox 2810 2332 2932 2403; x_wconf 84' lang='lat' dir='ltr'>rogi</span> <span class='ocrx_word' id='word_1_351' title='bbox 2952 2333 3215 2389; x_wconf 85' lang='lat' dir='ltr'>violentia</span> <span class='ocrx_word' id='word_1_352' title='bbox 3242 2335 3427 2390; x_wconf 89' lang='lat' dir='ltr'>cessit.</span> 
     </span>
    </p>
   </div>
   <div class='ocr_carea' id='block_1_57' title="bbox 2139 2419 3497 2493">
    <p class='ocr_par' dir='ltr' id='par_1_57' title="bbox 2139 2419 3497 2493">
     <span class='ocr_line' id='line_1_57' title="bbox 2139 2419 3497 2493; baseline 0.004 -19"><span class='ocrx_word' id='word_1_353' title='bbox 2139 2422 2208 2475; x_wconf 88' lang='lat' dir='ltr'>At</span> <span class='ocrx_word' id='word_1_354' title='bbox 2236 2427 2360 2491; x_wconf 90' lang='lat' dir='ltr'>post</span> <span class='ocrx_word' id='word_1_355' title='bbox 2389 2419 2628 2491; x_wconf 87' lang='lat' dir='ltr'>quinque</span> <span class='ocrx_word' id='word_1_356' title='bbox 2653 2420 2772 2476; x_wconf 89' lang='lat' dir='ltr'>dies</span> <span class='ocrx_word' id='word_1_357' title='bbox 2795 2420 2983 2490; x_wconf 88' lang='lat' dir='ltr'>judex,</span> <span class='ocrx_word' id='word_1_358' title='bbox 3016 2422 3063 2476; x_wconf 92' lang='lat' dir='ltr'>si</span> <span class='ocrx_word' id='word_1_359' title='bbox 3092 2422 3340 2493; x_wconf 86' lang='lat' dir='ltr'>corporis</span> <span class='ocrx_word' id='word_1_360' title='bbox 3369 2422 3497 2480; x_wconf 64' lang='lat' dir='ltr'>ullae</span> 
     </span>
    </p>
   </div>
   <div class='ocr_carea' id='block_1_58' title="bbox 2140 2508 3415 2584">
    <p class='ocr_par' dir='ltr' id='par_1_58' title="bbox 2140 2508 3415 2584">
     <span class='ocr_line' id='line_1_58' title="bbox 2140 2508 3415 2584; baseline 0.002 -20"><span class='ocrx_word' id='word_1_361' title='bbox 2140 2508 2293 2565; x_wconf 89' lang='lat' dir='ltr'>Scire</span> <span class='ocrx_word' id='word_1_362' title='bbox 2322 2508 2514 2564; x_wconf 90' lang='lat' dir='ltr'>volens</span> <span class='ocrx_word' id='word_1_363' title='bbox 2546 2516 2697 2565; x_wconf 89' lang='lat' dir='ltr'>tanto</span> <span class='ocrx_word' id='word_1_364' title='bbox 2728 2518 2997 2565; x_wconf 89' lang='lat' dir='ltr'>restarent</span> <span class='ocrx_word' id='word_1_365' title='bbox 3024 2511 3153 2584; x_wconf 84' lang='lat' dir='ltr'>igne</span> <span class='ocrx_word' id='word_1_366' title='bbox 3197 2511 3415 2582; x_wconf 74' lang='lat' dir='ltr'>favillae,</span> 
     </span>
    </p>
   </div>
   <div class='ocr_carea' id='block_1_59' title="bbox 2140 2597 3532 2671">
    <p class='ocr_par' dir='ltr' id='par_1_59' title="bbox 2140 2597 3532 2671">
     <span class='ocr_line' id='line_1_59' title="bbox 2140 2597 3532 2671; baseline 0.002 -19"><span class='ocrx_word' id='word_1_367' title='bbox 2140 2597 2440 2653; x_wconf 88' lang='lat' dir='ltr'>Fornacem</span> <span class='ocrx_word' id='word_1_368' title='bbox 2470 2613 2721 2653; x_wconf 90' lang='lat' dir='ltr'>reserare</span> <span class='ocrx_word' id='word_1_369' title='bbox 2740 2598 2922 2667; x_wconf 88' lang='lat' dir='ltr'>jubet,</span> <span class='ocrx_word' id='word_1_370' title='bbox 2955 2607 3067 2653; x_wconf 91' lang='lat' dir='ltr'>tum</span> <span class='ocrx_word' id='word_1_371' title='bbox 3111 2600 3349 2671; x_wconf 88' lang='lat' dir='ltr'>plurima</span> <span class='ocrx_word' id='word_1_372' title='bbox 3377 2600 3532 2655; x_wconf 84' lang='lat' dir='ltr'>turba</span> 
     </span>
    </p>
   </div>
   <div class='ocr_carea' id='block_1_60' title="bbox 2139 2686 3383 2765">
    <p class='ocr_par' dir='ltr' id='par_1_60' title="bbox 2139 2686 3383 2765">
     <span class='ocr_line' id='line_1_60' title="bbox 2139 2686 3383 2765; baseline 0.002 -25"><span class='ocrx_word' id='word_1_373' title='bbox 2139 2686 2397 2765; x_wconf 83' lang='lat' dir='ltr'>Militibus</span> <span class='ocrx_word' id='word_1_374' title='bbox 2425 2686 2695 2757; x_wconf 86' lang='lat' dir='ltr'>permixta</span> <span class='ocrx_word' id='word_1_375' title='bbox 2722 2688 2889 2755; x_wconf 86' lang='lat' dir='ltr'>volat,</span> <span class='ocrx_word' id='word_1_376' title='bbox 2923 2687 3172 2744; x_wconf 87' lang='lat' dir='ltr'>mirabile</span> <span class='ocrx_word' id='word_1_377' title='bbox 3202 2686 3383 2744; x_wconf 79' lang='lat' dir='ltr'>dictu!</span> 
     </span>
    </p>
   </div>
   <div class='ocr_carea' id='block_1_61' title="bbox 2139 2775 3504 2850">
    <p class='ocr_par' dir='ltr' id='par_1_61' title="bbox 2139 2775 3504 2850">
     <span class='ocr_line' id='line_1_61' title="bbox 2139 2775 3504 2850; baseline 0.001 -20"><span class='ocrx_word' id='word_1_378' title='bbox 2139 2775 2377 2830; x_wconf 88' lang='lat' dir='ltr'>Auribus</span> <span class='ocrx_word' id='word_1_379' title='bbox 2409 2775 2711 2847; x_wconf 90' lang='lat' dir='ltr'>appositus,</span> <span class='ocrx_word' id='word_1_380' title='bbox 2747 2775 2894 2831; x_wconf 91' lang='lat' dir='ltr'>intus</span> <span class='ocrx_word' id='word_1_381' title='bbox 2940 2792 3165 2833; x_wconf 90' lang='lat' dir='ltr'>sensere</span> <span class='ocrx_word' id='word_1_382' title='bbox 3192 2777 3504 2850; x_wconf 87' lang='lat' dir='ltr'>loquentem</span> 
     </span>
    </p>
   </div>
   <div class='ocr_carea' id='block_1_62' title="bbox 2138 2863 3595 2939">
    <p class='ocr_par' dir='ltr' id='par_1_62' title="bbox 2138 2863 3595 2939">
     <span class='ocr_line' id='line_1_62' title="bbox 2138 2863 3595 2939; baseline 0.001 -21"><span class='ocrx_word' id='word_1_383' title='bbox 2138 2863 2578 2935; x_wconf 90' lang='lat' dir='ltr'>Psallentemque</span> <span class='ocrx_word' id='word_1_384' title='bbox 2623 2865 2741 2919; x_wconf 91' lang='lat' dir='ltr'>Deo</span> <span class='ocrx_word' id='word_1_385' title='bbox 2768 2864 2957 2920; x_wconf 89' lang='lat' dir='ltr'>laudes</span> <span class='ocrx_word' id='word_1_386' title='bbox 2984 2873 3279 2939; x_wconf 86' lang='lat' dir='ltr'>gratesque</span> <span class='ocrx_word' id='word_1_387' title='bbox 3308 2865 3595 2921; x_wconf 87' lang='lat' dir='ltr'>ferentem.</span> 
     </span>
    </p>
   </div>
   <div class='ocr_carea' id='block_1_63' title="bbox 2139 2952 3605 3025">
    <p class='ocr_par' dir='ltr' id='par_1_63' title="bbox 2139 2952 3605 3025">
     <span class='ocr_line' id='line_1_63' title="bbox 2139 2952 3605 3025; baseline 0.001 -18"><span class='ocrx_word' id='word_1_388' title='bbox 2139 2952 2388 3007; x_wconf 90' lang='lat' dir='ltr'>Forsitan</span> <span class='ocrx_word' id='word_1_389' title='bbox 2415 2953 2534 3007; x_wconf 73' lang='lat' dir='ltr'>haec</span> <span class='ocrx_word' id='word_1_390' title='bbox 2577 2952 2784 3008; x_wconf 87' lang='lat' dir='ltr'>sanctis</span> <span class='ocrx_word' id='word_1_391' title='bbox 2813 2954 3071 3008; x_wconf 88' lang='lat' dir='ltr'>Mammes</span> <span class='ocrx_word' id='word_1_392' title='bbox 3102 2954 3416 3025; x_wconf 87' lang='lat' dir='ltr'>permiscuit</span> <span class='ocrx_word' id='word_1_393' title='bbox 3442 2953 3605 3010; x_wconf 88' lang='lat' dir='ltr'>odis:</span> 
     </span>
    </p>
   </div>
   <div class='ocr_carea' id='block_1_64' title="bbox 2138 3040 3505 3117">
    <p class='ocr_par' dir='ltr' id='par_1_64' title="bbox 2138 3040 3505 3117">
     <span class='ocr_line' id='line_1_64' title="bbox 2138 3040 3505 3117; baseline 0.003 -23"><span class='ocrx_word' id='word_1_394' title='bbox 2138 3040 2338 3096; x_wconf 89' lang='lat' dir='ltr'>Fecisti</span> <span class='ocrx_word' id='word_1_395' title='bbox 2369 3056 2490 3107; x_wconf 91' lang='lat' dir='ltr'>nos,</span> <span class='ocrx_word' id='word_1_396' title='bbox 2523 3056 2727 3112; x_wconf 84' lang='lat' dir='ltr'>magne</span> <span class='ocrx_word' id='word_1_397' title='bbox 2760 3042 2928 3111; x_wconf 89' lang='lat' dir='ltr'>Deus,</span> <span class='ocrx_word' id='word_1_398' title='bbox 2957 3043 3188 3098; x_wconf 89' lang='lat' dir='ltr'>transire</span> <span class='ocrx_word' id='word_1_399' title='bbox 3216 3059 3317 3114; x_wconf 87' lang='lat' dir='ltr'>per</span> <span class='ocrx_word' id='word_1_400' title='bbox 3345 3044 3505 3117; x_wconf 86' lang='lat' dir='ltr'>ignes</span> 
     </span>
    </p>
   </div>
   <div class='ocr_carea' id='block_1_65' title="bbox 2140 3129 3640 3204">
    <p class='ocr_par' dir='ltr' id='par_1_65' title="bbox 2140 3129 3640 3204">
     <span class='ocr_line' id='line_1_65' title="bbox 2140 3129 3640 3204; baseline 0.001 -20"><span class='ocrx_word' id='word_1_401' title='bbox 2140 3129 2512 3202; x_wconf 88' lang='lat' dir='ltr'>Fluminaque,</span> <span class='ocrx_word' id='word_1_402' title='bbox 2544 3137 2598 3185; x_wconf 91' lang='lat' dir='ltr'>et</span> <span class='ocrx_word' id='word_1_403' title='bbox 2626 3129 2816 3184; x_wconf 88' lang='lat' dir='ltr'>reddis</span> <span class='ocrx_word' id='word_1_404' title='bbox 2843 3138 2971 3201; x_wconf 81' lang='lat' dir='ltr'>post</span> <span class='ocrx_word' id='word_1_405' title='bbox 2998 3131 3181 3187; x_wconf 86' lang='lat' dir='ltr'>omnia</span> <span class='ocrx_word' id='word_1_406' title='bbox 3208 3131 3347 3186; x_wconf 89' lang='lat' dir='ltr'>dura</span> <span class='ocrx_word' id='word_1_407' title='bbox 3377 3132 3640 3204; x_wconf 88' lang='lat' dir='ltr'>quietem.</span> 
     </span>
    </p>
   </div>
   <div class='ocr_carea' id='block_1_66' title="bbox 434 3217 2011 3305">
    <p class='ocr_par' dir='ltr' id='par_1_66' title="bbox 434 3217 2011 3305">
     <span class='ocr_line' id='line_1_66' title="bbox 434 3217 2011 3305; baseline 0.001 -18"><span class='ocrx_word' id='word_1_408' title='bbox 434 3233 526 3288; x_wconf 90' lang='lat' dir='ltr'>Ira</span> <span class='ocrx_word' id='word_1_409' title='bbox 541 3217 673 3289; x_wconf 89' lang='lat' dir='ltr'>licet</span> <span class='ocrx_word' id='word_1_410' title='bbox 685 3233 819 3289; x_wconf 89' lang='lat' dir='ltr'>dare</span> <span class='ocrx_word' id='word_1_411' title='bbox 839 3234 1008 3289; x_wconf 89' lang='lat' dir='ltr'>verba</span> <span class='ocrx_word' id='word_1_412' title='bbox 1027 3240 1190 3302; x_wconf 84' lang='lat' dir='ltr'>vetet,</span> <span class='ocrx_word' id='word_1_413' title='bbox 1214 3241 1397 3287; x_wconf 87' lang='lat' dir='ltr'>tamen</span> <span class='ocrx_word' id='word_1_414' title='bbox 1414 3233 1531 3289; x_wconf 71' lang='lat' dir='ltr'>haec</span> <span class='ocrx_word' id='word_1_415' title='bbox 1551 3248 1766 3305; x_wconf 90' lang='lat' dir='ltr'>quoque</span> <span class='ocrx_word' id='word_1_416' title='bbox 1784 3244 2011 3305; x_wconf 66' lang='lat' dir='ltr'>praeses</span> 
     </span>
    </p>
   </div>
   <div class='ocr_carea' id='block_1_67' title="bbox 2124 3217 3456 3305">
    <p class='ocr_par' dir='ltr' id='par_1_67' title="bbox 2138 3217 3456 3293">
     <span class='ocr_line' id='line_1_67' title="bbox 2138 3217 3456 3293; baseline 0.002 -21"><span class='ocrx_word' id='word_1_417' title='bbox 2138 3217 2384 3287; x_wconf 84' lang='lat' dir='ltr'>Attoniti,</span> <span class='ocrx_word' id='word_1_418' title='bbox 2416 3226 2715 3289; x_wconf 89' lang='lat' dir='ltr'>properata</span> <span class='ocrx_word' id='word_1_419' title='bbox 2742 3226 2997 3289; x_wconf 90' lang='lat' dir='ltr'>premunt</span> <span class='ocrx_word' id='word_1_420' title='bbox 3046 3220 3280 3293; x_wconf 83' lang='lat' dir='ltr'>vestigia</span> <span class='ocrx_word' id='word_1_421' title='bbox 3310 3227 3456 3275; x_wconf 83' lang='lat' dir='ltr'>retro</span> 
     </span>
    </p>
   </div>
   <div class='ocr_carea' id='block_1_68' title="bbox 436 3319 1693 3393">
    <p class='ocr_par' dir='ltr' id='par_1_68' title="bbox 436 3319 1693 3393">
     <span class='ocr_line' id='line_1_68' title="bbox 436 3319 1693 3393; baseline 0.002 -18"><span class='ocrx_word' id='word_1_422' title='bbox 436 3319 659 3375; x_wconf 84' lang='lat' dir='ltr'>Alcides</span> <span class='ocrx_word' id='word_1_423' title='bbox 689 3320 830 3375; x_wconf 91' lang='lat' dir='ltr'>votis</span> <span class='ocrx_word' id='word_1_424' title='bbox 858 3336 1198 3393; x_wconf 89' lang='lat' dir='ltr'>magnusque</span> <span class='ocrx_word' id='word_1_425' title='bbox 1227 3320 1438 3377; x_wconf 89' lang='lat' dir='ltr'>colatur</span> <span class='ocrx_word' id='word_1_426' title='bbox 1479 3320 1693 3393; x_wconf 86' lang='lat' dir='ltr'>Apollo,</span> 
     </span>
    </p>
   </div>
   <div class='ocr_carea' id='block_1_69' title="bbox 436 3407 1930 3481">
    <p class='ocr_par' dir='ltr' id='par_1_69' title="bbox 436 3407 1930 3481">
     <span class='ocr_line' id='line_1_69' title="bbox 436 3407 1930 3481; baseline 0.002 -19"><span class='ocrx_word' id='word_1_427' title='bbox 436 3407 625 3463; x_wconf 89' lang='lat' dir='ltr'>Proles</span> <span class='ocrx_word' id='word_1_428' title='bbox 654 3417 841 3464; x_wconf 89' lang='lat' dir='ltr'>sancta</span> <span class='ocrx_word' id='word_1_429' title='bbox 861 3409 1030 3465; x_wconf 85' lang='lat' dir='ltr'>Jovis.</span> <span class='ocrx_word' id='word_1_430' title='bbox 1062 3410 1198 3465; x_wconf 91' lang='lat' dir='ltr'>Tum</span> <span class='ocrx_word' id='word_1_431' title='bbox 1226 3410 1485 3466; x_wconf 89' lang='lat' dir='ltr'>Mammes</span> <span class='ocrx_word' id='word_1_432' title='bbox 1503 3409 1747 3481; x_wconf 90' lang='lat' dir='ltr'>protinus</span> <span class='ocrx_word' id='word_1_433' title='bbox 1768 3409 1885 3465; x_wconf 86' lang='lat' dir='ltr'>infit</span> <span class='ocrx_word' id='word_1_434' title='bbox 1917 3429 1930 3465; x_wconf 93' lang='lat'><strong>:</strong></span> 
     </span>
    </p>
   </div>
   <div class='ocr_carea' id='block_1_70' title="bbox 436 3495 1752 3571">
    <p class='ocr_par' dir='ltr' id='par_1_70' title="bbox 436 3495 1752 3571">
     <span class='ocr_line' id='line_1_70' title="bbox 436 3495 1752 3571; baseline 0.002 -19"><span class='ocrx_word' id='word_1_435' title='bbox 436 3495 777 3553; x_wconf 87' lang='lat' dir='ltr'>Conveniunt</span> <span class='ocrx_word' id='word_1_436' title='bbox 822 3507 912 3553; x_wconf 88' lang='lat' dir='ltr'>tua</span> <span class='ocrx_word' id='word_1_437' title='bbox 948 3498 1095 3555; x_wconf 90' lang='lat' dir='ltr'>dicta</span> <span class='ocrx_word' id='word_1_438' title='bbox 1123 3498 1228 3556; x_wconf 90' lang='lat' dir='ltr'>tuis</span> <span class='ocrx_word' id='word_1_439' title='bbox 1274 3499 1554 3554; x_wconf 89' lang='lat' dir='ltr'>erroribus</span> <span class='ocrx_word' id='word_1_440' title='bbox 1600 3514 1752 3571; x_wconf 82' lang='lat' dir='ltr'>ergo,</span> 
     </span>
    </p>
   </div>
   <div class='ocr_carea' id='block_1_71' title="bbox 432 3584 1890 3660">
    <p class='ocr_par' dir='ltr' id='par_1_71' title="bbox 432 3584 1890 3660">
     <span class='ocr_line' id='line_1_71' title="bbox 432 3584 1890 3660; baseline -0.003 -14"><span class='ocrx_word' id='word_1_441' title='bbox 432 3584 699 3655; x_wconf 84' lang='lat' dir='ltr'>Perditio,</span> <span class='ocrx_word' id='word_1_442' title='bbox 734 3587 878 3660; x_wconf 90' lang='lat' dir='ltr'>quod</span> <span class='ocrx_word' id='word_1_443' title='bbox 922 3588 1117 3658; x_wconf 88' lang='lat' dir='ltr'>Apollo</span> <span class='ocrx_word' id='word_1_444' title='bbox 1146 3595 1319 3654; x_wconf 90' lang='lat' dir='ltr'>sonat,</span> <span class='ocrx_word' id='word_1_445' title='bbox 1352 3596 1566 3645; x_wconf 89' lang='lat' dir='ltr'>vastare</span> <span class='ocrx_word' id='word_1_446' title='bbox 1596 3588 1890 3655; x_wconf 90' lang='lat' dir='ltr'>colentum,</span> 
     </span>
    </p>
   </div>
   <div class='ocr_carea' id='block_1_72' title="bbox 432 3675 1821 3750">
    <p class='ocr_par' dir='ltr' id='par_1_72' title="bbox 432 3675 1821 3750">
     <span class='ocr_line' id='line_1_72' title="bbox 432 3675 1821 3750; baseline -0.004 -13"><span class='ocrx_word' id='word_1_447' title='bbox 432 3681 556 3738; x_wconf 89' lang='lat' dir='ltr'>Non</span> <span class='ocrx_word' id='word_1_448' title='bbox 587 3677 804 3734; x_wconf 89' lang='lat' dir='ltr'>salvare</span> <span class='ocrx_word' id='word_1_449' title='bbox 830 3675 1037 3730; x_wconf 87' lang='lat' dir='ltr'>animas</span> <span class='ocrx_word' id='word_1_450' title='bbox 1057 3692 1203 3732; x_wconf 64' lang='lat' dir='ltr'>saevo</span> <span class='ocrx_word' id='word_1_451' title='bbox 1230 3676 1368 3733; x_wconf 89' lang='lat' dir='ltr'>solet</span> <span class='ocrx_word' id='word_1_452' title='bbox 1395 3677 1524 3750; x_wconf 88' lang='lat' dir='ltr'>igne</span> <span class='ocrx_word' id='word_1_453' title='bbox 1540 3677 1821 3732; x_wconf 91' lang='lat' dir='ltr'>tenendas.</span> 
     </span>
    </p>
   </div>
   <div class='ocr_carea' id='block_1_73' title="bbox 433 3764 1580 3837">
    <p class='ocr_par' dir='ltr' id='par_1_73' title="bbox 433 3764 1580 3837">
     <span class='ocr_line' id='line_1_73' title="bbox 433 3764 1580 3837; baseline -0.004 -12"><span class='ocrx_word' id='word_1_454' title='bbox 433 3769 532 3825; x_wconf 85' lang='lat' dir='ltr'>His</span> <span class='ocrx_word' id='word_1_455' title='bbox 561 3765 719 3822; x_wconf 89' lang='lat' dir='ltr'>simul</span> <span class='ocrx_word' id='word_1_456' title='bbox 748 3764 945 3820; x_wconf 88' lang='lat' dir='ltr'>auditis</span> <span class='ocrx_word' id='word_1_457' title='bbox 972 3764 1112 3821; x_wconf 88' lang='lat' dir='ltr'>irato</span> <span class='ocrx_word' id='word_1_458' title='bbox 1154 3773 1373 3837; x_wconf 89' lang='lat' dir='ltr'>pectore</span> <span class='ocrx_word' id='word_1_459' title='bbox 1409 3765 1580 3834; x_wconf 88' lang='lat' dir='ltr'>judex</span> 
     </span>
    </p>
   </div>
   <div class='ocr_carea' id='block_1_74' title="bbox 431 3852 1777 3926">
    <p class='ocr_par' dir='ltr' id='par_1_74' title="bbox 431 3852 1777 3926">
     <span class='ocr_line' id='line_1_74' title="bbox 431 3852 1777 3926; baseline -0.004 -13"><span class='ocrx_word' id='word_1_460' title='bbox 431 3857 609 3915; x_wconf 88' lang='lat' dir='ltr'>Triste</span> <span class='ocrx_word' id='word_1_461' title='bbox 636 3853 895 3925; x_wconf 85' lang='lat' dir='ltr'>Dionysio</span> <span class='ocrx_word' id='word_1_462' title='bbox 922 3854 1139 3909; x_wconf 64' lang='lat' dir='ltr'>Satanae</span> <span class='ocrx_word' id='word_1_463' title='bbox 1166 3854 1489 3926; x_wconf 89' lang='lat' dir='ltr'>Zosimoque</span> <span class='ocrx_word' id='word_1_464' title='bbox 1518 3852 1777 3908; x_wconf 89' lang='lat' dir='ltr'>ministris</span> 
     </span>
    </p>
   </div>
   <div class='ocr_carea' id='block_1_75' title="bbox 433 3932 1895 4015">
    <p class='ocr_par' dir='ltr' id='par_1_75' title="bbox 433 3932 1895 4015">
     <span class='ocr_line' id='line_1_75' title="bbox 433 3932 1895 4015; baseline -0.003 -13"><span class='ocrx_word' id='word_1_465' title='bbox 433 3945 653 4002; x_wconf 87' lang='lat' dir='ltr'>Mandat</span> <span class='ocrx_word' id='word_1_466' title='bbox 683 3958 821 4015; x_wconf 92' lang='lat' dir='ltr'>opus</span> <span class='ocrx_word' id='word_1_467' title='bbox 850 3950 1207 4015; x_wconf 87' lang='lat' dir='ltr'>sanctumque</span> <span class='ocrx_word' id='word_1_468' title='bbox 1230 3942 1385 4011; x_wconf 90' lang='lat' dir='ltr'>jubet</span> <span class='ocrx_word' id='word_1_469' title='bbox 1424 3943 1667 3998; x_wconf 88' lang='lat' dir='ltr'>cruciare</span> <span class='ocrx_word' id='word_1_470' title='bbox 1696 3932 1895 3998; x_wconf 86' lang='lat' dir='ltr'>camini</span> 
     </span>
    </p>
   </div>
   <div class='ocr_carea' id='block_1_76' title="bbox 435 4030 1748 4109">
    <p class='ocr_par' dir='ltr' id='par_1_76' title="bbox 435 4030 1748 4109">
     <span class='ocr_line' id='line_1_76' title="bbox 435 4030 1748 4109; baseline -0.004 -19"><span class='ocrx_word' id='word_1_471' title='bbox 435 4033 680 4109; x_wconf 88' lang='lat' dir='ltr'>Ignibus,</span> <span class='ocrx_word' id='word_1_472' title='bbox 708 4039 766 4087; x_wconf 91' lang='lat' dir='ltr'>ut</span> <span class='ocrx_word' id='word_1_473' title='bbox 793 4038 931 4087; x_wconf 89' lang='lat' dir='ltr'>totas</span> <span class='ocrx_word' id='word_1_474' title='bbox 961 4030 1255 4087; x_wconf 88' lang='lat' dir='ltr'>confundat</span> <span class='ocrx_word' id='word_1_475' title='bbox 1275 4030 1491 4086; x_wconf 88' lang='lat' dir='ltr'>ﬂamma</span> <span class='ocrx_word' id='word_1_476' title='bbox 1521 4030 1748 4087; x_wconf 83' lang='lat' dir='ltr'>favillas.</span> 
     </span>
    </p>
   </div>
   <div class='ocr_carea' id='block_1_77' title="bbox 1003 4145 1433 4200">
    <p class='ocr_par' dir='ltr' id='par_1_77' title="bbox 1003 4145 1433 4200">
     <span class='ocr_line' id='line_1_77' title="bbox 1003 4145 1433 4200; baseline -0.002 0"><span class='ocrx_word' id='word_1_477' title='bbox 1003 4145 1227 4200; x_wconf 85' lang='lat' dir='ltr'>CAPUT</span> <span class='ocrx_word' id='word_1_478' title='bbox 1262 4145 1433 4200; x_wconf 85' lang='lat' dir='ltr'><strong>XVII.</strong></span> 
     </span>
    </p>
   </div>
   <div class='ocr_carea' id='block_1_78' title="bbox 2138 3306 3458 3378">
    <p class='ocr_par' dir='ltr' id='par_1_78' title="bbox 2138 3306 3458 3378">
     <span class='ocr_line' id='line_1_78' title="bbox 2138 3306 3458 3378; baseline 0.002 -18"><span class='ocrx_word' id='word_1_479' title='bbox 2138 3306 2345 3362; x_wconf 85' lang='lat' dir='ltr'>Judicis</span> <span class='ocrx_word' id='word_1_480' title='bbox 2373 3308 2491 3362; x_wconf 71' lang='lat' dir='ltr'>haec</span> <span class='ocrx_word' id='word_1_481' title='bbox 2520 3306 2715 3363; x_wconf 90' lang='lat' dir='ltr'>rabido</span> <span class='ocrx_word' id='word_1_482' title='bbox 2762 3315 3048 3378; x_wconf 86' lang='lat' dir='ltr'>portantes</span> <span class='ocrx_word' id='word_1_483' title='bbox 3075 3307 3222 3364; x_wconf 89' lang='lat' dir='ltr'>dicta</span> <span class='ocrx_word' id='word_1_484' title='bbox 3266 3307 3458 3364; x_wconf 85' lang='lat' dir='ltr'>furori.</span> 
     </span>
    </p>
   </div>
   <div class='ocr_carea' id='block_1_79' title="bbox 2140 3394 3708 3470">
    <p class='ocr_par' dir='ltr' id='par_1_79' title="bbox 2140 3394 3708 3470">
     <span class='ocr_line' id='line_1_79' title="bbox 2140 3394 3708 3470; baseline 0.001 -20"><span class='ocrx_word' id='word_1_485' title='bbox 2140 3394 2239 3451; x_wconf 85' lang='lat' dir='ltr'>Hic</span> <span class='ocrx_word' id='word_1_486' title='bbox 2260 3396 2422 3450; x_wconf 88' lang='lat' dir='ltr'>homo</span> <span class='ocrx_word' id='word_1_487' title='bbox 2442 3411 2552 3451; x_wconf 92' lang='lat' dir='ltr'>non</span> <span class='ocrx_word' id='word_1_488' title='bbox 2568 3411 2766 3470; x_wconf 90' lang='lat' dir='ltr'>magus</span> <span class='ocrx_word' id='word_1_489' title='bbox 2779 3404 2882 3467; x_wconf 90' lang='lat' dir='ltr'>est,</span> <span class='ocrx_word' id='word_1_490' title='bbox 2905 3412 3110 3467; x_wconf 75' lang='lat' dir='ltr'>przeses</span> <span class='ocrx_word' id='word_1_491' title='bbox 3126 3398 3291 3454; x_wconf 91' lang='lat' dir='ltr'>crede</span> <span class='ocrx_word' id='word_1_492' title='bbox 3311 3396 3516 3469; x_wconf 89' lang='lat' dir='ltr'>optime</span> <span class='ocrx_word' id='word_1_493' title='bbox 3530 3396 3708 3463; x_wconf 87' lang='lat' dir='ltr'>nobis,</span> 
     </span>
    </p>
   </div>
   <div class='ocr_carea' id='block_1_80' title="bbox 2140 3482 3542 3555">
    <p class='ocr_par' dir='ltr' id='par_1_80' title="bbox 2140 3482 3542 3555">
     <span class='ocr_line' id='line_1_80' title="bbox 2140 3482 3542 3555; baseline 0.001 -15"><span class='ocrx_word' id='word_1_494' title='bbox 2140 3483 2248 3540; x_wconf 92' lang='lat' dir='ltr'>Sed</span> <span class='ocrx_word' id='word_1_495' title='bbox 2266 3482 2448 3554; x_wconf 89' lang='lat' dir='ltr'>potius</span> <span class='ocrx_word' id='word_1_496' title='bbox 2481 3482 2678 3540; x_wconf 90' lang='lat' dir='ltr'>virtute</span> <span class='ocrx_word' id='word_1_497' title='bbox 2708 3484 2827 3553; x_wconf 92' lang='lat' dir='ltr'>Dei,</span> <span class='ocrx_word' id='word_1_498' title='bbox 2863 3500 2975 3540; x_wconf 90' lang='lat' dir='ltr'>non</span> <span class='ocrx_word' id='word_1_499' title='bbox 3019 3485 3278 3555; x_wconf 88' lang='lat' dir='ltr'>carmine,</span> <span class='ocrx_word' id='word_1_500' title='bbox 3313 3486 3542 3542; x_wconf 89' lang='lat' dir='ltr'>vincens</span> 
     </span>
    </p>
   </div>
   <div class='ocr_carea' id='block_1_81' title="bbox 2139 3570 3442 3644">
    <p class='ocr_par' dir='ltr' id='par_1_81' title="bbox 2139 3570 3442 3644">
     <span class='ocr_line' id='line_1_81' title="bbox 2139 3570 3442 3644; baseline 0.003 -18"><span class='ocrx_word' id='word_1_501' title='bbox 2139 3570 2370 3627; x_wconf 66' lang='lat' dir='ltr'>Saevitiae</span> <span class='ocrx_word' id='word_1_502' title='bbox 2399 3578 2664 3626; x_wconf 90' lang='lat' dir='ltr'>tormenta</span> <span class='ocrx_word' id='word_1_503' title='bbox 2694 3578 2819 3641; x_wconf 84' lang='lat' dir='ltr'>tuae,</span> <span class='ocrx_word' id='word_1_504' title='bbox 2857 3588 3020 3644; x_wconf 90' lang='lat' dir='ltr'>quem</span> <span class='ocrx_word' id='word_1_505' title='bbox 3068 3573 3290 3629; x_wconf 88' lang='lat' dir='ltr'>sedulus</span> <span class='ocrx_word' id='word_1_506' title='bbox 3319 3580 3442 3630; x_wconf 85' lang='lat' dir='ltr'>orat</span> 
     </span>
    </p>
   </div>
   <div class='ocr_carea' id='block_1_82' title="bbox 2138 3658 3646 3734">
    <p class='ocr_par' dir='ltr' id='par_1_82' title="bbox 2138 3658 3646 3734">
     <span class='ocr_line' id='line_1_82' title="bbox 2138 3658 3646 3734; baseline 0 -18"><span class='ocrx_word' id='word_1_507' title='bbox 2138 3659 2249 3716; x_wconf 92' lang='lat' dir='ltr'>Sub</span> <span class='ocrx_word' id='word_1_508' title='bbox 2278 3658 2495 3715; x_wconf 89' lang='lat' dir='ltr'>Christo</span> <span class='ocrx_word' id='word_1_509' title='bbox 2534 3658 2779 3715; x_wconf 89' lang='lat' dir='ltr'>salvante</span> <span class='ocrx_word' id='word_1_510' title='bbox 2820 3660 2983 3717; x_wconf 88' lang='lat' dir='ltr'>valet.</span> <span class='ocrx_word' id='word_1_511' title='bbox 3016 3662 3127 3718; x_wconf 89' lang='lat' dir='ltr'>Sed</span> <span class='ocrx_word' id='word_1_512' title='bbox 3155 3678 3382 3734; x_wconf 75' lang='lat' dir='ltr'>praeses,</span> <span class='ocrx_word' id='word_1_513' title='bbox 3411 3669 3469 3717; x_wconf 89' lang='lat' dir='ltr'>ut</span> <span class='ocrx_word' id='word_1_514' title='bbox 3496 3660 3646 3717; x_wconf 85' lang='lat' dir='ltr'>audit</span> 
     </span>
    </p>
   </div>
   <div class='ocr_carea' id='block_1_83' title="bbox 2135 3747 3674 3823">
    <p class='ocr_par' dir='ltr' id='par_1_83' title="bbox 2135 3747 3674 3823">
     <span class='ocr_line' id='line_1_83' title="bbox 2135 3747 3674 3823; baseline -0.001 -18"><span class='ocrx_word' id='word_1_515' title='bbox 2135 3748 2258 3805; x_wconf 90' lang='lat' dir='ltr'>Non</span> <span class='ocrx_word' id='word_1_516' title='bbox 2286 3747 2448 3820; x_wconf 83' lang='lat' dir='ltr'>ignes</span> <span class='ocrx_word' id='word_1_517' title='bbox 2467 3747 2713 3820; x_wconf 89' lang='lat' dir='ltr'>tetigisse</span> <span class='ocrx_word' id='word_1_518' title='bbox 2742 3747 2920 3804; x_wconf 90' lang='lat' dir='ltr'>virum</span> <span class='ocrx_word' id='word_1_519' title='bbox 2953 3768 2967 3804; x_wconf 88' lang='lat'>:</span> <span class='ocrx_word' id='word_1_520' title='bbox 2999 3750 3159 3807; x_wconf 88' lang='lat' dir='ltr'>Nunc</span> <span class='ocrx_word' id='word_1_521' title='bbox 3189 3751 3447 3819; x_wconf 88' lang='lat' dir='ltr'>arbitror,</span> <span class='ocrx_word' id='word_1_522' title='bbox 3481 3750 3674 3823; x_wconf 86' lang='lat' dir='ltr'>inquit,</span> 
     </span>
    </p>
   </div>
   <div class='ocr_carea' id='block_1_84' title="bbox 2133 3836 3571 3909">
    <p class='ocr_par' dir='ltr' id='par_1_84' title="bbox 2133 3836 3571 3909">
     <span class='ocr_line' id='line_1_84' title="bbox 2133 3836 3571 3909; baseline 0.001 -16"><span class='ocrx_word' id='word_1_523' title='bbox 2133 3837 2250 3893; x_wconf 91' lang='lat' dir='ltr'>Nos</span> <span class='ocrx_word' id='word_1_524' title='bbox 2280 3836 2526 3909; x_wconf 89' lang='lat' dir='ltr'>magicos</span> <span class='ocrx_word' id='word_1_525' title='bbox 2557 3851 2823 3909; x_wconf 86' lang='lat' dir='ltr'>superare</span> <span class='ocrx_word' id='word_1_526' title='bbox 2842 3838 3020 3907; x_wconf 89' lang='lat' dir='ltr'>dolos,</span> <span class='ocrx_word' id='word_1_527' title='bbox 3065 3839 3226 3895; x_wconf 82' lang='lat' dir='ltr'>miles</span> <span class='ocrx_word' id='word_1_528' title='bbox 3254 3847 3437 3895; x_wconf 89' lang='lat' dir='ltr'>tamen</span> <span class='ocrx_word' id='word_1_529' title='bbox 3466 3838 3571 3895; x_wconf 90' lang='lat' dir='ltr'>ibis</span> 
     </span>
    </p>
   </div>
   <div class='ocr_carea' id='block_1_85' title="bbox 2137 3924 3533 3997">
    <p class='ocr_par' dir='ltr' id='par_1_85' title="bbox 2137 3924 3533 3997">
     <span class='ocr_line' id='line_1_85' title="bbox 2137 3924 3533 3997; baseline 0.001 -17"><span class='ocrx_word' id='word_1_530' title='bbox 2137 3925 2500 3997; x_wconf 86' lang='lat' dir='ltr'>Adducesque</span> <span class='ocrx_word' id='word_1_531' title='bbox 2529 3924 2707 3982; x_wconf 89' lang='lat' dir='ltr'>virum</span> <span class='ocrx_word' id='word_1_532' title='bbox 2737 3942 2752 3979; x_wconf 93' lang='lat'>:</span> <span class='ocrx_word' id='word_1_533' title='bbox 2784 3940 2895 3981; x_wconf 89' lang='lat' dir='ltr'>non</span> <span class='ocrx_word' id='word_1_534' title='bbox 2922 3943 3012 3983; x_wconf 91' lang='lat' dir='ltr'>me</span> <span class='ocrx_word' id='word_1_535' title='bbox 3058 3927 3274 3983; x_wconf 88' lang='lat' dir='ltr'>vivente</span> <span class='ocrx_word' id='word_1_536' title='bbox 3306 3927 3533 3983; x_wconf 85' lang='lat' dir='ltr'>recedet</span> 
     </span>
    </p>
   </div>
   <div class='ocr_carea' id='block_1_86' title="bbox 2139 4013 3478 4087">
    <p class='ocr_par' dir='ltr' id='par_1_86' title="bbox 2139 4013 3478 4087">
     <span class='ocr_line' id='line_1_86' title="bbox 2139 4013 3478 4087; baseline -0.001 -17"><span class='ocrx_word' id='word_1_537' title='bbox 2139 4014 2314 4070; x_wconf 88' lang='lat' dir='ltr'>Sanus</span> <span class='ocrx_word' id='word_1_538' title='bbox 2343 4021 2397 4070; x_wconf 91' lang='lat' dir='ltr'>et</span> <span class='ocrx_word' id='word_1_539' title='bbox 2422 4013 2745 4083; x_wconf 86' lang='lat' dir='ltr'>incolumis,</span> <span class='ocrx_word' id='word_1_540' title='bbox 2779 4015 2956 4087; x_wconf 70' lang='lat' dir='ltr'>pmnis</span> <span class='ocrx_word' id='word_1_541' title='bbox 2983 4016 3232 4073; x_wconf 87' lang='lat' dir='ltr'>vincetur</span> <span class='ocrx_word' id='word_1_542' title='bbox 3259 4015 3478 4071; x_wconf 87' lang='lat' dir='ltr'>amaris.</span> 
     </span>
    </p>
   </div>
   <div class='ocr_carea' id='block_1_87' title="bbox 2744 4137 3142 4198">
    <p class='ocr_par' dir='ltr' id='par_1_87' title="bbox 2744 4137 3142 4198">
     <span class='ocr_line' id='line_1_87' title="bbox 2744 4137 3142 4198; baseline 0 -3"><span class='ocrx_word' id='word_1_543' title='bbox 2744 4137 2969 4198; x_wconf 83' lang='lat' dir='ltr'>CAPUT</span> <span class='ocrx_word' id='word_1_544' title='bbox 2987 4140 3142 4196; x_wconf 86' lang='lat' dir='ltr'><strong>XIX.</strong></span> 
     </span>
    </p>
   </div>
   <div class='ocr_carea' id='block_1_88' title="bbox 443 4226 3739 4307">
    <p class='ocr_par' dir='ltr' id='par_1_88' title="bbox 443 4226 3739 4307">
     <span class='ocr_line' id='line_1_88' title="bbox 443 4226 3739 4307; baseline -0 -14"><span class='ocrx_word' id='word_1_545' title='bbox 443 4236 698 4307; x_wconf 83' lang='lat' dir='ltr'>Qualiter</span> <span class='ocrx_word' id='word_1_546' title='bbox 726 4237 790 4292; x_wconf 84' lang='lat' dir='ltr'>in</span> <span class='ocrx_word' id='word_1_547' title='bbox 817 4235 1040 4307; x_wconf 77' lang='lat' dir='ltr'>camino</span> <span class='ocrx_word' id='word_1_548' title='bbox 1068 4235 1175 4307; x_wconf 76' lang='lat' dir='ltr'>Deo</span> <span class='ocrx_word' id='word_1_549' title='bbox 1193 4236 1411 4305; x_wconf 78' lang='lat' dir='ltr'>gratias</span> <span class='ocrx_word' id='word_1_550' title='bbox 1432 4235 1700 4290; x_wconf 82' lang='lat' dir='ltr'>retulerit</span> <span class='ocrx_word' id='word_1_551' title='bbox 1726 4251 1784 4290; x_wconf 82' lang='lat' dir='ltr'>se</span> <span class='ocrx_word' id='word_1_552' title='bbox 1815 4236 1881 4290; x_wconf 84' lang='lat' dir='ltr'>ab</span> <span class='ocrx_word' id='word_1_553' title='bbox 1914 4235 2038 4306; x_wconf 80' lang='lat' dir='ltr'>igne</span> <span class='ocrx_word' id='word_1_554' title='bbox 2142 4226 2623 4295; x_wconf 68' lang='lat' dir='ltr'>Quemadmodum</span> <span class='ocrx_word' id='word_1_555' title='bbox 2652 4228 2852 4307; x_wconf 53' lang='grc' dir='ltr'>ϐάψειο</span> <span class='ocrx_word' id='word_1_556' title='bbox 2878 4244 3112 4307; x_wconf 52' lang='lat' dir='ltr'>prmo-5</span> <span class='ocrx_word' id='word_1_557' title='bbox 3148 4228 3463 4307; x_wconf 70' lang='lat' dir='ltr'>et__magica</span> <span class='ocrx_word' id='word_1_558' title='bbox 3490 4227 3739 4302; x_wconf 71' lang='grc' dir='ltr'>ηεθαηιὶν</span> 
     </span>
    </p>
   </div>
   <div class='ocr_carea' id='block_1_89' title="bbox 1005 4305 1502 4376">
    <p class='ocr_par' dir='ltr' id='par_1_89' title="bbox 1005 4305 1502 4376">
     <span class='ocr_line' id='line_1_89' title="bbox 1005 4305 1502 4376; baseline -0.004 -16"><span class='ocrx_word' id='word_1_559' title='bbox 1005 4305 1138 4360; x_wconf 73' lang='grc' dir='ltr'>ιτεάὶ</span> <span class='ocrx_word' id='word_1_560' title='bbox 1164 4321 1280 4360; x_wconf 79' lang='lat' dir='ltr'>non</span> <span class='ocrx_word' id='word_1_561' title='bbox 1325 4320 1502 4376; x_wconf 72' lang='lat' dir='ltr'>posse.</span> 
     </span>
    </p>
   </div>
   <div class='ocr_carea' id='block_1_90' title="bbox 436 4391 1789 4468">
    <p class='ocr_par' dir='ltr' id='par_1_90' title="bbox 436 4391 1789 4468">
     <span class='ocr_line' id='line_1_90' title="bbox 436 4391 1789 4468; baseline -0.004 -16"><span class='ocrx_word' id='word_1_562' title='bbox 436 4395 682 4468; x_wconf 88' lang='lat' dir='ltr'>Cumque</span> <span class='ocrx_word' id='word_1_563' title='bbox 708 4394 811 4451; x_wconf 93' lang='lat' dir='ltr'>Dei</span> <span class='ocrx_word' id='word_1_564' title='bbox 838 4391 1014 4462; x_wconf 89' lang='lat' dir='ltr'>miles,</span> <span class='ocrx_word' id='word_1_565' title='bbox 1049 4391 1311 4447; x_wconf 92' lang='lat' dir='ltr'>deductus</span> <span class='ocrx_word' id='word_1_566' title='bbox 1338 4391 1410 4447; x_wconf 90' lang='lat' dir='ltr'>ad</span> <span class='ocrx_word' id='word_1_567' title='bbox 1446 4406 1542 4447; x_wconf 88' lang='lat' dir='ltr'>ora</span> <span class='ocrx_word' id='word_1_568' title='bbox 1571 4392 1789 4463; x_wconf 90' lang='lat' dir='ltr'>camini,</span> 
     </span>
    </p>
   </div>
   <div class='ocr_carea' id='block_1_91' title="bbox 435 4480 1721 4553">
    <p class='ocr_par' dir='ltr' id='par_1_91' title="bbox 435 4480 1721 4553">
     <span class='ocr_line' id='line_1_91' title="bbox 435 4480 1721 4553; baseline -0.004 -13"><span class='ocrx_word' id='word_1_569' title='bbox 435 4486 696 4541; x_wconf 88' lang='lat' dir='ltr'>Cerneret</span> <span class='ocrx_word' id='word_1_570' title='bbox 724 4480 959 4537; x_wconf 81' lang='lat' dir='ltr'>officium</span> <span class='ocrx_word' id='word_1_571' title='bbox 999 4495 1194 4553; x_wconf 69' lang='lat' dir='ltr'>poenas</span> <span class='ocrx_word' id='word_1_572' title='bbox 1232 4480 1425 4536; x_wconf 91' lang='lat' dir='ltr'>sudare</span> <span class='ocrx_word' id='word_1_573' title='bbox 1453 4482 1721 4552; x_wconf 90' lang='lat' dir='ltr'>parando,</span> 
     </span>
    </p>
   </div>
   <div class='ocr_carea' id='block_1_92' title="bbox 434 4568 1745 4641">
    <p class='ocr_par' dir='ltr' id='par_1_92' title="bbox 434 4568 1745 4641">
     <span class='ocr_line' id='line_1_92' title="bbox 434 4568 1745 4641; baseline -0.003 -13"><span class='ocrx_word' id='word_1_574' title='bbox 434 4572 654 4629; x_wconf 90' lang='lat' dir='ltr'>Visibus</span> <span class='ocrx_word' id='word_1_575' title='bbox 682 4569 968 4627; x_wconf 66' lang='lat' dir='ltr'>mtherium</span> <span class='ocrx_word' id='word_1_576' title='bbox 995 4570 1121 4625; x_wconf 92' lang='lat' dir='ltr'>totis</span> <span class='ocrx_word' id='word_1_577' title='bbox 1164 4569 1406 4641; x_wconf 89' lang='lat' dir='ltr'>suspexit</span> <span class='ocrx_word' id='word_1_578' title='bbox 1435 4568 1745 4641; x_wconf 83' lang='lat' dir='ltr'>Olympum,</span> 
     </span>
    </p>
   </div>
   <div class='ocr_carea' id='block_1_93' title="bbox 436 4656 1956 4731">
    <p class='ocr_par' dir='ltr' id='par_1_93' title="bbox 436 4656 1956 4731">
     <span class='ocr_line' id='line_1_93' title="bbox 436 4656 1956 4731; baseline -0.001 -14"><span class='ocrx_word' id='word_1_579' title='bbox 436 4662 567 4717; x_wconf 85' lang='lat' dir='ltr'>Haec</span> <span class='ocrx_word' id='word_1_580' title='bbox 592 4675 753 4716; x_wconf 88' lang='lat' dir='ltr'>sacra</span> <span class='ocrx_word' id='word_1_581' title='bbox 782 4659 926 4716; x_wconf 90' lang='lat' dir='ltr'>dicta</span> <span class='ocrx_word' id='word_1_582' title='bbox 951 4658 1043 4731; x_wconf 92' lang='lat' dir='ltr'>pio</span> <span class='ocrx_word' id='word_1_583' title='bbox 1074 4658 1304 4730; x_wconf 82' lang='lat' dir='ltr'>supplex</span> <span class='ocrx_word' id='word_1_584' title='bbox 1333 4658 1403 4714; x_wconf 91' lang='lat' dir='ltr'>de</span> <span class='ocrx_word' id='word_1_585' title='bbox 1425 4666 1648 4730; x_wconf 89' lang='lat' dir='ltr'>pectore</span> <span class='ocrx_word' id='word_1_586' title='bbox 1676 4656 1910 4715; x_wconf 91' lang='lat' dir='ltr'>fundens</span> <span class='ocrx_word' id='word_1_587' title='bbox 1943 4678 1956 4715; x_wconf 92' lang='lat'>:</span> 
     </span>
    </p>
   </div>
   <div class='ocr_carea' id='block_1_94' title="bbox 439 4747 1852 4823">
    <p class='ocr_par' dir='ltr' id='par_1_94' title="bbox 439 4747 1852 4823">
     <span class='ocr_line' id='line_1_94' title="bbox 439 4747 1852 4823; baseline -0.003 -16"><span class='ocrx_word' id='word_1_588' title='bbox 439 4749 486 4807; x_wconf 94' lang='grc' dir='ltr'>Ο</span> <span class='ocrx_word' id='word_1_589' title='bbox 516 4756 728 4823; x_wconf 84' lang='lat' dir='ltr'>patrum</span> <span class='ocrx_word' id='word_1_590' title='bbox 748 4755 1041 4819; x_wconf 90' lang='lat' dir='ltr'>nosterque</span> <span class='ocrx_word' id='word_1_591' title='bbox 1068 4747 1249 4814; x_wconf 88' lang='lat' dir='ltr'>timor,</span> <span class='ocrx_word' id='word_1_592' title='bbox 1282 4754 1374 4801; x_wconf 91' lang='lat' dir='ltr'>tua</span> <span class='ocrx_word' id='word_1_593' title='bbox 1417 4747 1571 4816; x_wconf 90' lang='lat' dir='ltr'>jussa</span> <span class='ocrx_word' id='word_1_594' title='bbox 1598 4748 1852 4817; x_wconf 91' lang='lat' dir='ltr'>tenendo,</span> 
     </span>
    </p>
   </div>
   <div class='ocr_carea' id='block_1_95' title="bbox 434 4834 1645 4911">
    <p class='ocr_par' dir='ltr' id='par_1_95' title="bbox 434 4834 1645 4911">
     <span class='ocr_line' id='line_1_95' title="bbox 434 4834 1645 4911; baseline -0.004 -17"><span class='ocrx_word' id='word_1_595' title='bbox 434 4839 510 4894; x_wconf 88' lang='lat' dir='ltr'>Te</span> <span class='ocrx_word' id='word_1_596' title='bbox 538 4844 760 4911; x_wconf 90' lang='lat' dir='ltr'>propter</span> <span class='ocrx_word' id='word_1_597' title='bbox 784 4836 964 4908; x_wconf 88' lang='lat' dir='ltr'>patior</span> <span class='ocrx_word' id='word_1_598' title='bbox 990 4834 1266 4891; x_wconf 90' lang='lat' dir='ltr'>furibundi</span> <span class='ocrx_word' id='word_1_599' title='bbox 1288 4834 1488 4904; x_wconf 89' lang='lat' dir='ltr'>judicis</span> <span class='ocrx_word' id='word_1_600' title='bbox 1516 4835 1645 4902; x_wconf 90' lang='lat' dir='ltr'>iras,</span> 
     </span>
    </p>
   </div>
   <div class='ocr_carea' id='block_1_96' title="bbox 437 4922 1826 4997">
    <p class='ocr_par' dir='ltr' id='par_1_96' title="bbox 437 4922 1826 4997">
     <span class='ocr_line' id='line_1_96' title="bbox 437 4922 1826 4997; baseline -0.003 -15"><span class='ocrx_word' id='word_1_601' title='bbox 437 4926 650 4983; x_wconf 82' lang='lat' dir='ltr'>Exaudi</span> <span class='ocrx_word' id='word_1_602' title='bbox 680 4941 816 4997; x_wconf 89' lang='lat' dir='ltr'>quas</span> <span class='ocrx_word' id='word_1_603' title='bbox 836 4923 1004 4979; x_wconf 89' lang='lat' dir='ltr'>fundo</span> <span class='ocrx_word' id='word_1_604' title='bbox 1030 4938 1248 4995; x_wconf 89' lang='lat' dir='ltr'>preces,</span> <span class='ocrx_word' id='word_1_605' title='bbox 1280 4922 1539 4995; x_wconf 88' lang='lat' dir='ltr'>patientia</span> <span class='ocrx_word' id='word_1_606' title='bbox 1583 4930 1826 4980; x_wconf 89' lang='lat' dir='ltr'>nostram</span> 
     </span>
    </p>
   </div>
   <div class='ocr_carea' id='block_1_97' title="bbox 437 5010 1893 5086">
    <p class='ocr_par' dir='ltr' id='par_1_97' title="bbox 437 5010 1893 5086">
     <span class='ocr_line' id='line_1_97' title="bbox 437 5010 1893 5086; baseline -0.001 -18"><span class='ocrx_word' id='word_1_607' title='bbox 437 5013 652 5086; x_wconf 90' lang='lat' dir='ltr'>Dirigat</span> <span class='ocrx_word' id='word_1_608' title='bbox 677 5014 824 5070; x_wconf 86' lang='lat' dir='ltr'>alma</span> <span class='ocrx_word' id='word_1_609' title='bbox 851 5012 1016 5082; x_wconf 91' lang='lat' dir='ltr'>viam,</span> <span class='ocrx_word' id='word_1_610' title='bbox 1048 5012 1220 5068; x_wconf 89' lang='lat' dir='ltr'>virtus</span> <span class='ocrx_word' id='word_1_611' title='bbox 1249 5010 1411 5067; x_wconf 89' lang='lat' dir='ltr'>simul</span> <span class='ocrx_word' id='word_1_612' title='bbox 1439 5011 1584 5084; x_wconf 86' lang='lat' dir='ltr'>ignis</span> <span class='ocrx_word' id='word_1_613' title='bbox 1610 5012 1893 5081; x_wconf 87' lang='lat' dir='ltr'>hebescat,</span> 
     </span>
    </p>
   </div>
   <div class='ocr_carea' id='block_1_98' title="bbox 436 5101 1822 5174">
    <p class='ocr_par' dir='ltr' id='par_1_98' title="bbox 436 5101 1822 5174">
     <span class='ocr_line' id='line_1_98' title="bbox 436 5101 1822 5174; baseline -0.001 -17"><span class='ocrx_word' id='word_1_614' title='bbox 436 5101 654 5174; x_wconf 86' lang='lat' dir='ltr'>Integer</span> <span class='ocrx_word' id='word_1_615' title='bbox 682 5110 735 5157; x_wconf 89' lang='lat' dir='ltr'>et</span> <span class='ocrx_word' id='word_1_616' title='bbox 762 5102 1023 5157; x_wconf 87' lang='lat' dir='ltr'>Mammes</span> <span class='ocrx_word' id='word_1_617' title='bbox 1050 5101 1232 5158; x_wconf 89' lang='lat' dir='ltr'>vincat</span> <span class='ocrx_word' id='word_1_618' title='bbox 1279 5108 1551 5156; x_wconf 88' lang='lat' dir='ltr'>tormenta</span> <span class='ocrx_word' id='word_1_619' title='bbox 1590 5102 1822 5173; x_wconf 81' lang='lat' dir='ltr'>tyranni,</span> 
     </span>
    </p>
   </div>
   <div class='ocr_carea' id='block_1_99' title="bbox 438 5188 1723 5262">
    <p class='ocr_par' dir='ltr' id='par_1_99' title="bbox 438 5188 1723 5262">
     <span class='ocr_line' id='line_1_99' title="bbox 438 5188 1723 5262; baseline -0.001 -17"><span class='ocrx_word' id='word_1_620' title='bbox 438 5188 599 5245; x_wconf 89' lang='lat' dir='ltr'>Lucis</span> <span class='ocrx_word' id='word_1_621' title='bbox 626 5196 683 5243; x_wconf 89' lang='lat' dir='ltr'>ut</span> <span class='ocrx_word' id='word_1_622' title='bbox 701 5189 882 5262; x_wconf 85' lang='lat' dir='ltr'>ignari</span> <span class='ocrx_word' id='word_1_623' title='bbox 909 5190 1123 5261; x_wconf 88' lang='lat' dir='ltr'>capiant</span> <span class='ocrx_word' id='word_1_624' title='bbox 1162 5188 1450 5246; x_wconf 87' lang='lat' dir='ltr'>manifesta</span> <span class='ocrx_word' id='word_1_625' title='bbox 1476 5197 1723 5262; x_wconf 87' lang='lat' dir='ltr'>patenter</span> 
     </span>
    </p>
   </div>
   <div class='ocr_carea' id='block_1_100' title="bbox 439 5276 1720 5346">
    <p class='ocr_par' dir='ltr' id='par_1_100' title="bbox 439 5276 1720 5346">
     <span class='ocr_line' id='line_1_100' title="bbox 439 5276 1720 5346; baseline 0 -11"><span class='ocrx_word' id='word_1_626' title='bbox 439 5276 667 5335; x_wconf 86' lang='lat' dir='ltr'>Virtutis</span> <span class='ocrx_word' id='word_1_627' title='bbox 697 5276 1021 5333; x_wconf 88' lang='lat' dir='ltr'>documenta</span> <span class='ocrx_word' id='word_1_628' title='bbox 1047 5285 1175 5346; x_wconf 67' lang='lat' dir='ltr'>tuae,</span> <span class='ocrx_word' id='word_1_629' title='bbox 1207 5287 1259 5335; x_wconf 90' lang='lat' dir='ltr'>te</span> <span class='ocrx_word' id='word_1_630' title='bbox 1291 5277 1511 5335; x_wconf 84' lang='lat' dir='ltr'>vincere</span> <span class='ocrx_word' id='word_1_631' title='bbox 1542 5279 1720 5335; x_wconf 89' lang='lat' dir='ltr'>solum</span> 
     </span>
    </p>
   </div>
   <div class='ocr_carea' id='block_1_101' title="bbox 436 5367 2002 5439">
    <p class='ocr_par' dir='ltr' id='par_1_101' title="bbox 436 5367 2002 5439">
     <span class='ocr_line' id='line_1_101' title="bbox 436 5367 2002 5439; baseline 0 -15"><span class='ocrx_word' id='word_1_632' title='bbox 436 5370 714 5439; x_wconf 88' lang='lat' dir='ltr'>Posseque</span> <span class='ocrx_word' id='word_1_633' title='bbox 734 5373 929 5423; x_wconf 88' lang='lat' dir='ltr'>cuncta</span> <span class='ocrx_word' id='word_1_634' title='bbox 958 5367 1150 5423; x_wconf 85' lang='lat' dir='ltr'>sciant.</span> <span class='ocrx_word' id='word_1_635' title='bbox 1175 5368 1373 5425; x_wconf 91' lang='lat' dir='ltr'>Sancto</span> <span class='ocrx_word' id='word_1_636' title='bbox 1404 5376 1513 5423; x_wconf 90' lang='lat' dir='ltr'>tum</span> <span class='ocrx_word' id='word_1_637' title='bbox 1542 5369 1764 5424; x_wconf 89' lang='lat' dir='ltr'>nomine</span> <span class='ocrx_word' id='word_1_638' title='bbox 1794 5368 2002 5425; x_wconf 90' lang='lat' dir='ltr'>Christi</span> 
     </span>
    </p>
   </div>
   <div class='ocr_carea' id='block_1_102' title="bbox 436 5455 1755 5528">
    <p class='ocr_par' dir='ltr' id='par_1_102' title="bbox 436 5455 1755 5528">
     <span class='ocr_line' id='line_1_102' title="bbox 436 5455 1755 5528; baseline 0.001 -16"><span class='ocrx_word' id='word_1_639' title='bbox 436 5456 692 5523; x_wconf 85' lang='lat' dir='ltr'>Munitus,</span> <span class='ocrx_word' id='word_1_640' title='bbox 722 5455 993 5528; x_wconf 86' lang='lat' dir='ltr'>signoque</span> <span class='ocrx_word' id='word_1_641' title='bbox 1022 5455 1199 5514; x_wconf 89' lang='lat' dir='ltr'>crucis</span> <span class='ocrx_word' id='word_1_642' title='bbox 1232 5472 1331 5527; x_wconf 89' lang='lat' dir='ltr'>per</span> <span class='ocrx_word' id='word_1_643' title='bbox 1363 5456 1575 5528; x_wconf 89' lang='lat' dir='ltr'>singula</span> <span class='ocrx_word' id='word_1_644' title='bbox 1596 5456 1755 5527; x_wconf 86' lang='lat' dir='ltr'>facto,</span> 
     </span>
    </p>
   </div>
   <div class='ocr_carea' id='block_1_103' title="bbox 437 5542 1943 5619">
    <p class='ocr_par' dir='ltr' id='par_1_103' title="bbox 437 5542 1943 5619">
     <span class='ocr_line' id='line_1_103' title="bbox 437 5542 1943 5619; baseline 0.001 -20"><span class='ocrx_word' id='word_1_645' title='bbox 437 5545 593 5599; x_wconf 83' lang='lat' dir='ltr'>Haud</span> <span class='ocrx_word' id='word_1_646' title='bbox 620 5544 854 5615; x_wconf 90' lang='lat' dir='ltr'>trepidat</span> <span class='ocrx_word' id='word_1_647' title='bbox 882 5542 1117 5598; x_wconf 67' lang='lat' dir='ltr'>flammae</span> <span class='ocrx_word' id='word_1_648' title='bbox 1143 5544 1354 5600; x_wconf 89' lang='lat' dir='ltr'>medios</span> <span class='ocrx_word' id='word_1_649' title='bbox 1390 5545 1595 5601; x_wconf 87' lang='lat' dir='ltr'>intrare</span> <span class='ocrx_word' id='word_1_650' title='bbox 1624 5562 1725 5619; x_wconf 89' lang='lat' dir='ltr'>per</span> <span class='ocrx_word' id='word_1_651' title='bbox 1756 5554 1943 5605; x_wconf 58' lang='lat' dir='ltr'>astus.</span> 
     </span>
    </p>
   </div>
   <div class='ocr_carea' id='block_1_104' title="bbox 438 5630 1659 5705">
    <p class='ocr_par' dir='ltr' id='par_1_104' title="bbox 438 5630 1659 5705">
     <span class='ocr_line' id='line_1_104' title="bbox 438 5630 1659 5705; baseline 0.002 -19"><span class='ocrx_word' id='word_1_652' title='bbox 438 5633 687 5691; x_wconf 86' lang='lat' dir='ltr'>Protinus</span> <span class='ocrx_word' id='word_1_653' title='bbox 713 5633 972 5705; x_wconf 87' lang='lat' dir='ltr'>ingresso</span> <span class='ocrx_word' id='word_1_654' title='bbox 1006 5632 1170 5689; x_wconf 88' lang='lat' dir='ltr'>cessit</span> <span class='ocrx_word' id='word_1_655' title='bbox 1200 5630 1283 5688; x_wconf 89' lang='lat' dir='ltr'>vis</span> <span class='ocrx_word' id='word_1_656' title='bbox 1315 5639 1429 5689; x_wconf 86' lang='lat' dir='ltr'>tota</span> <span class='ocrx_word' id='word_1_657' title='bbox 1458 5632 1659 5691; x_wconf 85' lang='lat' dir='ltr'>caloris</span> 
     </span>
    </p>
   </div>
   <div class='ocr_carea' id='block_1_105' title="bbox 2720 4301 3250 4373">
    <p class='ocr_par' dir='ltr' id='par_1_105' title="bbox 2720 4301 3250 4373">
     <span class='ocr_line' id='line_1_105' title="bbox 2720 4301 3250 4373; baseline -0.002 -18"><span class='ocrx_word' id='word_1_658' title='bbox 2720 4301 2894 4370; x_wconf 42' lang='lat' dir='ltr'>feras’</span> <span class='ocrx_word' id='word_1_659' title='bbox 2900 4301 3250 4373; x_wconf 76' lang='lat' dir='ltr'>promiserit.</span> 
     </span>
    </p>
   </div>
   <div class='ocr_carea' id='block_1_106' title="bbox 2141 4385 3430 4461">
    <p class='ocr_par' dir='ltr' id='par_1_106' title="bbox 2141 4385 3430 4461">
     <span class='ocr_line' id='line_1_106' title="bbox 2141 4385 3430 4461; baseline 0.001 -21"><span class='ocrx_word' id='word_1_660' title='bbox 2141 4385 2296 4442; x_wconf 88' lang='lat' dir='ltr'>Miles</span> <span class='ocrx_word' id='word_1_661' title='bbox 2325 4394 2383 4442; x_wconf 90' lang='lat' dir='ltr'>ut</span> <span class='ocrx_word' id='word_1_662' title='bbox 2412 4386 2651 4461; x_wconf 88' lang='lat' dir='ltr'>ingentis</span> <span class='ocrx_word' id='word_1_663' title='bbox 2701 4396 3041 4444; x_wconf 89' lang='lat' dir='ltr'>reseraverat</span> <span class='ocrx_word' id='word_1_664' title='bbox 3081 4402 3178 4444; x_wconf 88' lang='lat' dir='ltr'>ora</span> <span class='ocrx_word' id='word_1_665' title='bbox 3209 4386 3430 4454; x_wconf 87' lang='lat' dir='ltr'>camini,</span> 
     </span>
    </p>
   </div>
   <div class='ocr_carea' id='block_1_107' title="bbox 2058 4452 3606 4549">
    <p class='ocr_par' dir='ltr' id='par_1_107' title="bbox 2058 4452 3606 4549">
     <span class='ocr_line' id='line_1_107' title="bbox 2058 4452 3606 4549; baseline 0.001 -19"><span class='ocrx_word' id='word_1_666' title='bbox 2058 4452 2109 4511; x_wconf 85' lang='lat' dir='ltr'><strong>D</strong></span> <span class='ocrx_word' id='word_1_667' title='bbox 2142 4475 2438 4548; x_wconf 87' lang='lat' dir='ltr'>Angelicos</span> <span class='ocrx_word' id='word_1_668' title='bbox 2464 4452 2648 4532; x_wconf 67' lang='lat' dir='ltr'>astare</span> <span class='ocrx_word' id='word_1_669' title='bbox 2679 4475 2897 4546; x_wconf 85' lang='lat' dir='ltr'>choros,</span> <span class='ocrx_word' id='word_1_670' title='bbox 2933 4484 2985 4531; x_wconf 90' lang='lat' dir='ltr'>et</span> <span class='ocrx_word' id='word_1_671' title='bbox 3032 4475 3261 4549; x_wconf 82' lang='lat' dir='ltr'>cingere</span> <span class='ocrx_word' id='word_1_672' title='bbox 3291 4452 3606 4543; x_wconf 86' lang='lat' dir='ltr'>Mammem,</span> 
     </span>
    </p>
   </div>
   <div class='ocr_carea' id='block_1_108' title="bbox 2112 4563 3427 4631">
    <p class='ocr_par' dir='ltr' id='par_1_108' title="bbox 2112 4563 3427 4631">
     <span class='ocr_line' id='line_1_108' title="bbox 2112 4563 3427 4631; baseline 0.001 -13"><span class='ocrx_word' id='word_1_673' title='bbox 2112 4563 2386 4620; x_wconf 76' lang='lat' dir='ltr'>Suaviter</span> <span class='ocrx_word' id='word_1_674' title='bbox 2413 4565 2468 4619; x_wconf 91' lang='lat' dir='ltr'>in</span> <span class='ocrx_word' id='word_1_675' title='bbox 2498 4564 2678 4620; x_wconf 91' lang='lat' dir='ltr'>media</span> <span class='ocrx_word' id='word_1_676' title='bbox 2703 4563 2838 4621; x_wconf 89' lang='lat' dir='ltr'>vidit</span> <span class='ocrx_word' id='word_1_677' title='bbox 2866 4564 3087 4621; x_wconf 84' lang='lat' dir='ltr'>fornace</span> <span class='ocrx_word' id='word_1_678' title='bbox 3116 4565 3427 4631; x_wconf 87' lang='lat' dir='ltr'>sedentem,</span> 
     </span>
    </p>
   </div>
   <div class='ocr_carea' id='block_1_109' title="bbox 2134 4651 3645 4726">
    <p class='ocr_par' dir='ltr' id='par_1_109' title="bbox 2134 4651 3645 4726">
     <span class='ocr_line' id='line_1_109' title="bbox 2134 4651 3645 4726; baseline -0.002 -17"><span class='ocrx_word' id='word_1_679' title='bbox 2134 4651 2511 4726; x_wconf 87' lang='lat' dir='ltr'>Virtutemque</span> <span class='ocrx_word' id='word_1_680' title='bbox 2536 4653 2729 4709; x_wconf 89' lang='lat' dir='ltr'>humili</span> <span class='ocrx_word' id='word_1_681' title='bbox 2756 4653 2958 4709; x_wconf 89' lang='lat' dir='ltr'>trinam</span> <span class='ocrx_word' id='word_1_682' title='bbox 3004 4669 3171 4726; x_wconf 90' lang='lat' dir='ltr'>prece</span> <span class='ocrx_word' id='word_1_683' title='bbox 3202 4653 3307 4709; x_wconf 89' lang='lat' dir='ltr'>rite</span> <span class='ocrx_word' id='word_1_684' title='bbox 3353 4659 3645 4709; x_wconf 87' lang='lat' dir='ltr'>vocantem</span> 
     </span>
    </p>
   </div>
   <div class='ocr_carea' id='block_1_110' title="bbox 2135 4741 3680 4816">
    <p class='ocr_par' dir='ltr' id='par_1_110' title="bbox 2135 4741 3680 4816">
     <span class='ocr_line' id='line_1_110' title="bbox 2135 4741 3680 4816; baseline -0.001 -19"><span class='ocrx_word' id='word_1_685' title='bbox 2135 4741 2405 4797; x_wconf 88' lang='lat' dir='ltr'>Laudibus</span> <span class='ocrx_word' id='word_1_686' title='bbox 2434 4742 2696 4798; x_wconf 90' lang='lat' dir='ltr'>intentum</span> <span class='ocrx_word' id='word_1_687' title='bbox 2715 4742 2951 4813; x_wconf 88' lang='lat' dir='ltr'>Domini,</span> <span class='ocrx_word' id='word_1_688' title='bbox 2983 4750 3172 4799; x_wconf 88' lang='lat' dir='ltr'>sancto</span> <span class='ocrx_word' id='word_1_689' title='bbox 3192 4741 3410 4816; x_wconf 86' lang='lat' dir='ltr'>agmine</span> <span class='ocrx_word' id='word_1_690' title='bbox 3429 4747 3643 4813; x_wconf 88' lang='lat' dir='ltr'>septum</span> <span class='ocrx_word' id='word_1_691' title='bbox 3663 4758 3680 4804; x_wconf 86' lang='lat'><strong>;</strong></span> 
     </span>
    </p>
   </div>
   <div class='ocr_carea' id='block_1_111' title="bbox 2139 4828 3468 4904">
    <p class='ocr_par' dir='ltr' id='par_1_111' title="bbox 2139 4828 3468 4904">
     <span class='ocr_line' id='line_1_111' title="bbox 2139 4828 3468 4904; baseline 0.001 -19"><span class='ocrx_word' id='word_1_692' title='bbox 2139 4829 2476 4888; x_wconf 71' lang='lat' dir='ltr'>Christicolae</span> <span class='ocrx_word' id='word_1_693' title='bbox 2503 4831 2729 4904; x_wconf 87' lang='lat' dir='ltr'>pariter,</span> <span class='ocrx_word' id='word_1_694' title='bbox 2762 4838 2932 4887; x_wconf 89' lang='lat' dir='ltr'>testes</span> <span class='ocrx_word' id='word_1_695' title='bbox 2959 4830 3176 4888; x_wconf 88' lang='lat' dir='ltr'>virtutis</span> <span class='ocrx_word' id='word_1_696' title='bbox 3206 4828 3468 4896; x_wconf 87' lang='lat' dir='ltr'>habendi,</span> 
     </span>
    </p>
   </div>
   <div class='ocr_carea' id='block_1_112' title="bbox 2145 4917 3644 4993">
    <p class='ocr_par' dir='ltr' id='par_1_112' title="bbox 2145 4917 3644 4993">
     <span class='ocr_line' id='line_1_112' title="bbox 2145 4917 3644 4993; baseline -0.001 -19"><span class='ocrx_word' id='word_1_697' title='bbox 2145 4917 2260 4975; x_wconf 86' lang='lat' dir='ltr'>Hoc</span> <span class='ocrx_word' id='word_1_698' title='bbox 2288 4919 2452 4976; x_wconf 91' lang='lat' dir='ltr'>etiam</span> <span class='ocrx_word' id='word_1_699' title='bbox 2485 4920 2840 4992; x_wconf 74' lang='lat' dir='ltr'>speculth</span> <span class='ocrx_word' id='word_1_700' title='bbox 2869 4936 3009 4993; x_wconf 89' lang='lat' dir='ltr'>opus</span> <span class='ocrx_word' id='word_1_701' title='bbox 3040 4937 3057 4976; x_wconf 86' lang='lat'><strong>:</strong></span> <span class='ocrx_word' id='word_1_702' title='bbox 3088 4919 3355 4987; x_wconf 91' lang='lat' dir='ltr'>Procede,</span> <span class='ocrx_word' id='word_1_703' title='bbox 3386 4923 3549 4976; x_wconf 87' lang='lat' dir='ltr'>vocat</span> <span class='ocrx_word' id='word_1_704' title='bbox 3576 4924 3644 4982; x_wconf 89' lang='lat' dir='ltr'>te,</span> 
     </span>
    </p>
   </div>
   <div class='ocr_carea' id='block_1_113' title="bbox 2138 5006 3546 5082">
    <p class='ocr_par' dir='ltr' id='par_1_113' title="bbox 2138 5006 3546 5082">
     <span class='ocr_line' id='line_1_113' title="bbox 2138 5006 3546 5082; baseline -0.001 -20"><span class='ocrx_word' id='word_1_705' title='bbox 2138 5007 2296 5065; x_wconf 89' lang='lat' dir='ltr'>Miles</span> <span class='ocrx_word' id='word_1_706' title='bbox 2325 5009 2423 5075; x_wconf 90' lang='lat' dir='ltr'>ait,</span> <span class='ocrx_word' id='word_1_707' title='bbox 2457 5009 2713 5079; x_wconf 87' lang='lat' dir='ltr'>Mamma,</span> <span class='ocrx_word' id='word_1_708' title='bbox 2739 5024 2971 5082; x_wconf 70' lang='lat' dir='ltr'>pmses,</span> <span class='ocrx_word' id='word_1_709' title='bbox 3001 5015 3055 5066; x_wconf 88' lang='lat' dir='ltr'>te</span> <span class='ocrx_word' id='word_1_710' title='bbox 3092 5023 3321 5066; x_wconf 87' lang='lat' dir='ltr'>cernere</span> <span class='ocrx_word' id='word_1_711' title='bbox 3350 5006 3546 5080; x_wconf 67' lang='lat' dir='ltr'>quierit</span> 
     </span>
    </p>
   </div>
   <div class='ocr_carea' id='block_1_114' title="bbox 2145 5096 3544 5171">
    <p class='ocr_par' dir='ltr' id='par_1_114' title="bbox 2145 5096 3544 5171">
     <span class='ocr_line' id='line_1_114' title="bbox 2145 5096 3544 5171; baseline -0.001 -18"><span class='ocrx_word' id='word_1_712' title='bbox 2145 5096 2268 5167; x_wconf 87' lang='lat' dir='ltr'>Quo</span> <span class='ocrx_word' id='word_1_713' title='bbox 2284 5098 2494 5167; x_wconf 89' lang='lat' dir='ltr'>jussam</span> <span class='ocrx_word' id='word_1_714' title='bbox 2526 5106 2788 5171; x_wconf 81' lang='lat' dir='ltr'>carpenta</span> <span class='ocrx_word' id='word_1_715' title='bbox 2832 5098 2995 5171; x_wconf 86' lang='lat' dir='ltr'>viam,</span> <span class='ocrx_word' id='word_1_716' title='bbox 3042 5096 3249 5171; x_wconf 89' lang='lat' dir='ltr'>petiere</span> <span class='ocrx_word' id='word_1_717' title='bbox 3275 5110 3544 5168; x_wconf 86' lang='lat' dir='ltr'>supernas</span> 
     </span>
    </p>
   </div>
   <div class='ocr_carea' id='block_1_115' title="bbox 2153 5184 3469 5259">
    <p class='ocr_par' dir='ltr' id='par_1_115' title="bbox 2153 5184 3469 5259">
     <span class='ocr_line' id='line_1_115' title="bbox 2153 5184 3469 5259; baseline -0.001 -18"><span class='ocrx_word' id='word_1_718' title='bbox 2153 5186 2386 5259; x_wconf 88' lang='lat' dir='ltr'>Fulgida</span> <span class='ocrx_word' id='word_1_719' title='bbox 2414 5187 2675 5243; x_wconf 90' lang='lat' dir='ltr'>continuo</span> <span class='ocrx_word' id='word_1_720' title='bbox 2716 5195 3035 5244; x_wconf 87' lang='lat' dir='ltr'>sanctorum</span> <span class='ocrx_word' id='word_1_721' title='bbox 3087 5185 3257 5241; x_wconf 88' lang='lat' dir='ltr'>millia</span> <span class='ocrx_word' id='word_1_722' title='bbox 3286 5184 3469 5241; x_wconf 89' lang='lat' dir='ltr'>sedes.</span> 
     </span>
    </p>
   </div>
   <div class='ocr_carea' id='block_1_116' title="bbox 2145 5273 3431 5349">
    <p class='ocr_par' dir='ltr' id='par_1_116' title="bbox 2145 5273 3431 5349">
     <span class='ocr_line' id='line_1_116' title="bbox 2145 5273 3431 5349; baseline -0.001 -20"><span class='ocrx_word' id='word_1_723' title='bbox 2145 5273 2280 5345; x_wconf 90' lang='lat' dir='ltr'>Quis</span> <span class='ocrx_word' id='word_1_724' title='bbox 2313 5275 2580 5331; x_wconf 90' lang='lat' dir='ltr'>dubitabit</span> <span class='ocrx_word' id='word_1_725' title='bbox 2607 5276 2752 5332; x_wconf 91' lang='lat' dir='ltr'>enim</span> <span class='ocrx_word' id='word_1_726' title='bbox 2780 5275 2931 5333; x_wconf 90' lang='lat' dir='ltr'>cives</span> <span class='ocrx_word' id='word_1_727' title='bbox 2960 5290 3063 5349; x_wconf 91' lang='lat' dir='ltr'>pro</span> <span class='ocrx_word' id='word_1_728' title='bbox 3092 5275 3212 5332; x_wconf 89' lang='lat' dir='ltr'>cive</span> <span class='ocrx_word' id='word_1_729' title='bbox 3240 5274 3431 5331; x_wconf 87' lang='lat' dir='ltr'>beatos</span> 
     </span>
    </p>
   </div>
   <div class='ocr_carea' id='block_1_117' title="bbox 2144 5364 3330 5422">
    <p class='ocr_par' dir='ltr' id='par_1_117' title="bbox 2144 5364 3330 5422">
     <span class='ocr_line' id='line_1_117' title="bbox 2144 5364 3330 5422; baseline -0.003 -1"><span class='ocrx_word' id='word_1_730' title='bbox 2144 5364 2454 5422; x_wconf 83' lang='lat' dir='ltr'>Advenisse</span> <span class='ocrx_word' id='word_1_731' title='bbox 2474 5380 2573 5421; x_wconf 90' lang='lat' dir='ltr'>suo</span> <span class='ocrx_word' id='word_1_732' title='bbox 2605 5365 2801 5421; x_wconf 87' lang='lat' dir='ltr'>solatia</span> <span class='ocrx_word' id='word_1_733' title='bbox 2829 5373 3016 5422; x_wconf 88' lang='lat' dir='ltr'>sancta</span> <span class='ocrx_word' id='word_1_734' title='bbox 3045 5364 3330 5421; x_wconf 78' lang='lat' dir='ltr'>ferentes?</span> 
     </span>
    </p>
   </div>
   <div class='ocr_carea' id='block_1_118' title="bbox 2145 5449 3650 5527">
    <p class='ocr_par' dir='ltr' id='par_1_118' title="bbox 2145 5449 3650 5527">
     <span class='ocr_line' id='line_1_118' title="bbox 2145 5449 3650 5527; baseline -0.004 -17"><span class='ocrx_word' id='word_1_735' title='bbox 2145 5454 2301 5510; x_wconf 90' lang='lat' dir='ltr'>Hunc</span> <span class='ocrx_word' id='word_1_736' title='bbox 2328 5454 2396 5509; x_wconf 88' lang='lat' dir='ltr'>ad</span> <span class='ocrx_word' id='word_1_737' title='bbox 2426 5461 2576 5510; x_wconf 90' lang='lat' dir='ltr'>certa</span> <span class='ocrx_word' id='word_1_738' title='bbox 2603 5470 2717 5510; x_wconf 85' lang='lat' dir='ltr'>suae</span> <span class='ocrx_word' id='word_1_739' title='bbox 2764 5463 3151 5527; x_wconf 83' lang='lat' dir='ltr'>preparantem</span> <span class='ocrx_word' id='word_1_740' title='bbox 3202 5452 3429 5525; x_wconf 76' lang='lat' dir='ltr'>praemia</span> <span class='ocrx_word' id='word_1_741' title='bbox 3458 5449 3650 5523; x_wconf 76' lang='lat' dir='ltr'>palma:</span> 
     </span>
    </p>
   </div>
   <div class='ocr_carea' id='block_1_119' title="bbox 2144 5540 3646 5616">
    <p class='ocr_par' dir='ltr' id='par_1_119' title="bbox 2144 5540 3646 5616">
     <span class='ocr_line' id='line_1_119' title="bbox 2144 5540 3646 5616; baseline -0.003 -18"><span class='ocrx_word' id='word_1_742' title='bbox 2144 5542 2270 5598; x_wconf 91' lang='lat' dir='ltr'>Non</span> <span class='ocrx_word' id='word_1_743' title='bbox 2300 5542 2573 5616; x_wconf 89' lang='lat' dir='ltr'>linquunt,</span> <span class='ocrx_word' id='word_1_744' title='bbox 2607 5543 2706 5600; x_wconf 88' lang='lat' dir='ltr'>sed</span> <span class='ocrx_word' id='word_1_745' title='bbox 2735 5550 2883 5599; x_wconf 88' lang='lat' dir='ltr'>stare</span> <span class='ocrx_word' id='word_1_746' title='bbox 2912 5550 3137 5599; x_wconf 89' lang='lat' dir='ltr'>monent</span> <span class='ocrx_word' id='word_1_747' title='bbox 3166 5540 3646 5611; x_wconf 79' lang='lat' dir='ltr'>occultiusipsum,</span> 
     </span>
    </p>
   </div>
   <div class='ocr_carea' id='block_1_120' title="bbox 2148 5629 3467 5691">
    <p class='ocr_par' dir='ltr' id='par_1_120' title="bbox 2148 5629 3467 5691">
     <span class='ocr_line' id='line_1_120' title="bbox 2148 5629 3467 5691; baseline -0.002 -5"><span class='ocrx_word' id='word_1_748' title='bbox 2148 5631 2426 5691; x_wconf 85' lang='lat' dir='ltr'>Victorem</span> <span class='ocrx_word' id='word_1_749' title='bbox 2455 5633 2629 5691; x_wconf 87' lang='lat' dir='ltr'>sancti</span> <span class='ocrx_word' id='word_1_750' title='bbox 2656 5632 2859 5690; x_wconf 89' lang='lat' dir='ltr'>ducant</span> <span class='ocrx_word' id='word_1_751' title='bbox 2895 5640 2955 5689; x_wconf 87' lang='lat' dir='ltr'>ut</span> <span class='ocrx_word' id='word_1_752' title='bbox 2986 5632 3056 5688; x_wconf 88' lang='lat' dir='ltr'>ad</span> <span class='ocrx_word' id='word_1_753' title='bbox 3095 5631 3266 5689; x_wconf 84' lang='lat' dir='ltr'>ardna</span> <span class='ocrx_word' id='word_1_754' title='bbox 3298 5629 3467 5686; x_wconf 88' lang='lat' dir='ltr'>cives.</span> 
     </span>
    </p>
   </div>
  </div>
