4024 6194
465 224 600 277 1059

1057 344 1278 400 CAPUT
1329 344 1505 398 XXII.

447 451 568 518 Qua
594 451 892 508 severitate
925 450 1126 522 januis
1174 450 1386 506 clausis
1433 450 1649 507 Judwos
1701 450 2047 522 gentilesque

1087 523 1476 594 prostrauerit.

445 629 734 699 Postquam
767 626 928 682 verba
968 625 1056 682 leo
1086 625 1364 682 volitantia
1391 626 1499 682 fine
1527 626 1760 699 peregit,

447 715 597 771 Ostia
627 723 824 772 cuncta
853 714 960 771 loci
991 713 1310 771 clauduntur
1339 715 1553 771 coalitus
1581 722 1729 770 arcta

447 804 637 872 Obice,
671 820 740 859 ne
787 802 960 860 facilis
988 803 1217 860 miseros
1262 803 1392 876 fuga
1434 803 1658 859 demere
1685 809 1870 874 posset

447 891 591 962 Quin
618 907 808 948 omnes
837 908 1004 948 unum
1031 899 1346 963 paterentur
1368 892 1564 948 saevius
1595 894 1828 948 hostem.

446 981 695 1036 Protinus
721 980 968 1036 horribili
995 989 1346 1051 prosternere
1365 989 1558 1037 cuncta
1585 979 1766 1036 furore

452 1069 782 1142 Ingreditur,
831 1069 1132 1142 tinguitque
1161 1070 1443 1126 hominum
1484 1069 1672 1125 rabida
1714 1083 1814 1123 ora
1833 1082 2044 1124 cruore.

448 1158 712 1214 Dentibus
741 1159 842 1214 hos
871 1157 1088 1225 lacerat,
1123 1158 1268 1214 savis
1294 1166 1454 1214 smcat
1483 1158 1754 1231 unguibus
1775 1157 1915 1224 illos,

451 1245 668 1318 Impulit
695 1243 800 1301 hos
837 1261 1066 1302 currens
1095 1262 1330 1319 casuque
1372 1245 1600 1318 peremit
1628 1261 1833 1301 amaro.

449 1334 578 1390 Illos
604 1341 780 1390 morte
810 1333 973 1390 timor
998 1334 1171 1389 subita
1200 1334 1493 1405 prosternit
1539 1335 1742 1390 inertes

452 1423 680 1479 Casibus
712 1431 764 1478 et
794 1422 984 1490 variis,
1015 1423 1221 1495 pariter
1249 1423 1542 1496 gentilibus
1573 1422 1735 1477 instat

447 1511 773 1584 Judaeosque
819 1511 1050 1582 premit;
1096 1512 1384 1583 prostratis
1424 1512 1676 1566 omnibus
1706 1526 1840 1582 ergo

452 1601 609 1656 Solus
639 1599 706 1655 ab
728 1600 895 1656 exitio
925 1616 1132 1672 praeses
1160 1601 1430 1672 paucique
1460 1600 1689 1656 ministri

447 1688 749 1745 Mammetis
771 1689 932 1759 jussu
956 1689 1124 1745 dilata
1160 1699 1335 1746 morte
1359 1689 1606 1745 feruntur

449 1777 744 1844 Immunes,
777 1786 961 1850 optata
988 1777 1108 1834 viro
1139 1794 1208 1834 ne
1236 1778 1419 1850 passio
1468 1778 1629 1844 desit,

453 1867 577 1937 Ipse
601 1873 758 1937 parat
789 1866 953 1921 vitam
983 1873 1249 1922 tormenta
1285 1867 1624 1937 parantibus,
1659 1867 1777 1936 ipsa

453 1953 695 2008 Palmam
727 1962 901 2009 morte
942 1954 1097 2024 petit.
1142 1954 1336 2024 Judex,
1371 1963 1430 2010 ut
1458 1954 1689 2010 crimina
1716 1953 1955 2024 nondum

452 2041 641 2096 Finem
675 2041 933 2108 habeant,
966 2041 1116 2097 vivit.
1150 2043 1448 2097 Numerum
1472 2042 1592 2113 quis
1615 2043 1756 2098 scire
1773 2042 2060 2098 cadentum

455 2129 619 2184 Millia
648 2129 735 2185 vel
765 2129 958 2196 valeat,
992 2131 1196 2201 passim
1239 2147 1360 2186 cum
1390 2131 1559 2186 frusta
1597 2147 1698 2203 per
1729 2147 1919 2186 omnes

458 2218 592 2273 Sunt
619 2217 871 2289 dispersa
901 2219 1150 2290 gradus?
1178 2219 1342 2292 longe
1371 2219 1584 2276 cervice
1614 2220 1881 2276 revulsum

450 2306 592 2363 Bora
613 2315 772 2378 caput
799 2307 969 2363 rubeo
1015 2307 1300 2363 commista
1330 2316 1510 2380 strage
1560 2310 1807 2375 natabat;

449 2395 736 2452 Abscissas
762 2395 941 2452 aliena
972 2412 1165 2452 manus
1205 2397 1275 2452 ad
1306 2413 1529 2469 corpora
1553 2399 1712 2470 jungi

451 2492 691 2549 Cernere
711 2501 846 2562 erat,
875 2501 1094 2550 truncos
1117 2495 1336 2568 gemino
1366 2495 1483 2550 sine
1503 2495 1706 2566 peplita
1728 2493 1875 2560 ferri,

453 2582 768 2654 Cunctaque
802 2583 1043 2638 membra
1071 2582 1194 2639 loco
1223 2583 1309 2640 vel
1336 2599 1480 2639 cassa
1509 2600 1698 2640 carere
1727 2583 1910 2654 priori,

449 2670 638 2726 Saucia
668 2670 754 2726 vel
784 2687 1068 2727 remanere
1099 2687 1197 2728 suo
1222 2691 1236 2739 ;
1298 2679 1585 2744 tantusque
1611 2681 1838 2743 repente

449 2759 680 2831 Sanguis
727 2759 797 2814 ad
841 2760 1101 2816 indicium
1144 2760 1270 2816 facti
1301 2761 1524 2818 terroris
1555 2761 1624 2815 ab
1656 2760 1772 2816 oris

451 2847 626 2904 Caedis
656 2848 712 2901 iit
742 2848 938 2920 plenis,
973 2857 1031 2904 ut
1068 2849 1268 2905 ﬂumen
1297 2849 1447 2906 abire
1485 2857 1700 2921 putares

450 2936 778 3005 Littoribus;
811 2937 976 2993 veluti
1006 2939 1232 2994 summis
1264 2954 1385 2994 cum
1416 2939 1689 2995 montibus
1719 2939 1914 3010 ingens

449 3032 670 3090 Grando
700 3035 864 3101 cadit,
897 3035 1187 3108 mixtisque
1217 3036 1374 3091 simul
1391 3045 1541 3090 tonat
1560 3036 1824 3090 imbribus
1852 3035 2049 3092 aether:

449 3121 584 3177 Tum
613 3123 846 3179 collecta
875 3123 1011 3178 imas
1042 3124 1381 3179 descendunt
1411 3124 1630 3178 ﬂumina
1660 3124 1849 3188 valles,

451 3210 588 3265 Saxa
616 3213 852 3278 trahunt,
887 3211 1160 3282 silvasque
1189 3211 1386 3278 ferunt,
1436 3219 1657 3282 totaque
1687 3220 1952 3286 vagantur

449 3299 677 3353 Planitie
706 3313 984 3368 agrorum,
1021 3299 1258 3371 gemitus
1285 3300 1378 3354 dat
1405 3301 1634 3356 rusticus
1664 3301 1774 3358 imo

448 3387 676 3441 Pectore
708 3403 722 3441 :
755 3401 864 3441 non
893 3387 1049 3442 aliter
1082 3403 1346 3444 caesorum
1369 3390 1611 3444 membra
1634 3388 1884 3446 feruntur

452 3473 735 3547 Sanguine
765 3482 915 3546 rapta
938 3491 1056 3532 suo.
1088 3477 1267 3532 Plebis
1299 3478 1614 3548 spectacula
1641 3478 1807 3534 talem

448 3570 634 3626 Finem
666 3571 908 3628 habuere
935 3573 1113 3630 malae.
1140 3575 1398 3630 Mammas
1433 3585 1591 3633 vocat
1626 3575 1752 3631 inde
1782 3575 2018 3643 leonem,
2062 3609 2065 3614 -

447 3659 516 3715 Et
542 3661 760 3717 mandat
782 3662 1015 3735 propriis
1043 3663 1278 3720 celerem
1311 3680 1374 3721 se
1403 3665 1644 3722 condere
1663 3663 1874 3721 lustris.

1002 3793 1228 3852 CAPUT
1255 3795 1461 3852 XXIII.

454 3907 928 3978 Quemadmodum
998 3915 1231 3968 sanctus
1303 3915 1567 3968 Mammas
1621 3913 1839 3970 leonem
1894 3914 2060 3970 mira:

844 3985 1201 4054 superaverit
1229 3983 1609 4039 crudelitatis.

447 4075 699 4133 Prassidis
730 4077 813 4132 ira
839 4085 1019 4134 tamen
1048 4078 1141 4134 tali
1170 4095 1273 4135 nec
1316 4079 1541 4136 vulnere
1571 4078 1748 4151 plebis

449 4166 610 4220 Tacta
639 4165 780 4238 capit
811 4166 1074 4239 requiem,
1108 4183 1292 4223 verum
1320 4185 1389 4224 ne
1423 4169 1656 4225 evadere
1686 4169 1878 4240 possit,

449 4253 735 4310 Induratur
763 4254 959 4323 adhuc,
992 4257 1392 4329 Mammemque
1423 4255 1600 4313 furore
1631 4265 1882 4314 vocatum

447 4350 750 4423 Alloquitur
777 4352 962 4424 prisco
993 4371 1008 4408 :
1040 4354 1322 4420 Mammas,
1352 4353 1614 4410 libamina
1643 4355 1782 4411 divis

447 4442 554 4496 Aut
582 4441 782 4497 devota
811 4441 988 4510 dabis,
1020 4457 1186 4514 paena
1212 4450 1304 4498 aut
1356 4443 1595 4500 moriere
1625 4451 1871 4500 cruenta.

449 4529 762 4602 Respondet
781 4539 984 4602 martyr
1016 4546 1030 4588 :
1063 4532 1230 4588 Miror
1260 4541 1312 4588 te
1347 4531 1740 4589 daemoniorum

454 4617 802 4691 Participem,
835 4627 1050 4677 tentare
1082 4621 1183 4676 Dei
1209 4629 1334 4693 post
1372 4621 1502 4678 talia
1532 4639 1772 4679 servum.

450 4705 588 4761 Nam
618 4708 906 4764 Dominum
929 4725 1207 4783 cognosco
1235 4726 1438 4777 meum,
1472 4711 1564 4783 qui
1586 4712 1832 4784 linquere
1859 4720 2058 4768 memet

447 4793 754 4869 Nunquam,
787 4796 976 4865 credo,
1008 4798 1190 4866 volet;
1225 4814 1323 4856 vos
1352 4808 1538 4856 contra
1559 4800 1774 4857 vindice
1802 4800 2023 4856 ﬂamma

449 4882 598 4952 Quos
628 4884 756 4942 facit
782 4885 1034 4957 impietas
1063 4886 1356 4943 Dominum
1385 4888 1657 4944 scelerosa
1687 4905 1911 4964 negare,

451 4971 662 5045 Quique
690 4975 838 5031 Deos
864 4975 1062 5045 colitis,
1085 4975 1221 5049 ligni
1256 4976 1524 5049 lapidisve
1553 4978 1772 5035 metallo

451 5058 598 5129 Quos
618 5078 812 5118 manus
844 5063 1110 5122 artiﬁcum
1142 5081 1280 5121 vano
1311 5067 1583 5140 compegit
1611 5069 1840 5134 honore,

451 5149 762 5218 Damnabit,
807 5154 1146 5228 stringetque
1181 5170 1305 5211 reos
1337 5157 1606 5212 sententia
1629 5158 1838 5214 mortis.

452 5238 660 5294 Prteses
689 5247 748 5294 ut
778 5239 912 5296 irato
940 5244 1184 5315 percepit
1214 5245 1339 5300 talia
1379 5262 1544 5300 sensu
1579 5263 1593 5300 :

448 5325 633 5396 Noris,
669 5327 763 5394 ait,
798 5337 985 5386 nostro
1007 5332 1231 5388 retineri
1254 5334 1377 5402 jure
1407 5334 1660 5391 leonem:

449 5415 657 5472 Saevior
685 5415 776 5472 ille
807 5425 923 5472 tuas
957 5419 1246 5486 discindat,
1277 5422 1491 5490 frivola,
1516 5440 1730 5489 carnes,

455 5503 511 5558 Si
541 5521 664 5562 mea
685 5507 840 5576 jussa
881 5506 1060 5563 animo
1096 5507 1261 5565 ducas
1292 5513 1583 5568 temnenda
1613 5513 1872 5585 superbo.

447 5592 531 5649 Ne
551 5593 757 5665 dubita,
791 5595 1026 5654 vinceris
1055 5596 1218 5654 enim.
1245 5599 1380 5656 Tum
1421 5601 1544 5658 talia
1574 5603 1833 5659 Mammas
1867 5620 1880 5656 :

1121 219 1524 276 WALAFRIDI
1552 218 1794 275 STRABI
1824 217 2026 275 FULD.
2058 213 2232 272 MON.
2267 212 2417 269 OPP.
2441 213 2617 269 PARS
2647 213 2714 268 II.
2741 243 2810 256 -ο
2830 211 3222 270 HISTORICA.

3628 218 3766 271 1060

2056 340 2113 401 A
2142 337 2276 408 Quae
2303 337 2556 395 facienda
2584 345 2763 410 putas,
2809 337 3027 394 tandem
3060 337 3257 395 fecisse
3283 337 3486 406 licebit,

2149 427 2206 482 Si
2232 428 2395 483 modo
2427 427 2573 500 quod
2599 413 2872 483 memoras
2901 425 3071 484 celeri
3116 427 3478 498 compleveris
3509 435 3656 483 actu.

2149 516 2416 572 Continuo
2461 515 2700 571 stadium
2727 530 2938 588 praeses
2981 514 3139 587 petit,
3175 524 3228 570 at
3249 516 3405 584 jubet
3429 515 3586 572 illum

2149 602 2254 672 Qui
2285 605 2440 661 miras
2471 605 2688 660 virtutis
2718 611 2857 672 erat,
2905 602 3092 660 laxare
3122 602 3361 671 leonem,

2150 692 2326 760 Quem
2355 691 2563 749 dudum
2591 692 2767 763 spatio
2790 693 2954 762 jussit
2974 692 3239 765 quaesisse
3266 693 3475 748 dierum

2148 780 2392 854 Viginti,
2460 788 2789 852 captumque
2829 780 2934 836 sibi
2955 780 3074 850 jam
3100 782 3333 837 credidit
3357 797 3479 837 esse

2149 868 2415 924 Vincendi
2443 869 2763 940 auspicium.
2797 870 3064 925 Mammas
3111 870 3230 926 fera
3253 869 3408 938 jussu
3437 876 3759 925 vomentem

2148 963 2423 1030 Increpat,
2459 964 2511 1014 et
2541 958 2700 1014 dictis
2728 958 2988 1014 miserum
3013 957 3361 1014 mordacibus
3389 967 3550 1031 urget
3586 976 3602 1011 :

2155 1055 2344 1126 Impia,
2381 1069 2540 1122 vane,
2570 1054 2756 1122 miser,
2788 1054 3099 1125 maledicta,
3127 1055 3342 1122 insane,
3363 1054 3616 1127 profane,

2169 1145 2331 1198 Jussa
2373 1143 2544 1214 patris
2591 1145 2804 1200 Satanae
2847 1145 3114 1216 sequaris,
3163 1159 3285 1217 quas
3311 1151 3493 1201 mente
3519 1142 3764 1216 maligna

2165 1232 2301 1288 Sunt
2330 1231 2580 1288 facienda
2609 1233 2722 1300 tibi,
2759 1239 2926 1288 temet
2945 1233 3224 1290 vincemus
3252 1249 3313 1289 er
3339 1231 3509 1289 illum.

2150 1320 2248 1375 His
2274 1319 2431 1376 dictis
2459 1336 2663 1393 magno
2691 1321 2909 1377 mittunt
2939 1321 3179 1378 clamore
3210 1320 3447 1378 leonem.

2152 1409 2404 1464 Protinus
2451 1409 2751 1466 adveniens
2797 1419 3045 1466 sanctum
3093 1411 3213 1467 fera
3237 1453 3250 1478 ,
3283 1418 3341 1465 ut
3366 1409 3476 1466 alta
3508 1417 3762 1466 tuentem

2159 1497 2559 1570 Dicentemqua
2590 1499 2706 1555 Deo
2735 1498 2923 1554 laudes
2951 1498 3304 1555 meditamine
3350 1498 3476 1554 forti

2157 1586 2461 1658 Perspexit,
2495 1587 2727 1657 pedibus
2775 1587 3005 1659 supplex
3033 1596 3326 1659 prostrata,
3360 1587 3550 1643 beatas

2087 1705 2141 1764 B
2164 1675 2453 1729 Lambebat
2484 1674 2713 1746 plantas,
2768 1677 2984 1732 veniam
3026 1692 3128 1748 pro
3173 1675 3401 1732 crimine
3426 1691 3684 1748 poscens.

2166 1763 2236 1818 Ut
2263 1764 2544 1833 Scriptura
2574 1764 2762 1831 refert,
2796 1773 2988 1821 contra
3013 1772 3284 1837 praecepta
3311 1766 3571 1821 Tonantis

2163 1851 2484 1922 Consilium,
2523 1853 2678 1918 ratio,
2733 1852 3021 1925 sapientia,
3053 1853 3202 1908 nulla
3227 1853 3480 1910 voluntas

2160 1940 2517 1997 Praevaluisse
2563 1950 2781 2014 potest;
2814 1941 3020 1998 frustra
3047 1949 3314 1998 tormenta
3341 1941 3549 2013 paravit

2163 2029 2392 2095 Praeses,
2427 2029 2521 2084 ubi
2548 2031 2838 2087 Mammem
2866 2030 3085 2086 Domini
3132 2031 3223 2103 pia
3250 2031 3474 2088 dextera
3502 2030 3654 2086 texit.

2730 2164 2954 2220 CAPUT
2988 2165 3189 2220 XXIV.

2237 2294 2490 2361 Qualiter
2517 2310 2554 2349 a
2580 2297 2785 2367 populo
2820 2297 3102 2368 lapidatus
3123 2295 3337 2352 illasus
3352 2299 3756 2369 permanserit.

2161 2407 2269 2461 Ista
2299 2406 2491 2462 videns
2519 2407 2754 2478 populus
2785 2408 3000 2465 fremitu
3031 2410 3289 2482 vultuque
3316 2410 3517 2466 minaci

2158 2495 2428 2549 Murmura
2458 2494 2623 2568 longa
2654 2497 2822 2565 ciens,
2857 2497 3007 2554 celsa
3051 2506 3164 2553 tum
3196 2515 3329 2554 voce
3356 2499 3533 2554 virum
3561 2499 3649 2553 vir

2158 2583 2442 2650 Hortatur,
2469 2600 2664 2655 pasnas
2692 2585 2912 2641 inimico
2941 2601 2972 2641 a
3011 2588 3280 2660 sanguine
3309 2597 3545 2656 sumant,

2157 2671 2202 2726 E
2229 2672 2521 2743 medioque
2550 2689 2774 2744 magum
2805 2690 2950 2731 saevo
2981 2675 3309 2731 cruciamina
3340 2676 3546 2732 tollant.

2158 2759 2424 2816 Continuo
2455 2761 2524 2816 ad
2551 2761 2762 2832 lapides
2791 2762 2971 2817 animo
3002 2763 3243 2819 fervente
3286 2763 3551 2836 legendos

2157 2847 2450 2919 Oppositus
2482 2867 2680 2922 rupere
2709 2867 2914 2919 moras,
2948 2850 3006 2923 fit
3031 2853 3243 2925 grando
3275 2853 3393 2907 sine
3423 2853 3620 2920 imbre,

2157 2937 2302 2992 Saxa
2330 2937 2533 3004 volant,
2585 2946 2941 3012 sanctumque
2972 2949 3135 2995 ruunt
3164 2957 3331 3013 super
3358 2957 3562 3015 aggere
3593 2940 3758 2998 facto.

2158 3023 2471 3080 Gaudentas
2501 3027 2722 3094 abeunt,
2755 3044 2882 3084 sese
2915 3028 3115 3085 vicisse
3145 3038 3418 3099 putantes,

2159 3115 2268 3168 Sed
2299 3115 2479 3185 potius
2510 3116 2684 3171 victos
2715 3133 2902 3172 rerum
2933 3116 3094 3173 docet
3121 3119 3297 3173 exitus
3325 3118 3474 3190 ipsos
3508 3136 3520 3171 :

2156 3201 2246 3257 Nil
2276 3219 2515 3260 nocuere
2545 3205 2765 3276 quidam
2813 3213 2962 3262 tanto
3003 3206 3107 3262 sub
3137 3208 3350 3262 turbine
3377 3207 3693 3275 Mammem,

2159 3292 2228 3345 Se
2260 3307 2392 3348 vero
2423 3294 2644 3348 aeternis
2672 3293 3001 3350 damnarunt
3049 3295 3278 3351 crimine
3304 3296 3502 3367 poenis.

2158 3380 2287 3434 Post
2315 3380 2590 3437 modicum
2629 3383 2909 3450 Mammas,
2942 3390 3000 3437 ut
3027 3382 3172 3438 facta
3201 3385 3416 3439 silentia
3447 3384 3656 3441 circum

2159 3467 2358 3535 Sensit,
2390 3470 2459 3524 ab
2488 3478 2720 3542 aggesto
2749 3486 2985 3542 surgens
3014 3470 3220 3528 illmsus
3250 3488 3470 3538 acervo,

2159 3555 2420 3625 Discedit,
2453 3557 2644 3614 laudas
2681 3559 2917 3616 Domino
2964 3568 3258 3633 gratesque
3284 3561 3656 3635 frequentans.

2761 3693 2994 3750 CAHUT
3041 3694 3219 3749 XXV.

2164 3796 2441 3865 Quomodo
2470 3813 2597 3855 voce
2623 3802 2851 3856 vocatus
2883 3817 3132 3872 superna
3151 3816 3251 3873 pro
3278 3802 3534 3860 inimicis
3564 3801 3760 3875 depre-

2547 3890 2711 3943 catus
2740 3889 2801 3942 t'n
2831 3904 2970 3960 pace
2999 3891 3292 3962 quieverit.

2159 4010 2434 4084 Pergenti,
2467 4011 2666 4067 sudum
2701 4011 2927 4068 dimissa
2953 4028 3056 4085 per
3082 4029 3214 4070 aera
3238 4013 3392 4070 venit
3424 4032 3437 4068 ε

2158 4099 2268 4154 Vos
2298 4099 2470 4166 aiens,
2502 4099 2760 4167 ascende,
2791 4102 2966 4157 virum
3000 4101 3338 4158 sanctissima
3368 4104 3652 4172 Mammas,

2156 4188 2327 4243 Janua
2356 4196 2408 4244 te
2438 4188 2562 4244 coeli
2593 4189 2830 4259 paradisi
2860 4199 2916 4246 et
2942 4189 3174 4246 claustra
3203 4192 3406 4264 patenti

2158 4275 2446 4346 Excipiunt
2473 4277 2706 4349 gremio,
2739 4279 2942 4350 gaudet
2969 4287 3022 4334 te
3051 4279 3299 4335 Christus
3329 4281 3510 4346 adire,

2162 4364 2448 4437 Quamque
2476 4366 2575 4420 tibi
2605 4374 2782 4438 portat
2810 4367 3029 4422 tandem
3073 4369 3341 4424 meruisse
3369 4383 3654 4425 coronam.

2161 4453 2283 4508 Jam
2309 4469 2564 4525 propera,
2597 4463 2813 4510 sanctus
2845 4473 3008 4528 quem
3038 4455 3222 4512 Flatus
3246 4457 3448 4530 ubique
3469 4458 3758 4531 gubernat,

2160 4542 2455 4615 Angelicos
2483 4559 2677 4600 cernas
2707 4544 2877 4600 misso
2906 4545 3204 4602 certamine
3234 4545 3400 4602 cives.

2158 4630 2260 4687 Hic
2289 4631 2581 4687 Dominum
2618 4632 2869 4700 laudans,
2897 4643 3019 4689 orat
3048 4649 3173 4690 mox
3201 4634 3333 4690 talia
3365 4637 3626 4694 Mammas
3661 4654 3674 4689 :

2159 4719 2288 4775 Haec
2316 4719 2422 4774 illis
2451 4719 2659 4777 dimitte
2687 4736 2903 4792 precor,
2951 4737 3054 4778 nec
3082 4721 3318 4780 reddere
3339 4724 3509 4793 judex

2158 4807 2293 4875 Quae
2323 4807 2502 4864 fecere
2529 4809 2681 4879 mihi,
2713 4810 2960 4866 districto
3006 4811 3255 4867 examine
3285 4828 3498 4884 quaeras
3527 4832 3542 4880 ;

2157 4896 2311 4952 Talia
2342 4895 2434 4969 qui
2461 4897 2716 4964 mandas,
2751 4899 2947 4955 exaudi
2976 4899 3109 4955 talia
3137 4900 3398 4971 clemens,

2155 4987 2332 5057 Atque
2360 4987 2579 5041 animan
2611 4988 2864 5057 permitte
2895 5003 3072 5044 meam
3093 5003 3221 5044 cum
3242 5004 3379 5061 pace
3411 4989 3612 5046 reverti

2156 5073 2242 5128 Ad
2271 5075 2518 5145 requiem
2547 5075 2878 5148 quandoque
2905 5093 3060 5133 suam
3103 5086 3228 5149 post
3255 5077 3448 5150 praelia
3474 5077 3684 5134 mundi.

2157 5161 2299 5216 Dixit
2330 5169 2384 5217 et
2413 5164 2697 5219 aetheriam
2726 5166 3046 5222 conscendit
3077 5166 3297 5237 spiritus
3329 5167 3511 5222 aulam

2154 5249 2317 5306 Liber
2340 5252 2396 5304 in
2424 5261 2628 5308 aeterno
2660 5269 2880 5326 semper
2922 5271 3210 5311 mansurus
3238 5256 3468 5312 honore.

2156 5341 2226 5394 At
2257 5356 2479 5396 somnus
2511 5349 2715 5400 sanctae
2743 5342 3005 5399 conclusit
3036 5345 3241 5400 lumina
3271 5346 3472 5399 carnis.

2156 5428 2372 5483 Semina
2402 5447 2520 5500 quas
2551 5429 2806 5502 lacrymis
2837 5433 3097 5489 Mammas
3127 5432 3304 5488 infusa
3330 5431 3543 5489 ferebat

2152 5517 2373 5572 Messuit
2402 5518 2489 5574 hic
2520 5519 2695 5575 fructu
2723 5521 2971 5592 gaudens
2989 5565 3003 5590 ,
3038 5522 3129 5593 qui
3160 5521 3326 5578 flebat
3355 5521 3538 5576 eundo

2154 5603 2278 5661 Fert
2306 5607 2531 5664 veniens
2561 5607 2751 5679 plenos
2778 5609 2934 5666 laetus
2961 5609 3218 5670 mercede
3237 5609 3534 5682 maniplos.
