3996 6184
354 281 487 334 1061
1546 280 1712 337 ἮΤΑ
1744 280 1801 337 S.
1841 278 1932 335 MA

1546 280 1712 337 VITA
1744 280 1801 337 S.
1841 276 2118 336 ΜΑΜΜᾸΞ
2145 281 2494 346 MONACHI.

1982 404 2038 465 A
2053 404 2137 499 ἑά
2153 423 2381 499 regnum
2402 413 2757 482 cwli,sanctis
2790 434 2887 489 per
2918 424 3116 485 saecula
3132 437 3379 499 paratum

2058 491 2340 587 Dmnibus,
2373 509 2577 559 aeterna
2598 508 2815 564 tandem
2844 511 3044 582 pietate
3074 491 3314 587 vocatus,

2055 581 2194 669 Pace
2222 587 2321 642 Dei
2340 587 2531 647 fruitur
2560 611 2790 669 summa,
2820 581 2937 657 sine
2966 602 3074 661 fine
3101 607 3291 663 beatus

932 403 1157 461 CAPUT
1187 404 1389 461 XXVI.

362 508 518 577 Quod
551 513 783 566 caeteros
816 515 1040 567 sanctos
1068 527 1185 567 non
1212 512 1395 568 solum
1420 512 1558 580 vita,
1579 511 1676 569 sed
1702 515 1757 569 et
1770 511 1954 568 virtu-

859 600 1005 655 tibus
1036 600 1491 673 wquiparaverit.

360 704 480 759 Jam
513 703 638 776 quia
668 705 972 761 Mammetis
1001 706 1168 761 vitam
1199 706 1474 778 finemque
1504 705 1670 773 beati,

351 791 605 849 Deformi
634 810 888 850 sermone
906 794 1047 861 licet,
1082 803 1260 850 tamen
1293 796 1485 851 ordine
1507 795 1762 868 quodam,

351 880 680 949 Clausimus,
700 883 768 937 ad
798 883 974 937 laudis
994 883 1274 939 cumulum
1289 883 1417 939 licet
1448 883 1654 939 addere
1699 883 1957 955 quaedam

350 970 511 1026 Dona
540 970 737 1043 quibus
768 971 983 1026 Domini
1013 972 1160 1028 servi
1187 988 1403 1045 quoque
1435 972 1578 1027 facta
1608 970 1785 1027 fidelis

347 1058 670 1126 Narrentur,
693 1076 1017 1132 mercesque
1046 1061 1235 1115 humili
1266 1060 1333 1115 sit
1346 1061 1510 1131 plena
1537 1068 1715 1131 poetae

349 1146 577 1203 Munera
602 1148 671 1203 de
688 1148 911 1219 proprio
946 1164 1116 1205 sacrae
1128 1150 1499 1220 superaddere
1526 1149 1703 1204 laudis
1726 1190 1736 1204 .

347 1234 525 1304 Quem
561 1250 671 1291 non
704 1244 1019 1293 sanctorum
1051 1238 1316 1292 Mammes
1344 1238 1547 1309 pietate
1579 1236 1795 1309 fideque

352 1323 599 1379 Moribus
628 1332 682 1379 et
710 1324 902 1397 signis,
937 1341 1037 1381 nec
1060 1341 1169 1380 non
1200 1326 1498 1381 certamine
1529 1324 1673 1393 forti,

348 1411 709 1483 Equiparet?
738 1421 954 1468 sanctos
985 1414 1138 1482 cujus
1161 1414 1255 1468 tibi
1284 1414 1395 1470 vita
1419 1413 1635 1484 priores

354 1500 556 1556 Sancta
577 1509 949 1571 reprazsentat,
972 1512 1291 1557 cunctorum
1314 1502 1457 1558 facta
1488 1501 1810 1574 resignans:

349 1588 685 1659 Simplicitas
716 1589 875 1660 primi
906 1606 1123 1660 semper
1142 1591 1379 1662 pastoris
1409 1591 1466 1646 in
1496 1590 1608 1659 illo,

351 1676 611 1749 Longevi
637 1677 729 1748 pia
757 1678 865 1733 vita
894 1680 1107 1745 Enoch,
1129 1678 1394 1749 perfectio
1422 1680 1560 1747 Noe,

2056 761 2230 833 Augia
2259 779 2422 836 quem
2450 768 2577 826 felix
2594 773 2913 835 Strabonem
2941 784 3159 841 nomine
3181 761 3375 842 nutrit.

2415 973 2752 1051 STRABI
2819 983 3216 1059 HYMNUS

2336 1108 2412 1165 IN
2435 1112 2771 1174 NATALEM
2792 1122 3041 1179 SANCTI
3067 1126 3359 1182 ΜΑΜΜᾸΞ.

2447 1222 2687 1283 Laudem
2714 1230 2855 1286 beati
2884 1235 3143 1308 martyris

2373 1310 2457 1365 Ad
2487 1314 2758 1373 Trinitatis
2786 1319 3018 1393 gloriam

2373 1399 2588 1459 Sanctae
2620 1422 2881 1464 canamus
2904 1412 3175 1483 supplices

2411 1488 2599 1557 Qumat
2648 1512 2906 1553 coronam
2937 1502 3204 1557 testibus.

2440 1580 2681 1638 Adversa
2713 1588 2897 1642 mundi
2914 1590 3160 1659 pertulit,

2376 1664 2615 1726 Calcavit
2642 1673 2759 1741 ejus
2792 1693 3072 1748 prospera.

2374 1755 2636 1815 Mammes
2665 1762 2893 1819 Tonanti
2927 1767 3163 1823 reddidit

2376 1840 2534 1910 Quod
2562 1864 2660 1917 pro
2698 1852 2804 1906 reis
2833 1854 2922 1910 hic
2952 1872 3143 1925 passus
3172 1865 3271 1913 est.

2449 1932 2678 2003 Virtute,
2713 1939 2836 2006 vita,
2872 1944 3135 2011 moribus,

2376 2019 2641 2079 Sermone
2650 2026 3095 2099 jucundissimus,

2375 2109 2435 2162 In
2465 2111 2738 2169 charitatis
2766 2117 2935 2188 gratia

2373 2196 2601 2269 Semper
2628 2219 2857 2260 manens
2889 2207 3205 2265 ditissimus.

2446 2286 2721 2357 Spernens
2753 2308 2886 2363 opes
2914 2312 3036 2350 curn
3066 2298 3283 2354 casibus

2362 2374 2567 2443 Mundi,
2603 2382 2849 2450 supernis
2876 2383 3093 2440 institit.-

2370 2462 2525 2519 Liber
2541 2468 2761 2524 caducis
2777 2472 2925 2539 exiit,

2372 2551 2461 2607 Nil
2481 2556 2729 2612 ambiens
2756 2575 2822 2614 ex
2849 2558 3069 2618 infimis.

2437 2642 2578 2698 Mitis
2622 2646 2853 2703 domans
2874 2649 3097 2706 immitia

2369 2729 2586 2803 [Hisque
2616 2750 2871 2804 promens
2892 2741 3141 2811 mystica,

2371 2818 2596 2875 Vivebat
2627 2822 2771 2879 inter
2798 2826 3003 2883 bestias

2373 2906 2493 2976 Quo
2523 2912 2642 2966 cive
2672 2915 2910 2985 gaudent
2940 2919 3141 2991 angeli.

2442 2999 2671 3066 Adjutus
2692 3004 2860 3058 armis
2885 3006 3106 3076 spiritus

2372 3083 2510 3140 Vicit
2530 3086 2740 3145 furores
2771 3092 3093 3165 principum,

2375 3173 2517 3229 Saevi
2544 3177 2797 3233 draconis
2827 3191 3113 3239 conterens

2377 3262 2558 3318 Sacris
2588 3276 2743 3337 caput
2773 3272 3072 3327 conatibus.

2443 3353 2625 3423 Magni
2654 3355 2809 3412 favor
2824 3361 3080 3429 praeconii

2373 3440 2613 3496 Debetur
2640 3444 2729 3499 isti
2761 3450 3000 3519 martyri,

2374 3527 2471 3582 Cui
2500 3529 2744 3587 Christus
2772 3544 2918 3590 esset
2940 3537 3142 3605 vivere,

2372 3615 2606 3672 Lucrum
2631 3622 2828 3677 resolvi
2850 3625 3159 3695 maximum,

2444 3706 2638 3761 Mansit
2668 3708 2805 3765 fides
2830 3711 2887 3765 in
2914 3722 3134 3783 pectore

2373 3793 2510 3863 Spes
2539 3806 2720 3853 mente
2748 3798 2895 3870 felix,
2918 3801 3131 3874 integra

2372 3882 2469 3937 His
2499 3886 2672 3954 major
2700 3887 2850 3942 illum
2879 3891 3113 3946 charitas

2374 3971 2520 4027 Intus
2533 3972 2662 4029 foris
2691 3978 3032 4046 possederat.

2443 4062 2683 4119 Exsultet
2705 4066 2882 4121 omnis
2912 4068 3218 4140 supplicum

2375 4149 2559 4205 Coetus
2589 4169 2786 4210 sereno
2816 4157 3039 4227 gaudio,

2375 4238 2544 4308 Hujus
2564 4242 2732 4311 patris
2761 4243 3024 4319 suffragia

2378 4327 2571 4384 Pronis
2594 4334 2840 4405 rogando
2870 4336 3148 4392 cordibus.

2447 4418 2522 4474 Te
2552 4430 2770 4493 martyr,
2804 4439 2959 4496 ergo,
2993 4441 3306 4496 quaesumus

2375 4506 2655 4575 Mammes,
2681 4510 2800 4566 fave
2818 4514 3171 4582 poscentibus

2372 4594 2537 4651 Sacro
2566 4607 2784 4667 precatu
2804 4609 3031 4670 protege
3048 4646 3061 4669 ,

2371 4681 2519 4751 Quos
2551 4685 2766 4740 instruis
2795 4690 3113 4746 certamine.

2440 4773 2697 4844 Impende
2714 4791 2897 4832 curam
2927 4779 3171 4851 dapsilis,

2369 4860 2534 4915 Aufer
2552 4864 2754 4918 malum
2774 4866 3078 4936 placabilis,

2364 4948 2563 5005 Confer
2592 4952 2720 5007 boni
2747 4955 2939 5011 solatia

2370 5038 2503 5094 Vita:
2519 5043 2761 5110 parando
2790 5044 3032 5114 praemia.

2444 5127 2522 5183 Sit
2536 5130 2774 5185 Trinitati
2794 5132 2986 5202 gloria,

2372 5216 2569 5282 Virtus,
2589 5219 2780 5285 honor,
2811 5237 2907 5291 per
2932 5222 3132 5278 saecula

2372 5303 2505 5372 Quae
2516 5321 2616 5361 nos
2646 5307 2819 5362 beatis
2849 5319 3141 5383 martyrum

2370 5392 2594 5465 Semper
2606 5395 2755 5464 juvct
2784 5397 3075 5473 suffragiis.

2830 5489 3022 5545 Amen.

350 1764 453 1821 Lot
480 1780 642 1821 sacra
671 1766 949 1832 sedulitas,
983 1767 1254 1822 Abraham
1282 1767 1506 1824 credula
1536 1768 1725 1836 virtus,
1972 1759 2027 1819 B

349 1853 503 1910 Isaac
525 1854 736 1911 cautela
766 1855 959 1925 patris,
993 1856 1300 1911 benedictio
1329 1857 1515 1925 Jacob,

349 1942 647 1998 Consilium
664 1944 886 2013 Joseph,
923 1945 1097 2000 sancti
1128 1945 1388 2014 sapientia
1410 1945 1602 2016 Moysi,

352 2030 545 2087 Gratia
575 2039 685 2086 tum
715 2032 954 2102 Samuel,
989 2032 1250 2103 patientia
1278 2033 1468 2088 fertilis
1500 2034 1615 2100 Iob,

355 2120 470 2175 Pax
501 2120 654 2175 ldida
682 2121 887 2191 magni,
920 2121 1139 2176 dilectio
1169 2130 1354 2175 mutua
1384 2122 1582 2188 David,

353 2208 534 2264 Ardor
550 2209 879 2278 apostolicus
909 2208 1201 2281 fervorque
1232 2211 1574 2281 propheticus
1603 2226 1758 2283 aeque

350 2294 618 2368 Quodque
649 2314 807 2352 suum
835 2307 1061 2353 tenuere
1092 2298 1273 2353 locum
1299 2318 1313 2365 ;
1340 2299 1597 2354 miracula
1627 2314 1761 2354 vero

349 2386 485 2440 Tam
514 2385 796 2441 manifesta
826 2387 976 2441 dedit
1020 2403 1181 2457 quam
1216 2395 1339 2441 sunt
1370 2389 1477 2442 duo
1508 2388 1713 2442 lumina
1742 2386 1948 2454 mundi,

349 2475 433 2529 Ex
464 2474 657 2546 quibus
686 2476 757 2530 ad
784 2475 916 2530 tanti
946 2476 1163 2529 laudem
1182 2475 1493 2548 famamque
1523 2477 1739 2547 patroni

353 2561 619 2631 Quaedam
639 2579 813 2633 pauca
842 2564 972 2619 libet
1001 2573 1248 2619 veterum
1281 2580 1605 2636 componere
1636 2565 1827 2638 gestis,

346 2652 418 2707 Ut
449 2651 653 2723 liquido
671 2668 945 2724 agnoscas
977 2661 1300 2708 cunctorum
1330 2654 1455 2709 dote
1485 2654 1702 2729 piorum

358 2739 513 2795 Hunc
543 2740 770 2795 nituisse
792 2740 987 2795 virum.
1011 2742 1165 2795 Prior
1192 2742 1247 2795 in
1278 2743 1497 2797 deserta
1527 2751 1748 2797 vocatus

356 2829 455 2883 Est
474 2830 725 2899 pepulus,
759 2830 1047 2902 legemque
1080 2832 1193 2885 Deo
1224 2831 1457 2886 donante
1490 2839 1788 2902 receptans,

358 2917 598 2972 Pellibus
630 2926 681 2972 et
701 2918 896 2973 tabulis
918 2919 1147 2973 tentoria
1170 2935 1323 2974 sacra
1353 2920 1594 2991 paravit:

359 3004 448 3061 Sic
476 3006 740 3061 Mammes
757 3007 970 3061 deserta
998 3015 1209 3077 petens,
1252 3009 1378 3061 dum
1398 3008 1658 3063 construit
1674 3009 1867 3079 aedem,

359 3094 575 3149 Donum
606 3095 905 3165 evangelici
929 3096 1128 3150 meruit
1143 3097 1457 3151 venerabile
1489 3096 1632 3151 libri.
1974 3110 2023 3174 ο

357 3182 494 3238 Huic
524 3184 693 3237 instar
724 3183 1049 3247 Salomonis,
1075 3192 1218 3237 amet
1246 3186 1607 3255 quodcunque
1636 3185 1949 3255 petendum,

356 3269 578 3325 Ccelitus
605 3272 875 3329 annuitur.
913 3273 1203 3326 Mammem
1235 3288 1395 3327 sacra
1424 3272 1568 3327 dicta
1598 3273 1870 3343 legentem

351 3360 606 3414 Attonitae
637 3368 892 3430 stupuere
924 3360 1071 3426 ferae,
1097 3360 1341 3415 mirabile
1370 3361 1563 3415 dantes

351 3448 575 3503 Doctori
602 3449 958 3519 obsequium;
981 3449 1230 3504 Samsoni
1262 3465 1327 3503 ex
1357 3465 1452 3503 ore
1485 3449 1656 3504 leonis

355 3536 425 3592 Ut
444 3536 674 3592 dulcedo
694 3537 822 3591 data
842 3545 943 3592 est.
979 3537 1221 3607 Propriis
1250 3537 1305 3591 in
1339 3538 1607 3592 moenibus
1638 3538 1822 3593 hostes

353 3624 521 3681 Elisei
550 3633 783 3680 sectator
811 3626 922 3681 alit.
957 3625 1116 3693 Quod
1135 3627 1374 3698 agrestia
1393 3633 1585 3696 parcnt

311 3772 330 3784 ,
354 3714 488 3769 Tam
522 3714 705 3769 tritum
735 3723 817 3768 est
840 3714 1066 3783 sanctis,
1092 3723 1150 3769 ut
1179 3731 1287 3769 non
1318 3715 1385 3769 sit
1406 3715 1551 3769 ferre
1571 3731 1819 3785 necesse,

355 3802 472 3858 Nec
501 3802 695 3857 mirum
728 3803 873 3873 quod
908 3804 1071 3857 stulta
1102 3820 1326 3876 magum
1356 3804 1619 3859 sententia
1649 3803 1801 3871 dixit,

355 3891 622 3946 Belzebub
653 3892 945 3946 Dominum
969 3892 1014 3946 si
1046 3909 1186 3964 gens
1215 3893 1397 3948 Judaea
1426 3893 1660 3948 vocavit.

357 3979 601 4051 Cumque
632 3980 807 4035 tribus
836 3981 1039 4051 pueris,
1074 3981 1262 4035 mundi
1294 3981 1455 4036 simul
1497 3981 1638 4035 idola
1670 3989 1916 4038 temnens
1939 4026 1952 4050 ,

352 4067 630 4124 Clauditur
659 4068 979 4141 ignicremis
1014 4070 1228 4124 flamma
1248 4069 1492 4125 fervente
1542 4070 1790 4126 caminis.

359 4156 604 4212 Verbera
634 4174 757 4213 cum
776 4158 940 4213 Paulo
974 4158 1187 4213 tolerat.
1218 4159 1465 4213 Sectatur
1522 4167 1783 4232 utrosque

358 4246 420 4300 In
446 4246 642 4316 pernis,
679 4246 863 4301 itidem
894 4247 1119 4302 vincens
1153 4255 1391 4303 sectatur
1419 4256 1676 4320 utrosque

358 4334 641 4405 Unguibus
665 4336 751 4391 hic
785 4335 983 4401 fossus,
1007 4336 1180 4390 scrris
1215 4344 1297 4390 est
1326 4344 1494 4391 tortus
1515 4336 1684 4392 Isaias
1708 4355 1723 4405 ;

360 4422 534 4477 Eliam
564 4424 731 4489 corvi,
753 4426 1040 4479 Mammem
1072 4441 1273 4495 pavere
1292 4424 1573 4481 columbae.

358 4512 427 4567 Ut
454 4512 621 4567 Jonas
649 4521 769 4568 ceto
799 4513 952 4569 vivus
985 4514 1238 4569 sorbente
1274 4522 1546 4584 repertus,

359 4599 449 4655 Sic
482 4602 766 4656 Mammem
799 4618 1021 4657 servare
1054 4601 1199 4668 fera),
1224 4618 1333 4658 non
1362 4602 1561 4658 laedere
1582 4612 1828 4675 possunt.

358 4688 724 4761 Opprobrium
748 4690 917 4745 Elisei
949 4691 1184 4763 geminis
1216 4692 1429 4746 deletur
1461 4692 1526 4745 ab
1557 4694 1721 4764 ursis,
1780 4708 1793 4717 ’

356 4778 425 4832 Et
455 4777 540 4833 leo
571 4779 870 4834 Mammetis
902 4780 1087 4835 stravit
1118 4780 1449 4835 saevissimus
1476 4781 1681 4838 hostes.

359 4867 428 4922 Ut
457 4867 600 4921 bruti
624 4868 886 4922 Dominus
918 4869 1161 4939 linguam
1191 4870 1457 4924 reseravit
1488 4870 1664 4937 aselli,

353 4954 435 5010 Ne
465 4956 651 5026 populi
680 4956 903 5011 exitium
934 4966 1090 5012 vates
1127 4965 1382 5013 tractaret
1413 4957 1650 5028 iniquus,

357 5043 604 5099 Humana
635 5045 715 5100 sic
736 5061 869 5101 voce
891 5046 977 5100 leo
1010 5046 1312 5101 Mammetis
1344 5048 1611 5103 honorem

358 5133 643 5199 Praedicat,
665 5142 722 5189 ut
754 5134 847 5189 tali
880 5135 1073 5189 saltem
1103 5136 1326 5190 doctore
1359 5143 1617 5191 cruentus

359 5220 603 5292 Resipiat
618 5222 804 5291 judex.
841 5223 1099 5294 Lepidum
1132 5239 1349 5294 quoque
1397 5224 1663 5295 grandine
1688 5240 1915 5297 pressus
1935 5270 1947 5294 ,

362 5309 498 5364 Cum
526 5310 693 5365 Paulo
716 5311 1100 5383 Steplianoque
1129 5313 1304 5367 Deum
1325 5327 1435 5383 pro
1461 5312 1657 5368 talibus
1679 5322 1819 5383 orat,

357 5398 682 5469 Exemplum
702 5400 984 5455 morientis
1018 5400 1243 5465 habens,
1268 5400 1324 5455 in
1353 5416 1585 5471 corpore
1613 5401 1763 5458 Iesu.

360 5486 457 5542 His
489 5486 718 5560 aliisque
747 5489 846 5545 Dei
876 5488 1185 5545 clarissima
1205 5488 1351 5546 dona
1380 5489 1715 5560 ministrans,

2056 668 2385 768 Illic-sancte
2416 680 2491 735 tui
2518 668 2781 743 Mammes
2812 706 3023 748 memor
3053 704 3170 751 esto
3197 704 3393 768 poetae,

3505 302 3644 361 1062
