3996 6184
1205 671 2156 807 WALAFBIDI
2290 672 2896 808 STRABI

1682 916 2071 974 FULDENSIS
2126 917 2414 974 ABBATIS

456 1100 973 1298 UPEBUM
1103 1101 1608 1299 OMNIUM
1736 1103 2047 1300 PARS
2150 1103 2617 1301 TERTIA.
2971 1102 3563 1303 CARMINA.

1496 1413 1600 1484 (Ex
1631 1411 1833 1468 Canisii
1853 1411 2036 1485 Antiq.
2078 1412 2251 1481 Lect.,
2274 1420 2407 1471 tom.
2439 1414 2549 1484 IL).

829 1707 1091 1834 DE
1198 1703 2219 1839 VISIONIBUS
2321 1706 3052 1836 WETTIN
3051 1706 3120 1833 Ι
3205 1714 3240 1754 ⁸

1742 1952 2232 2012 PREFATIO

1421 2133 1516 2187 AD
1558 2132 1976 2190 GRIMALDUM
2013 2133 2501 2192 CAPELLANUM.

414 2444 646 2501 Domino
672 2444 832 2511 Patri,
865 2461 1101 2518 vereque
1129 2444 1294 2512 felici,
1333 2454 1384 2501 et
1413 2445 1707 2517 purissima
1756 2446 1934 2504 since-
1959 2447 2016 2508 A
2039 2454 2125 2502 tas
2144 2444 2538 2518 aliquantisper
2575 2451 2868 2517 tegeretur.
2911 2446 3087 2502 Unam
3104 2444 3284 2518 itaque
3314 2445 3386 2502 ob
3414 2461 3645 2503 causam

341 2533 496 2590 ritate
517 2534 829 2590 venerando
852 2534 1147 2590 Gnunwo
1205 2534 1511 2605 capellano,
1552 2536 1938 2591 WALAFRIDUS

341 2623 592 2678 S'rnanus
644 2631 859 2681 aeterna:
905 2623 1250 2680 beatitudinis
1295 2624 1353 2678 in
1417 2624 1700 2680 Salvatore
1749 2624 1938 2681 mundi

340 2712 590 2768 salutem.

407 2802 489 2856 Ex
518 2818 647 2873 quo,
671 2802 830 2856 Pater
842 2801 1176 2869 beatissime,
1196 2801 1445 2857 familiari
1489 2803 1719 2874 quadam
1739 2802 1935 2873 pietate

336 2889 688 2963 exiguitatem
733 2906 913 2945 meam
933 2891 1143 2962 dignati
1191 2891 1324 2945 estis
1368 2906 1694 2963 agnoscere,
1744 2891 1933 2946 sedulo

335 2979 513 3035 tenaci
529 2980 794 3035 memoria
811 2979 1341 3050 amplexabar,cujus
1357 2980 1702 3049 praesentiam
1721 2995 1933 3035 summo

335 3067 535 3124 ardore
551 3069 818 3134 sitiebam,
863 3068 1001 3124 sicut
1032 3075 1085 3123 et
1129 3070 1397 3123 hactenus
1423 3083 1548 3140 ago.
1587 3066 1740 3123 Licet
1787 3067 1931 3123 enim

332 3155 499 3229 longa
586 3157 885 3225 interjecta:
918 3156 1124 3211 telluris
1173 3156 1349 3226 spatia
1381 3163 1742 3225 sequestrent,
1792 3156 1930 3210 vasti

332 3245 599 3301 montium
645 3253 697 3300 et
723 3246 951 3298 saltuum
984 3244 1240 3297 dirimant
1287 3243 1584 3312 anfractus,
1637 3245 1816 3300 animo
1847 3252 1929 3300 ta-

331 3349 459 3388 men
500 3332 732 3402 spiritali
751 3332 879 3402 igne
898 3340 1153 3398 aestuans,
1197 3332 1447 3403 quamvis
1468 3333 1688 3400 absens,
1711 3333 1927 3389 assidue

328 3428 546 3476 vestros
575 3420 729 3492 quasi
760 3420 1031 3491 quoddam
1082 3420 1363 3491 spdbulum
1419 3421 1631 3477 intueor
1686 3422 1922 3478 obtutus.

329 3509 579 3580 Denique
602 3510 758 3579 jussu
788 3509 1033 3582 Adalgisi
1065 3510 1361 3566 venerandi
1377 3511 1551 3566 Patris
1580 3512 1632 3566 in
1668 3511 1921 3578 Domino,

329 3598 595 3654 visionem
653 3598 882 3654 Wettini
920 3599 1210 3671 propinqui
1251 3598 1482 3666 vestrib,
1515 3616 1680 3671 quam
1733 3600 1924 3656 beatus

325 3694 482 3758 pater
523 3688 725 3743 Hetto°
759 3688 982 3743 urbana:
1044 3686 1328 3757 facundiae,
1359 3688 1637 3743 mellitluis
1697 3689 1923 3745 ﬂoribus

2041 2534 2532 2605 impossibilitatem
2595 2534 2875 2605 superavit
2920 2534 3193 2589 voluntas.
3256 2534 3644 2606 Comperimus

2039 2624 2241 2679 etenim
2297 2623 2559 2694 quosdam
2614 2639 2739 2678 esse
2794 2622 2888 2695 qui
2943 2623 3047 2679 hoc
3096 2623 3172 2677 nil
3204 2623 3441 2694 amplius
3481 2623 3642 2680 vanis

2038 2712 2266 2767 somniis
2282 2712 2660 2781 dijudicantes,
2680 2728 2782 2767 nec
2799 2712 3000 2767 habere
3049 2720 3141 2766 aut
3166 2712 3391 2768 credere
3411 2721 3506 2767 aut
3533 2729 3639 2768 au-

2036 2800 2157 2856 dire
2193 2794 2502 2873 dignantur.
2539 2801 2686 2855 Hanc
2716 2809 2894 2855 autem
2927 2801 3411 2872 praesumptionem
3440 2810 3501 2856 ut
3528 2818 3634 2857 au-

2036 2889 2252 2955 dierint,
2286 2897 2567 2962 turgentes
2597 2898 2875 2944 assumunt
2900 2890 2956 2943 in
2974 2905 3185 2958 manus,
3216 2890 3474 2962 avidique
3496 2891 3636 2946 vitia

2034 2978 2229 3049 quibus
2259 2977 2522 3032 redundat
2543 2977 2818 3042 rimantes,
2853 2978 3020 3033 velint
3049 2978 3237 3051 nolint,
3257 2979 3437 3049 ipsum
3485 2979 3637 3050 quod

2033 3066 2262 3120 oderunt
2315 3064 2613 3133 invenient,
2665 3066 2792 3120 dum
2844 3066 2988 3137 quod
3047 3066 3231 3121 sitiunt
3299 3066 3635 3138 quaesierint.

2033 3153 2387 3225 Compulsum
2433 3162 2613 3209 tamen
2642 3170 2729 3209 me
2759 3154 2935 3209 sciant
2964 3154 3016 3207 in
3044 3156 3147 3210 hoc
3186 3155 3528 3227 prorupisse,
3578 3164 3635 3210 et

2032 3244 2189 3313 quasi
2215 3242 2448 3297 stimulis
2468 3242 2787 3314 plerumque
2805 3242 3097 3313 impulsum
3128 3244 3483 3315 scriptitasse.
3518 3243 3632 3300 Sed

2030 3339 2247 3401 propter
2273 3347 2516 3385 amorem
2547 3331 2663 3399 ejus
2717 3331 2811 3402 qui
2838 3332 2955 3387 haec
2984 3331 3135 3396 vidit,
3160 3340 3213 3387 et
3239 3334 3345 3388 ista
3375 3331 3495 3388 fieri
3525 3333 3630 3388 de-

2030 3419 2302 3488 sideravit,
2338 3428 2390 3475 et
2418 3436 2505 3473 me
2536 3420 2651 3475 haec
2680 3418 2883 3475 fiducia
2919 3419 3194 3476 animavit.

2097 3542 2457 3614 Quapropter,
2492 3542 2805 3599 beatissime
2834 3545 3010 3613 Pater,
3046 3560 3230 3616 quaeso
3278 3545 3624 3601 sanctitatem

2024 3640 2259 3687 vestram
2291 3640 2348 3686 ut
2370 3633 2663 3687 emendare
2684 3632 2982 3703 dignemini
3004 3633 3264 3705 quidquid
3291 3634 3344 3688 in
3373 3636 3477 3691 hoc
3508 3635 3621 3705 pit-

2023 3721 2165 3776 tacio
2212 3738 2443 3777 censura
2490 3730 2675 3777 vestra
2716 3730 2899 3792 aptum
2946 3722 3271 3778 correctioni
3311 3724 3457 3779 vela
3487 3740 3621 3780 vero

323 3775 617 3868 δάοίῖξλθηδτ
664 3776 931 3868 Ρτοεδίοῖδ
977 3776 1164 3868 Ῡθτβίδ
1213 3776 1528 3868 “iusim
1594 3778 1917 3847 οοτηροδυίίθ
1948 3775 2342 3865 admorat".
2373 3775 2787 3866 deliberaverit
2817 3775 3621 3868 iactas'aiig‘eattaagl

321 3865 573 3921 versibus
602 3866 936 3921 hexametris
968 3865 1156 3920 furtim
1189 3866 1503 3937 exemplare
1532 3875 1750 3921 coactus
1779 3881 1917 3921 sum.

280 3967 295 3973 '
320 3954 450 4009 Ideo
471 3953 604 4009 nulli
620 3955 725 4011 hoc
754 3962 812 4009 ut
841 3955 1058 4025 placeat
1088 3955 1340 4021 exhibeo,
1385 3962 1591 4009 tantum
1619 3955 1762 4009 illius
1817 3971 1920 4010 vo-

317 4042 515 4097 luntati
563 4042 818 4113 satisfeci,
852 4052 903 4098 et
932 4044 1109 4112 major
1138 4051 1253 4098 erat
1296 4043 1611 4099 obedientia
1643 4059 1806 4114 quam
1834 4042 1919 4099 fa-

316 4131 505 4187 cultas.
551 4131 801 4188 Sciebam
856 4131 1055 4187 etenim
1113 4132 1235 4204 quia
1283 4132 1374 4204 qui
1427 4132 1765 4203 spiritalibus
1787 4131 1919 4188 viris

316 4220 677 4291 obtemperat,
712 4237 988 4292 nunquam
1018 4229 1181 4275 errat.
1216 4221 1285 4274 Et
1315 4221 1360 4275 si
1386 4221 1441 4275 in
1467 4222 1670 4292 pedum
1699 4237 1919 4276 mensu-

312 4308 391 4364 ris
424 4318 478 4364 et
493 4309 938 4381 synalmpharum
966 4309 1235 4380 positione
1262 4308 1452 4378 fefelli,
1487 4319 1679 4366 contra
1710 4311 1918 4366 nullum

308 4396 586 4454 luctamen
640 4398 807 4466 inibo,
869 4398 993 4470 quia
1046 4399 1118 4453 ad
1134 4414 1319 4452 rumus
1337 4398 1534 4453 culos‘1
1577 4399 1916 4472 spargendos

312 4502 422 4541 non
443 4487 551 4559 egi,
586 4489 684 4543 sed
702 4488 879 4558 potius
908 4488 977 4542 ob
998 4487 1264 4558 propositi
1283 4488 1395 4543 mei
1416 4488 1909 4544 conservationem.

310 4574 524 4647 Quippe
567 4577 654 4633 cui
686 4592 788 4632 nec
816 4585 945 4633 astas
980 4578 1050 4631 ad
1085 4576 1209 4631 talia
1242 4577 1520 4648 competit,
1560 4594 1661 4633 nec
1682 4576 1911 4633 scientia

307 4665 562 4735 suppetit.
585 4665 827 4721 Scintilla
855 4667 1107 4738 quaedam
1132 4665 1273 4721 inest
1304 4674 1357 4722 et
1385 4674 1513 4739 eget
1541 4665 1748 4722 fomite.

373 4753 436 4808 In
471 4755 575 4810 hoc
614 4762 796 4810 autem
834 4755 1108 4825 primitivo
1126 4755 1364 4811 carmine
1416 4772 1517 4811 nec
1539 4763 1752 4826 tempus
1793 4769 1911 4810 mo-

307 4856 496 4896 rosum
524 4843 593 4897 ad
608 4844 876 4899 cautelam
904 4860 1233 4900 concessum
1274 4852 1373 4911 est,
1400 4861 1501 4900 nec
1540 4844 1751 4915 proprii
1782 4860 1908 4899 ser-

303 4929 482 4984 monis
508 4931 671 4986 habui
692 4940 1032 5003 potestatem.
1066 4933 1311 4989 Arbitror
1341 4941 1522 4989 autem
1563 4933 1708 5004 quod
1732 4932 1777 4987 si
1813 4948 1911 5003 per

302 5030 527 5087 campos
542 5019 792 5075 darentur
808 5021 1309 5094 vagandiinduciae,
1343 5021 1642 5094 quivissem
1672 5020 1909 5077 fortasse

294 5105 640 5161 ramusculos
694 5109 903 5180 aliquos
931 5111 1251 5182 decerpere,
1286 5111 1481 5182 quibus
1504 5127 1627 5166 mea
1689 5110 1907 5167 rustici-

342 5296 783 5364 aVidg-v‘isiopn-m
804 5299 1054 5364 ejusdem
1078 5305 1423 5364 narrationem
1443 5305 1727 5364 prosaicam
1766 5307 1898 5364 inter

289 5354 707 5457 (ἐὲξιίῗωῐξθέᾮῐὲε
727 5354 1033 5401 Βδείιθθηεὶε
1052 5359 1299 5439 episcopi,
1324 5354 1625 5417 Patrologim
1647 5362 1783 5407 tomo
1806 5363 1895 5417 CV,

345 5482 372 5517 δ
399 5481 569 5527 Frater
584 5478 783 5527 scilicet
803 5478 882 5526 Gri
891 5477 1059 5526 maldi.
1083 5481 1229 5528 Bxsn.

1943 5162 1993 5226 C

2019 3899 2238 3954 baldum
2270 3898 2547 3953 dominum
2578 3906 2631 3954 et
2667 3900 2957 3955 Tattonem
3002 3909 3399 3971 praeceptorem
3435 3917 3620 3955 meum

2019 3988 2136 4043 haac
2164 4004 2251 4042 res
2268 4003 2377 4042 non
2406 3988 2588 4054 lateat,
2622 3988 2744 4058 quia
2789 3987 2871 4045 fas
2899 4004 3009 4043 non
3047 3998 3129 4043 est
3159 3990 3429 4045 monacho
3459 4005 3618 4044 suum

2019 4076 2311 4148 quidquam
2360 4076 2539 4132 celare
2590 4076 2859 4131 abbatem.
2909 4076 2966 4131 Si
2994 4077 3175 4149 itaque
3204 4078 3617 4134 considerantes

2017 4163 2197 4219 nimiis
2228 4165 2369 4220 nacti
2399 4164 2601 4219 fuerint
2653 4165 2879 4220 sordere
2908 4165 3227 4232 mendaciis,
3262 4166 3441 4221 statim
3469 4183 3616 4237 pun-

2018 4262 2167 4325 gent,
2200 4270 2308 4308 non
2356 4253 2667 4323 palpabunt.
2712 4253 2800 4319 Et,
2834 4261 2891 4308 ut
2921 4270 3134 4321 vereor,
3169 4255 3263 4326 qui
3290 4271 3432 4326 pene
3461 4264 3615 4311 octa-

2015 4359 2146 4397 vum
2175 4342 2447 4397 decimum
2469 4343 2580 4411 jam
2610 4357 2810 4397 annum
2850 4344 3111 4416 transegi,
3144 4343 3327 4415 dignis
3370 4344 3618 4399 verberi-

2016 4426 2119 4482 bus
2149 4426 2438 4497 vapulabo.
2465 4425 2682 4497 Optime
2712 4426 2857 4481 enim
2879 4427 2981 4482 hac
3007 4435 3142 4491 arte,
3167 4427 3306 4483 sicut
3331 4435 3385 4482 et
3415 4428 3472 4481 in
3490 4428 3613 4482 aliis

2014 4515 2205 4570 imbuti
2235 4523 2376 4584 sunt,
2422 4515 2518 4569 sed
2550 4515 2727 4569 minus
2757 4516 3011 4588 diligunt.
3052 4516 3178 4571 Ideo
3208 4515 3507 4571 defendere
3537 4516 3613 4571 di-

2013 4603 2256 4677 gnemini
2288 4603 2570 4659 utilitatem
2613 4620 2812 4669 meam,
2862 4612 2914 4659 et
2944 4605 3106 4674 hujus
3156 4605 3365 4661 sedula
3394 4603 3614 4661 inﬁma

2010 4693 2169 4748 tueri.
2210 4692 2470 4760 Quaedam
2525 4693 2685 4748 etiam
2713 4693 2932 4748 nomina
2949 4694 3002 4747 in
3025 4701 3279 4749 contextu
3321 4695 3607 4762 occultata,

2011 4782 2104 4853 qui
2132 4781 2421 4854 diligenter
2449 4781 2877 4855 investigaverit,
2913 4782 3031 4837 istis
3061 4783 3311 4839 versibus
3338 4783 3610 4854 impressa

2011 4870 2263 4941 reperiet.
2321 4871 2465 4925 Bene
2520 4870 2812 4936 valentem,
2877 4878 2929 4925 et
2975 4871 3154 4926 Strabi
3201 4888 3521 4938 memorem,
3556 4880 3611 4928 te

2009 4960 2158 5015 Deus
2197 4959 2539 5030 omnipotens
2568 4959 2622 5013 in
2652 4967 2849 5015 aeterna
2884 4959 3142 5016 felicitate
3162 4977 3496 5018 conservare
3512 4960 3602 5016 di-

2010 5055 2227 5120 gnetur,
2252 5046 2595 5106 sanctissime
2618 5049 2793 5105 Pater.
2835 5050 3031 5105 Amen.

2053 5304 2075 5334 c
2095 5290 2261 5337 Abbas
2282 5288 2555 5345 Augiensls
2574 5300 2708 5337 anno
2726 5293 2821 5347 801,
2863 5288 3170 5339 Basileensis
3195 5290 3481 5348 episcopus.
3501 5293 3590 5338 Ca-

1998 5361 2095 5407 roli
2134 5362 2301 5417 Magni
2332 5364 2529 5418 legatus
2550 5363 2613 5408 ad
2632 5362 2927 5410 Orientales.
2951 5365 3097 5409 Basu.

2057 5442 2087 5485 ἁ
2106 5444 2251 5489 Forte
2272 5446 2604 5500 ramusculos,
2624 5446 2681 5491 ut
2699 5442 2849 5501 paulo
2876 5444 3022 5490 intra.
3038 5446 3154 5493 CAN.
