3996 6184
356 197 494 250 1065

1515 210 1609 264 DE
1670 211 2061 273 VISIONIBUS
2119 220 2450 276 WETTINI.

3523 230 3660 296 1066

689 383 3656 438 -—________~________

1564 519 1984 608 INCIPIT
2045 528 2374 616 LIBER

815 743 1007 803 Oratio
1045 749 1118 803 ad
1179 753 1483 809 Christum.

351 853 582 915 Christe.
617 871 816 912 novum
849 861 940 932 qui
969 865 1172 934 pascha
1199 868 1332 922 mihi
1361 871 1615 926 concedis
1658 876 1951 946 agendum,

348 940 582 1015 Su'scipe
612 945 756 1001 dona
789 964 1033 1018 precum,
1066 953 1352 1028 laudisque
1383 959 1618 1016 salubria
1648 940 1847 1021 nostra:

348 1031 509 1099 Vota,
545 1033 877 1092 voluntatem
905 1040 1083 1110 potius
1114 1061 1273 1114 quam
1322 1047 1464 1102 dona
1505 1051 1804 1121 requirens.

348 1117 631 1187 Quantum
661 1141 824 1194 posse
856 1127 1032 1199 dabis,
1070 1139 1272 1188 tantum
1302 1152 1422 1190 sum
1454 1117 1598 1193 velle
1623 1149 1843 1210 paratus

349 1207 488 1262 Cum
519 1218 608 1266 tua
639 1214 892 1282 majestas
923 1218 1064 1274 velle
1113 1230 1275 1293 atque
1321 1224 1505 1281 valere
1552 1207 1838 1285 ministret.

343 1305 420 1360 Te
449 1323 663 1376 precor,
694 1311 838 1366 alme
871 1313 1036 1384 Deus,
1069 1319 1306 1387 pueriles
1335 1321 1524 1391 disjice
1552 1324 1730 1380 ludos.

345 1393 418 1449 Et
448 1395 708 1452 fermenta
739 1401 815 1454 tui
845 1402 1054 1471 placida
1091 1405 1271 1463 insere
1301 1410 1594 1481 dogmatis,
1639 1423 1695 1468 ut
1737 1415 1804 1469 sit

341 1482 547 1539 Blanda
579 1485 708 1541 mihi
739 1489 1022 1562 dulcisque
1053 1495 1222 1549 Patris
1252 1501 1535 1568 sententia,
1579 1503 1732 1572 cujus

335 1571 500 1628 Jussa
535 1591 753 1647 sequor,
787 1595 855 1634 ne
883 1580 1041 1635 dorsa
1073 1581 1190 1638 fero
1219 1584 1463 1644 lacerare
1512 1571 1729 1663 flagello

335 1661 566 1734 Incipiat
598 1679 926 1740 carmenque
952 1671 1132 1728 animo
1163 1676 1454 1744 reprobare
1514 1661 1696 1734 citato.

332 1750 458 1804 Non
487 1752 705 1810 aliunde
739 1756 958 1826 quidem
988 1761 1225 1830 primum
1255 1780 1581 1836 componere
1611 1784 1834 1825 carmen

335 1838 594 1911 Disposui
624 1861 806 1915 quam,
839 1857 1025 1904 sancta
1068 1867 1304 1924 sequens
1349 1865 1622 1928 praecepta
1665 1859 1932 1929 priorum,

339 1928 614 1986 Primitias
645 1933 858 1990 deferre
891 1938 1021 2004 Deo,
1059 1940 1145 1994 cui
1176 1942 1356 1997 cordis
1385 1944 1440 1998 in
1486 1961 1583 2001 ara

335 2018 533 2073 Fertur
561 2021 749 2093 adeps,
783 2034 985 2081 sancta:
1012 2042 1138 2082 cum
1165 2029 1339 2085 laudis
1371 2033 1536 2088 odore
1591 2034 1790 2090 litatus.

1967 766 2024 826 A
2054 767 2265 838 Elevat,
2298 770 2463 844 inque
2492 775 2592 830 Dei
2621 777 2832 834 varium
2865 787 3190 837 transmutat
3217 783 3502 852 honorem,

2056 857 2317 915 Interiora
2347 861 2574 918 medens
2603 872 2767 937 atque
2796 869 3071 926 exteriora
3111 870 3439 929 reformans.

2055 945 2222 1015 Cujus
2255 949 2324 1004 ad
2353 949 2632 1022 ingenium
2663 955 2844 1010 nullus
2871 959 3004 1012 mihi
3031 976 3214 1016 sermo
3244 961 3513 1018 redundat

2052 1034 2416 1106 Narrandum,
2447 1043 2668 1112 quando
2700 1045 2954 1115 specialis
2984 1047 3038 1102 in
3068 1049 3203 1105 orbe
3234 1050 3444 1106 refulsit

2052 1125 2254 1180 Doctus
2284 1127 2338 1181 in
2370 1129 2588 1185 incultis
2614 1131 2821 1200 jaciens
2853 1151 3005 1190 sacra
3035 1138 3247 1192 semina
3295 1139 3463 1197 sulcis
3495 1160 3509 1208 ;

2049 1213 2260 1286 Largus
2292 1216 2344 1270 in
2375 1219 2592 1288 auxilio,
2626 1221 2730 1276 vita
2757 1223 2986 1294 probus,
3036 1235 3192 1297 aptus
3238 1230 3430 1296 amori,

2047 1301 2233 1358 Justus
2265 1304 2318 1358 in
2351 1307 2593 1377 arbitrio,
2627 1319 2744 1366 arte
2775 1328 2965 1384 sagax,
3015 1315 3309 1384 perfectior
3339 1327 3462 1374 actu
3496 1340 3509 1385 ;

2048 1389 2194 1458 Qui!
2223 1409 2410 1450 moror
2436 1396 2536 1451 ista
2566 1414 2788 1466 canens,
2822 1417 2942 1456 cum
2973 1403 3178 1472 possim
3203 1405 3325 1474 jure
3357 1407 3511 1463 fateri

2045 1480 2130 1534 Me
2151 1483 2366 1538 nescire
2394 1485 2562 1540 alium
2593 1488 2683 1558 qui
2717 1500 3100 1561 compensetur
3131 1494 3200 1548 ad
3243 1495 3406 1550 istum
3447 1498 3477 1551 τ

2046 1567 2274 1641 Cogitur
2303 1573 2511 1628 interea
2539 1579 2928 1634 monachorum
2976 1590 3162 1651 pastor
3199 1583 3389 1640 haberi
3421 1603 3437 1638 :

2047 1656 2361 1730 Discipulus
2391 1662 2612 1733 dudum,
2647 1665 2952 1737 disponitur
2980 1669 3097 1740 ipse
3143 1671 3428 1744 magister.

2049 1747 2300 1808 Carceris
2328 1767 2446 1821 ipse
2470 1752 2567 1806 fuit
2599 1763 2801 1824 custos,
2839 1773 2944 1828 quo
2975 1775 3122 1829 saepe
3141 1760 3346 1832 cupivit

2044 1835 2352 1893 Finitimum
2385 1850 2703 1912 exspectare
2732 1845 2897 1913 diem,
2929 1854 3045 1902 tum
3073 1859 3250 1904 morte
3298 1851 3507 1908 revicta

2041 1923 2419 1998 Perpetuaque
2449 1929 2572 1997 frui,
2603 1931 2816 1988 Christo
2845 1933 3097 2005 donante,
3131 1953 3353 1995 corona.

2043 2013 2279 2069 Vocibus
2309 2015 2363 2070 in
2395 2026 2604 2087 septem
2634 2020 2680 2073 si
2703 2031 2917 2090 promat
2946 2023 3116 2079 verba
3160 2026 3390 2096 palatus,

333 2105 466 2161 Jesu
497 2108 729 2176 Christe,
762 2113 942 2169 crucis
974 2131 1107 2188 rogo
1138 2134 1238 2187 per
1281 2121 1472 2175 merita
1517 2122 1659 2178 alma
1707 2133 1935 2182 sacratas
1957 2134 2009 2194 B
2043 2103 2162 2194 Non
2194 2103 2297 2194 ‘3‘“
2324 2104 2430 2158 una
2471 2115 2651 2162 tamen
2680 2111 2936 2166 narrandi
2969 2122 3164 2168 cuneta
3216 2114 3466 2183 facultas,

331 2196 511 2266 Atque
541 2201 882 2271 resurgentis
911 2220 1012 2274 per
1038 2205 1268 2261 maxima
1299 2207 1438 2264 festa
1467 2211 1682 2278 Leonis,

335 2282 501 2352 Cujus
531 2287 684 2341 adest
714 2288 876 2344 hodie
908 2290 1108 2348 festum
1135 2297 1451 2353 venerabile
1489 2300 1717 2370 cunctis,

331 2373 401 2427 Ut
429 2390 517 2428 me
549 2375 794 2448 digneris
842 2379 986 2434 vitiis
1029 2384 1297 2439 mundare
1341 2385 1607 2455 nefandis,

328 2461 413 2516 Ne
439 2465 586 2533 quod
618 2481 751 2521 voce
783 2468 974 2537 probo,
1008 2470 1109 2526 hoc
1139 2482 1326 2528 nostro
1354 2474 1644 2532 damnetur
1687 2479 1744 2533 in
1787 2486 1930 2534 actu.

329 2548 474 2617 Quid
507 2551 705 2624 loquar
734 2556 959 2612 ulterius
983 2559 1011 2613 ?
1039 2562 1225 2615 mundi
1257 2562 1538 2631 miserere,
1573 2567 1928 2639 Redemptor,

329 2638 544 2711 Perque
571 2644 857 2712 potestatis
887 2663 1086 2703 numen
1118 2665 1380 2707 succurre
1402 2653 1680 2710 triformis.

328 2773 406 2829 De
424 2774 711 2833 abbatibus
727 2778 1116 2850 Augiensibus.
1141 2813 1211 2824 --
1229 2785 1486 2842 Hettom’s
1504 2789 1777 2859 pueritia,
1796 2806 1934 2861 prte-

891 2871 1135 2939 fectura,
1188 2890 1356 2929 mors.

331 2959 552 3016 Rhenus
582 2963 650 3017 ab
679 2965 935 3019 Ausoniis
967 2983 1072 3038 quo
1102 2968 1318 3024 ducitur
1348 2971 1594 3043 Alpibus,
1637 2990 1825 3045 aequor

323 3050 533 3116 Miscet,
566 3052 620 3106 in
653 3054 894 3109 occiduis
924 3055 1154 3112 diﬂ'usus
1201 3059 1470 3129 partibus,
1520 3063 1716 3135 ingens

322 3138 472 3194 Illius
504 3139 558 3194 in
586 3141 767 3197 medio
805 3145 1159 3214 suspenditur
1184 3147 1363 3202 insula
1418 3150 1602 3216 fluctu,

320 3228 494 3299 Augia
526 3245 729 3285 nomen
755 3232 984 3298 habens,
1011 3234 1164 3303 jacet
1189 3235 1330 3291 hanc
1360 3237 1655 3294 Germania
1685 3240 1848 3306 circa,

322 3317 451 3373 Hzec
483 3318 619 3373 solet
648 3321 901 3392 egregias
930 3325 1322 3379 monachorum
1345 3327 1574 3397 gignere
1625 3336 1848 3384 turmas.

319 3406 534 3461 Primus
565 3407 620 3461 in
647 3409 751 3464 hac
781 3419 1003 3465 sanctus
1033 3414 1333 3468 construxit
1364 3415 1562 3469 moenia
1580 3417 1782 3487 praesul

319 3495 640 3566 Pirminius,
673 3499 952 3569 ternisque
983 3517 1208 3573 gregem
1240 3511 1551 3573 protexerat
1599 3505 1774 3561 annis.

318 3583 494 3652 Hujus
523 3586 752 3656 quisque
786 3587 912 3642 velit
943 3599 1249 3644 sanctorum
1281 3608 1617 3663 cognoscere
1660 3594 1848 3661 vitam,

312 3672 440 3742 Ipsa
471 3674 722 3743 sepulcra
752 3684 918 3744 petat,
953 3677 1085 3731 satis
1118 3678 1233 3749 ipse
1250 3681 1502 3750 probabit
1527 3682 1583 3736 in
1602 3683 1916 3740 Hornbach.

312 3760 511 3816 Postea
541 3764 818 3833 septennis
849 3767 1101 3835 przesedit
1134 3766 1385 3822 cursibus
1417 3769 1519 3824 Eto
1555 3789 1568 3837 ;

311 3849 450 3904 Tum
482 3852 725 3922 sequitur
757 3853 896 3906 binis
925 3855 1226 3910 laudandus
1259 3857 1410 3911 Geba
1459 3859 1735 3928 sacerdos,

314 3938 446 3992 Bina
477 3940 864 3996 Ermenfredus
896 3950 1008 3996 tum
1038 3943 1205 3999 lustra
1236 3956 1525 4018 peregerat
1576 3948 1737 4015 abba,

311 4026 586 4096 Sydonius
615 4029 785 4083 ternis
815 4031 1078 4104 denisque
1107 4033 1181 4086 ibi
1210 4033 1425 4104 praefuit
1454 4035 1627 4090 annis.

307 4115 541 4172 Vicenos
571 4117 835 4190 binosque
865 4130 1140 4191 receperat
1171 4121 1298 4178 inde
1326 4123 1564 4179 Joannes
1613 4144 1627 4191 ;

306 4204 562 4275 Quinque
588 4207 777 4262 Petrus
806 4208 1028 4263 sortitur
1056 4210 1182 4264 item
1234 4213 1564 4267 venerabilis
1608 4230 1801 4282 annos,

305 4293 556 4362 Quatuor
585 4296 709 4350 inde
737 4297 854 4350 tulit
885 4298 1176 4353 Waldonis
1203 4300 1368 4355 lustra
1414 4311 1676 4372 potestas.

305 4383 576 4455 Tempore
609 4385 708 4438 sub
739 4402 971 4457 quorum
994 4388 1210 4456 juvenis
1242 4390 1387 4444 velut
1418 4407 1587 4447 aurea
1631 4394 1802 4466 surgit

299 4472 492 4542 Stella,
526 4474 872 4530 tenebrosum
903 4476 1060 4531 citius
1093 4476 1364 4549 vulganda
1394 4496 1494 4549 per
1523 4481 1712 4541 osbem
1749 4500 1762 4536 :

301 4561 626 4616 C(Bnobium
660 4563 1026 4635 quinquennis
1058 4565 1203 4620 enim
1238 4567 1590 4625 Insulanense
1621 4571 1829 4641 petivit.

297 4651 418 4707 Nec
448 4651 573 4706 latet
603 4652 730 4705 urbs
763 4653 1010 4708 homines
1040 4655 1093 4708 in
1126 4656 1328 4711 vertice
1361 4666 1562 4713 structa
1593 4659 1792 4727 levato,

297 4739 409 4795 Sed
437 4757 617 4811 neque
649 4750 783 4796 testa
813 4742 955 4796 subit
984 4744 1226 4798 modium
1252 4764 1266 4812 ;
1331 4747 1626 4820 peregrina
1664 4749 1900 4806 volando

296 4829 456 4882 Tanti
486 4827 627 4882 fama
658 4830 758 4885 viri
787 4831 1004 4903 regales
1035 4833 1292 4888 verberat
1323 4850 1502 4891 aures.

292 4918 424 4972 Post
453 4918 677 4988 rapitur,
711 4934 819 4975 non
850 4929 1060 4991 sponte,
1097 4921 1242 4976 foras
1264 4923 1332 4978 de
1363 4939 1582 4981 carcere
1600 4927 1789 4994 charo,

294 5008 367 5062 Et
396 5006 486 5079 qui
515 5007 654 5062 liber
683 5016 816 5074 erat,
850 5007 927 5077 fit,
962 5009 1207 5066 libertate
1229 5012 1422 5083 soluta,

295 5097 492 5150 Pastor
519 5095 659 5150 ovile
687 5105 866 5163 tuens,
899 5098 1050 5166 cujus
1081 5112 1210 5170 pars
1240 5117 1461 5173 magna,
1508 5103 1753 5175 profanis

291 5185 522 5240 Actibus
551 5184 828 5255 insistens,
865 5186 1063 5242 Christi
1093 5189 1160 5243 de
1189 5189 1327 5245 valle
1386 5190 1565 5247 viavit.

285 5273 524 5328 Provida
554 5274 754 5345 quippe
786 5275 884 5330 Dei
917 5275 1081 5330 talem
1114 5277 1379 5348 sapientia
1428 5281 1643 5337 Patrem

288 5361 599 5429 Constituit,
632 5363 721 5435 qui
751 5373 943 5420 cuncta
975 5365 1146 5421 sacris
1177 5367 1278 5420 sub
1309 5367 1522 5440 legibus
1571 5384 1783 5438 arcens,

287 5452 437 5508 Rure
464 5459 622 5506 tenus
653 5452 924 5509 destructa
958 5463 1137 5521 novat,
1174 5455 1555 5530 geminamque
1610 5459 1819 5515 ruinam

2044 2191 2104 2244 ln
2133 2191 2330 2261 quibus
2357 2193 2684 2251 immensum
2713 2198 3001 2268 parfecerit
3032 2201 3124 2258 ille
3163 2202 3430 2270 laborem,

2040 2277 2315 2352 Quidquid
2348 2291 2466 2337 erat
2495 2285 2693 2339 Christi
2720 2303 2820 2357 per
2848 2289 3009 2343 ovilia
3050 2291 3174 2359 jure
3231 2294 3536 2367 regendum

2041 2367 2209 2435 Fecit,
2242 2377 2296 2424 et
2324 2371 2546 2427 assidua
2575 2382 2888 2430 constanter
2914 2393 3050 2447 pace
3090 2380 3323 2436 salutem

2040 2455 2377 2513 Christicolis
2405 2461 2605 2515 statuit.
2642 2463 2830 2536 Regali
2861 2481 3085 2522 munere
3117 2466 3281 2523 fultus

2039 2544 2413 2617 Dirigiturque
2443 2550 2608 2604 maris
2639 2560 2790 2606 trans
2821 2569 3046 2625 aequora
3087 2565 3237 2612 vasta
3280 2558 3535 2630 profundi

2038 2634 2359 2690 Graecorum
2385 2639 2454 2692 ad
2485 2655 2762 2709 proceres.
2800 2643 3148 2716 sc0pulisque
3176 2645 3320 2702 illisa
3363 2649 3569 2720 carina,

2035 2723 2194 2778 Fudit
2223 2741 2361 2780 onus
2390 2737 2752 2801 cunctumque
2783 2730 2974 2800 virum,
3009 2734 3106 2788 sed
3138 2736 3340 2805 praesul
3369 2738 3440 2792 ab
3479 2739 3640 2795 undis

2035 2811 2215 2884 Seque
2243 2831 2500 2887 suosque,
2534 2833 2753 2872 manum
2776 2821 3008 2876 Domino
3028 2823 3324 2893 prmbente,
3348 2827 3554 2898 recepit
3592 2837 3636 2882 ⁸.

2031 2901 2194 2956 Nulla
2223 2904 2388 2958 maris
2418 2914 2539 2976 post
2569 2908 2688 2962 haec
2717 2909 2888 2962 rabidi
2920 2910 3238 2968 discrimina
3270 2930 3490 2985 passus,

2032 2989 2139 3044 Sed
2170 2993 2348 3061 potius
2379 3003 2531 3050 recto
2560 3012 2726 3051 cursu
2753 2996 2990 3070 futisque
3023 3001 3278 3057 secundis

2030 3079 2296 3150 Argivum
2329 3099 2590 3153 responsa
2619 3093 2735 3140 rato
2769 3087 2883 3140 tulit
2923 3088 3114 3144 ordine
3176 3091 3420 3150 Francis.

2030 3167 2276 3240 Denique
2307 3171 2468 3244 longa
2499 3173 2618 3227 tulit
2645 3183 2936 3247 postquam
2966 3176 3198 3245 fastidia,
3265 3181 3429 3252 coepit

2027 3256 2205 3312 Mente
2237 3259 2337 3312 sub
2368 3261 2606 3316 obscura
2631 3262 2859 3336 refugus
2892 3273 3123 3321 tractare
3165 3283 3444 3324 recessum

2032 3343 2239 3400 Ordine
2271 3347 2340 3402 de
2371 3356 2537 3416 tanto,
2573 3367 2642 3406 ne
2665 3361 2854 3422 captus
2887 3369 3076 3410 amore
3117 3357 3336 3412 tenendi

2028 3433 2324 3505 Linqueret
2351 3445 2614 3492 internum
2645 3441 2731 3494 cui
2763 3457 2983 3512 semper
3011 3460 3208 3500 munus
3255 3445 3487 3504 inhaesit.

1952 3497 2000 3559 (ἦ
2029 3497 2187 3572 Anno
2216 3518 2381 3590 igitur
2410 3521 2623 3575 decimo
2653 3497 2914 3579 Ludovici
2945 3497 3201 3594 Caesaris,
3227 3538 3386 3601 atque

2028 3605 2115 3658 Bis
2147 3622 2362 3662 cessere
2391 3624 2590 3664 novem
2622 3609 2767 3664 illius
2795 3619 2922 3667 tunc
2939 3614 3144 3669 ordinis
3161 3617 3308 3682 anni,

2029 3688 2321 3762 Sexaginta
2353 3708 2569 3764 quoque
2597 3694 2772 3749 aetatis
2794 3695 2910 3764 jam
2941 3705 3190 3769 tempora
3236 3701 3444 3772 clausit,

2022 3781 2246 3835 Morbus
2276 3781 2331 3835 in
2361 3781 2582 3837 exitium
2611 3784 2774 3838 traxit
2801 3784 2999 3841 lethale
3029 3795 3338 3858 patronum.

2021 3869 2116 3923 Ille
2149 3869 2307 3924 dolor
2335 3870 2563 3926 dilectus
2593 3880 2729 3942 erat,
2764 3873 3081 3929 charissima
3109 3875 3297 3946 febris,

2021 3958 2166 4014 Mors
2196 3967 2524 4030 contempta,
2559 3961 2705 4033 fugae
2737 3961 2854 4018 haec
2882 3963 3104 4019 occasio
3144 3965 3318 4035 prima
3347 3969 3590 4039 patebat;

2017 4036 2178 4102 Venit
2210 4048 2522 4119 adoptivum
2553 4050 2821 4105 redeundi
2847 4051 2904 4105 in
2927 4053 3168 4108 carceris
3195 4063 3409 4112 antrum

2016 4136 2271 4208 Tempus,
2307 4146 2363 4192 ut
2393 4137 2620 4194 alterius
2647 4141 3021 4212 contemplans
3050 4159 3149 4198 ora
3174 4144 3437 4213 jubentis,

2015 4223 2173 4292 Quod
2199 4226 2349 4297 prius
2379 4226 2628 4296 injunxit,
2656 4229 2770 4296 jam
2797 4238 2927 4286 tunc
2957 4241 3205 4288 servaret
3233 4234 3468 4304 agendo.

2013 4314 2254 4369 Solvitur
2283 4333 2349 4370 ex
2379 4333 2567 4383 onere,
2600 4326 2764 4390 atque
2795 4319 2897 4374 sibi
2948 4320 3192 4390 subjecta
3231 4321 3443 4391 refutat,

2009 4403 2419 4476 Perfruiturque
2451 4406 2628 4477 quiete
2663 4408 2830 4462 silens
2859 4408 3088 4464 feliciter
3116 4411 3239 4465 exin
3273 4429 3286 4465 :

2006 4493 2140 4548 Fare
2167 4510 2382 4565 precor,
2416 4495 2723 4566 quicunque
2753 4496 2908 4563 velis,
2945 4499 3203 4570 qumsitor
3240 4500 3464 4557 honoris

2005 4588 2166 4658 Quod
2195 4590 2289 4645 tibi
2320 4608 2516 4646 munus
2546 4592 2664 4659 erit,
2699 4594 2850 4662 cujus
2880 4594 3022 4650 mala
3051 4595 3196 4651 fama
3213 4599 3498 4654 cerebrum

2003 4680 2206 4734 Turbat
2235 4688 2288 4735 et
2316 4681 2455 4736 hanc
2485 4680 2682 4735 famam
2733 4682 3032 4739 durissima
3077 4701 3237 4756 pinna
3286 4695 3542 4760 sequetur
3575 4689 3602 4744 ?

2002 4777 2286 4849 Conspicis
2316 4793 2443 4834 ecce
2475 4793 2654 4832 meum
2684 4779 2826 4836 dulci
2857 4797 3076 4836 rumore
3123 4782 3385 4839 refertum

1927 4865 1980 4925 D
2005 4876 2105 4931 Pro
2135 4875 2302 4930 nihilo
2330 4875 2548 4930 duxisse
2580 4876 2767 4931 volans
2798 4886 2850 4932 et
2880 4877 3039 4934 inane
3080 4877 3278 4936 favoris

1998 4964 2159 5020 Molle
2189 4965 2377 5031 decus,
2413 4965 2749 5036 multumque
2781 4966 2910 5021 viris
2953 4967 3267 5023 miserabile
3307 4970 3486 5038 justis.

1998 5063 2044 5118 Ο
2073 5075 2141 5118 ne
2171 5079 2368 5136 magna
2398 5063 2516 5118 dies
2546 5063 2809 5117 damnans
2841 5063 3150 5132 inhonoret,
3200 5067 3439 5124 honores

1996 5162 2266 5234 Spernite,
2299 5177 2397 5233 per
2428 5177 2785 5232 normamque
2824 5162 2960 5217 sacri
3027 5164 3329 5236 resipiscite
3374 5167 3546 5227 Patris
3583 5170 3596 5224 l

1997 5262 2259 5318 Versibus
2287 5262 2342 5315 in
2374 5261 2561 5333 paucis
2586 5260 2832 5315 llettonis
2874 5268 3032 5333 gesta
3086 5278 3378 5337 parumper

1992 5359 2243 5431 Depinxi,
2279 5359 2542 5414 brevitate
2574 5367 2752 5413 tamen
2784 5359 2989 5428 majora
3044 5362 3271 5431 potestis

1992 5461 2169 5516 Nosse
2198 5457 2296 5512 sub
2327 5454 2530 5512 invidia
2561 5455 2606 5510 si
2636 5472 2792 5512 mens
2822 5473 2932 5513 non
2961 5467 3137 5513 vestra
3166 5467 3440 5531 gravatur.

374 5604 393 5629 ⁸
417 5599 507 5646 Illa
532 5600 721 5656 legatio
759 5603 822 5648 ad
868 5607 1066 5652 Graecos
1088 5606 1154 5653 ab
1175 5606 1479 5662 imperatore
1500 5609 1675 5655 Carolo
1710 5608 1890 5658 incidit
1919 5609 1970 5658 in
1993 5619 2182 5659 annum
2201 5611 2296 5656 811.
2319 5611 2442 5656 Man.

576 5712 813 5769 ΡΑτιιοι..
848 5712 1036 5770 CXIV.

3167 5717 3233 5776 34
