4024 6194
427 271 560 323 1067

575 393 649 447 De
679 389 914 446 Erbaldo
945 393 999 443 et
1030 391 1152 459 ejus
1188 386 1462 442 electione
1493 386 1557 439 in
1607 383 1888 438 abbatem.

433 509 588 563 Musa
617 521 792 570 soror,
826 504 1030 572 majora
1063 501 1208 556 refer
1236 500 1512 572 celerique
1569 498 1752 554 volatu

434 596 618 668 Pange
647 593 839 657 melos,
872 591 1159 662 laudisque
1205 589 1375 645 facem
1425 587 1753 661 generisque
1800 584 2036 642 latebras

431 683 599 752 Cujus
629 683 695 737 ab
727 689 920 737 exortu
949 678 1166 734 Hettoni
1196 677 1424 732 traditur
1444 678 1641 732 haeres.

433 773 532 830 Est
560 771 772 828 famosa
801 769 976 824 tribus
1005 784 1127 840 quia
1155 767 1339 840 legum
1370 767 1529 822 docta
1558 782 1658 836 per
1678 772 1824 819 artes

432 859 734 918 Promeruit
762 859 938 930 primo
968 856 1155 928 populi
1185 855 1395 911 sedisse
1427 863 1638 921 senatu,

439 949 759 1020 Judicioque
791 949 965 1003 bonas
988 947 1136 1016 justo
1167 946 1476 1001 discernere
1508 943 1681 1014 leges.

442 1038 592 1094 Illius
621 1054 651 1093 e
696 1037 879 1092 medio
905 1035 1080 1108 surgit
1109 1034 1466 1107 generamine
1512 1031 1713 1103 proles,

438 1127 649 1184 Dicitur
675 1125 966 1191 Erbaldus,
1000 1141 1162 1180 verso
1192 1139 1446 1178 sermone
1476 1124 1563 1177 vir
1603 1119 1816 1176 audax.

436 1217 566 1272 Post
595 1223 805 1287 septem
835 1215 1116 1285 denosque
1145 1213 1278 1283 petit
1307 1209 1636 1267 venerabilis
1684 1223 1857 1262 annos

444 1303 800 1360 Insulanense
831 1303 1025 1370 solum,
1061 1302 1296 1357 sociatur
1326 1299 1584 1355 fratribus
1614 1297 1720 1352 illis

435 1397 621 1466 Atque
649 1392 964 1466 magisterio
997 1390 1242 1447 llettonis
1272 1390 1501 1444 traditur
1530 1387 1657 1443 almi
1701 1403 1714 1441 :

435 1477 556 1548 Quo
587 1484 942 1543 monstrante,
980 1475 1153 1530 sacris
1183 1490 1291 1529 non
1321 1489 1482 1544 parva
1527 1488 1598 1536 ex
1647 1477 1798 1540 parte
1819 1466 2037 1533 libellis,

436 1567 716 1636 Imbuitur,
748 1565 1020 1636 variaeque
1051 1571 1236 1619 vetant
1265 1579 1334 1616 ne
1363 1561 1757 1615 traderetartes

439 1656 706 1726 Septenas
735 1671 900 1720 curre,
932 1653 1140 1724 antiqui
1169 1669 1303 1724 quas
1324 1651 1546 1706 auribus
1568 1647 1758 1703 indunt

440 1746 745 1810 Nobilium;
778 1759 1016 1814 namque
1065 1742 1134 1796 lla
1168 1742 1330 1796 refert
1361 1740 1625 1810 scriptura
1673 1734 1898 1790 Joannis

434 1839 576 1890 Ante
609 1844 867 1906 retroque
899 1833 1154 1888 animalia
1189 1839 1377 1886 sancta
1425 1828 1636 1884 oculata
1686 1825 1890 1888 fuisse;

444 1925 650 1978 Sensus
681 1924 838 1976 adest
873 1940 886 1975 :
928 1923 1018 1977 Sic
1047 1923 1240 1976 doctus
1280 1921 1444 1973 homo
1475 1935 1538 1972 ex
1569 1916 1774 1970 ratione
1805 1910 2041 1976 biformi,

434 2015 572 2066 Ante
601 2027 855 2080 superna,
920 2009 1084 2074 videt,
1138 2017 1282 2062 retro
1323 2016 1556 2068 terrena,
1597 2011 1863 2073 cavetque

444 2101 556 2154 Hac
586 2116 652 2154 ex
683 2107 838 2168 parte
865 2097 999 2152 foret
1030 2114 1098 2151 ne
1130 2095 1319 2152 clauso
1350 2094 1552 2148 lumine
1594 2107 1792 2148 caecus.

439 2188 664 2243 Mittitur
695 2187 763 2242 ad
794 2187 1104 2258 quemdam,
1141 2185 1290 2240 socio
1320 2183 1624 2246 comitatus,
1657 2181 1726 2235 ab
1753 2179 1899 2244 inde,

451 2278 615 2346 Cujus
643 2277 814 2331 multa
844 2276 977 2331 viret
1009 2274 1272 2345 sapientia
1300 2273 1578 2344 dogmate,
1597 2271 1857 2346 ‘Scottum
1890 2276 1936 2332 ⁸,

441 2366 616 2435 Quem
649 2366 758 2420 dixi
790 2365 1016 2432 socium,
1050 2379 1270 2420 carmen
1302 2361 1570 2432 perquirit
1591 2359 1897 2426 abundans,

439 2457 581 2511 Nam
612 2455 775 2510 vitam
806 2463 947 2509 meta
977 2461 1029 2508 et
1058 2453 1202 2508 vires
1231 2453 1285 2506 in
1310 2459 1486 2506 morte
1517 2449 1828 2518 triumphat,

440 2547 598 2600 Nunc
627 2545 862 2614 incmpta
893 2558 1114 2614 sequar,
1149 2549 1270 2612 post
1296 2555 1469 2611 pauca
1494 2538 1730 2609 parabor
1773 2536 1839 2590 ad
1885 2533 2039 2590 illud.

443 2634 690 2705 Denique
721 2641 842 2704 post
872 2632 1105 2687 reditum
1136 2630 1268 2684 luxit
1297 2628 1589 2699 perfectior
1619 2634 1790 2690 actus,

439 2723 680 2777 Moribus
707 2721 874 2776 ardor
905 2721 1064 2785 inest,
1089 2734 1341 2774 sermone
1371 2717 1547 2772 fidelis
1594 2731 1749 2770 amor
1781 2721 1890 2768 stat
1919 2731 1934 2778 ;

445 2811 634 2884 Pulget
663 2811 717 2864 in
747 2809 968 2882 ingenio
1015 2823 1203 2876 verax,
1256 2805 1481 2878 probus,
1531 2812 1710 2870 aptus,
1761 2804 2040 2856 honestus.

435 2900 643 2956 Norma
673 2899 822 2964 boni,
853 2913 1013 2969 aequa
1044 2896 1200 2965 fides,
1233 2895 1452 2951 dilectio
1482 2901 1669 2949 sancta
1715 2892 1817 2946 sub
1842 2889 1937 2945 illo

441 2989 850 3060 lnnumerisque
879 2987 1038 3042 bonis
1071 2985 1248 3051 nituit,
1284 3001 1406 3056 qua:
1440 2991 1638 3038 cuncta
1669 2981 1768 3034 sub
1798 2980 1901 3033 ista

442 3079 566 3134 Non
593 3094 816 3149 possum
849 3076 1114 3131 brevitate
1146 3073 1321 3144 sequi,
1357 3089 1424 3126 ne
1455 3070 1646 3126 audire
1693 3083 1933 3124 recuses.

439 3169 568 3222 Ilaec
597 3166 850 3222 Hettonis
881 3172 1036 3218 erant
1065 3170 1352 3232 postquam
1377 3160 1580 3228 jactata
1627 3173 1809 3222 aures,

443 3255 728 3326 Approbat
760 3255 878 3324 ipse
910 3267 1009 3306 suo
1038 3251 1247 3320 passim
1277 3247 1655 3304 moderamine
1684 3260 1820 3302 vera

445 3343 586 3398 Esse
619 3342 773 3408 satis,
808 3355 1106 3410 secumque
1135 3337 1281 3394 vehit
1313 3353 1409 3407 per
1438 3345 1592 3408 terga
1650 3335 1952 3407 liquentum

408 3463 412 3468 -
448 3432 798 3502 Camporum,
838 3429 1142 3500 fluctusque
1173 3434 1378 3495 secant,
1432 3421 1722 3497 Argosque
1753 3427 2061 3494 penetrant,

450 3519 697 3576 Diximus
730 3526 787 3573 ut
818 3533 1006 3588 supra,
1038 3515 1378 3586 redeuntque
1407 3516 1664 3587 Augense
1696 3513 1796 3567 sub
1824 3519 2060 3575 antrum,

460 3611 610 3682 Ergo
639 3608 732 3666 ubi
763 3606 1010 3664 Hettonis
1039 3605 1160 3660 silet
1190 3612 1516 3676 argumenta
1539 3610 1784 3674 potestas

453 3699 558 3754 Per
583 3697 778 3764 multa,
812 3695 1146 3766 alteriusque
1171 3693 1298 3750 licet
1327 3693 1456 3747 dum
1482 3693 1605 3760 jura
1648 3691 1850 3755 levare,

451 3787 571 3842 Jam
600 3786 782 3858 precis
827 3792 945 3840 arte
975 3791 1145 3855 patet,
1207 3782 1484 3853 curritque
1530 3797 1632 3852 per
1685 3794 1781 3834 ora
1825 3775 2069 3833 vicissim

453 3875 697 3932 Erbaldo
727 3874 930 3930 debere
957 3873 1079 3928 dari
1106 3872 1191 3926 his
1220 3871 1274 3925 in
1303 3871 1578 3926 mmnibus
1637 3882 1842 3924 arcem.

447 3964 653 4020 Annuit
681 3963 801 4034 ipse
831 3964 998 4027 Deus,
1031 3967 1258 4016 cunctos
1287 3959 1377 4031 qui
1407 3966 1588 4014 mente
1619 3957 1719 4012 sub
1737 3970 1846 4012 una

456 4055 572 4109 Hoc
601 4052 844 4108 voluisse
875 4050 1044 4116 dedit,
1077 4048 1285 4122 pastori
1312 4048 1534 4102 mandat
1553 4046 1780 4101 alendas

460 4143 522 4198 In
551 4141 743 4197 tellure
773 4139 926 4194 ferax
947 4157 1066 4210 qum
1095 4138 1297 4212 gaudet
1326 4136 1481 4209 fruge
1513 4135 1782 4190 bidentes.

461 4231 598 4288 Tum
626 4228 870 4301 perfecta
900 4228 1074 4300 magis
1103 4226 1337 4283 Domino
1384 4224 1593 4281 servire
1638 4223 1890 4278 voluntas

466 4319 713 4386 Incubat,
761 4317 1141 4389 insignemque
1185 4315 1361 4370 virum
1406 4321 1535 4368 vota
1579 4311 1783 4383 optima
1810 4309 2068 4382 produnt.

473 4407 670 4463 Mentis
700 4407 755 4462 in
784 4405 1000 4462 occulto
1029 4411 1292 4476 quantum
1321 4402 1472 4472 prius
1519 4417 1642 4456 esse
1695 4399 1966 4472 benignus

476 4496 677 4566 Vellet,
709 4495 765 4550 in
794 4495 1003 4565 adjecta
1026 4492 1233 4565 poteris
1263 4491 1504 4547 bonitate
1535 4489 1789 4562 probare.

477 4585 670 4642 Dicam
699 4585 952 4656 equidem
984 4582 1114 4655 quid
1143 4583 1199 4637 in
1229 4581 1464 4653 antiquis
1496 4581 1730 4636 donasse
1759 4576 1952 4652 ﬁguris

475 4675 614 4730 Hinc
649 4688 894 4746 agnosco
941 4672 1114 4727 Deum
1163 4679 1380 4728 veteres
1445 4668 1739 4724 recolendo
1784 4666 2076 4738 prophetas

478 4763 646 4820 Helia:
679 4761 942 4819 successit
970 4760 1117 4816 enim
1147 4757 1475 4815 venerabilis
1523 4757 1612 4812 ille

480 4852 750 4920 Heliseus,
783 4859 1108 4921 vectamque
1137 4848 1290 4904 leves
1320 4846 1515 4903 effatur
1562 4846 1618 4901 in
1663 4860 1864 4910 auras;

486 4940 720 5012 Spiritus
746 4955 844 4996 oro
873 4947 995 4995 tuus
1024 4953 1238 4994 mecum
1270 4935 1617 5007 duplicetur;
1649 4942 1704 4988 at
1735 4933 1825 4988 ille
1849 4950 1862 4985 :

483 5030 748 5096 Grandia,
781 5037 927 5093 nate,
958 5028 1120 5100 petis,
1153 5025 1246 5081 fiat
1274 5033 1456 5080 tamen
1487 5024 1606 5094 ipsa
1631 5022 1898 5078 voluntas.

481 5118 714 5173 Maxima
743 5117 988 5172 Hettonis
1016 5116 1290 5171 nituerunt
1321 5112 1463 5170 facta
1491 5128 1590 5183 per
1609 5111 1819 5175 orbem,

483 5206 540 5262 Si
572 5206 701 5277 quid
732 5206 926 5261 adesse
954 5212 1154 5276 potest,
1204 5211 1387 5258 tamen
1434 5207 1792 5271 exsuperatur
1838 5198 1909 5254 ab
1954 5197 2076 5264 isto,

487 5304 591 5376 Qui
622 5303 782 5360 solita
810 5303 1004 5358 virtute
1035 5311 1229 5375 potens
1258 5301 1569 5373 pariterque
1613 5297 1902 5371 benignus,

487 5405 750 5461 Virtutum
779 5410 982 5469 custos,
1006 5402 1151 5458 vitiis
1181 5400 1516 5458 saevissimus
1552 5397 1724 5455 hostis

547 5606 566 5631 ι
604 5603 678 5646 An
736 5595 1042 5644 Clementem
1112 5589 1352 5646 Scottum,
1396 5601 1546 5647 quem
1634 5591 1910 5637 monachus
1964 5591 2084 5636 San-

473 5667 790 5725 gallensisin
809 5667 918 5713 Vita
977 5663 1137 5712 Caroli
1217 5661 1383 5717 Magni
1451 5662 1526 5706 ait
1593 5661 1788 5708 litteras
1844 5661 2079 5708 docuisse

989 262 1391 317 \VALAFRIDI
1431 259 1671 315 SI‘BABI
1715 257 1916 314 FULD.
1960 251 2131 308 MON.
2176 252 2328 308 OPP.
2372 254 2547 310 PARS
2587 253 2678 308 III.
2714 285 2782 293 —
2821 252 3156 309 CARMINA.

2066 378 2122 436 Α
2141 379 2219 432 Ex
2249 386 2407 434 aetate
2434 377 2528 433 fuit
2559 378 2753 449 puerili
2785 378 2961 448 ipsam
2992 391 3164 448 usque
3194 384 3490 432 senectam.

3593 254 3731 306 1068

2137 466 2313 536 Quam
2339 467 2570 538 pulchre
2599 474 2653 522 et
2683 467 2850 539 digne
2871 465 3206 536 multumque
3237 463 3526 538 insigniter
3555 463 3733 519 heres

2136 556 2361 622 Vernat,
2396 565 2622 628 uterque
2653 557 2816 610 Pater
2844 555 3064 626 vitaque
3092 554 3378 625 graduque
3406 553 3602 608 beatus
3651 552 3665 606 l

2136 645 2238 702 llic
2265 653 2424 716 pater
2450 653 2576 700 ante
2609 643 2728 710 fuit,
2760 645 2925 703 modo
2957 642 3120 712 filius,
3155 651 3316 708 astat,
3349 642 3593 708 obaudit,

2136 735 2240 789 Per
2269 741 2564 805 natumque
2595 732 2713 806 regi
2742 732 3023 803 prOprium
3052 731 3168 787 vult
3194 731 3361 788 corde
3380 740 3628 802 paterno.

2136 821 2309 877 Filius
2343 823 2444 878 iste
2473 822 2644 894 prius,
2679 821 2869 878 ductor
2895 819 3069 892 patris
3099 837 3223 876 esse
3246 820 3488 890 jubetur,

2135 911 2205 965 Et
2231 911 2410 966 lamen
2442 911 2672 966 intendit
2701 927 2808 982 qua
2837 927 2897 966 se
2929 910 3197 965 sententia
3239 909 3383 965 docti

2135 995 2252 1049 Jam
2285 995 2520 1052 senioris
2550 1003 2700 1068 agat,
2735 995 3093 1067 sequiturque
3123 1010 3222 1066 per
3252 994 3435 1050 omnia
3479 993 3633 1065 pacis

2135 1084 2450 1156 Congeries,
2479 1085 2768 1156 jungitque
2799 1100 3030 1156 gregem
3071 1082 3369 1139 concordia
3413 1097 3631 1154 praepes

2136 1173 2438 1236 Pastorum.
2471 1173 2787 1244 nullumque
2815 1173 2992 1242 dolus,
3026 1171 3229 1227 nullum
3260 1171 3344 1227 ira
3371 1171 3629 1237 lacessit;

2138 1262 2245 1317 Res
2274 1261 2549 1316 laudanda
2580 1261 2798 1334 quidem
2831 1261 2988 1332 pacis
3017 1261 3198 1315 innata
3236 1260 3514 1334 magistris
3547 1277 3562 1314 :

2139 1350 2518 1420 Omnipotens,
2550 1350 2673 1406 vitae
2695 1351 2847 1421 pacis
2878 1349 3120 1422 lucisque
3153 1357 3416 1421 repertor,

2138 1440 2420 1494 Ambobus
2450 1440 2616 1495 vitam
2647 1457 2746 1511 per
2777 1439 2976 1495 smcula
3010 1439 3177 1494 multa
3208 1438 3497 1494 ministret.

2138 1580 2215 1634 De
2243 1580 2460 1635 Vettino
2477 1581 2668 1648 eteius
2684 1582 2873 1633 aztate.
2887 1609 2957 1618 -—
2982 1578 3122 1634 Visio
3152 1577 3472 1633 dcemonum
3493 1578 3740 1630 amato—

2212 1667 2360 1704 rum.
2397 1650 2641 1720 Angelus
2683 1650 2993 1705 dwmonem
3025 1652 3206 1720 fugat.
3249 1648 3542 1704 Orationes
3571 1648 3749 1720 poscit

2068 1739 2122 1798 Β
2221 1723 2513 1776 Wettinus.
2554 1721 2754 1792 Angeli
2785 1723 3091 1776 consolatio
3131 1725 3188 1775 et
3217 1721 3476 1776 consilia.

2143 1845 2375 1917 Spiritus
2405 1845 2546 1900 alme
2579 1845 2722 1911 veni,
2773 1853 3080 1916 nostraeque
3102 1845 3405 1916 adjungere
3433 1844 3601 1899 Musae

2144 1935 2317 1991 Unius
2349 1943 2406 1989 ut
2435 1934 2602 1990 vitam
2632 1935 2912 2006 praestanti
2936 1933 3044 1989 fine
3083 1949 3390 2004 capessam.

2146 2025 2320 2096 Perge
2352 2025 2633 2088 Camoena,
2669 2024 2841 2079 virum
2873 2040 3034 2094 quem
3066 2039 3249 2093 supra,
3281 2022 3430 2088 tolle,
3461 2020 3674 2093 reliqui,

2144 2114 2285 2168 Nam
2307 2114 2582 2169 Wettinus
2613 2123 2727 2168 erat
2755 2113 2957 2169 celebri
2984 2129 3206 2168 rumore
3249 2111 3532 2184 magister,

2145 2201 2367 2257 Artibus
2422 2203 2720 2257 instructus
2752 2211 2964 2272 septem
2994 2202 3063 2256 de
3079 2218 3229 2256 more
3266 2201 3534 2272 priorum,

2145 2291 2240 2346 Cui
2264 2291 2480 2346 fortuna
2511 2291 2661 2345 dedit
2685 2291 2888 2347 scholis
2918 2291 3194 2346 adnectier
3221 2290 3325 2344 illis

2145 2379 2279 2446 Quis
2310 2379 2555 2452 gaudere
2588 2378 2727 2434 solet
2759 2379 2929 2434 nitida
2959 2388 3011 2434 et
3040 2379 3243 2434 lasciva
3293 2379 3570 2447 juventus.

2152 2469 2259 2523 Sed
2280 2477 2479 2533 tamen,
2505 2468 2741 2523 exterius
2755 2478 3014 2540 quantum
3038 2469 3354 2525 discernere
3375 2475 3626 2523 nostrum
3646 2474 3748 2532 est,

2143 2558 2384 2613 Moribus
2416 2557 2472 2612 in
2505 2559 2672 2614 castis
2703 2559 2871 2613 vitam
2899 2557 3254 2614 mediocriter
3297 2557 3427 2630 egit,

2143 2647 2420 2702 Laudibus
2450 2664 2516 2703 ex
2549 2647 2831 2704 hominum
2863 2647 3064 2701 multas
3095 2646 3348 2718 vulgatus
3377 2645 3444 2700 ad
3495 2660 3677 2700 auras.

2145 2735 2244 2791 llic
2275 2735 2437 2807 igitur
2466 2745 2766 2808 postquam
2795 2735 3060 2792 Dominus
3091 2735 3376 2791 descendit
3421 2734 3491 2788 ab
3536 2733 3647 2790 alto

2153 2825 2343 2880 Carnis
2376 2825 2431 2878 in
2453 2825 2745 2896 hospitium
2780 2835 2932 2880 sexto
2965 2832 3156 2896 quater
3199 2833 3364 2895 atque
3393 2831 3613 2894 peracto

2147 2913 2618 2986 Octingentesimo
2650 2913 2858 2985 rapidis
2878 2912 3212 2970 discursibus
3244 2929 3392 2968 anno
3423 2910 3469 2981 δ,

2144 3003 2550 3075 Undecimoque
2582 3003 2655 3073 pii
2685 3003 2943 3058 Ludovici
2983 3001 3238 3067 Caesaris,
3261 3010 3312 3057 et
3331 3002 3459 3056 dum

2081 3099 2131 3162 Ο,
2160 3091 2348 3147 Sexies
2377 3091 2658 3147 Octimbcr
2689 3091 2953 3164 [october]
2983 3091 3222 3146 declinat
3270 3091 3510 3162 quinque
3557 3088 3765 3145 diebus

2154 3179 2341 3236 Adfuit
2374 3179 2462 3234 illa
2491 3180 2610 3234 dies
2641 3180 2871 3251 septima
2901 3180 2956 3234 in
2983 3180 3176 3235 ordine
3205 3186 3434 3244 constat,

2153 3269 2220 3326 Ut
2251 3269 2353 3324 sibi
2371 3269 2540 3324 moris
2573 3277 2710 3336 erat,
2749 3270 3042 3341 quemdam
3071 3285 3173 3341 pro
3204 3268 3452 3339 corporis
3501 3268 3759 3322 haustum

2156 3358 2527 3429 Prosperitate
2572 3357 2709 3423 tulit,
2755 3358 2900 3429 quod
2921 3366 3046 3413 tunc
3076 3374 3187 3412 non
3221 3357 3371 3412 solus
3403 3355 3606 3428 agebat
3653 3375 3668 3420 ;

2159 3445 2451 3501 Adduntur
2479 3446 2612 3501 socii
2642 3445 2971 3518 reliquisque
2993 3446 3283 3500 salubriter
3341 3444 3499 3509 actis,

2156 3537 2278 3606 Ipse
2307 3551 2449 3591 nova
2476 3536 2728 3609 ingentes
2756 3536 2956 3606 patitur
2984 3535 3253 3609 gravitate
3306 3534 3546 3601 dolores,

2159 3623 2438 3697 Indigesta
2467 3640 2713 3689 vomens,
2746 3624 3087 3696 dapibusque
3115 3624 3171 3679 in
3202 3621 3443 3694 corporis
3485 3637 3620 3677 usus

2161 3713 2452 3769 Sumendis
2480 3712 2681 3768 fastidit
2710 3713 2781 3768 ali
2815 3731 2828 3768 :
2854 3714 2968 3783 jam
2996 3713 3142 3768 venit
3172 3713 3240 3767 ab
3287 3719 3407 3768 ortu

2162 3801 2346 3856 Prima
2373 3802 2512 3867 dies,
2545 3802 2852 3874 multusque
2879 3818 3072 3873 parum
3100 3802 3433 3857 discesserat
3461 3815 3640 3871 angor
3672 3818 3688 3865 ;

2161 3890 2295 3946 Tum
2325 3889 2494 3947 reiicit
2542 3907 2649 3945 non
2669 3899 2845 3962 coepta
2876 3899 3056 3946 tamen
3077 3889 3291 3946 fastidia
3312 3890 3580 3961 linquens,

2163 3980 2280 4034 Nec
2312 3979 2562 4035 tractavit
2593 3979 2648 4034 in
2674 3981 2780 4036 hoc
2810 3978 2979 4034 ullum
3011 3996 3070 4035 se
3100 3979 3244 4034 ferre
3291 3978 3554 4050 periclum

2163 4067 2376 4133 Mortis,
2410 4068 2477 4122 ad
2507 4069 2646 4123 hanc
2676 4068 2841 4124 vitam
2881 4069 3096 4140 quando
3143 4067 3297 4123 cibus
3345 4067 3436 4122 ille
3481 4065 3762 4122 animavit.

2165 4156 2341 4210 Tertia
2373 4155 2460 4210 lux
2491 4156 2663 4211 oritur
2692 4157 2975 4229 noctisque
3006 4165 3180 4212 rotam
3210 4159 3490 4227 Hesperus
3517 4153 3697 4216 affert.

2167 4243 2450 4318 Colligitur
2478 4245 2709 4300 mixtura
2737 4245 2928 4312 virum,
2961 4246 3230 4301 residetur
3257 4244 3328 4300 ad
3355 4260 3512 4301 escas
3537 4263 3552 4311 ;

2171 4334 2306 4389 Tum
2338 4332 2494 4389 fratri
2523 4352 2537 4389 :
2570 4335 2692 4390 Non
2719 4351 2908 4390 mensa
2939 4335 3134 4406 placet,
3166 4351 3274 4390 non
3305 4333 3504 4406 pabula
3533 4342 3765 4404 prosunt

2087 4461 2140 4523 Β
2171 4422 2320 4523 Cedo
2349 4422 2549 4523 locum,
2583 4424 2884 4496 compellor
2913 4423 3057 4480 enim
3080 4423 3286 4480 feritate
3318 4422 3520 4479 doloris

2177 4513 2359 4567 Strata
2387 4511 2573 4568 videre
2602 4529 2744 4579 mea,
2779 4514 2895 4570 haec
2925 4513 3084 4569 aliam
3113 4521 3324 4585 portate
3355 4513 3456 4567 sub
3498 4512 3772 4567 umbram.

2175 4600 2452 4656 Tolluntur
2479 4609 2774 4657 stramenta
2801 4603 3071 4674 aliamque
3103 4601 3346 4658 feruntur
3376 4603 3431 4656 in
3467 4601 3668 4669 aedem,

2176 4689 2498 4762 Contiguam
2527 4691 2678 4748 cellae
2707 4709 2866 4764 quam
2896 4699 3170 4748 coenatum
3197 4701 3321 4746 ante
3349 4690 3557 4762 petivit.

2179 4778 2327 4851 Ergo
2356 4780 2449 4835 ubi
2477 4781 2721 4836 membra
2751 4797 2850 4838 suo
2881 4781 3157 4853 componit
3187 4781 3445 4853 languida
3489 4780 3634 4836 lecto

2180 4875 2494 4934 Conclausis
2523 4879 2693 4936 oculis
2719 4880 2935 4951 penitur
2961 4879 3203 4935 dormire
3249 4878 3529 4950 nequibat,

2180 4965 2411 5036 Spiritus
2442 4983 2570 5024 ecce
2600 4969 2709 5025 doli
2741 4967 2949 5025 foribus
2975 4969 3246 5041 processit
3276 4967 3501 5040 apertis,

2181 5055 2432 5117 Clericus
2462 5058 2518 5112 in
2547 5058 2750 5130 specie,
2783 5057 2977 5114 frontis
3007 5058 3217 5114 latuere
3248 5055 3524 5122 fenestra),

2180 5153 2249 5207 Ut
2269 5165 2370 5206 nec
2401 5147 2559 5220 signa
2591 5147 2808 5219 quidem
2839 5147 2992 5219 parvi
3025 5146 3311 5204 videantur
3352 5145 3513 5202 ocelli
3547 5165 3562 5210 ;

2179 5241 2301 5296 Jam
2321 5237 2574 5294 manibus
2594 5244 2862 5293 tormenta
2875 5253 3075 5310 gerens
3097 5235 3367 5309 capitique
3386 5234 3781 5307 propinquans,

2180 5330 2381 5402 Magna
2415 5325 2514 5381 sub
2545 5326 2754 5382 ardenti
2783 5326 3153 5398 complectens
3201 5324 3401 5398 gaudia
3451 5323 3622 5380 corde
3661 5342 3674 5378 :

2182 5419 2316 5475 Cras
2345 5415 2629 5489 torqueris,
2673 5415 2765 5482 ait,
2813 5416 3175 5487 meritumque
3214 5413 3538 5488 rependitur
3586 5428 3774 5470 omne.

2181 5596 2232 5642 in
2259 5594 2420 5643 Gallia
2440 5595 2464 5640 i‘
2480 5596 2604 5640 MAR.

2232 5667 2258 5704 δ
2285 5668 2444 5714 Anno.
2472 5669 2565 5711 823.
