4024 6194
456 258 594 311 1069
634 247 652 266 ⁸

469 380 517 436 O
547 393 705 434 mens
733 378 868 433 orba
895 376 1194 445 hominum,
1230 391 1338 448 quo
1370 382 1421 431 te
1452 374 1723 431 deducere
1752 390 1961 432 cacum

469 468 714 539 Expetis,
749 474 805 522 et
833 466 989 536 cujus
1020 465 1319 521 retinentur
1348 464 1531 519 sidera
1562 473 1772 535 septem

470 558 533 612 In
559 556 763 628 palma,
797 557 945 611 hunc
971 553 1251 610 inimicitia
1282 553 1552 609 aversaris
1578 569 1782 620 amara,

471 648 541 702 Et
569 662 695 702 cum
721 645 844 701 luce
873 660 1052 711 cares,
1084 643 1326 699 tenebris
1356 642 1713 699 circumdaris
1734 641 1886 709 atris,

470 735 567 790 Ille
580 734 863 807 feroxque,
880 749 1176 805 rapaxque,
1195 732 1398 798 minax,
1413 731 1774 803 mendaxque,
1791 744 2070 801 sagaxque

476 823 697 878 Finibus
727 822 991 877 insidians
1020 821 1189 876 fundo
1219 828 1272 876 te
1304 820 1499 894 tinguit
1529 819 1733 886 averni,

474 915 544 968 At
573 911 839 968 Dominus
870 911 915 965 si
946 911 1142 966 ductor
1172 910 1297 979 erit,
1321 908 1632 964 transmittit
1662 908 1916 979 Olympo.

476 1001 573 1057 Ille
603 1002 773 1075 igitur
801 1001 930 1055 dum
960 1007 1112 1055 tanta
1138 999 1355 1054 minans
1382 997 1647 1071 promittit
1675 996 1891 1063 inermi,

475 1091 658 1146 Turba
687 1089 1003 1147 catervatim
1032 1089 1248 1160 piceum
1268 1087 1524 1143 comitata
1552 1086 1877 1159 magistrum

474 1178 718 1247 Affluxit,
753 1187 1036 1250 totumque
1067 1177 1245 1233 locum
1277 1184 1417 1232 tetro
1449 1175 1670 1248 agmine
1701 1172 1937 1245 supplet,

486 1268 696 1324 Armati
726 1268 875 1324 velut
903 1268 958 1321 in
988 1267 1195 1322 bellum
1216 1273 1547 1336 curruntque
1582 1279 1684 1336 per
1711 1262 1912 1332 aulam,

479 1358 748 1414 Structuri
779 1365 1072 1430 angustum
1102 1354 1332 1427 poenalis
1353 1352 1592 1410 carceris
1623 1360 1835 1407 antrum

478 1447 642 1502 Nulla
671 1445 1039 1518 relinquentes
1060 1443 1304 1515 fugiendi
1334 1443 1479 1499 dona
1506 1456 1789 1512 pavorem.

482 1536 581 1592 IIic
607 1535 763 1591 locus
793 1534 1031 1589 insinuat
1058 1533 1294 1605 Solyma;
1324 1531 1471 1603 quod
1499 1530 1632 1585 dixit
1661 1530 1815 1586 Iesus
1847 1546 1862 1583 :

481 1625 630 1681 Ecce
661 1624 780 1680 dies
807 1623 1048 1691 venient,
1082 1629 1135 1678 et
1164 1631 1222 1676 tu
1254 1619 1590 1677 circumdata
1617 1618 1759 1675 vallo

480 1713 707 1769 Laberis
730 1730 904 1786 usque
937 1712 1134 1778 solum,
1167 1709 1350 1784 gladio
1380 1708 1706 1765 mactabitur
1733 1705 1932 1775 infans,

481 1803 548 1857 Et
579 1802 719 1874 lapis
740 1818 862 1858 esse
886 1818 1051 1872 super
1080 1799 1322 1871 lapidem
1350 1799 1455 1854 hac
1485 1805 1670 1869 strage
1698 1802 1933 1851 velatur.

481 1892 623 1947 Urbs
644 1891 903 1957 animam,
938 1889 1149 1960 lapides
1176 1895 1443 1943 tractatus
1472 1901 1670 1956 nempe
1702 1883 1962 1957 ﬁgurant,

482 1980 673 2036 Vallus
711 1979 767 2035 in
797 1994 1062 2053 angorem
1091 1977 1305 2048 positus
1335 1975 1675 2047 dignoscitur
1703 1988 1828 2028 esse
1852 1990 1868 2040 ;

484 2070 807 2125 Destructor
835 2083 961 2122 nam
990 2068 1205 2123 daemon
1237 2065 1355 2129 erit,
1392 2062 1687 2119 destructio
1715 2059 1857 2129 ﬁnis,

483 2158 681 2215 Evenit
710 2159 814 2213 hoc
846 2157 926 2211 illi
959 2155 1051 2228 qui
1080 2164 1272 2210 notum
1294 2153 1499 2225 spernit
1528 2153 1728 2207 Iesum.

488 2247 587 2302 His
614 2246 752 2304 actis
783 2246 946 2302 timor
973 2260 1144 2317 opera
1176 2243 1257 2317 μ’.
1292 2242 1409 2315 ora]
1430 2242 1647 2314 premit,
1666 2254 1841 2312 pavor
1855 2242 2088 2308 occupat

1820 2326 2012 2400 [artus,

487 2427 626 2499 Spes
650 2426 767 2496 jam
796 2422 947 2479 nulla
978 2421 1076 2478 fuit
1104 2422 1320 2495 nigram
1352 2419 1519 2476 vitare
1553 2424 1845 2485 catervam,

489 2516 600 2571 Sed
630 2514 814 2571 divina
844 2513 954 2569 cito
982 2511 1201 2568 advenit
1230 2509 1517 2567 clementia
1548 2524 1733 2575 cursu,

484 2604 718 2660 Viderat
748 2603 805 2657 in
834 2601 972 2658 cella
1004 2601 1305 2656 monachos
1344 2597 1553 2653 sedisse
1581 2595 1816 2651 nitentes

494 2693 691 2748 Forma
721 2691 918 2763 quibus
951 2689 1190 2759 radians,
1220 2687 1550 2758 habitusque
1578 2684 1799 2758 ignotus
1820 2683 1877 2737 in
1905 2680 2090 2752 armis,

488 2783 642 2839 Unus
671 2782 765 2849 ait,
806 2779 989 2834 media
1019 2794 1182 2851 quem
1212 2793 1331 2832 sors
1361 2775 1418 2831 in
1449 2774 1580 2830 sede
1608 2772 1805 2830 locavit
1836 2791 1851 2840 ;

497 2872 607 2927 Res
634 2870 830 2940 injusta
863 2875 1029 2939 patet,
1065 2866 1234 2940 fugite
1254 2865 1340 2920 his
1370 2864 1595 2920 sedibus
1623 2865 1831 2927 hostes,

495 2960 597 3016 Hic
626 2959 790 3014 homo
821 2964 997 3012 sumet
1030 2956 1209 3011 adhuc
1238 2954 1398 3023 hujus
1438 2950 1765 3024 compendia
1796 2949 1939 3006 vitae.

496 3046 593 3102 His
631 3046 809 3113 dictis,
842 3046 992 3102 velut
1019 3044 1073 3099 in
1104 3043 1301 3099 vallem
1330 3059 1455 3098 cum
1482 3041 1706 3113 lympha
1734 3037 1972 3094 minator

498 3137 715 3202 Fertur,
750 3135 820 3191 ab
842 3142 1067 3205 aspectu
1099 3132 1291 3187 subitis
1321 3130 1659 3186 discessibus
1689 3143 1886 3202 agmen

505 3225 704 3291 Cessit,
735 3232 788 3280 et
823 3223 1092 3292 anxietas,
1114 3222 1443 3291 tandemque
1475 3219 1708 3273 decorus
1738 3217 1792 3270 in
1823 3215 2003 3271 aulam

498 3315 744 3388 Angelus
773 3313 1082 3386 ingreditur
1114 3310 1330 3383 fulgens
1359 3308 1413 3363 in
1444 3315 1597 3363 veste
1617 3304 1854 3373 rubenti,

506 3404 801 3460 Gressibus
830 3402 1111 3467 insistens,
1146 3414 1399 3454 sermone
1422 3396 1684 3453 acclamat
1705 3393 1883 3449 amico
1918 3410 1932 3447 :

498 3494 594 3559 Te,
627 3492 827 3548 dilecta
858 3490 1061 3554 anima,
1095 3490 1200 3545 hoc
1227 3494 1503 3543 momento
1533 3484 1713 3540 visere
1742 3482 1885 3539 veni.

501 3583 656 3639 Talia
677 3581 881 3638 dicenti
913 3580 1187 3636 recubans
1216 3591 1470 3633 sermone
1498 3574 1686 3630 Latino

1661 253 1755 306 DE
1784 249 2170 307 VISIONIBUS
2200 251 2506 307 WITTINI.

3613 252 3749 306 1070

2088 375 2144 436 Α
2165 375 2351 448 Surgit
2372 377 2443 431 ab
2474 376 2725 433 excubitu
2754 391 2957 448 pronus
2975 376 3172 432 tellure
3201 376 3548 442 recumbens,

2168 466 2231 520 In
2256 466 2564 539 patulaeque
2595 466 2775 523 crucis
2805 466 3121 522 distendens
3149 466 3397 521 membra
3415 464 3648 539 ﬁguram
3672 483 3686 521 :

2166 559 2288 612 Jam
2318 564 2426 611 tota
2455 555 2671 625 virtute,
2705 554 2828 620 viri,
2862 570 3028 626 prece
3046 570 3216 627 posco
3245 552 3535 626 frequenti,

2168 645 2366 717 Inquit,
2399 645 2709 711 adorantes,
2743 644 2957 701 veniam
2988 643 3264 715 deposcite
3294 642 3473 709 nobis,

2169 737 2408 791 Intentas
2426 735 2654 791 formate
2681 750 2896 806 preces,
2930 733 3217 790 clementia
3237 749 3432 803 magna
3464 738 3566 789 est.

2170 824 2524 896 Conspiciuut
2555 823 2719 899 igitur
2749 831 2897 879 tanto
2927 831 3138 878 terrore
3169 829 3498 895 gementem,

2172 915 2429 971 Cantibus
2449 914 2724 981 insistunt,
2757 912 3075 984 palmasque
3099 911 3154 965 in
3184 910 3363 967 sidera
3400 910 3643 975 tendunt,

2172 1006 2470 1061 Cantantur
2490 1011 2699 1075 septem
2729 1002 3097 1074 lacrymarum
3127 1000 3386 1067 carmina,
3420 1015 3519 1055 nec
3548 1015 3658 1054 non

2171 1095 2409 1150 Plurima
2436 1093 2771 1166 psalmorum
2803 1089 3172 1146 modulamina
3202 1086 3431 1144 firmiter
3458 1088 3680 1144 addunt.

2174 1183 2308 1253 Quae
2327 1190 2469 1237 tanta
2489 1182 2729 1237 anxietas
2758 1180 2861 1235 sibi
2890 1180 3201 1235 continuare
3232 1177 3478 1250 requirit.

2173 1274 2323 1328 Tunc
2352 1271 2587 1327 surrexit
2614 1272 2799 1331 humo,
2832 1268 3081 1340 lectoque
3116 1267 3316 1323 resedit
3335 1266 3584 1335 anhelus,

2174 1361 2542 1433 Exposcitque
2572 1359 2683 1431 legi
2715 1358 2819 1413 sibi
2845 1357 3016 1413 verba
3042 1356 3337 1413 novissima
3354 1356 3548 1412 sancti.

2177 1449 2447 1522 Gregorii,
2480 1449 2536 1504 in
2566 1448 2770 1518 scripto
2802 1446 2947 1518 quod
2977 1444 3223 1501 noscitur
3252 1444 3395 1499 illius
3427 1461 3569 1511 esse,

2176 1539 2455 1612 DiaIOgus,
2490 1553 2597 1609 quo
2626 1536 2798 1590 multa
2825 1535 2983 1591 bonis
3021 1535 3347 1589 documenta
3366 1533 3626 1590 ministris

2178 1627 2508 1693 Construxit,
2539 1625 2842 1698 mortisque
2870 1623 3005 1678 situs
3034 1639 3135 1694 per
3160 1621 3326 1677 multa
3356 1622 3586 1678 serebat.

2105 1735 2158 1795 Β
2183 1716 2419 1773 Grandis
2442 1715 2503 1769 in
2531 1715 2635 1771 hoc
2655 1714 2797 1769 libro
2825 1713 3067 1785 perlecta
3094 1719 3177 1767 est
3193 1711 3352 1767 lectio
3383 1710 3555 1767 fratri.

2180 1807 2330 1862 Tunc
2359 1805 2451 1873 ait,
2486 1820 2605 1871 oro,
2638 1804 2847 1869 Patres,
2874 1800 3184 1873 componite
3213 1816 3447 1872 corpora
3474 1808 3648 1869 terrae,

2181 1897 2357 1967 Atque
2379 1894 2557 1966 quiete
2588 1908 2812 1966 gravem
2840 1890 3054 1962 placida
3082 1890 3319 1946 relevate
3349 1890 3618 1945 laborem.

2181 1985 2251 2040 Et
2280 1983 2411 2038 mihi
2442 1983 2587 2054 quod
2609 1989 2776 2036 restat
2803 1978 3038 2050 spatium
3071 1978 3354 2035 concedite
3385 1978 3580 2045 noctis,

2185 2074 2397 2145 Corpus
2426 2079 2483 2126 ut
2502 2068 2801 2126 invalidum
2832 2083 3042 2124 sommo
3072 2074 3331 2139 pascatur
3359 2065 3526 2121 inani.

2186 2163 2476 2234 Postquam
2504 2159 2649 2215 lassa
2678 2173 2776 2213 suo
2796 2165 3140 2230 prosternunt
3170 2156 3415 2212 membra
3444 2170 3670 2228 papyro,

2188 2252 2420 2323 Ipseque
2451 2259 2561 2304 tam
2588 2249 2735 2303 diros
2764 2246 2959 2302 animae
2986 2246 3278 2318 carnisque
3303 2244 3521 2301 labores

2189 2342 2333 2398 Dum
2361 2354 2611 2395 recreare
2640 2336 2805 2408 cupit,
2840 2336 3101 2392 caelorum
3131 2350 3161 2391 e
3192 2334 3428 2391 culmine
3453 2333 3676 2402 missus,

2192 2429 2438 2502 Angelus
2459 2427 2642 2482 albato
2672 2425 2867 2483 vestitu
2899 2425 3043 2481 venit
3070 2424 3320 2491 amictus,

2192 2519 2471 2575 Assistens
2502 2515 2683 2588 capiti,
2716 2514 2808 2587 qui
2837 2513 3015 2570 visum
3047 2513 3103 2567 in
3123 2521 3275 2569 veste
3304 2511 3549 2584 priorem

2194 2610 2469 2680 Purpurea
2498 2605 2750 2669 ostendit,
2779 2603 2935 2674 juxta
2966 2602 3194 2674 vestigia
3216 2601 3428 2671 stando,

2195 2697 2512 2768 Blandaque
2545 2695 2813 2751 dictorum
2840 2691 3115 2765 pnemittit
3143 2691 3316 2747 verba
3345 2705 3604 2756 suorum;

2196 2787 2400 2844 Laudat
2430 2794 2481 2841 et
2500 2786 2605 2841 hoc
2634 2783 2889 2849 studium,
2923 2782 3069 2854 quod
3099 2779 3432 2853 confugisset
3461 2779 3530 2834 ad
3577 2778 3797 2849 almum,

2203 2877 2263 2932 In
2292 2875 2547 2947 precibus
2569 2873 2883 2939 Dominum,
2920 2872 3068 2943 quod
3100 2869 3266 2927 lectio
3312 2878 3500 2926 sancta
3552 2867 3803 2939 placebat

2202 2966 2467 3036 Tempore
2491 2980 2600 3036 quo
2629 2962 2872 3037 graviter
2900 2969 3111 3016 terrens
3140 2959 3393 3033 angustia
3421 2957 3658 3029 pressit;

2206 3057 2322 3111 Hoc
2354 3053 2620 3119 servabis,
2654 3052 2746 3119 ait,
2778 3068 2847 3108 ne
2877 3048 3288 3122 praetermiseris
3318 3047 3536 3117 exhinc,

2207 3145 2266 3199 In
2297 3142 2465 3198 multa
2487 3158 2705 3215 quoque
2727 3148 2811 3197 est
2839 3139 3084 3211 psalmus
3112 3137 3406 3209 perfectior
3431 3153 3593 3203 unus,

2207 3232 2307 3288 Cui
2336 3230 2507 3287 virtus
2534 3230 2762 3286 moralis
2790 3229 2949 3297 inest,
2980 3235 3103 3299 post
3130 3225 3371 3283 carmina
3402 3233 3660 3282 constans
3690 3231 3716 3259 ⁸

2208 3322 2444 3392 Septena
2457 3328 2619 3392 atque
2635 3320 2827 3376 decem
2845 3324 3173 3389 centumque
3188 3335 3202 3382 ;
3216 3315 3361 3371 hunc
3372 3330 3518 3386 saepe
3530 3312 3803 3380 reflectes,

2209 3409 2393 3465 Lectio
2424 3425 2531 3481 quo
2561 3408 2782 3481 legitur,
2815 3406 3122 3478 psalmique
3154 3412 3421 3462 canuntur
3449 3410 3643 3475 aperta

2204 3498 2508 3571 Veracique
2539 3495 2665 3563 fide,
2693 3496 2997 3566 jucundum
3026 3510 3223 3549 munus
3252 3493 3513 3560 habetur;

2204 3588 2353 3646 Talis
2383 3594 2436 3642 et
2463 3584 2534 3641 ad
2564 3584 2855 3641 Dominum
2882 3582 3084 3638 utiliter
3112 3582 3331 3638 devotio
3359 3580 3550 3650 fumat,

500 3670 753 3729 Subdidit
789 3686 802 3726 :
852 3668 1213 3740 Omnipotens
1260 3664 1462 3721 nostris
1508 3663 1556 3719 si
1596 3662 1887 3735 ignoscere
1926 3656 2091 3729 culpis

2197 3680 2373 3750 Atque
2402 3683 2717 3731 serenatum
2745 3675 2850 3729 hoc
2878 3672 3058 3744 placat
3089 3670 3388 3728 certamine
3424 3669 3724 3727 Christum.

498 3762 785 3835 Dignatur,
806 3759 1024 3831 pietatis
1054 3774 1192 3829 opus
1221 3754 1519 3828 perfectius
1549 3759 1752 3826 auget;

502 3851 599 3907 Sin
626 3851 783 3915 alias,
813 3862 1000 3920 pugno
1031 3846 1410 3903 concludimur
1438 3843 1581 3898 illius
1609 3856 1821 3908 omnes,

502 3939 784 4012 Impendat
814 3918 1175 4009 quodcunque
1204 3934 1383 4006 placet
1413 3932 1799 4006 sequimurque
1845 3918 2095 3984 libenter.

499 4029 641 4085 Nam
669 4028 843 4100 prima
872 4026 1045 4082 sancti
1073 4023 1395 4097 patriarcha:
1423 4021 1601 4078 fronte
1631 4019 1833 4086 statuti,

503 4119 637 4174 Inde
664 4117 1053 4189 prophetarum
1076 4113 1328 4170 collectio
1358 4120 1546 4168 sancta
1566 4110 1833 4182 priorum,

505 4208 735 4264 Sanctus
765 4203 1052 4277 apostolici
1082 4203 1300 4257 demum
1330 4201 1527 4274 globus
1557 4199 1785 4267 ordinis,
1817 4211 2009 4253 omnes

502 4296 570 4352 Hi
590 4312 765 4368 genus
793 4295 1089 4349 humanum
1118 4290 1289 4346 multo
1319 4305 1516 4346 vexere
1536 4289 1747 4358 labore,

503 4385 662 4441 Nunc
691 4384 854 4441 etiam
883 4382 1088 4451 majora
1118 4380 1253 4452 petit
1282 4378 1550 4435 solamina
1578 4392 1842 4448 praesens.

393 4488 409 4503 ⁸
499 4473 782 4546 Colloquio
811 4472 867 4527 in
896 4471 1077 4527 medio
1115 4476 1441 4541 rumpuntur
1469 4466 1585 4521 visa
1611 4467 1867 4532 duorum,

504 4562 758 4620 Nondum
786 4562 1102 4627 verborum,
1128 4559 1225 4615 sed
1255 4558 1405 4614 visus
1435 4554 1558 4610 ﬁnis
1582 4555 1832 4621 habetur,

506 4652 761 4726 Evigilat,
796 4651 842 4706 si
872 4651 1103 4724 quisque
1124 4648 1227 4704 sibi
1259 4645 1508 4720 quaesivit
1535 4645 1755 4700 adesset
1787 4662 1803 4711 ;

509 4741 655 4798 Vidit
681 4742 880 4797 adesse
910 4739 1067 4807 duos,
1099 4738 1308 4795 cunctis
1336 4735 1428 4809 qui
1458 4735 1527 4791 ad
1557 4741 1724 4789 strata
1755 4730 1995 4788 reversis

506 4833 663 4888 Forte
693 4832 914 4888 domum
942 4829 1233 4898 intrabant,
1279 4842 1513 4899 quorum
1542 4832 1672 4880 tunc
1719 4838 1859 4878 unus
1897 4820 1954 4876 in
1983 4819 2102 4893 ipso

509 4921 772 4978 Caenobio
798 4926 1106 4991 prepostus
1136 4925 1274 4987 erat,
1306 4933 1462 4973 meus
1490 4915 1607 4987 ipse
1637 4912 1923 4985 magister,

508 5009 792 5081 Praecipua
818 5006 1060 5063 bonitate
1093 5006 1309 5078 vigens,
1340 5012 1392 5061 et
1421 5004 1668 5060 moribus
1698 5018 1890 5059 omnes

507 5097 856 5165 Praecellens,
878 5096 1093 5153 latitare
1121 5095 1330 5164 volens,
1362 5094 1460 5149 sed
1489 5100 1648 5148 notus
1669 5089 1889 5163 ubique.

513 5186 773 5260 Repperit
801 5187 946 5243 hunc
982 5184 1257 5256 aliumque
1301 5183 1465 5238 domo
1509 5176 1809 5237 consistere
1855 5177 2101 5244 fratrem,

511 5275 825 5349 Accitisque
854 5291 1020 5332 cavas
1051 5281 1233 5329 utrum
1255 5269 1522 5343 jaculavit
1548 5269 1603 5324 in
1625 5284 1787 5324 aures

512 5364 793 5438 Quidquid
820 5365 876 5419 in
904 5371 1140 5437 angusto
1169 5359 1425 5434 cognovit
1453 5357 1717 5430 temporis
1748 5364 1892 5413 actu.

511 5454 705 5511 Palluit
725 5470 789 5511 ac
814 5453 1012 5523 timuit,
1047 5452 1338 5525 carnisque
1368 5449 1559 5506 dolore
1588 5454 1819 5503 remoto.

566 5657 583 5682 ο
605 5648 659 5697 Id
686 5652 761 5697 est
781 5647 1019 5698 existens.

2538 3832 2903 3892 Sacerdotum
2921 3845 3235 3904 pravorum
3258 3844 3458 3903 pm.

2200 3970 2297 4028 His
2323 3969 2490 4044 igitur
2522 3967 2680 4025 dictis
2709 3981 2994 4022 assumens
3025 3963 3257 4038 angelus
3289 3962 3435 4019 idem

2200 4059 2502 4126 Infirmum,
2526 4057 2787 4130 duxitque
2807 4056 2893 4112 via
2924 4069 3232 4127 praecessor
3263 4066 3500 4109 amoena.

2200 4151 2343 4206 Dum
2371 4148 2592 4215 vadunt,
2622 4138 2881 4203 montana
2908 4144 3093 4201 vident
3121 4159 3245 4216 quae
3264 4142 3446 4198 sidera
3477 4146 3728 4213 tangunt,

2197 4238 2485 4295 Marmoris
2512 4237 2567 4292 in
2596 4235 2779 4309 specie
2804 4234 3037 4307 pulchro
3067 4230 3358 4290 commista
3386 4229 3593 4299 colore,

2199 4328 2443 4401 Quaeque
2471 4327 2524 4382 in
2554 4325 2785 4383 circuitu
2812 4323 3153 4398 praecingens
3182 4320 3378 4395 igneus
3408 4318 3585 4376 amnis

2206 4417 2409 4484 Ambit,
2440 4416 2788 4472 inexhaustas
2817 4412 3063 4469 tribuens
3092 4409 3418 4467 intrantibus
3436 4408 3615 4482 ignes.

2209 4509 2271 4563 In
2299 4522 2406 4582 quo
2433 4505 2603 4562 multa
2631 4503 2795 4559 nimis
2822 4509 3122 4559 monstrata
3142 4508 3227 4557 est
3254 4499 3413 4556 turba
3440 4512 3676 4564 reorum,

2200 4599 2371 4670 Inque
2402 4595 2536 4652 locis
2564 4593 2684 4648 aliis
2705 4592 2922 4648 diversa
2953 4589 3089 4647 facta
3121 4597 3416 4663 sequentes

2200 4684 2436 4759 Agnovit
2462 4699 2670 4755 poenas,
2702 4681 3011 4753 multosque
3044 4678 3366 4736 recumbere
3396 4675 3603 4734 dudum

2201 4774 2351 4845 Quos
2372 4772 2561 4828 habuit
2590 4778 2746 4828 notos
2778 4788 2791 4825 :
2825 4768 2902 4824 ibi
2930 4768 3108 4839 major
3142 4776 3195 4823 et
3214 4767 3350 4823 alter
3380 4766 3438 4821 in
3466 4764 3627 4821 undis

2205 4864 2352 4921 Ordo
2381 4862 2745 4927 sacerdotum,
2778 4856 2999 4930 praefixo
3032 4855 3211 4929 stipite
3248 4855 3483 4924 vinctus,

2204 4953 2386 5025 Terga
2414 4949 2565 5007 dedit
2592 4949 2783 5005 vinclis
2807 4967 2822 5017 ;
2856 4962 2977 5019 quae
3006 4945 3153 5003 curis
3184 4959 3353 5001 carne
3382 4942 3637 5015 superbis

2208 5042 2409 5097 Contra
2436 5055 2706 5113 quemque
2736 5037 2901 5103 stetit,
2932 5036 3130 5091 mulier
3148 5048 3251 5106 pro
3277 5031 3505 5089 crimine
3535 5031 3730 5107 stupri,

2207 5130 2403 5187 Fomes
2433 5128 2684 5185 adulterii
2712 5135 2794 5183 est
2824 5140 3052 5183 consors
3078 5120 3313 5196 pcenalis
3350 5123 3586 5192 Averni;

2209 5228 2393 5286 Tertia
2422 5244 2547 5285 cum
2578 5226 2759 5282 radios
2791 5240 3007 5296 semper
3031 5221 3351 5296 produxerit
3374 5236 3509 5278 aura

2210 5328 2479 5385 Dicuntur
2505 5324 2643 5383 caedi
2672 5322 2998 5398 genitalibus
3028 5321 3255 5379 artubus
3285 5321 3468 5378 ambo.

2213 5429 2259 5484 E
2289 5428 2485 5502 quibus
2513 5424 2604 5482 ille
2636 5423 2849 5496 aliquos
2879 5438 3002 5479 sese
3027 5436 3300 5495 cognosse
3330 5418 3560 5476 ferebat.

2215 5527 2409 5601 Magna
2441 5523 2786 5582 sacerdotum
2815 5536 3047 5577 numero
3075 5535 3226 5592 pars,
3258 5515 3488 5588 angelus
3519 5510 3713 5584 inquit,

2217 5625 2392 5682 Lucra
2407 5629 2596 5695 petunt
2613 5629 2853 5687 terrena,
2881 5618 3187 5692 quibusque
3217 5613 3495 5671 inhiantur
3513 5609 3815 5679 adhaerent,
