4024 6194
377 177 507 246 i011

380 317 558 389 Atque
585 311 839 386 palatinis
867 311 1152 383 pereuntia
1181 311 1405 382 praemia
1435 316 1683 381 quaerunt

383 402 694 474 Obsequiis,
729 408 1035 472 ornantque
1066 399 1243 471 magis
1274 416 1333 454 se
1363 407 1511 454 veste
1538 397 1708 469 polita

383 491 556 561 Quam
587 490 756 545 radiis
783 489 944 555 vitae;
976 488 1256 559 pomposis
1287 486 1492 543 fercula
1520 485 1727 542 mensis

383 577 704 635 Gloriﬁcare
733 586 943 649 parant,
978 577 1283 632 animarum
1310 576 1457 632 lucra
1485 575 1830 647 relinquunt;

382 666 606 724 Deliciis
636 666 783 723 ducti
811 683 909 737 per
937 675 1119 721 scorta
1140 666 1350 721 ruendo
1376 664 1652 731 volutant;

387 758 500 813 Hac
528 756 735 811 ratione
763 755 899 811 alios
928 770 1106 826 neque
1137 771 1197 810 se
1228 753 1522 809 defendere
1551 758 1782 823 possunt
1816 768 1830 808 :

384 843 543 897 Peste
568 841 817 911 fameque
847 841 1066 911 inOpem
1095 846 1321 910 possent
1350 838 1578 893 solarier
1610 837 1800 893 orbem

384 930 443 984 Si
468 937 581 985 tota
610 930 805 984 virtute
835 930 950 984 Deo
983 945 1082 984 sua
1110 929 1265 984 lucra
1296 925 1583 983 referrent.

383 1020 836 1074 Hanc~summam
866 1018 1136 1074 mercedis
1166 1017 1387 1083 habent,
1423 1016 1513 1088 qui
1551 1015 1750 1069 talibus
1779 1014 1980 1069 instant

382 1108 587 1178 Rebus,
620 1115 678 1162 ut
698 1115 957 1163 aeternam
985 1106 1200 1178 capiant
1228 1106 1283 1160 in
1313 1104 1512 1159 finibus
1542 1104 1701 1159 iram.

384 1232 732 1307 Apostmphe
761 1232 833 1287 ad
855 1232 1189 1289 sacerdotes.
1242 1231 1637 1307 Monachorym
1667 1230 1976 1307 cruciatus.

452 1307 528 1361 De
561 1300 812 1377 episcopo
832 1320 991 1377 opem
1003 1307 1224 1358 mortuo
1240 1305 1504 1377 negante.
1537 1302 1846 1377 Torquetur
1870 1300 1980 1377 Ga-

456 1371 611 1432 rolus
637 1371 946 1446 Mag'nus'ob
966 1377 1251 1446 impuram
1274 1371 1585 1446 libidinem,
1610 1371 1765 1446 ihter
1781 1371 1983 1446 eiectos

462 1451 655 1502 tamen
678 1441 1170 1502 ahnumerandus.
1203 1446 1334 1500 Vita:
1354 1444 1626 1499 comit-um
1655 1441 1977 1513 descriptio.

298 1587 311 1591 ς
384 1553 431 1610 O
461 1551 681 1625 patres!
713 1553 759 1606 si
788 1567 962 1623 pauca
992 1551 1212 1617 addam,
1245 1567 1313 1605 ne
1347 1549 1606 1621 spernite,
1639 1563 1845 1620 quaeso.

387 1643 530 1712 Quid
559 1642 688 1698 facit
716 1642 943 1697 antistes
973 1642 1001 1696 ?
1031 1641 1085 1696 in
1116 1639 1258 1695 ovile
1288 1639 1448 1710 lupus
1478 1638 1587 1693 ruit
1607 1637 1717 1693 ullo

380 1733 507 1788 Non
538 1731 826 1788 claudente
857 1730 1023 1801 fores,
1048 1730 1197 1799 jacet
1225 1729 1487 1784 ebrietate
1518 1726 1780 1798 sepultus.

383 1821 597 1886 Pastor,
630 1820 953 1875 adulterium
983 1819 1038 1873 in
1081 1818 1298 1873 Domini
1341 1816 1675 1873 committere
1726 1830 1983 1886 sponsam

385 1908 632 1977 Qualiter
661 1908 889 1963 audebis
916 1908 944 1961 ?
972 1907 1296 1962 Thalamum
1324 1922 1500 1977 usque
1532 1905 1791 1961 inducere
1813 1904 1983 1959 debes

382 1997 571 2070 Regis,
606 2004 659 2052 et
688 1997 805 2067 ipse
824 1997 1040 2051 thorum
1068 1994 1218 2064 prior
1245 1993 1509 2048 invasisse
1537 2009 1640 2048 nec
1669 1993 1864 2048 horres
1884 1991 1912 2048 ?

382 2085 549 2141 Miror
577 2085 860 2140 avaritiam
881 2091 1150 2139 sacratum
1178 2090 1368 2154 pectus
1398 2082 1625 2137 habere.

388 2174 485 2230 Cui
507 2190 698 2229 servas
728 2174 756 2228 9
784 2173 1086 2243 Resipisce,
1119 2188 1348 2243 precor;
1382 2186 1492 2226 non
1512 2169 1756 2226 nascitur
1783 2169 1978 2225 haeres.

386 2262 530 2333 Quid
560 2261 808 2319 cumulas
835 2262 864 2316 ?
890 2262 1015 2317 Non
1045 2260 1243 2332 quippe
1274 2268 1364 2315 tuo
1394 2260 1496 2315 sub
1516 2259 1636 2329 jure
1667 2257 1854 2326 tulisti,

386 2352 495 2408 Sed
522 2352 601 2407 sic
629 2352 775 2407 dona
804 2350 905 2407 Dei
935 2367 1057 2422 quze
1086 2350 1406 2420 dispensare
1431 2348 1658 2417 juberis.

381 2443 556 2498 Nemo
587 2441 730 2497 bono
761 2439 974 2496 obsistit
1003 2439 1050 2494 si
1079 2446 1288 2495 rectum
1319 2438 1458 2494 velle
1480 2437 1711 2493 tenebis.

384 2531 530 2600 Quid
559 2530 708 2601 rapis
735 2538 787 2585 et
817 2528 1027 2597 vendis,
1064 2527 1408 2599 Solymorum
1436 2542 1606 2597 more,
1650 2524 1933 2581 columbas
1959 2529 1982 2581 ?

381 2621 556 2676 Valde
578 2635 711 2675 cave
741 2616 1044 2689 expulsum,
1077 2617 1342 2673 Dominus
1371 2632 1440 2672 ne
1470 2623 1715 2688 torqueat
1745 2614 1875 2669 atris

389 2708 737 2778 Verberibus,
769 2722 1106 2779 pompasque
1138 2705 1277 2761 truci
1306 2706 1631 2761 condemnet
1654 2706 1893 2760 Averno.

384 2798 495 2854 Cur
521 2797 619 2852 tibi
645 2812 881 2869 magnus
910 2795 1039 2865 eris,
1071 2794 1434 2859 numerum‘si
1464 2793 1600 2849 forte
1631 2793 1911 2848 bidentum

382 2889 457 2944 Te
486 2886 682 2945 recolis
712 2886 912 2942 debere
941 2887 1056 2940 Deo
1088 2885 1306 2957 signare
1345 2883 1553 2955 potenti
1580 2882 1609 2936 ‘P

360 2977 590 3047 [Crebra
619 2978 720 3031 sub
752 2975 1023 3031 occultum
1054 2973 1262 3029 claudis
1293 2971 1526 3043 suspiria
1555 2979 1765 3042 pectus,

380 3068 437 3123 Si
466 3083 577 3123 non
604 3066 802 3120 damna
831 3064 1004 3129 doles,
1039 3061 1369 3117 verecundia
1397 3059 1560 3115 ducat
1588 3059 1655 3113 ab
1684 3059 1832 3131 igne.

384 3158 628 3227 Cumque
659 3152 870 3209 videbis
896 3167 1028 3206 oves
1057 3150 1252 3204 dextra
1282 3148 1376 3217 tui,
1408 3156 1562 3219 parte
1594 3146 1810 3201 sinistra

383 3246 521 3300 Esse
550 3252 690 3307 tuas,
725 3256 901 3311 nuper
929 3239 1142 3304 ductor,
1176 3253 1277 3293 nec
1307 3245 1462 3308 terga
1493 3235 1761 3307 sequeris,

384 3335 491 3388 Pro
521 3329 839 3401 cunctisque
867 3327 985 3383 lues
1007 3325 1221 3399 patiens
1249 3325 1502 3382 incendia
1523 3341 1735 3396 pmnas.

379 3420 522 3476 Nolo
552 3418 647 3472 tibi
676 3417 767 3472 ille
796 3424 974 3485 canat,
1008 3414 1205 3487 praesul
1234 3422 1463 3483 sacrate,
1495 3415 1754 3486 pr0pheta

380 3508 563 3564 Plebis
592 3507 694 3562 erit
724 3504 915 3561 similis
945 3505 1121 3560 stultae
1150 3504 1432 3576 peccando
1462 3503 1740 3560 sacerdos.

379 3599 519 3653 Laus
540 3596 730 3669 gregis
760 3611 882 3650 esse
903 3594 1080 3659 stude,
1112 3601 1167 3648 et
1210 3592 1455 3649 cuzlestia
1498 3607 1673 3663 regna
1724 3591 1971 3648 mereris.

380 3686 524 3743 Vidit
553 3694 605 3742 et
622 3684 954 3741 horrendum
983 3682 1117 3755 ligni
1149 3681 1453 3754 lapidisque
1473 3697 1612 3753 opus
1641 3680 1754 3737 illic

378 3774 600 3831 Materia
628 3781 979 3841 exstructum,
1011 3771 1221 3828 castelli
1243 3787 1394 3827 more
1414 3770 1674 3836 locatum,

377 3863 582 3920 Ordine
613 3862 860 3929 confuso,
895 3876 1106 3917 summo
1137 3869 1295 3932 atque
1325 3876 1524 3931 vapore
1552 3858 1815 3930 repletum

374 3952 618 4009 Territus
648 3951 733 4006 his
762 3948 948 4017 frater,
973 3965 1225 4022 quaerens
1256 3948 1349 4021 qui
1368 3963 1593 4003 mansor
1621 3947 1843 4014 inesset,

373 4040 555 4098 Audiit
582 4036 848 4096 inclusam
877 4039 1207 4094 monachum
1237 4053 1335 4108 pro
1366 4044 1514 4094 sorte
1545 4044 1817 4093 catervam

371 4128 669 4201 Purgandi,
698 4127 859 4185 variis
888 4127 1186 4199 patriisque
1217 4125 1463 4197 locisque
1494 4133 1824 4180 manentum.

372 4219 485 4274 Hos
514 4216 656 4273 inter
684 4215 922 4288 speciale
953 4223 1099 4271 tenet
1129 4215 1424 4273 discrimen
1454 4222 1508 4270 et
1537 4230 1675 4269 unus

372 4308 559 4364 Frater
585 4306 642 4362 in
670 4305 917 4361 illicitum
946 4304 1141 4360 cecidit
1160 4304 1253 4377 qui
1284 4303 1495 4360 crimen
1523 4302 1762 4358 habendi
1794 4321 1806 4357 :

371 4396 620 4453 Secretas
650 4395 936 4452 cumulans
964 4392 1166 4463 injusto
1197 4393 1438 4464 pondere
1468 4409 1652 4466 gazas,

368 4493 682 4550 Roboream
703 4492 792 4550 ille
821 4491 1022 4559 habuit,
1056 4507 1219 4565 quem
1246 4491 1505 4563 plumbea
1531 4489 1776 4563 possidet
1813 4504 1965 4561 arca,

368 4589 565 4646 Judicii
593 4605 769 4663 usque
800 4586 946 4646 diem
975 4588 1142 4644 dubio
1172 4588 1271 4643 sub
1302 4586 1409 4643 fine
1441 4587 1792 4644 vomendum.

368 4686 483 4743 Hac
503 4703 563 4743 se
592 4685 783 4743 fraude
812 4687 921 4743 duo
949 4686 1128 4758 primo
1156 4700 1443 4742 armavere
1470 4684 1686 4759 jugalcs

372 4782 608 4858 Saphira
636 4792 690 4841 et
719 4784 979 4852 Ananias,
1002 4784 1308 4840 communis
1328 4800 1459 4840 vasa
1489 4782 1702 4855 pericli.

373 4882 455 4938 De
477 4897 587 4954 quo
616 4882 781 4938 fratre
808 4883 962 4954 prius
990 4882 1205 4938 cuidam
1238 4882 1367 4937 dum
1395 4889 1551 4954 peste
1581 4881 1810 4949 laborat,

370 4981 560 5036 Annos
588 4988 711 5036 ante
741 4980 933 5037 decem
964 4979 1157 5035 similis
1186 4978 1455 5036 sententia
1485 4978 1602 5035 visa
1633 4987 1736 5045 est,

372 5077 515 5131 Dum
561 5086 845 5148 raperetur
885 5080 941 5134 in
993 5094 1265 5136 excessu:
1310 5078 1533 5149 jamque
1597 5076 1687 5132 illa
1724 5084 1967 5134 vetustas

372 5172 599 5243 Dilituit,
630 5174 808 5230 donec
835 5192 1106 5233 memores
1135 5183 1457 5233 revocentur
1483 5175 1554 5230 ab
1580 5174 1687 5231 isto
1718 5193 1732 5231 :

426 5385 444 5411 ι
468 5378 555 5426 Bic
576 5378 736 5426 abbas
755 5380 864 5424 erat
890 5378 1073 5435 Waldo,
1095 5377 1172 5426 ut'
1187 5382 1324 5437 patet
1353 5390 1414 5428 ex
1457 5380 1636 5427 litteris
1670 5380 1965 5429 acrostichis

372 5461 608 5498 versuum
631 5449 966 5507 sequentium.
1018 5450 1185 5498 Waldo
1222 5453 1388 5497 autem
1411 5451 1506 5498 fuit
1546 5452 1761 5507 primum
1808 5452 1965 5499 abbas

369 5522 657 5579 Augiensis,
680 5522 862 5569 deinde
882 5522 1040 5568 sancti
1063 5521 1289 5577 Dionysii
1313 5532 1468 5579 prOpe
1487 5525 1730 5571 Lutetiam
1753 5523 1967 5571 Parisio—

372 5604 505 5640 rum.
534 5595 672 5642 Obiit
690 5605 775 5641 an.
802 5598 898 5641 814.
922 5596 1072 5642 BASN.

1041 186 1443 242 WALAFRIDI
1469 156 1712 241 STRABI
1738 182 1940 239 FULD.
1970 145 2146 237 ΜΘΝ.
2186 172 2388 238 PARS.
2428 172 2520 236 tu.
2556 211 2622 222 -
2671 168 3007 237 CARMINA.

2003 308 2060 367 Α
2081 305 2175 360 Ille
2205 305 2370 361 etiam
2404 306 2491 362 cui
2521 321 2665 362 nunc
2693 306 2884 377 patuit,
2917 320 3064 360 nunc
3093 303 3239 360 audit
3268 312 3414 372 ante,

3446 207 3461 225 ο
3539 176 3681 236 1072

2075 394 2282 449 [ndicat
2313 394 2414 449 iste
2447 395 2601 450 locus
2630 394 2837 460 vitium,
2874 394 3022 466 quod
3052 410 3197 464 serpe
3224 400 3437 448 notatur

2074 482 2281 554 Saepius
2304 483 2411 539 hoc
2426 484 2706 539 monachis
2733 483 2912 555 magis
2925 499 2989 538 ac
3008 481 3185 554 magis
3204 498 3327 537 esse
3349 480 3672 549 cavendum,

2077 571 2400 644 Succidique
2424 572 2600 641 juvat,
2634 572 2780 644 quod
2811 579 3019 627 tantum
3048 571 3264 643 pondus
3292 570 3547 642 adauget.

2077 659 2123 716 O
2153 662 2446 727 monache,
2479 678 2603 717 esse
2635 661 2807 731 cupis,
2868 660 3015 732 quod
3045 669 3098 715 te
3121 660 3236 729 jam
3266 659 3407 715 velle
3436 658 3675 730 negasti,

2075 749 2240 805 Dives
2255 749 2535 820 opum,cui
2547 749 2694 805 nulla
2705 759 2916 820 patrum
2933 750 3036 805 hoc
3047 749 3374 804 documenta
3384 747 3678 815 dederunt,

2079 838 2186 893 Sed
2217 846 2595 909 paupertatem
2633 838 2787 908 cujus
2816 855 2942 909 pars
2975 837 3222 895 Christus
3252 837 3506 892 habetur.

2082 927 2140 983 Si
2159 927 2351 982 vendis
2383 928 2674 995 Christum,
2707 936 2926 982 maneat
2956 944 3075 999 quae
3106 943 3288 991 cerne,
3321 927 3597 999 gehenna.

2080 1014 2311 1086 Liquisti
2341 1029 2631 1073 commune
2660 1017 2861 1072 bonum
2892 1016 3206 1088 furtumque
3236 1015 3418 1087 peculi

2080 1104 2277 1177 Eligis,
2310 1105 2454 1161 haud
2484 1106 2669 1176 capies
2698 1105 2971 1161 communi
3001 1114 3146 1161 sorte
3176 1120 3456 1161 coronam.

2082 1194 2162 1247 Tu
2180 1202 2382 1261 tamen,
2404 1193 2783 1266 Omnipotens,
2804 1194 3056 1265 proprios
3068 1210 3202 1267 rege
3222 1194 3415 1250 ductor
3433 1193 3684 1249 alumnos

2084 1282 2180 1337 His
2209 1283 2341 1337 visis
2371 1283 2579 1339 celsum
2607 1284 2747 1339 cmlo
2770 1292 3120 1355 montemque
3149 1283 3512 1355 pr0pinquum

2084 1371 2389 1442 Aspiciunt,
2423 1373 2553 1427 dum
2583 1373 2777 1429 ductor
2806 1373 2879 1428 ait
2915 1390 2927 1428 :
2959 1373 3063 1429 hac
3093 1389 3218 1429 arce
3249 1381 3467 1428 tenetur

2084 1460 2267 1515 Abbas
2288 1470 2313 1496 δ
2342 1470 2465 1517 ante
2495 1462 2686 1517 decem
2716 1478 2916 1533 corpus
2947 1462 3039 1533 qui
3068 1462 3299 1533 liquerat
3327 1477 3519 1517 annos.

2100 1557 2404 1616 <entorum
2433 1551 2686 1607 incursus
2717 1558 3211 1623 tempestatumque
3236 1550 3452 1606 furores

2002 1668 2056 1728 B
2100 1638 2233 1707 <im
2260 1638 2287 1674 δ
2317 1639 2514 1710 pluvia
2542 1640 2881 1711 multumque
2904 1640 3199 1696 discrimen
3228 1639 3431 1696 ibidem

2100 1727 2290 1788 >hluit
2319 1729 2535 1786 incauto
2565 1728 2829 1800 quidquid
2857 1728 3170 1802 neglexerat
3198 1736 3336 1784 actu.

2099 1825 2289 1875 metus
2318 1826 2375 1872 ut
2404 1818 2591 1873 aeterni
2621 1819 2852 1873 ducatur
2880 1818 3050 1890 Regis
3080 1818 3136 1872 in
3164 1817 3366 1887 aulam,

2100 1907 2448 1979 Celiciasque
2479 1923 2668 1963 sacras
2700 1916 3008 1963 sanctorum
3036 1907 3182 1963 sedis
3211 1906 3264 1960 in
3293 1923 3469 1962 aevum

2098 1995 2379 2062 obtineat,
2414 2012 2685 2067 pmnaque
2712 2013 2904 2052 carens
2931 1996 3023 2050 ubi
3050 1996 3161 2052 vita
3191 2003 3463 2067 sequatur.

2098 2085 2351 2156 >ngelus
2379 2085 2496 2141 hmo
2531 2085 2681 2140 addit
2713 2104 2726 2139 :
2761 2084 2991 2154 Quidam
3020 2085 3165 2157 quod
3194 2084 3397 2156 praesul
3427 2084 3679 2141 eumdem

2098 2174 2341 2231 veheret
2364 2174 2618 2244 precibus
2648 2173 2914 2245 factisque
2940 2175 3129 2243 juvare
3150 2172 3425 2244 benignis,

2099 2271 2245 2322 >nte
2275 2263 2394 2318 dies
2424 2262 2641 2331 multos,
2675 2279 2774 2318 ceu
2807 2263 3236 2319 demandaverat
3264 2262 3390 2333 ipsi,

2099 2360 2316 2425 regato
2335 2360 2606 2420 ostensus,
2642 2368 2803 2423 quem
2828 2360 2954 2408 tunc
2986 2367 3086 2423 per
3104 2351 3317 2407 somnia
3345 2350 3494 2408 ferre

2099 2448 2360 2500 mortatur
2388 2439 2493 2495 sibi
2520 2440 2663 2496 dicta
2694 2440 2834 2495 Patri
2867 2458 2880 2494 :
2913 2441 3011 2495 sed
3041 2442 3329 2512 episcopus
3355 2448 3379 2475 °
3407 2439 3503 2496 ille

2097 2538 2244 2584 Esse
2265 2537 2416 2584 ratus
2446 2528 2589 2585 soliti
2618 2529 2904 2585 mendacia
2933 2529 3114 2584 inania
3143 2530 3339 2597 somni,

2097 2618 2375 2673 t-‘udendo
2405 2618 2634 2688 excepit,
2666 2618 2927 2689 deSpecto
2958 2617 3138 2672 fratris
3167 2634 3376 2673 amore.

2099 2715 2278 2768 gente
2298 2706 2474 2780 piger,
2507 2723 2608 2762 nec
2638 2708 2802 2763 corde
2832 2723 3020 2779 sagax,
3055 2723 3369 2764 succurrere
3398 2707 3606 2775 tardus,

2098 2795 2172 2853 <i
2201 2804 2591 2852 tormentorum
2611 2796 2722 2865 jam
2756 2812 2901 2853 nunc
2921 2795 3225 2852 succumbit
3251 2812 3456 2864 amare,

2097 2884 2453 2957 mortiturque
2483 2901 2607 2939 suas
2635 2885 2853 2957 proprio
2881 2902 2982 2956 pro
3012 2885 3235 2941 crimine
3263 2900 3478 2956 poenas.

2081 2974 2165 3029 Ad
2196 2990 2359 3046 quem
2388 2974 2557 3029 frater
2589 2992 2602 3029 :
2636 2974 2740 3030 Ubi
2781 2991 2946 3046 quem
2992 2974 3126 3030 dicis
3169 2974 3455 3042 clauditur,
3505 2974 3683 3047 inquit

2078 3062 2296 3119 Dixerat
2329 3080 2342 3117 :
2377 3063 2458 3117 Ex
2486 3062 2593 3118 alia
2622 3062 2821 3119 montis
2850 3063 2995 3118 male
3024 3071 3179 3135 parte
3202 3072 3433 3120 tenetur.

2079 3155 2149 3207 At
2175 3167 2278 3207 nos
2310 3169 2432 3223 quae
2461 3152 2649 3223 paucis
2680 3152 2929 3207 dedimus
2954 3153 3066 3221 jam
3092 3152 3302 3208 somnia
3330 3152 3537 3219 verbis,

2078 3241 2444 3295 Monstramus
2470 3257 2572 3312 per
2601 3240 2771 3296 verba
2794 3240 2917 3307 viri,
2953 3241 3051 3313 qui
3078 3243 3197 3298 haec
3226 3241 3343 3313 ipse
3373 3240 3601 3297 videbit.

2078 3329 2266 3396 Orsus,
2289 3330 2380 3395 ait,
2412 3329 2648 3385 dormire
2677 3346 2800 3386 casa
2830 3330 3110 3402 squalente
3138 3330 3391 3386 videbam

2076 3418 2353 3489 Disposito
2382 3419 2592 3474 sedisse
2621 3418 2765 3485 loco,
2798 3434 2961 3491 quem
2989 3418 3226 3474 diximus
3254 3428 3381 3474 ante

2076 3507 2360 3577 Abbatem,
2393 3523 2659 3580 surasque
2690 3516 2742 3562 et
2770 3522 2933 3563 crura
2954 3523 3151 3564 cruore
3179 3508 3425 3575 ﬂuentes,

2075 3595 2296 3650 Labitur
2324 3595 2379 3650 in
2405 3611 2599 3652 vocem
2631 3614 2646 3650 :
2680 3595 2799 3661 Fili,
2831 3595 2915 3652 fer
2944 3596 3089 3653 dicta
3106 3604 3353 3669 patrono,

2071 3683 2321 3755 Respicis
2351 3685 2491 3740 hanc
2520 3685 2715 3752 aedem,
2740 3684 2855 3739 bini
2886 3685 3122 3741 coluisse
3147 3686 3403 3756 jubemur

2075 3771 2369 3829 Informem
2400 3773 2556 3841 socii,
2589 3774 2700 3829 duo
2732 3790 2966 3846 namque
2994 3774 3183 3830 lavare
3206 3782 3459 3831 suescunt

2074 3860 2171 3916 His
2201 3861 2427 3918 comites
2453 3878 2576 3917 sese
2605 3870 2796 3918 nantes
2826 3862 2882 3916 in
2910 3862 3130 3937 gurgite
3151 3863 3396 3929 thermis,

2073 3949 2533 4024 Resperguntque
2562 3951 2783 4007 domum
2806 3953 2947 4008 hanc
2974 3951 3188 4007 lethalis
3206 3952 3375 4023 pestis
3404 3951 3589 4018 odore,

2072 4040 2142 4095 Ut
2170 4039 2360 4094 miseri
2389 4039 2547 4094 istius
2577 4040 2848 4111 pellantur
2875 4040 2945 4095 ab
2973 4041 3091 4097 aede
3121 4042 3324 4097 coloni.

2073 4128 2156 4182 Ad
2184 4127 2305 4184 loca
2337 4136 2671 4196 sanctorum,
2703 4137 2847 4201 pete,
2880 4129 3055 4184 mittat
3084 4136 3141 4184 ut
3170 4130 3260 4185 ille
3292 4128 3539 4185 virorum

2072 4217 2390 4288 Deposcens
2420 4217 2567 4289 quod
2595 4218 2766 4290 gratis
2794 4227 2963 4289 agunt
2993 4218 3185 4274 solatia
3212 4216 3375 4284 ferre,

2070 4305 2385 4377 Reprimere
2414 4314 2471 4361 ut
2499 4306 2674 4377 possit
2693 4306 2875 4378 paries
2904 4307 2998 4362 ubi
3027 4307 3208 4362 nullus
3246 4308 3477 4363 habetur

1994 4389 2054 4453 D
2080 4403 2408 4458 immensum
2436 4402 2624 4460 fetoris
2654 4419 2811 4472 onus,
2845 4404 3159 4477 relevetque
3188 4404 3430 4461 dolores.

2073 4501 2220 4570 Haec,
2254 4501 2329 4556 mi
2357 4509 2504 4571 nate,
2536 4517 2752 4573 precor,
2778 4518 2887 4558 non
2909 4502 3251 4559 Oblivisceris
3276 4504 3395 4560 hac
3423 4510 3501 4559 tu.

2070 4598 2200 4655 Post
2228 4600 2347 4656 haec
2375 4600 2621 4665 antistes,
2655 4600 2783 4656 dum
2815 4609 3010 4657 cuncta
3039 4617 3107 4656 ex
3133 4617 3228 4657 ore
3255 4600 3482 4657 ferentis

2071 4696 2254 4752 Audiit
2287 4713 2300 4752 :
2333 4698 2484 4766 Haec,
2515 4697 2707 4770 inquit,
2736 4699 3119 4769 phantasmata
3147 4698 3317 4755 credo
3344 4698 3537 4762 fuisse,

2071 4794 2387 4867 Idcircoque
2416 4793 2580 4851 ﬁdem
2610 4795 2797 4852 verbis
2827 4812 2937 4852 non
2969 4796 3261 4853 commodo
3292 4795 3452 4852 fictis.

2071 4884 2304 4940 Credere
2334 4901 2455 4956 quae
2486 4885 2682 4955 renuit,
2719 4886 2835 4941 haec
2859 4886 3090 4959 angelus
3117 4885 3218 4941 iste
3246 4886 3513 4957 resignat,

2071 4981 2283 5054 Quippe
2313 4983 2459 5055 quod
2490 4984 2800 5039 admonitus
2830 4983 3025 5039 functis
3055 4984 3369 5042 incredulus
3388 4991 3595 5049 extans,

2070 5080 2342 5136 Auxilium
2376 5080 2621 5138 conferre
2652 5081 2834 5154 precis
2856 5082 3093 5139 tardaret
3120 5082 3335 5157 egenti;

2067 5180 2242 5252 Atque
2272 5178 2397 5236 ideo
2426 5177 2672 5252 propriis
2703 5178 2892 5237 fruitur
2909 5180 3028 5237 sine
3053 5192 3278 5238 munere
3306 5179 3509 5254 pomis.

2119 5383 2145 5419 ιι
2163 5376 2344 5422 Versus
2361 5377 2647 5433 corruptus.

2118 5453 2135 5477 ε
2157 5446 2244 5494 Hic
2268 5447 2532 5505 episcopus
2557 5448 2650 5495 fuit
2673 5448 3013 5503 Adalhelmus,
3039 5450 3095 5494 ut
3120 5447 3261 5503 patet
3280 5453 3343 5494 ex
3366 5441 3682 5495 acroaticbia

2065 5518 2130 5636 ἓ)
2150 5529 2211 5565 eo
2232 5530 2383 5567 versu
2416 5519 2664 5581 angelus
2693 5519 2798 5568 hac
2832 5518 2996 5568 addit.
3034 5519 3191 5571 Sedes
3232 5518 3343 5577 ejus
3380 5519 3680 5577 ignoratur.

2113 5600 2190 5635 ΑΒ.

2113 5600 2190 5635 ΑΒ.
