3996 6184
387 326 525 378 1073

395 447 643 519 Denique
677 446 824 518 quod
855 446 1045 517 paucis
1075 447 1251 502 visum
1278 448 1645 518 percurrimus
1675 449 1814 518 odis,

389 539 528 591 Ante
557 553 658 592 nec
691 536 896 590 audivit
928 537 1018 608 qui
1049 553 1192 592 nunc
1222 545 1484 592 renovata
1512 539 1741 604 revexit,

392 626 459 681 Et
493 625 640 680 velut
673 625 743 679 ad
774 641 1006 696 superos
1034 625 1140 681 imo
1171 627 1388 681 devexit
1417 627 1634 698 abysso.

389 715 592 770 Annuit
621 714 721 768 iste
753 714 908 770 locus
937 715 1166 770 multum
1197 715 1284 786 pia
1312 723 1438 771 vota
1468 716 1671 772 mereri
1700 735 1712 770 :

390 803 585 859 Fidere
614 804 711 858 sed
743 804 852 859 noli
883 813 1007 875 post
1037 804 1158 859 vita:
1187 812 1436 875 tempora
1467 805 1604 860 solvi

387 891 627 948 Alterius
657 909 758 964 per
787 894 958 948 verba
987 893 1137 950 focos
1169 910 1307 965 quos
1337 894 1545 967 colligit
1573 894 1690 965 ipse

388 981 618 1037 Actibus
647 999 712 1036 ex
743 983 966 1054 pravis;
999 984 1125 1039 licet
1157 983 1480 1039 intercessio
1515 991 1713 1056 purget

389 1070 632 1125 Crimina
662 1072 971 1142 multorum,
1011 1081 1189 1128 tamen
1220 1074 1324 1128 hac
1355 1089 1585 1128 securus
1618 1072 1809 1127 haberi

389 1160 568 1214 Nemo
598 1169 794 1231 potest,
830 1162 954 1234 quia
984 1179 1091 1233 quo
1121 1163 1295 1218 nescit
1325 1179 1425 1217 sua
1451 1163 1696 1233 pondere
1729 1162 1872 1217 facta

393 1248 700 1304 Pensentur
734 1271 747 1317 ;
782 1259 1114 1323 quapropter
1140 1267 1246 1324 ego
1276 1267 1399 1306 esse
1429 1251 1561 1304 mihi
1591 1251 1719 1305 utile
1749 1250 1872 1307 dico

392 1335 553 1406 Quod
581 1341 728 1411 gessi
759 1357 991 1412 purgare
1021 1341 1191 1411 prius,
1236 1355 1336 1395 sua
1377 1356 1645 1411 quemque
1676 1348 1990 1412 sequentur.

405 1429 830 1498 contemplatur
859 1430 987 1484 item
1018 1431 1308 1502 quemdam
1331 1462 1371 1495 ι,
1409 1430 1674 1484 lustrante
1702 1429 1913 1500 pupilla

405 1518 670 1591 >usoniae
702 1520 977 1590 quondam
1006 1519 1097 1590 qui
1127 1535 1301 1590 regna
1331 1519 1546 1573 tenebat
1578 1526 1630 1572 et
1659 1518 1783 1573 alta

405 1624 675 1682 womanm
735 1609 932 1680 gentis,
965 1607 1072 1663 ﬁxo
1094 1608 1392 1663 consistere
1425 1624 1640 1680 gressu,

392 1698 846 1770 oppositumque
875 1697 1073 1752 animal
1103 1698 1350 1752 lacerare
1378 1697 1554 1752 virilia
1581 1695 1790 1763 stantis,

1556 325 1650 378 DE
1689 323 2080 381 VISIONIBUS
2112 325 2440 381 WETTINI.

3553 327 3692 383 107‘

2024 450 2220 510 ANon
2248 449 2514 505 scelerum
2545 450 2750 506 ultores
2782 452 3014 518 Satanae,
3047 451 3144 506 sed
3183 451 3449 508 habentur

2099 538 2316 593 Illorum
2347 539 2566 610 quidam
2596 540 2778 594 multis
2809 540 3129 612 stringendo
3160 541 3381 612 periclis

2099 626 2349 683 Aﬂiciunt
2379 629 2646 698 homines,
2673 629 2852 698 justos
2882 629 3146 684 damnare
3177 644 3408 700 reosque

2097 715 2400 772 Justiticare
2422 717 2588 784 viros,
2613 725 2926 788 contempta
2953 718 3096 791 lege,
3130 719 3367 774 solentes
3392 737 3407 772 :

2100 805 2330 860 Furibus
2360 807 2555 861 adnexi
2587 807 2861 879 vitumque
2891 824 2991 878 per
3019 823 3180 862 omne
3212 807 3430 863 sodales
3464 828 3478 874 ;

2097 894 2413 950 Muneribus
2442 896 2605 966 capti,
2639 896 2728 968 qui
2760 912 2862 966 pro
2891 897 3148 952 mercede
3179 896 3356 951 futura

2097 984 2186 1038 Nil
2213 983 2434 1050 faciunt,
2467 986 2564 1040 sed
2593 1002 2716 1041 cum
2745 987 2995 1058 quaedam
3025 987 3125 1040 sub
3153 986 3278 1058 lege
3301 994 3554 1043 coercent

2097 1073 2293 1128 Debita
2318 1074 2558 1142 justitiae,
2593 1073 2796 1129 furiunt
2823 1076 3024 1146 pietate
3055 1084 3321 1131 carentes.

2097 1163 2276 1217 Ardor
2307 1163 2550 1218 avaritiaa
2579 1165 2754 1220 nescit
2785 1165 3098 1220 concedere
3130 1165 3450 1236 quidquam,

2098 1251 2206 1306 Sed
2238 1259 2405 1306 totum
2437 1261 2724 1325 extorquet
2754 1261 3032 1325 totumque
3061 1254 3128 1307 ad
3161 1261 3354 1308 tartara
3381 1253 3557 1320 mittit,

2097 1341 2458 1396 Accumulans
2489 1341 2627 1396 iram
2659 1359 2779 1398 cum
2812 1343 3017 1398 venerit
3047 1345 3183 1397 hora
3210 1342 3424 1398 furoris.

2098 1429 2370 1485 Justitiam
2403 1447 2676 1503 nunquam
2707 1433 2871 1486 vitam
2903 1433 3194 1504 quaerendo
3224 1433 3442 1486 beatam

2096 1519 2439 1590 lmpeudunt,
2473 1529 2525 1575 et
2553 1537 2710 1592 quam
2743 1522 2909 1594 gratis
2939 1521 3182 1591 praebere
3211 1521 3480 1585 videntur,

2102 1609 2358 1664 Venalem
2389 1619 2607 1680 portant
2637 1611 2872 1664 animam
2902 1627 3003 1681 pro
3035 1611 3271 1683 pignore
3301 1611 3514 1664 dantes.

2094 1698 2305 1753 Judicio
2337 1700 2601 1770 quosdam
2623 1700 2734 1768 jam
2765 1715 2909 1755 nunc
2941 1700 3301 1755 succumbere
3331 1699 3484 1768 dixit,

410 1795 679 1858 fletaque
700 1803 800 1858 per
819 1787 1083 1858 reliquum
1105 1802 1306 1857 corpus
1336 1786 1422 1840 lue
1443 1786 1691 1840 membra
1708 1785 1992 1850 carebant,
2019 1814 2072 1874 B
2102 1788 2326 1842 Dixerat
2355 1797 2411 1842 ut
2443 1789 2707 1844 Dominus
2737 1790 2804 1844 de
2833 1805 2942 1844 non
2970 1788 3321 1844 credentibus
3350 1787 3481 1842 olim
3513 1805 3526 1841 :

410 1877 641 1949 <iderat
673 1879 808 1942 hare,
839 1891 1152 1948 magnoque
1204 1884 1429 1946 stupens
1461 1883 1671 1930 terrore
1703 1874 1951 1944 profatur
1987 1891 2000 1928 :

411 1967 676 2042 mortibus
708 1965 795 2021 hic
827 1965 1104 2020 hominum
1132 1965 1262 2018 dum
1284 1965 1450 2019 vitam
1473 1964 1526 2017 in
1557 1979 1790 2034 corpore
1805 1963 1996 2034 gessit,

413 2057 667 2128 _,ustitiae
696 2055 928 2109 nutritor
958 2061 1077 2108 erat
1109 2053 1380 2125 saecloque
1410 2052 1694 2117 moderno,

412 2147 644 2218 gaxima
672 2161 770 2216 pro
801 2143 1034 2198 Domino
1066 2141 1190 2197 fecit
1219 2143 1544 2197 documenta
1574 2142 1781 2213 vigere,

415 2236 776 2306 wrotexitque
809 2233 896 2303 pio
928 2247 1141 2286 sacram
1173 2231 1436 2286 tutamine
1465 2231 1681 2300 plebem
1715 2249 1729 2295 ;

411 2335 488 2396 εει
517 2325 722 2380 velutin
749 2322 952 2376 mundo
983 2320 1208 2390 sumpsit
1241 2319 1479 2390 speciale
1509 2335 1791 2384 cacumen,

411 2424 588 2488 aeota
615 2413 805 2469 volens
836 2410 1086 2481 dulcique
1120 2409 1311 2464 volans
1341 2425 1441 2479 per
1469 2424 1638 2480 regna
1666 2407 1868 2462 favore.

410 2514 520 2580 »εἰ
547 2505 633 2559 hic
661 2517 824 2573 quam
857 2515 1002 2555 saeva
1033 2499 1133 2552 sub
1172 2498 1482 2554 conditione
1513 2505 1744 2564 tenetur,

415 2611 561 2668 qam
592 2591 840 2662 tristique
871 2597 1051 2643 notam
1081 2595 1345 2642 sustentat
1375 2595 1526 2657 peste
1559 2601 1825 2650 severam,

413 2700 551 2754 oro,
586 2680 751 2736 refer.
786 2680 924 2734 Tum
954 2678 1184 2731 ductor:
1218 2677 1276 2729 In
1308 2675 1391 2728 his
1422 2675 1766 2739 cruciatibus,
1798 2672 1990 2744 inquit,

411 2780 605 2844 gestat
639 2770 710 2825 ob
742 2770 846 2823 hoc
876 2766 1094 2838 quando
1122 2766 1262 2819 bona
1291 2763 1426 2818 facta
1457 2763 1678 2818 libidine
1710 2762 1854 2833 turpi

398 2860 660 2928 Ftedavit,
696 2865 843 2911 ratus
874 2855 1160 2909 illecebras
1191 2854 1291 2907 sub
1315 2853 1456 2907 mole
1489 2853 1757 2907 bonorum

396 2949 634 3016 Assumi,
665 2956 716 3002 et
747 2946 909 3000 vitam
939 2943 1106 2998 voluit
1137 2942 1292 2996 ﬁnire
1324 2941 1495 2996 suetis

398 3039 692 3100 Sardibus;
726 3035 842 3106 ipse
874 3042 1054 3087 tamen
1085 3032 1250 3086 vitam
1289 3031 1527 3101 captabit
1556 3029 1810 3100 opimam,

397 3127 732 3198 Dispositum
763 3139 794 3177 a
823 3121 1055 3176 Domino
1085 3121 1332 3191 gaudens
1357 3119 1574 3173 invadet
1605 3120 1888 3184 honorem,

398 3217 668 3272 Admonet
695 3213 784 3267 hic
817 3210 1092 3265 hominem
1121 3209 1209 3279 qui
1241 3207 1422 3280 dignis
1452 3207 1694 3260 moribus
1722 3207 1884 3260 horas

398 3308 512 3362 Has
542 3319 760 3359 servare
789 3300 952 3370 cupit,
987 3314 1056 3353 ne
1082 3297 1314 3369 quodam
1346 3295 1568 3351 crimine
1600 3303 1794 3350 cuncta

395 3395 608 3460 Perdat,
642 3401 692 3446 et
722 3406 885 3446 omne
916 3394 1148 3459 probum
1176 3385 1362 3439 fundat
1392 3391 1634 3438 vastante
1671 3383 1825 3437 ruina
1861 3400 1875 3436 :

397 3484 544 3539 Talis
573 3497 742 3554 aquas
773 3478 950 3532 haurit
980 3485 1198 3546 pertuso
1231 3490 1359 3528 vase
1403 3480 1708 3542 receptans,

400 3572 670 3643 Quodque
700 3569 793 3624 diu
825 3566 1046 3621 immisit
1077 3564 1329 3619 sorbente
1360 3561 1627 3617 foramine
1655 3559 1868 3631 linquit.

400 3664 498 3718 Est
518 3661 674 3715 labor
695 3659 796 3713 iste
817 3655 1022 3729 gravis,
1038 3653 1215 3708 malus
1236 3661 1397 3724 atque
1423 3651 1780 3716 miserrimus,
1802 3666 1868 3704 ex
1891 3663 1998 3719 quo

404 3752 631 3820 Semper
651 3748 812 3802 habet
829 3747 1108 3811 damnum,
1132 3756 1407 3812 nunquam
1429 3739 1700 3794 mercedis
1716 3740 1996 3803 honorem;

404 3839 670 3896 Omnibus
700 3837 756 3890 in
786 3835 949 3890 rebus
980 3832 1145 3886 vitam
1176 3831 1487 3885 moderetur
1517 3829 1570 3882 in
1599 3827 1766 3892 arvis,

405 3926 506 3996 Qui
535 3925 681 3996 cupit
712 3924 764 3978 in
799 3922 954 3978 coelis
986 3936 1215 3992 regnum
1245 3917 1479 3972 retinere
1510 3931 1766 3987 perenne.

403 4017 516 4072 Illic
546 4011 854 4087 magnificis
885 4008 1170 4080 conspexit
1203 4023 1428 4062 munera
1460 4005 1675 4076 pompis

401 4103 674 4161 Daemonis
705 4103 757 4155 in
781 4100 1052 4163 manibus,
1085 4098 1196 4166 jam
1227 4095 1612 4167 praesentanda
1642 4092 1828 4164 parari

403 4194 584 4258 Pallia,
618 4200 669 4247 et
699 4192 752 4245 in
781 4189 929 4245 vasis
963 4187 1079 4241 auri
1110 4185 1433 4257 argentique
1461 4183 1762 4248 metallum,

403 4285 473 4339 Et
501 4282 596 4336 lini
627 4279 949 4354 obsequitur
979 4274 1266 4332 candentia
1299 4271 1383 4326 fila
1423 4272 1683 4337 caballus,

403 4372 672 4428 Plurinms
701 4370 846 4422 hunc
877 4373 1033 4422 ornat
1063 4363 1276 4435 species
1297 4361 1554 4432 fulgentis
1582 4361 1826 4415 habenae.

404 4463 535 4516 Tum
567 4466 728 4532 rogat
755 4459 871 4512 haec
902 4455 1056 4524 cujus
1086 4452 1360 4508 hominum
1392 4451 1458 4504 de
1488 4457 1644 4520 parte
1674 4448 1938 4512 venirent,

408 4549 659 4620 Quidque
689 4547 1000 4620 ﬁgurarent.
1036 4542 1150 4596 Tali
1180 4555 1434 4595 sermone
1465 4538 1713 4609 rependit

406 4638 648 4710 Angelus
680 4655 693 4690 ε
728 4637 853 4690 Haec
884 4631 1140 4688 comitum
1171 4639 1293 4685 sunt
1312 4645 1412 4700 per
1441 4628 1663 4683 diversa
1693 4634 2003 4681 manentum

406 4729 594 4798 Regna
625 4725 744 4793 soli,
779 4723 975 4792 injuste
1004 4720 1204 4794 legalia
1227 4719 1350 4788 jura
1380 4725 1688 4790 regentum,

408 4816 686 4886 Quatenus
711 4815 818 4868 huc
849 4810 996 4866 ducti
1025 4808 1312 4880 inspiciant
1340 4807 1485 4879 quod
1515 4813 1708 4861 cuncta
1739 4804 1943 4876 rapinis

408 4905 692 4976 Collegere
723 4901 990 4971 avidoque
1021 4898 1260 4952 minores
1315 4912 1410 4951 ore
1439 4895 1716 4949 vorabant.

408 4994 644 5050 Nomina
673 4989 1031 5063 quorumdam
1059 4984 1344 5040 manifeste
1376 4983 1595 5054 protulit
1627 4999 1692 5036 ex
1721 4982 1825 5051 his,

408 5083 552 5136 Dixit
582 5090 634 5136 et
665 5081 782 5134 haec
813 5092 1090 5149 nunquam
1123 5073 1265 5128 finiri
1296 5074 1460 5137 dona,
1497 5072 1812 5143 priusquam

2101 1877 2370 1934 Judieium
2402 1879 2632 1950 sumpsit
2662 1878 2967 1950 quicunque
2998 1877 3310 1934 incredulus
3341 1883 3535 1934 exstat.

2099 1968 2221 2022 Jam
2254 1967 2384 2020 satis
2415 1975 2494 2021 est
2526 1967 2728 2022 dictum
2765 1983 2777 2021 :
2809 1967 2936 2022 felix
2967 1967 3059 2038 qui
3089 1967 3255 2021 corde
3286 1973 3548 2030 reservat,

2099 2055 2182 2110 Ne
2213 2055 2279 2110 sit
2302 2071 2456 2110 amor
2486 2056 2691 2110 nummi
2720 2056 2896 2124 major
2925 2071 3088 2127 quam
3118 2055 3328 2109 mansio
3361 2055 3504 2109 caeli.

2101 2144 2308 2199 Grandi
2338 2145 2674 2200 abundantes
2705 2145 2883 2199 subito
2911 2144 3265 2215 comprendet
3296 2152 3532 2214 egestas.

2099 2233 2145 2288 Ο
2178 2233 2424 2298 comites,
2457 2234 2608 2301 cujus
2637 2234 2864 2288 comites
2891 2233 3214 2304 perpendite
3245 2233 3361 2287 sitis
3395 2231 3406 2287 l

2098 2321 2342 2376 Christus
2372 2321 2444 2376 ait
2477 2339 2490 2375 :
2517 2321 2832 2390 Quicunque
2861 2323 3049 2392 polum
3079 2321 3449 2378 conscendere
3480 2321 3670 2394 quaerit

2098 2411 2269 2465 Debet
2298 2412 2353 2464 in
2381 2418 2612 2484 angusto
2641 2427 2894 2481 gressum
2947 2411 3221 2481 conligere
3252 2410 3406 2465 calle.

2098 2499 2299 2555 Servus
2329 2500 2455 2554 item
2484 2499 2676 2555 mortis
2707 2500 2934 2573 vestigia
2960 2501 3072 2555 lata
3101 2499 3382 2571 sequendo

2097 2589 2287 2660 Vergit
2315 2589 2368 2642 in
2397 2597 2659 2644 mternum
2691 2589 2908 2644 miseris
2936 2589 3238 2658 ploratibus
3265 2588 3477 2661 ignem.

2096 2676 2291 2732 Omnia
2321 2677 2619 2746 mittantur,
2654 2694 2796 2734 nunc
2825 2678 3006 2732 tristes
3035 2678 3154 2732 lmta
3185 2677 3461 2744 tenebunt,

2095 2763 2243 2833 Quos
2272 2768 2511 2837 gaudere
2541 2767 2689 2832 libet,
2723 2768 2902 2822 tristes
2933 2767 3226 2821 tundentur
3253 2766 3309 2820 in
3339 2765 3582 2819 umbras.

2094 2853 2250 2924 Quod
2279 2856 2457 2927 placet
2485 2857 2797 2927 ingredere,
2831 2864 2911 2911 est
2940 2857 3133 2911 melius
3163 2863 3290 2910 tunc
3328 2855 3448 2909 laeta
3475 2862 3655 2909 tenerr

2092 3004 2432 3059 Sanctorum
2451 3016 2644 3072 preces
2672 3017 2774 3072 pro
2792 3000 3068 3069 ﬁdelibus.
3083 3001 3327 3055 Visiones
3352 3002 3684 3056 sanctorum

2159 3091 2577 3161 defunctorum.
2599 3091 2674 3144 De
2695 3093 3013 3160 martyrum
3027 3093 3084 3143 et
3103 3090 3388 3159 virginum
3409 3087 3554 3142 sede.
3578 3087 3692 3141 An-

2013 3174 2062 3237 C
2157 3181 2269 3252 geli
2317 3179 2494 3234 oratio
2511 3178 2582 3233 ad
2623 3179 2948 3233 ll’ettinum.
2982 3179 3279 3249 Responsio
3320 3177 3565 3234 Wettini.
3603 3178 3682 3232 De

2166 3269 2366 3339 angelo
2395 3266 2641 3322 custode.
2680 3267 2904 3322 Recedit
2931 3284 2964 3321 α
2996 3268 3231 3322 vitiosis.

2096 3382 2239 3436 Vidit
2268 3390 2320 3436 et
2342 3383 2652 3437 innumeras
2683 3382 2904 3437 diverso
2935 3390 3077 3437 sorte
3102 3381 3407 3454 phalanges

2096 3472 2175 3526 De
2205 3471 2504 3536 monachis,
2538 3471 2907 3540 gradibusque
2936 3471 3074 3538 aliis,
3108 3471 3403 3540 populique
3435 3475 3640 3536 senatu,

2098 3561 2178 3615 De
2208 3559 2482 3629 variisque
2511 3557 2645 3612 locis
2675 3557 2838 3630 longe
2871 3559 3173 3628 patriisque
3203 3558 3427 3612 remotis
3460 3576 3473 3612 :

2099 3650 2210 3704 Hos
2238 3649 2480 3721 gaudere
2512 3647 2729 3716 hilares,
2761 3647 2883 3701 illos
2912 3645 3163 3701 frendere
3193 3655 3477 3717 gementes
3509 3667 3528 3714 ;

2100 3740 2211 3793 Hos
2240 3737 2526 3807 paradisus
2557 3735 2736 3805 habet,
2769 3735 3026 3789 discindit
3055 3742 3286 3788 tartarus
3316 3735 3459 3790 illos.

2101 3828 2195 3881 His
2224 3826 2356 3881 visis
2387 3825 2674 3897 multisque
2711 3824 2831 3878 aliis
2861 3839 2980 3894 qua:
3011 3823 3255 3878 scribere
3286 3823 3507 3896 longum
3537 3831 3639 3889 est,

2102 3916 2341 3987 Quaque
2369 3914 2539 3985 stylus
2569 3931 2796 3969 currens
2841 3913 3023 3968 stricta
3049 3912 3313 3968 brevitate
3344 3912 3618 3983 relinquit,

2104 4005 2329 4061 Ducitur
2359 4005 2427 4058 ad
2459 4003 2703 4075 quaedam
2731 4002 3087 4073 prmpulchraa
3118 4001 3319 4056 mmnia
3347 4001 3513 4068 sedis,

2106 4093 2239 4163 Quae
2269 4093 2498 4147 naturali
2528 4092 2825 4148 consistere
2854 4092 2997 4146 mole
3028 4091 3252 4146 ferebat.

2108 4185 2222 4239 Hoc
2251 4199 2387 4253 opus
2415 4183 2682 4237 immenso
2714 4181 2869 4236 nituit
2898 4181 3209 4252 splendore,
3244 4195 3540 4236 coruscans

2108 4272 2372 4340 Arcubus,
2407 4271 2676 4344 effulgens
2707 4270 2980 4341 variisque
3007 4270 3284 4326 ornatibus
3315 4268 3514 4334 aureis,

2108 4361 2442 4432 Argentique
2469 4377 2668 4432 gerens
2696 4360 2926 4414 multum
2958 4367 3222 4414 structura
3263 4358 3555 4423 metallum,

2108 4450 2341 4506 Praebuit
2367 4458 2478 4504 arte
2505 4449 2676 4505 oculis
2709 4449 2962 4520 anaglyfa
2989 4463 3212 4519 pascere
3253 4454 3487 4502 mentem

2011 4537 2064 4596 D
2094 4539 2310 4607 Maenia,
2351 4557 2473 4610 quae
2504 4547 2713 4593 tantum
2742 4539 2904 4592 latam
2935 4538 3263 4609 longamque
3294 4537 3545 4591 tenebant

2105 4629 2432 4692 Mensuram,
2465 4627 2864 4698 pulchrumque
2893 4633 3088 4680 statum
3120 4625 3367 4680 mirabile
3398 4625 3617 4689 factum,
3684 4683 3686 4686 ,

2105 4717 2337 4788 Altaque
2366 4733 2468 4787 per
2496 4715 2748 4770 volucres
2778 4715 3085 4785 pandebant
3115 4713 3354 4769 culmina
3383 4721 3573 4768 ventos

2107 4806 2375 4875 Quantum
2396 4805 2541 4859 nulla
2561 4812 2739 4875 potest
2769 4803 2997 4858 intentio
3026 4803 3224 4857 mentis
3244 4803 3297 4856 in
3322 4803 3498 4857 visum
3521 4803 3605 4873 (F.
3629 4801 3705 4871 in,

2107 4896 2372 4951 Claudere
2400 4894 2688 4959 tractandi,
2723 4908 2825 4948 nec
2854 4892 2976 4964 quis
3007 4907 3259 4946 sermone
3291 4890 3450 4946 fateri
3481 4890 3702 4964 [usum)

2106 4988 2211 5040 Aut
2240 4984 2393 5054 operi
2424 4992 2572 5038 tanto
2604 4998 2855 5038 veracem
2886 4989 3073 5052 Optare
3104 4988 3382 5045 staturam,

2107 5072 2213 5124 Aut
2241 5069 2407 5124 decus
2437 5068 2710 5123 excellens
2741 5066 2888 5120 veris
2917 5065 3211 5134 disponere
3254 5065 3455 5120 verbis.

410 5171 653 5242 Quisque
676 5169 854 5223 sinum
871 5167 925 5220 in
938 5164 1221 5237 proprium
1244 5169 1551 5233 prmventus
1571 5168 1746 5214 morte
1767 5168 2010 5231 receptet
2107 5159 2237 5214 Haec
2265 5166 2491 5213 cernunt
2522 5156 2786 5228 fratrique
2819 5170 2976 5212 sacer
3004 5163 3130 5210 tunc
3159 5154 3390 5227 angelus
3421 5154 3500 5210 illi
3535 5174 3547 5209 :

411 5258 687 5330 Quidquid
715 5257 785 5312 ad
813 5253 1108 5325 hospitium
1137 5261 1356 5307 aeternae
1387 5249 1762 5304 transmiserat
1790 5249 1948 5304 aulae.

411 5348 590 5419 Quam
618 5362 750 5402 vero
780 5343 1055 5401 horrendo
1085 5341 1341 5396 comitum
1373 5354 1626 5394 sermone
1655 5337 1940 5408 profanam

414 5437 659 5493 Intulerit
688 5435 874 5502 vitam,
907 5431 1088 5487 nullus
1117 5445 1344 5485 narrare
1372 5427 1637 5483 redundat
1668 5444 1680 5480 :

2111 5249 2240 5303 Cras
2269 5247 2548 5319 migrabis,
2581 5245 2672 5310 ait,
2701 5245 2824 5300 vitae
2852 5241 3089 5300 conﬁnia
3125 5243 3379 5315 linquens

2111 5337 2385 5402 Terrena,
2419 5344 2604 5391 tamen
2632 5334 2839 5390 interea
2869 5333 3201 5390 certabimus
3231 5333 3393 5387 ambo

2114 5427 2220 5480 Pro
2249 5425 2447 5497 pietate
2473 5440 2667 5497 preces
2697 5423 2901 5480 sanctis
2931 5431 3282 5494 prosternere
3312 5417 3530 5485 Christi,

459 5632 484 5659 ι
513 5613 685 5671 Agitur
726 5611 808 5659 hic
827 5611 891 5656 de
925 5608 1109 5656 Carolo
1136 5615 1335 5669 magno,
1374 5606 1460 5664 qui
1479 5604 1768 5664 patiebatur
1806 5604 1872 5652 ob
1894 5603 2164 5652 libidinem
2199 5602 2463 5660 impuram.
2487 5601 2761 5650 Acrostichi
2786 5613 2975 5650 versus
3036 5600 3086 5646 id
3109 5595 3323 5656 probant
3361 5595 3426 5641 ab
3458 5604 3520 5642 eo
3571 5605 3721 5643 versu

415 5694 800 5754 Contemplatur
819 5693 954 5740 item.
976 5693 1123 5739 Bssn.

3137 5865 3297 5959 ,Γ

3771 5735 3901 5876 .1
