4024 6194
268 308 404 365 1075
828 307 1232 363 WALAFRIDI
1271 306 1519 363 STRABI
1560 305 1758 361 FULD.
1802 301 1973 360 MON.
2017 300 2171 358 OPP.
2213 300 2389 357 PARS
2429 298 2520 354 Ill.
2564 329 2633 340 —
2686 296 3021 354 CARIIINA.
3417 294 3558 348 1076

281 433 349 489 Ut
379 432 466 488 vel
495 446 659 504 parva
686 429 793 487 tuis
822 432 913 487 tiat
941 431 1226 489 concessio
1255 430 1431 488 factis.

286 521 419 577 Inde
446 520 735 577 beatorum
764 520 921 593 parili
952 536 1156 577 venere
1184 520 1371 577 volatu

288 610 461 666 Sedes
490 627 664 683 usque
693 611 1060 678 sacerdotum,
1094 609 1216 682 quis
1245 608 1485 683 fulgidus
1514 609 1652 665 ordo

288 699 478 771 Captat
506 715 646 756 onus
675 700 870 767 meriti,
897 699 1123 773 jugique
1151 699 1355 773 potitur
1392 700 1599 755 honore
1618 698 1646 754 ?

289 789 533 862 Angelus
567 807 580 845 :
614 791 746 857 Hos,
779 790 969 861 inquit,
1001 805 1187 846 secum
1218 782 1534 845 DOminator
1562 788 1761 860 opimis

287 877 483 937 Ditavit
515 879 739 945 meritis,
772 878 898 934 ideo
926 894 1188 934 enarrare
1218 893 1479 935 coronam

284 967 460 1023 Nemo
481 975 659 1039 potest
680 983 788 1040 qua
804 968 1036 1040 quisque
1057 968 1189 1023 nitet
1202 967 1290 1023 cui
1310 967 1558 1023 Christus
1576 967 1882 1023 obumbrat.

284 1057 353 1112 Et
381 1057 577 1129 quibus
605 1056 781 1114 officia
808 1066 1027 1113 ornatas
1055 1057 1310 1128 praebetis
1340 1057 1411 1112 ad
1439 1073 1584 1123 aras,

287 1146 399 1200 Hos
426 1145 727 1219 rogitemus
756 1147 903 1217 apud
931 1147 1223 1203 Dominum
1255 1146 1591 1202 intercedere
1618 1162 1717 1217 pro
1739 1155 1811 1202 te.

285 1234 437 1291 Tunc
467 1234 701 1306 pedibus
732 1236 1173 1292 venerandorum
1204 1236 1466 1291 subnixus
1496 1244 1724 1307 uterque

288 1322 456 1381 Unius
484 1323 772 1380 illecebras
801 1324 1057 1395 precibus
1086 1325 1329 1379 relevare
1359 1332 1607 1395 precatur
1638 1344 1653 1390 ;

293 1413 409 1468 Nec
437 1428 590 1468 mora
619 1421 925 1469 sanctorum
955 1414 1160 1484 pariter
1187 1413 1458 1469 consortia
1486 1422 1735 1486 surgunt.

293 1501 670 1574 Aggressique
702 1503 954 1557 thronum
984 1502 1258 1558 Christum
1287 1502 1492 1573 petiere
1516 1503 1760 1571 jacentes

295 1590 365 1647 Ut
394 1590 577 1661 potius
605 1590 787 1647 laxare
816 1592 946 1647 velit
976 1607 1136 1663 quam
1167 1591 1335 1664 digna
1364 1590 1592 1646 referre.

295 1678 433 1734 Tum
461 1679 649 1735 reboat
675 1680 744 1735 de
774 1688 957 1737 sancta
986 1696 1093 1737 vox
1123 1680 1392 1737 testudine
1423 1680 1610 1736 dicens
1644 1699 1657 1734 :

292 1767 490 1824 Debuit
518 1770 784 1840 exemplis
812 1769 1009 1826 multos
1040 1769 1333 1825 incendere
1361 1768 1576 1835 fratres,

297 1856 407 1912 Sed
436 1864 655 1928 torpore
682 1857 912 1913 madens
942 1857 1135 1913 desivit
1162 1857 1309 1913 ferre
1338 1857 1603 1913 laborem.

298 1944 437 2000 Hinc
466 1961 729 2015 responsa
758 1945 937 2012 silent,
971 1961 1271 2017 vocemque
1304 1946 1547 2001 emittere
1576 1954 1810 2003 cessant.

298 2033 542 2105 Angelus
573 2033 689 2088 haec
717 2032 883 2094 inter.
914 2032 1187 2104 fraterque
1220 2034 1275 2088 in
1308 2042 1457 2104 parte
1489 2042 1755 2090 steterunt

297 2120 544 2187 Eminus,
577 2128 630 2176 et
659 2121 834 2177 sancti
863 2122 1024 2177 sedes
1050 2138 1177 2177 cum
1214 2138 1350 2193 pace
1381 2123 1642 2178 revisunt.

301 2210 426 2281 Ipse
455 2209 797 2282 Dionysium,
829 2210 1094 2267 Hilarium
1125 2220 1446 2283 sanctosque
1476 2211 1682 2267 ferebat

301 2294 593 2349 Martinum
620 2294 997 2367 Anianumque
1026 2310 1155 2350 suas
1184 2310 1454 2368 cognosse
1482 2294 1768 2352 fenestras.

301 2381 543 2453 Qualiter
570 2383 808 2457 agnovit,
840 2399 977 2456 quos
1004 2400 1281 2456 nunquam
1312 2400 1545 2456 corpore
1575 2386 1754 2441 vidit?

303 2471 413 2527 Sed
441 2488 658 2543 sperare
686 2472 847 2528 datur
875 2472 1019 2545 quod
1052 2473 1137 2528 vel
1167 2489 1420 2529 sermone
1450 2474 1593 2529 beati

293 2560 423 2617 Haec
452 2561 607 2617 ducis
636 2561 864 2631 audiret,
900 2561 987 2617 vel
1018 2578 1139 2634 quae
1168 2562 1272 2617 sibi
1301 2562 1472 2636 gratia
1499 2570 1692 2619 cuncta

299 2649 650 2718 Monstrarat,
682 2651 950 2723 quosdam
977 2650 1181 2707 faceret
1208 2667 1480 2724 cognosse
1511 2651 1750 2707 silentes.

299 2737 449 2796 Tunc
478 2740 728 2796 hortante
765 2739 960 2796 iterum
1007 2756 1261 2813 gressum
1306 2741 1534 2798 ductore
1582 2749 1899 2814 retorquent

300 2828 385 2884 Ad
415 2828 682 2901 sedesque
712 2829 856 2885 viam
887 2828 1083 2885 nitidas
1113 2846 1365 2901 pressere
1394 2838 1750 2902 resumptam,

304 2917 491 2973 Gloria
519 2918 847 2991 martyribus
877 2935 980 2991 qua
1003 2919 1169 2990 pollet
1195 2919 1375 2991 opima
1404 2919 1604 2975 beatis.

303 3006 541 3063 Credere
554 3023 661 3064 non
673 3008 879 3079 poteris
891 3008 1129 3080 speciem
1146 3025 1540 3080 numerumque
1552 3016 1680 3081 quot
1691 3016 1894 3064 essent.

303 3095 435 3163 Hos,
468 3097 562 3167 ait,
597 3096 828 3155 invictus
859 3097 976 3152 tulit
1003 3098 1120 3153 haec
1144 3098 1200 3152 in
1230 3113 1400 3169 regna
1425 3097 1753 3168 triumphus.

305 3185 419 3241 Hos
449 3186 648 3240 etenim
676 3185 832 3240 terris
860 3185 1065 3241 caelesti
1093 3185 1254 3241 laude
1294 3186 1506 3250 tenetis,

305 3274 418 3329 Ilos
445 3274 704 3344 precibus
734 3273 1029 3329 commissa
1057 3273 1169 3327 suis
1199 3281 1289 3328 tua
1315 3274 1528 3330 solvere
1557 3273 1758 3331 sanctis

303 3362 619 3426 Poscamus,
642 3361 931 3434 statimque
961 3377 1117 3418 sacra
1139 3362 1209 3417 ad
1236 3362 1464 3436 vestigia
1494 3379 1616 3419 sese

305 3449 617 3519 Projiciunt,
645 3449 910 3523 citiusque
941 3465 1101 3507 sacer
1129 3439 1420 3508 consessus
1447 3452 1518 3508 ab
1541 3452 1670 3509 inde

307 3537 507 3609 Surgit,
540 3545 594 3593 et
622 3546 745 3595 ante
776 3539 877 3596 Dei
903 3547 1145 3596 auratam
1170 3541 1538 3612 prosternitur
1567 3542 1765 3600 aulam.

302 3626 511 3683 Dimitti
538 3636 759 3699 peccata
788 3644 1009 3703 rogans,
1044 3645 1147 3687 vox
1179 3631 1312 3687 sede
1336 3631 1587 3688 recurrit.

301 3716 359 3773 Si
390 3732 526 3790 quos
553 3733 724 3789 prava
750 3718 955 3776 docens
980 3720 1189 3791 peccati
1218 3719 1344 3776 felle
1369 3719 1561 3777 fefellit

299 3807 490 3881 Deque
518 3808 607 3864 via
634 3808 691 3864 in
721 3825 963 3881 praeceps
993 3810 1119 3866 illex
1148 3810 1421 3866 commisit
1447 3810 1618 3879 abire,

299 3897 412 3953 Hos
442 3897 639 3954 iterum
670 3906 907 3965 revocet,
941 3899 1222 3956 solventur
1248 3899 1430 3955 debita
1459 3900 1653 3973 gratis.

301 3986 694 4061 Inquiruntque
721 3989 944 4044 modum
975 4004 1082 4060 quo
1101 3988 1327 4044 crimina
1355 3989 1567 4047 solvere
1595 3989 1787 4061 possit,

305 4074 549 4144 Qualiter
578 4093 644 4132 ex
665 4076 785 4132 aliis
813 4093 998 4148 pravae
1026 4077 1334 4134 miserabile
1364 4078 1515 4134 virus

303 4166 574 4222 Doctrina:
603 4166 881 4222 eximeret.
914 4166 1049 4221 Tum
1075 4162 1179 4222 vox
1222 4167 1487 4238 processit
1517 4168 1586 4223 ad
1616 4167 1740 4223 illos
1773 4187 1787 4223 :

301 4255 574 4311 Convocet
601 4255 703 4311 hos
732 4271 925 4312 omnes
954 4272 1183 4328 quorum
1203 4272 1304 4327 per
1332 4256 1516 4312 inania
1542 4265 1753 4312 mentes

301 4344 572 4417 Dogmata
597 4345 878 4416 pervertit,
911 4345 1094 4401 nocuit
1122 4345 1208 4401 vel
1237 4345 1291 4400 in
1322 4344 1534 4401 actibus
1562 4362 1819 4418 unquam,

298 4435 405 4489 Aut
432 4433 630 4505 quibus
658 4434 967 4506 exemplum
995 4434 1124 4490 dicti
1153 4433 1239 4489 vel
1267 4433 1498 4506 praebuit
1526 4443 1683 4491 actus

296 4521 418 4592 Quo
447 4523 613 4580 vitam
642 4539 935 4595 moresque
963 4540 1091 4579 suos
1122 4539 1478 4595 corrumpere
1506 4533 1751 4595 possent,

288 4611 359 4667 Et
388 4628 448 4668 se
478 4620 685 4668 sternat
712 4612 896 4679 humo,
930 4612 1180 4685 dicatque
1209 4629 1310 4685 per
1339 4613 1522 4669 omnia
1552 4630 1675 4669 sese

290 4703 429 4757 Esse
460 4718 631 4771 reum,
666 4702 907 4775 gessisse
935 4702 1079 4758 male
1108 4710 1161 4758 et
1189 4702 1444 4759 docuisse
1473 4704 1762 4775 pudenter.

282 4790 373 4847 Sic
402 4791 617 4846 veniam
650 4800 929 4862 exposcat,
965 4791 1257 4863 statimque
1292 4792 1605 4847 astantibus
1635 4793 1800 4849 addat
1836 4811 1850 4848 :

286 4880 398 4935 Vos
429 4896 648 4951 precor,
684 4896 717 4935 o
751 4879 864 4935 nati
896 4880 1135 4949 Domini,
1168 4896 1269 4951 per
1298 4880 1522 4936 numina
1551 4881 1769 4948 summi,

285 4969 390 5023 Per
420 4977 746 5041 sanctosque
776 4970 946 5037 viros,
978 4970 1208 5037 addens,
1244 4970 1562 5043 animasque
1592 4971 1786 5045 beatas

287 5057 685 5130 Coelicolasque
731 5074 925 5115 omnes
975 5067 1210 5131 repetat,
1243 5076 1313 5114 ne
1340 5058 1571 5117 crimina
1603 5061 1893 5134 quisquam

286 5147 417 5203 Haec
447 5154 691 5203 vestrum
719 5148 1006 5221 tradatque
1036 5149 1125 5204 alii
1154 5147 1434 5205 faciensve
1464 5149 1765 5207 docensve.

285 5236 353 5291 Et
385 5243 536 5308 patet
566 5235 791 5291 alterius
821 5246 1086 5308 quantum
1116 5238 1208 5311 qui
1236 5238 1432 5309 polluit
1460 5246 1636 5306 actus,

292 5325 538 5398 Desipiat
568 5323 655 5381 vel
685 5324 741 5380 in
772 5325 1023 5397 exemplo
1052 5342 1147 5382 seu
1176 5327 1437 5401 dogmate
1464 5343 1638 5401 pravo

289 5412 396 5483 Qui
426 5413 604 5469 malus
633 5421 736 5481 est,
768 5413 967 5471 multos
995 5430 1181 5471 secum
1211 5415 1439 5473 invitare
1467 5417 1705 5482 suescit;

284 5502 353 5559 Et
382 5511 564 5560 tamen
591 5520 621 5560 e
642 5503 854 5562 cunctis
885 5502 1152 5561 scelerum
1178 5506 1506 5564 commercia
1539 5514 1737 5576 sumet,

333 5718 357 5743 ι
387 5705 574 5749 Versus
602 5705 823 5752 mutilus.

1896 432 1953 493 Α
1984 426 2175 483 Infelix
2206 442 2305 482 sua
2335 424 2475 481 ferre
2504 423 2710 496 nequit,
2743 423 2949 492 majora
2981 420 3288 493 requirens.

1984 519 2199 573 Interea
2228 532 2260 570 a
2288 514 2453 588 longe
2482 514 2595 569 bini
2622 514 2691 568 de
2718 521 2875 585 parte
2905 518 3192 580 steterunt,

1984 607 2126 662 Ecce
2159 605 2541 661 Sebastianum
2571 618 2773 676 magno
2803 601 3096 672 splendore
3131 599 3429 655 micantem

1984 698 2163 768 Atque
2193 694 2544 749 Valentinum
2575 693 2758 765 specie
2786 690 3045 765 cognovit
3072 697 3273 761 aperta.

1978 807 1996 832 ι
2033 786 2166 841 Inde
2192 784 2352 840 etiam
2383 800 2579 840 averso
2617 783 2867 849 ducente,
2901 788 3153 838 catervas

1985 875 2278 948 Virgineas
2308 873 2530 939 adeunt,
2564 872 2655 927 ubi
2686 871 2947 941 splendor
2975 870 3099 927 luce
3131 882 3366 925 corusca

1989 964 2245 1019 Summus
2275 961 2557 1017 adornavit
2585 960 2768 1014 nitidis
2799 959 3149 1016 consessibus
3178 956 3366 1029 ipsas;

1991 1054 2144 1119 Sunt,
2178 1052 2272 1117 ait,
2305 1052 2391 1106 ha:
2420 1057 2624 1106 sanctae
2653 1064 2885 1120 quarum
2917 1048 3018 1103 sub
3054 1049 3263 1103 honore
3288 1043 3553 1101 Tonantis

1987 1143 2223 1200 Nomina
2252 1141 2451 1197 divinis
2481 1140 2658 1196 colitis
2684 1138 3057 1204 famulatibus,
3090 1138 3239 1209 ipsas

1988 1234 2096 1289 Pro
2126 1226 2292 1305 longa
2321 1231 2393 1286 ad
2421 1230 2713 1287 Dominum
2742 1229 2854 1284 vita
2880 1227 3206 1299 praemittere
3235 1234 3451 1297 praesta.

1992 1324 2082 1380 Sic
2111 1323 2202 1387 ait,
2237 1330 2290 1376 et
2318 1320 2549 1391 pedibus
2579 1335 2701 1374 sese
2730 1325 3075 1390 prosternere
3105 1324 3336 1383 certant,

1991 1412 2243 1467 Protinus
2272 1417 2588 1483 assurgunt,
2623 1408 2892 1479 citiusque
2922 1407 2992 1462 ad
3020 1406 3205 1460 limina
3232 1412 3471 1478 pergunt

1992 1502 2149 1558 Celsa
2178 1500 2357 1556 throni
2385 1499 2609 1572 longam
2638 1496 2793 1552 fratri
2820 1497 3123 1567 deposcere
3151 1495 3334 1550 vitam.

1995 1592 2103 1647 Sed
2135 1590 2288 1661 prius
2317 1596 2535 1644 orantes
2567 1603 2731 1659 quam
2760 1603 2821 1641 se
2852 1594 3206 1657 prosternere
3234 1592 3480 1655 possent,

1994 1679 2171 1735 Obvia
2198 1679 2454 1748 majestas
2487 1676 2797 1747 Christique
2828 1675 3096 1730 immensa
3121 1682 3364 1744 potestas

1922 1797 1975 1857 B
1994 1769 2184 1825 Elevat
2211 1766 2439 1823 inclines
2466 1765 2603 1820 miro
2633 1764 2926 1835 splendore
2956 1763 3249 1829 nitescens,

1997 1857 2188 1927 Qualis
2218 1856 2288 1910 ab
2317 1854 2570 1910 humanis
2600 1854 2753 1910 cerni
2783 1852 3121 1926 agnoscique
3151 1850 3344 1922 figuris

1992 1947 2288 2017 Nunquam
2319 1959 2483 2015 posse
2514 1943 2674 1998 datur
2704 1961 2719 2009 ;
2751 1948 2962 1998 certant
2990 1947 3047 1995 ut
3074 1939 3218 1995 bella
3248 1938 3397 2003 fidei,

1993 2035 2133 2090 Mitis
2163 2034 2232 2088 ad
2263 2040 2509 2088 astantes
2541 2031 2790 2087 Christus
2817 2030 2912 2086 dat
2942 2028 3103 2086 verba
3132 2027 3363 2100 puellas.

1995 2125 2148 2179 Justa
2178 2123 2384 2178 docens
2413 2121 2459 2175 si
2487 2128 2634 2177 recta
2665 2127 2835 2191 gerat,
2867 2118 3203 2191 dignumque
3230 2116 3498 2172 ministret

1998 2212 2265 2269 Omnibus
2295 2209 2625 2280 exemplum,
2658 2223 2924 2264 revocans
2952 2206 3023 2262 ad
3050 2206 3252 2261 moenia
3278 2205 3405 2260 vitae

1998 2302 2147 2372 Quos
2177 2301 2406 2355 adversa
2436 2300 2642 2355 docens
2671 2306 2878 2353 aeterno
2906 2296 3144 2368 prodidit
3173 2295 3307 2368 igni,

1996 2392 2147 2446 Tunc
2176 2396 2358 2445 vester
2385 2386 2668 2459 praestabit
2698 2387 2874 2441 honor
2900 2385 3047 2457 quod
3075 2392 3272 2440 cuncta
3299 2382 3592 2439 remittam.

1998 2480 2045 2534 υ
2075 2478 2327 2533 meritum
2356 2476 2588 2531 sublime
2618 2483 2787 2543 tuum,
2821 2473 3161 2530 sanctissima
3188 2480 3362 2528 mater

1996 2566 2316 2640 Virginitas,
2351 2582 2474 2637 quae
2501 2572 2650 2622 casta
2680 2563 2790 2635 poli
2820 2571 3088 2635 terraque
3118 2577 3429 2633 supremum

1998 2655 2293 2727 Imperium
2322 2653 2546 2720 retines,
2580 2652 2813 2708 Domino
2845 2667 2966 2724 quae
2995 2651 3241 2722 proxima
3268 2650 3470 2718 Chisto,

1997 2746 2270 2801 Eternam
2301 2759 2467 2814 super
2495 2749 2644 2797 astra
2673 2742 2898 2796 domum
2925 2740 3182 2795 inviolata
3210 2738 3403 2795 locasti
3434 2754 3448 2793 :

1999 2834 2128 2890 Sola
2158 2833 2377 2905 quidem
2406 2831 2606 2888 caelebs
2644 2838 2852 2886 tantum
2881 2844 3186 2902 cognomen
3215 2827 3437 2883 habebit
3465 2846 3481 2893 ;

1999 2923 2066 2979 Et
2094 2929 2352 2993 corrupta
2383 2929 2563 2976 tamen
2593 2920 2639 2974 si
2669 2936 2730 2975 se
2760 2927 2882 2990 post
2910 2918 3141 2974 crimina
3169 2917 3362 2972 saltem

2000 3012 2332 3067 Convertens
2363 3010 2541 3066 anima
2575 3009 2643 3063 ad
2675 3007 2968 3063 Dominum
2997 3006 3267 3061 submissa
3299 3006 3555 3070 recurrit,

1998 3100 2227 3156 Praemia
2256 3107 2405 3156 certa
2436 3105 2673 3167 manent,
2707 3096 2753 3152 si
2784 3096 3004 3152 nomine
3032 3095 3085 3149 in
3116 3111 3234 3151 aeva
3261 3095 3484 3170 carebit.

1930 3157 1980 3221 Ο
1999 3190 2095 3245 His
2124 3190 2288 3263 igitur
2314 3188 2487 3262 gestis
2516 3157 2671 3243 facili,
2690 3186 2973 3241 discedere
3011 3200 3205 3257 gressu

1997 3278 2287 3350 Incipiunt,
2323 3277 2593 3348 itinerque
2624 3290 2783 3330 suum
2813 3290 2969 3330 sacer
2995 3273 3227 3346 angelus
3264 3272 3382 3327 istis

1998 3367 2353 3439 Prosequitur
2381 3364 2540 3422 dictis
2572 3381 2586 3419 :
2620 3363 2847 3435 Quantis
2872 3364 3112 3418 humana
3142 3361 3346 3418 volutet

1996 3456 2296 3530 Progenies
2326 3454 2489 3524 vitiis,
2524 3469 2557 3509 o
2587 3453 2708 3525 quis
2731 3466 2957 3507 narrare
2987 3450 3188 3507 valebit
3219 3448 3231 3505 l

1995 3555 2136 3611 Nam
2164 3554 2291 3610 licet
2321 3569 2354 3608 a
2384 3550 2638 3621 Domino,
2669 3564 2961 3605 numerosa
2988 3557 3143 3620 peste
3171 3548 3448 3615 laborans,

1997 3650 2274 3707 Abscedat
2303 3665 2477 3723 genus
2505 3650 2801 3703 humanum
2832 3648 3060 3703 Factore
3091 3645 3301 3715 relicto,

1997 3752 2174 3822 Atque
2198 3748 2334 3822 jugo
2366 3748 2579 3802 Satanae
2607 3762 2705 3801 sua
2733 3745 2871 3802 colla
2903 3760 3137 3819 gravare
3166 3751 3402 3813 suescat,

1997 3846 2161 3901 Nulla
2192 3853 2371 3901 tamen
2405 3852 2554 3901 tanto
2584 3851 2807 3915 peccata
2838 3842 3024 3898 furore
3055 3842 3276 3899 Creator

1997 3944 2245 4000 Vindicat
2275 3942 2517 4000 offensus
2548 3958 2713 4014 quam
2743 3958 2865 4015 quae
2894 3941 3164 3998 contraria
3201 3947 3453 3997 constant

1995 4044 2237 4109 Naturae,
2271 4042 2418 4115 quod
2448 4041 2679 4114 quisque
2707 4039 2862 4095 nefas
2891 4039 3063 4095 vitare
3091 4039 3321 4094 laboret.

1997 4142 2345 4213 Quapropter
2375 4148 2602 4197 cunctos
2631 4138 2857 4195 nimium
2889 4145 3101 4194 certare
3131 4153 3360 4194 necesse
3390 4145 3474 4193 est

1995 4240 2077 4295 Ne
2109 4239 2299 4295 subeat
2324 4245 2498 4293 mater
2525 4237 2796 4293 scelerum
2829 4234 3109 4292 Sodomita
3153 4235 3341 4302 libido,

1995 4338 2065 4393 Et
2093 4337 2352 4408 templum
2381 4334 2599 4391 Domini
2627 4342 2863 4390 mutetur
2892 4334 2949 4388 in
2973 4332 3193 4388 horrida
3234 4332 3380 4406 nigri

1996 4436 2277 4508 Serpentis
2305 4434 2557 4501 delubra,
2590 4433 2789 4507 quibus
2819 4449 2879 4490 se
2907 4432 3115 4501 degere
3146 4431 3366 4504 gaudet.

1911 4526 1963 4586 D
1994 4534 2228 4591 Sordida
2256 4548 2365 4588 non
2394 4541 2603 4587 tantum
2633 4531 2723 4587 hic
2750 4530 2977 4586 morbus
3008 4528 3265 4602 contagia
3295 4527 3550 4600 praebens

1999 4631 2194 4697 Inficit,
2227 4630 2469 4687 alternas
2497 4629 2735 4684 maribus
2765 4629 2897 4684 dum
2928 4627 3157 4699 turpiter
3183 4626 3362 4692 instat,

1998 4730 2473 4801 Commaculatque
2504 4727 2715 4783 animas
2744 4725 2966 4781 ardente
2996 4724 3246 4797 cupidine
3274 4723 3463 4795 stupri.

1997 4830 2197 4885 Verum
2227 4826 2509 4899 multiplici
2539 4825 2828 4880 thalamum
2858 4823 3068 4879 violare
3090 4820 3333 4894 jugalem

1994 4925 2211 4983 Assolet
2240 4925 2445 4990 illuvie,
2480 4923 2684 4978 rabiem
2714 4923 2841 4977 dum
2875 4919 3106 4992 quisque
3137 4926 3432 4992 sequentes

1994 5023 2261 5090 Luxuriae,
2293 5021 2547 5077 instinctu
2578 5018 2799 5077 violenti
2829 5016 3091 5073 daemonis
3122 5016 3246 5083 acti,

1989 5123 2212 5179 Natura:
2241 5135 2502 5178 concessa
2533 5118 2646 5173 suis
2677 5114 2983 5173 stimulante
3013 5113 3333 5186 relinquunt

1990 5218 2330 5292 Conjugibus
2357 5218 2503 5283 luxu,
2536 5216 2848 5287 licitumque
2881 5214 2939 5269 in
2968 5220 3153 5284 stupra
3180 5210 3423 5267 calorem

1990 5321 2298 5385 Vertentes,
2332 5316 2547 5372 Satanae
2573 5314 2831 5370 incedunt
2860 5311 3056 5367 hostile
3084 5310 3335 5383 lupanar,

1986 5418 2143 5476 Unde
2171 5415 2267 5471 tibi
2292 5415 2460 5485 jubeo
2489 5411 2740 5469 Auctoris
2770 5411 2838 5467 de
2868 5409 3088 5466 nomine
3115 5408 3292 5465 nostri

1986 5517 2093 5571 Ista
2122 5513 2305 5586 palam
2336 5510 2600 5581 referens,
2632 5517 2690 5564 ut
2720 5507 2875 5564 clara
2901 5522 3038 5563 voce
3080 5505 3354 5571 revolvas,

1983 5616 2101 5671 Nec
2127 5611 2306 5670 celare
2336 5607 2475 5667 velis
2505 5615 2761 5682 quantum
2789 5604 3086 5663 discrimen
3113 5604 3370 5660 adhaeret.

1983 5713 2121 5768 Esse
2152 5708 2502 5766 subinductas
2531 5705 2792 5764 mulieres
2817 5703 3062 5779 pluribus
3092 5710 3247 5775 aptas
3282 5717 3294 5757 :
