  <div class='ocr_page' id='page_1' title='image "/cluster/home/n/w/nwhite01/storage/ocr_20150623/114/hvd.32044052819893/545.png"; bbox 0 0 4024 6194; ppageno 0'>
   <div class='ocr_carea' id='block_1_1' title="bbox 314 305 448 361">
    <p class='ocr_par' dir='ltr' id='par_1_1' title="bbox 314 305 448 361">
     <span class='ocr_line' id='line_1_1' title="bbox 314 305 448 361; baseline -0.022 0"><span class='ocrx_word' id='word_1_1' title='bbox 314 305 448 361; x_wconf 74' lang='lat'>1079</span> 
     </span>
    </p>
   </div>
   <div class='ocr_carea' id='block_1_2' title="bbox 325 427 1759 501">
    <p class='ocr_par' dir='ltr' id='par_1_2' title="bbox 325 427 1759 501">
     <span class='ocr_line' id='line_1_2' title="bbox 325 427 1759 501; baseline -0.003 -14"><span class='ocrx_word' id='word_1_2' title='bbox 325 433 503 488; x_wconf 89' lang='lat' dir='ltr'>Staret</span> <span class='ocrx_word' id='word_1_3' title='bbox 534 428 818 501; x_wconf 77' lang='lat' dir='ltr'>apostolici</span> <span class='ocrx_word' id='word_1_4' title='bbox 850 427 1084 500; x_wconf 90' lang='lat' dir='ltr'>perfecta</span> <span class='ocrx_word' id='word_1_5' title='bbox 1114 430 1170 483; x_wconf 90' lang='lat' dir='ltr'>in</span> <span class='ocrx_word' id='word_1_6' title='bbox 1199 437 1446 500; x_wconf 89' lang='lat' dir='ltr'>tempore</span> <span class='ocrx_word' id='word_1_7' title='bbox 1496 445 1683 483; x_wconf 84' lang='lat' dir='ltr'><strong>norma</strong></span> <span class='ocrx_word' id='word_1_8' title='bbox 1731 429 1759 483; x_wconf 70' lang='lat'><strong>7</strong></span> 
     </span>
    </p>
   </div>
   <div class='ocr_carea' id='block_1_3' title="bbox 325 517 1753 588">
    <p class='ocr_par' dir='ltr' id='par_1_3' title="bbox 325 517 1753 588">
     <span class='ocr_line' id='line_1_3' title="bbox 325 517 1753 588; baseline -0.002 -13"><span class='ocrx_word' id='word_1_9' title='bbox 325 520 577 576; x_wconf 90' lang='lat' dir='ltr'>Partibus</span> <span class='ocrx_word' id='word_1_10' title='bbox 609 535 675 574; x_wconf 89' lang='lat' dir='ltr'>ex</span> <span class='ocrx_word' id='word_1_11' title='bbox 705 518 825 572; x_wconf 87' lang='lat' dir='ltr'>aliis</span> <span class='ocrx_word' id='word_1_12' title='bbox 855 517 986 572; x_wconf 87' lang='lat' dir='ltr'>salsi</span> <span class='ocrx_word' id='word_1_13' title='bbox 1016 517 1181 571; x_wconf 90' lang='lat' dir='ltr'>maris</span> <span class='ocrx_word' id='word_1_14' title='bbox 1212 526 1256 583; x_wconf 75' lang='grc'><em>³,</em></span> <span class='ocrx_word' id='word_1_15' title='bbox 1290 517 1484 588; x_wconf 83' lang='lat' dir='ltr'>inquit,</span> <span class='ocrx_word' id='word_1_16' title='bbox 1519 518 1753 573; x_wconf 90' lang='lat' dir='ltr'>habetur</span> 
     </span>
    </p>
   </div>
   <div class='ocr_carea' id='block_1_4' title="bbox 330 607 1817 681">
    <p class='ocr_par' dir='ltr' id='par_1_4' title="bbox 330 607 1817 681">
     <span class='ocr_line' id='line_1_4' title="bbox 330 607 1817 681; baseline -0.002 -16"><span class='ocrx_word' id='word_1_17' title='bbox 330 609 427 665; x_wconf 89' lang='lat' dir='ltr'>Ille</span> <span class='ocrx_word' id='word_1_18' title='bbox 456 610 629 681; x_wconf 92' lang='lat' dir='ltr'>rigor,</span> <span class='ocrx_word' id='word_1_19' title='bbox 663 616 1012 678; x_wconf 91' lang='lat' dir='ltr'>veterumque</span> <span class='ocrx_word' id='word_1_20' title='bbox 1045 607 1191 678; x_wconf 90' lang='lat' dir='ltr'>viget</span> <span class='ocrx_word' id='word_1_21' title='bbox 1229 607 1537 662; x_wconf 84' lang='lat' dir='ltr'>constantia</span> <span class='ocrx_word' id='word_1_22' title='bbox 1586 609 1817 662; x_wconf 83' lang='lat' dir='ltr'>Patrum.</span> 
     </span>
    </p>
   </div>
   <div class='ocr_carea' id='block_1_5' title="bbox 327 696 1608 768">
    <p class='ocr_par' dir='ltr' id='par_1_5' title="bbox 327 696 1608 768">
     <span class='ocr_line' id='line_1_5' title="bbox 327 696 1608 768; baseline -0.002 -15"><span class='ocrx_word' id='word_1_23' title='bbox 327 698 432 768; x_wconf 89' lang='lat' dir='ltr'>Qui</span> <span class='ocrx_word' id='word_1_24' title='bbox 461 705 840 768; x_wconf 89' lang='lat' dir='ltr'>paupertatum</span> <span class='ocrx_word' id='word_1_25' title='bbox 869 696 1035 750; x_wconf 91' lang='lat' dir='ltr'>variis</span> <span class='ocrx_word' id='word_1_26' title='bbox 1065 697 1182 751; x_wconf 84' lang='lat' dir='ltr'>sine</span> <span class='ocrx_word' id='word_1_27' title='bbox 1215 697 1379 751; x_wconf 80' lang='lat' dir='ltr'>rebus</span> <span class='ocrx_word' id='word_1_28' title='bbox 1429 696 1608 767; x_wconf 87' lang='lat' dir='ltr'>adepti</span> 
     </span>
    </p>
   </div>
   <div class='ocr_carea' id='block_1_6' title="bbox 323 785 1632 857">
    <p class='ocr_par' dir='ltr' id='par_1_6' title="bbox 323 785 1632 857">
     <span class='ocr_line' id='line_1_6' title="bbox 323 785 1632 857; baseline -0.002 -15"><span class='ocrx_word' id='word_1_29' title='bbox 323 787 544 843; x_wconf 89' lang='lat' dir='ltr'>Terreni</span> <span class='ocrx_word' id='word_1_30' title='bbox 573 785 704 840; x_wconf 88' lang='lat' dir='ltr'>nihil</span> <span class='ocrx_word' id='word_1_31' title='bbox 734 785 1006 856; x_wconf 90' lang='lat' dir='ltr'>inquirunt</span> <span class='ocrx_word' id='word_1_32' title='bbox 1035 786 1181 857; x_wconf 91' lang='lat' dir='ltr'>quod</span> <span class='ocrx_word' id='word_1_33' title='bbox 1211 794 1332 840; x_wconf 90' lang='lat' dir='ltr'>vota</span> <span class='ocrx_word' id='word_1_34' title='bbox 1378 786 1632 851; x_wconf 82' lang='lat' dir='ltr'>retardet,</span> 
     </span>
    </p>
   </div>
   <div class='ocr_carea' id='block_1_7' title="bbox 329 875 1748 947">
    <p class='ocr_par' dir='ltr' id='par_1_7' title="bbox 329 875 1748 947">
     <span class='ocr_line' id='line_1_7' title="bbox 329 875 1748 947; baseline -0.003 -15"><span class='ocrx_word' id='word_1_35' title='bbox 329 875 528 947; x_wconf 89' lang='lat' dir='ltr'>Sicque</span> <span class='ocrx_word' id='word_1_36' title='bbox 557 883 906 945; x_wconf 86' lang='lat' dir='ltr'>penetrantes</span> <span class='ocrx_word' id='word_1_37' title='bbox 935 875 1199 929; x_wconf 66' lang='lat' dir='ltr'>caalorum</span> <span class='ocrx_word' id='word_1_38' title='bbox 1231 891 1400 947; x_wconf 90' lang='lat' dir='ltr'>regna</span> <span class='ocrx_word' id='word_1_39' title='bbox 1439 884 1748 945; x_wconf 91' lang='lat' dir='ltr'>capessunt.</span> 
     </span>
    </p>
   </div>
   <div class='ocr_carea' id='block_1_8' title="bbox 328 963 1646 1036">
    <p class='ocr_par' dir='ltr' id='par_1_8' title="bbox 328 963 1646 1036">
     <span class='ocr_line' id='line_1_8' title="bbox 328 963 1646 1036; baseline -0.003 -16"><span class='ocrx_word' id='word_1_40' title='bbox 328 964 536 1020; x_wconf 86' lang='lat' dir='ltr'>Felices</span> <span class='ocrx_word' id='word_1_41' title='bbox 567 963 774 1035; x_wconf 80' lang='lat' dir='ltr'>patriae,</span> <span class='ocrx_word' id='word_1_42' title='bbox 807 979 1039 1034; x_wconf 89' lang='lat' dir='ltr'>quarum</span> <span class='ocrx_word' id='word_1_43' title='bbox 1070 965 1138 1018; x_wconf 90' lang='lat' dir='ltr'>de</span> <span class='ocrx_word' id='word_1_44' title='bbox 1171 965 1373 1034; x_wconf 82' lang='lat' dir='ltr'>cespite</span> <span class='ocrx_word' id='word_1_45' title='bbox 1417 972 1646 1036; x_wconf 89' lang='lat' dir='ltr'>surgunt</span> 
     </span>
    </p>
   </div>
   <div class='ocr_carea' id='block_1_9' title="bbox 329 1052 1784 1125">
    <p class='ocr_par' dir='ltr' id='par_1_9' title="bbox 329 1052 1784 1125">
     <span class='ocr_line' id='line_1_9' title="bbox 329 1052 1784 1125; baseline -0.001 -17"><span class='ocrx_word' id='word_1_46' title='bbox 329 1052 542 1123; x_wconf 90' lang='lat' dir='ltr'>Optima</span> <span class='ocrx_word' id='word_1_47' title='bbox 565 1069 907 1125; x_wconf 87' lang='lat' dir='ltr'>gemmarum</span> <span class='ocrx_word' id='word_1_48' title='bbox 940 1053 1081 1108; x_wconf 82' lang='lat' dir='ltr'>coelo</span> <span class='ocrx_word' id='word_1_49' title='bbox 1129 1061 1452 1107; x_wconf 89' lang='lat' dir='ltr'>ornamenta</span> <span class='ocrx_word' id='word_1_50' title='bbox 1501 1054 1784 1118; x_wconf 86' lang='lat' dir='ltr'>nitentum,</span> 
     </span>
    </p>
   </div>
   <div class='ocr_carea' id='block_1_10' title="bbox 328 1141 1750 1212">
    <p class='ocr_par' dir='ltr' id='par_1_10' title="bbox 328 1141 1750 1212">
     <span class='ocr_line' id='line_1_10' title="bbox 328 1141 1750 1212; baseline -0.001 -16"><span class='ocrx_word' id='word_1_51' title='bbox 328 1141 598 1196; x_wconf 77' lang='lat' dir='ltr'>Auxilium</span> <span class='ocrx_word' id='word_1_52' title='bbox 631 1142 843 1212; x_wconf 69' lang='lat' dir='ltr'>patriae,</span> <span class='ocrx_word' id='word_1_53' title='bbox 874 1141 1055 1195; x_wconf 86' lang='lat' dir='ltr'>meriti</span> <span class='ocrx_word' id='word_1_54' title='bbox 1086 1141 1276 1206; x_wconf 90' lang='lat' dir='ltr'>decus,</span> <span class='ocrx_word' id='word_1_55' title='bbox 1308 1142 1453 1195; x_wconf 89' lang='lat' dir='ltr'>orbis</span> <span class='ocrx_word' id='word_1_56' title='bbox 1475 1142 1750 1210; x_wconf 88' lang='lat' dir='ltr'>honestas,</span> 
     </span>
    </p>
   </div>
   <div class='ocr_carea' id='block_1_11' title="bbox 327 1229 1718 1302">
    <p class='ocr_par' dir='ltr' id='par_1_11' title="bbox 327 1229 1718 1302">
     <span class='ocr_line' id='line_1_11' title="bbox 327 1229 1718 1302; baseline -0.001 -16"><span class='ocrx_word' id='word_1_57' title='bbox 327 1230 423 1286; x_wconf 84' lang='lat' dir='ltr'>His</span> <span class='ocrx_word' id='word_1_58' title='bbox 453 1230 610 1286; x_wconf 90' lang='lat' dir='ltr'>dictis</span> <span class='ocrx_word' id='word_1_59' title='bbox 640 1230 831 1284; x_wconf 90' lang='lat' dir='ltr'>iterum</span> <span class='ocrx_word' id='word_1_60' title='bbox 862 1231 1087 1284; x_wconf 81' lang='lat' dir='ltr'>verbum</span> <span class='ocrx_word' id='word_1_61' title='bbox 1117 1245 1276 1284; x_wconf 86' lang='lat' dir='ltr'>sacer</span> <span class='ocrx_word' id='word_1_62' title='bbox 1305 1231 1533 1302; x_wconf 83' lang='lat' dir='ltr'>angelus</span> <span class='ocrx_word' id='word_1_63' title='bbox 1557 1229 1718 1284; x_wconf 83' lang='lat' dir='ltr'>infert</span> 
     </span>
    </p>
   </div>
   <div class='ocr_carea' id='block_1_12' title="bbox 328 1317 1785 1390">
    <p class='ocr_par' dir='ltr' id='par_1_12' title="bbox 328 1317 1785 1390">
     <span class='ocr_line' id='line_1_12' title="bbox 328 1317 1785 1390; baseline -0.001 -15"><span class='ocrx_word' id='word_1_64' title='bbox 328 1319 565 1375; x_wconf 89' lang='lat' dir='ltr'>Crimine</span> <span class='ocrx_word' id='word_1_65' title='bbox 597 1319 664 1374; x_wconf 92' lang='lat' dir='ltr'>de</span> <span class='ocrx_word' id='word_1_66' title='bbox 697 1317 864 1373; x_wconf 88' lang='lat' dir='ltr'>veteri</span> <span class='ocrx_word' id='word_1_67' title='bbox 895 1319 1167 1386; x_wconf 76' lang='lat' dir='ltr'>Sodomzn,</span> <span class='ocrx_word' id='word_1_68' title='bbox 1199 1320 1345 1390; x_wconf 91' lang='lat' dir='ltr'>quod</span> <span class='ocrx_word' id='word_1_69' title='bbox 1377 1335 1504 1373; x_wconf 89' lang='lat' dir='ltr'>rura</span> <span class='ocrx_word' id='word_1_70' title='bbox 1551 1319 1785 1384; x_wconf 82' lang='lat' dir='ltr'>necavit,</span> 
     </span>
    </p>
   </div>
   <div class='ocr_carea' id='block_1_13' title="bbox 327 1408 1819 1480">
    <p class='ocr_par' dir='ltr' id='par_1_13' title="bbox 327 1408 1819 1480">
     <span class='ocr_line' id='line_1_13' title="bbox 327 1408 1819 1480; baseline -0.002 -16"><span class='ocrx_word' id='word_1_71' title='bbox 327 1409 536 1465; x_wconf 71' lang='lat' dir='ltr'>Caetera</span> <span class='ocrx_word' id='word_1_72' title='bbox 565 1424 799 1480; x_wconf 86' lang='lat' dir='ltr'>namque</span> <span class='ocrx_word' id='word_1_73' title='bbox 833 1408 1001 1463; x_wconf 90' lang='lat' dir='ltr'>semel</span> <span class='ocrx_word' id='word_1_74' title='bbox 1036 1408 1159 1462; x_wconf 85' lang='lat' dir='ltr'>vitia</span> <span class='ocrx_word' id='word_1_75' title='bbox 1193 1408 1524 1463; x_wconf 88' lang='lat' dir='ltr'>exsecranda</span> <span class='ocrx_word' id='word_1_76' title='bbox 1544 1409 1819 1464; x_wconf 89' lang='lat' dir='ltr'>monebat.</span> 
     </span>
    </p>
   </div>
   <div class='ocr_carea' id='block_1_14' title="bbox 327 1496 1930 1568">
    <p class='ocr_par' dir='ltr' id='par_1_14' title="bbox 327 1496 1930 1568">
     <span class='ocr_line' id='line_1_14' title="bbox 327 1496 1930 1568; baseline -0.001 -16"><span class='ocrx_word' id='word_1_77' title='bbox 327 1499 482 1552; x_wconf 88' lang='lat' dir='ltr'>Hunc</span> <span class='ocrx_word' id='word_1_78' title='bbox 511 1505 690 1551; x_wconf 87' lang='lat' dir='ltr'>autem</span> <span class='ocrx_word' id='word_1_79' title='bbox 720 1497 988 1562; x_wconf 89' lang='lat' dir='ltr'>morbum,</span> <span class='ocrx_word' id='word_1_80' title='bbox 1043 1513 1224 1551; x_wconf 90' lang='lat' dir='ltr'>mores</span> <span class='ocrx_word' id='word_1_81' title='bbox 1280 1496 1595 1568; x_wconf 89' lang='lat' dir='ltr'>animasque</span> <span class='ocrx_word' id='word_1_82' title='bbox 1643 1504 1930 1552; x_wconf 88' lang='lat' dir='ltr'>nocentem</span> 
     </span>
    </p>
   </div>
   <div class='ocr_carea' id='block_1_15' title="bbox 339 1586 1820 1656">
    <p class='ocr_par' dir='ltr' id='par_1_15' title="bbox 339 1586 1820 1656">
     <span class='ocr_line' id='line_1_15' title="bbox 339 1586 1820 1656; baseline -0.002 -15"><span class='ocrx_word' id='word_1_83' title='bbox 339 1587 612 1642; x_wconf 58' lang='lat' dir='ltr'>Damonis</span> <span class='ocrx_word' id='word_1_84' title='bbox 644 1587 920 1651; x_wconf 90' lang='lat' dir='ltr'>instinctu,</span> <span class='ocrx_word' id='word_1_85' title='bbox 956 1595 1202 1640; x_wconf 90' lang='lat' dir='ltr'>naturam</span> <span class='ocrx_word' id='word_1_86' title='bbox 1234 1586 1464 1656; x_wconf 88' lang='lat' dir='ltr'>perdere</span> <span class='ocrx_word' id='word_1_87' title='bbox 1494 1594 1820 1656; x_wconf 88' lang='lat' dir='ltr'>promptum,</span> 
     </span>
    </p>
   </div>
   <div class='ocr_carea' id='block_1_16' title="bbox 329 1675 1854 1746">
    <p class='ocr_par' dir='ltr' id='par_1_16' title="bbox 329 1675 1854 1746">
     <span class='ocr_line' id='line_1_16' title="bbox 329 1675 1854 1746; baseline -0.002 -16"><span class='ocrx_word' id='word_1_88' title='bbox 329 1675 631 1746; x_wconf 87' lang='lat' dir='ltr'>Quinquies</span> <span class='ocrx_word' id='word_1_89' title='bbox 661 1675 942 1730; x_wconf 88' lang='lat' dir='ltr'>admonuit</span> <span class='ocrx_word' id='word_1_90' title='bbox 971 1684 1062 1729; x_wconf 91' lang='lat' dir='ltr'>aut</span> <span class='ocrx_word' id='word_1_91' title='bbox 1093 1675 1323 1746; x_wconf 90' lang='lat' dir='ltr'>amplius</span> <span class='ocrx_word' id='word_1_92' title='bbox 1355 1691 1476 1729; x_wconf 89' lang='lat' dir='ltr'>esse</span> <span class='ocrx_word' id='word_1_93' title='bbox 1533 1675 1854 1730; x_wconf 82' lang='lat' dir='ltr'>cavendum.</span> 
     </span>
    </p>
   </div>
   <div class='ocr_carea' id='block_1_17' title="bbox 324 1763 1716 1835">
    <p class='ocr_par' dir='ltr' id='par_1_17' title="bbox 324 1763 1716 1835">
     <span class='ocr_line' id='line_1_17' title="bbox 324 1763 1716 1835; baseline -0.002 -15"><span class='ocrx_word' id='word_1_94' title='bbox 324 1765 461 1820; x_wconf 90' lang='lat' dir='ltr'>Tum</span> <span class='ocrx_word' id='word_1_95' title='bbox 493 1763 658 1818; x_wconf 82' lang='lat' dir='ltr'>frater</span> <span class='ocrx_word' id='word_1_96' title='bbox 687 1764 885 1835; x_wconf 77' lang='lat' dir='ltr'>rogitat</span> <span class='ocrx_word' id='word_1_97' title='bbox 917 1780 1174 1818; x_wconf 85' lang='lat' dir='ltr'>numerus</span> <span class='ocrx_word' id='word_1_98' title='bbox 1205 1780 1302 1819; x_wconf 89' lang='lat' dir='ltr'>cur</span> <span class='ocrx_word' id='word_1_99' title='bbox 1333 1771 1512 1818; x_wconf 87' lang='lat' dir='ltr'>tantus</span> <span class='ocrx_word' id='word_1_100' title='bbox 1545 1764 1716 1818; x_wconf 91' lang='lat' dir='ltr'>obiret</span> 
     </span>
    </p>
   </div>
   <div class='ocr_carea' id='block_1_18' title="bbox 325 1851 1644 1924">
    <p class='ocr_par' dir='ltr' id='par_1_18' title="bbox 325 1851 1644 1924">
     <span class='ocr_line' id='line_1_18' title="bbox 325 1851 1644 1924; baseline -0.002 -16"><span class='ocrx_word' id='word_1_101' title='bbox 325 1853 499 1908; x_wconf 88' lang='lat' dir='ltr'>Pestis</span> <span class='ocrx_word' id='word_1_102' title='bbox 530 1853 584 1906; x_wconf 94' lang='lat' dir='ltr'>in</span> <span class='ocrx_word' id='word_1_103' title='bbox 615 1853 774 1908; x_wconf 90' lang='lat' dir='ltr'>exitio</span> <span class='ocrx_word' id='word_1_104' title='bbox 805 1853 849 1918; x_wconf 75' lang='grc' dir='ltr'>δ,</span> <span class='ocrx_word' id='word_1_105' title='bbox 883 1853 1057 1923; x_wconf 83' lang='lat' dir='ltr'>plebis</span> <span class='ocrx_word' id='word_1_106' title='bbox 1112 1853 1403 1924; x_wconf 86' lang='lat' dir='ltr'>populique</span> <span class='ocrx_word' id='word_1_107' title='bbox 1453 1851 1644 1906; x_wconf 87' lang='lat' dir='ltr'>fidelis.</span> 
     </span>
    </p>
   </div>
   <div class='ocr_carea' id='block_1_19' title="bbox 330 1940 1753 2012">
    <p class='ocr_par' dir='ltr' id='par_1_19' title="bbox 330 1940 1753 2012">
     <span class='ocr_line' id='line_1_19' title="bbox 330 1940 1753 2012; baseline -0.001 -16"><span class='ocrx_word' id='word_1_108' title='bbox 330 1943 477 2006; x_wconf 68' lang='lat' dir='ltr'>Haec,</span> <span class='ocrx_word' id='word_1_109' title='bbox 513 1942 604 2005; x_wconf 88' lang='lat' dir='ltr'>ait,</span> <span class='ocrx_word' id='word_1_110' title='bbox 641 1958 706 1996; x_wconf 88' lang='lat' dir='ltr'>ex</span> <span class='ocrx_word' id='word_1_111' title='bbox 737 1941 894 1996; x_wconf 90' lang='lat' dir='ltr'>factis</span> <span class='ocrx_word' id='word_1_112' title='bbox 924 1942 1172 1995; x_wconf 89' lang='lat' dir='ltr'>homines</span> <span class='ocrx_word' id='word_1_113' title='bbox 1203 1942 1526 1997; x_wconf 90' lang='lat' dir='ltr'>commercia</span> <span class='ocrx_word' id='word_1_114' title='bbox 1571 1940 1753 2012; x_wconf 85' lang='lat' dir='ltr'>pravis</span> 
     </span>
    </p>
   </div>
   <div class='ocr_carea' id='block_1_20' title="bbox 331 2030 1782 2100">
    <p class='ocr_par' dir='ltr' id='par_1_20' title="bbox 331 2030 1782 2100">
     <span class='ocr_line' id='line_1_20' title="bbox 331 2030 1782 2100; baseline -0.003 -14"><span class='ocrx_word' id='word_1_115' title='bbox 331 2030 638 2100; x_wconf 82' lang='lat' dir='ltr'>Accipiunt,</span> <span class='ocrx_word' id='word_1_116' title='bbox 672 2030 1001 2099; x_wconf 89' lang='lat' dir='ltr'>damnatque</span> <span class='ocrx_word' id='word_1_117' title='bbox 1032 2045 1156 2083; x_wconf 92' lang='lat' dir='ltr'>reos</span> <span class='ocrx_word' id='word_1_118' title='bbox 1185 2031 1448 2084; x_wconf 90' lang='lat' dir='ltr'>sententia</span> <span class='ocrx_word' id='word_1_119' title='bbox 1501 2045 1782 2100; x_wconf 83' lang='lat' dir='ltr'>grassans,</span> 
     </span>
    </p>
   </div>
   <div class='ocr_carea' id='block_1_21' title="bbox 332 2116 1766 2191">
    <p class='ocr_par' dir='ltr' id='par_1_21' title="bbox 332 2116 1766 2191">
     <span class='ocr_line' id='line_1_21' title="bbox 332 2116 1766 2191; baseline -0.002 -17"><span class='ocrx_word' id='word_1_120' title='bbox 332 2116 726 2191; x_wconf 85' lang='lat' dir='ltr'>Significatque</span> <span class='ocrx_word' id='word_1_121' title='bbox 759 2118 908 2173; x_wconf 88' lang='lat' dir='ltr'>diem</span> <span class='ocrx_word' id='word_1_122' title='bbox 941 2119 1144 2173; x_wconf 89' lang='lat' dir='ltr'>mundo</span> <span class='ocrx_word' id='word_1_123' title='bbox 1183 2134 1474 2189; x_wconf 88' lang='lat' dir='ltr'>properare</span> <span class='ocrx_word' id='word_1_124' title='bbox 1507 2117 1766 2182; x_wconf 87' lang='lat' dir='ltr'>futurum,</span> 
     </span>
    </p>
   </div>
   <div class='ocr_carea' id='block_1_22' title="bbox 325 2206 1722 2278">
    <p class='ocr_par' dir='ltr' id='par_1_22' title="bbox 325 2206 1722 2278">
     <span class='ocr_line' id='line_1_22' title="bbox 325 2206 1722 2278; baseline 0 -16"><span class='ocrx_word' id='word_1_125' title='bbox 325 2206 624 2262; x_wconf 89' lang='lat' dir='ltr'>Terminus</span> <span class='ocrx_word' id='word_1_126' title='bbox 656 2215 712 2261; x_wconf 92' lang='lat' dir='ltr'>ut</span> <span class='ocrx_word' id='word_1_127' title='bbox 744 2206 960 2262; x_wconf 89' lang='lat' dir='ltr'>tandem</span> <span class='ocrx_word' id='word_1_128' title='bbox 987 2216 1217 2278; x_wconf 87' lang='lat' dir='ltr'>ponatur</span> <span class='ocrx_word' id='word_1_129' title='bbox 1247 2207 1302 2260; x_wconf 91' lang='lat' dir='ltr'>in</span> <span class='ocrx_word' id='word_1_130' title='bbox 1333 2208 1523 2262; x_wconf 89' lang='lat' dir='ltr'>ordine</span> <span class='ocrx_word' id='word_1_131' title='bbox 1555 2207 1722 2262; x_wconf 62' lang='lat' dir='ltr'>smcli.</span> 
     </span>
    </p>
   </div>
   <div class='ocr_carea' id='block_1_23' title="bbox 330 2296 1785 2368">
    <p class='ocr_par' dir='ltr' id='par_1_23' title="bbox 330 2296 1785 2368">
     <span class='ocr_line' id='line_1_23' title="bbox 330 2296 1785 2368; baseline -0.001 -16"><span class='ocrx_word' id='word_1_132' title='bbox 330 2297 474 2352; x_wconf 90' lang='lat' dir='ltr'>Ecce</span> <span class='ocrx_word' id='word_1_133' title='bbox 504 2296 622 2351; x_wconf 92' lang='lat' dir='ltr'>dies</span> <span class='ocrx_word' id='word_1_134' title='bbox 651 2297 851 2362; x_wconf 88' lang='lat' dir='ltr'>veniet,</span> <span class='ocrx_word' id='word_1_135' title='bbox 885 2306 1131 2352; x_wconf 90' lang='lat' dir='ltr'>nostrum</span> <span class='ocrx_word' id='word_1_136' title='bbox 1163 2297 1229 2350; x_wconf 89' lang='lat' dir='ltr'>sit</span> <span class='ocrx_word' id='word_1_137' title='bbox 1273 2297 1504 2368; x_wconf 88' lang='lat' dir='ltr'>quisque</span> <span class='ocrx_word' id='word_1_138' title='bbox 1543 2305 1785 2366; x_wconf 90' lang='lat' dir='ltr'>paratus,</span> 
     </span>
    </p>
   </div>
   <div class='ocr_carea' id='block_1_24' title="bbox 331 2384 1856 2458">
    <p class='ocr_par' dir='ltr' id='par_1_24' title="bbox 331 2384 1856 2458">
     <span class='ocr_line' id='line_1_24' title="bbox 331 2384 1856 2458; baseline -0.001 -18"><span class='ocrx_word' id='word_1_139' title='bbox 331 2386 474 2441; x_wconf 89' lang='lat' dir='ltr'>Ecce</span> <span class='ocrx_word' id='word_1_140' title='bbox 505 2384 651 2442; x_wconf 88' lang='lat' dir='ltr'>venit</span> <span class='ocrx_word' id='word_1_141' title='bbox 679 2385 965 2451; x_wconf 90' lang='lat' dir='ltr'>Dominus,</span> <span class='ocrx_word' id='word_1_142' title='bbox 1000 2394 1216 2440; x_wconf 88' lang='lat' dir='ltr'>nostros</span> <span class='ocrx_word' id='word_1_143' title='bbox 1244 2395 1301 2440; x_wconf 90' lang='lat' dir='ltr'>ut</span> <span class='ocrx_word' id='word_1_144' title='bbox 1330 2394 1630 2458; x_wconf 86' lang='lat' dir='ltr'>congreget</span> <span class='ocrx_word' id='word_1_145' title='bbox 1679 2393 1856 2440; x_wconf 89' lang='lat' dir='ltr'>actus.</span> 
     </span>
    </p>
   </div>
   <div class='ocr_carea' id='block_1_25' title="bbox 326 2473 1856 2548">
    <p class='ocr_par' dir='ltr' id='par_1_25' title="bbox 326 2473 1856 2548">
     <span class='ocr_line' id='line_1_25' title="bbox 326 2473 1856 2548; baseline -0.001 -18"><span class='ocrx_word' id='word_1_146' title='bbox 326 2476 444 2530; x_wconf 84' lang='lat' dir='ltr'>Jam</span> <span class='ocrx_word' id='word_1_147' title='bbox 474 2473 705 2548; x_wconf 84' lang='lat' dir='ltr'>vigilare</span> <span class='ocrx_word' id='word_1_148' title='bbox 736 2477 910 2542; x_wconf 89' lang='lat' dir='ltr'>decet,</span> <span class='ocrx_word' id='word_1_149' title='bbox 946 2476 1171 2530; x_wconf 90' lang='lat' dir='ltr'>veniens</span> <span class='ocrx_word' id='word_1_150' title='bbox 1200 2483 1252 2529; x_wconf 92' lang='lat' dir='ltr'>ut</span> <span class='ocrx_word' id='word_1_151' title='bbox 1284 2491 1553 2546; x_wconf 90' lang='lat' dir='ltr'>quemque</span> <span class='ocrx_word' id='word_1_152' title='bbox 1613 2482 1856 2530; x_wconf 90' lang='lat' dir='ltr'>coronet.</span> 
     </span>
    </p>
   </div>
   <div class='ocr_carea' id='block_1_26' title="bbox 330 2563 1646 2634">
    <p class='ocr_par' dir='ltr' id='par_1_26' title="bbox 330 2563 1646 2634">
     <span class='ocr_line' id='line_1_26' title="bbox 330 2563 1646 2634; baseline 0 -16"><span class='ocrx_word' id='word_1_153' title='bbox 330 2563 609 2634; x_wconf 70' lang='lat' dir='ltr'>Praecipue</span> <span class='ocrx_word' id='word_1_154' title='bbox 639 2563 918 2619; x_wconf 86' lang='lat' dir='ltr'>admonuit</span> <span class='ocrx_word' id='word_1_155' title='bbox 946 2564 1144 2622; x_wconf 78' lang='lat' dir='ltr'>divinis</span> <span class='ocrx_word' id='word_1_156' title='bbox 1175 2563 1425 2618; x_wconf 89' lang='lat' dir='ltr'>laudibus</span> <span class='ocrx_word' id='word_1_157' title='bbox 1455 2579 1646 2618; x_wconf 89' lang='lat' dir='ltr'>omnes</span> 
     </span>
    </p>
   </div>
   <div class='ocr_carea' id='block_1_27' title="bbox 331 2651 1534 2723">
    <p class='ocr_par' dir='ltr' id='par_1_27' title="bbox 331 2651 1534 2723">
     <span class='ocr_line' id='line_1_27' title="bbox 331 2651 1534 2723; baseline -0.002 -15"><span class='ocrx_word' id='word_1_158' title='bbox 331 2654 541 2708; x_wconf 89' lang='lat' dir='ltr'>Conatu</span> <span class='ocrx_word' id='word_1_159' title='bbox 573 2652 780 2707; x_wconf 80' lang='lat' dir='ltr'>servire</span> <span class='ocrx_word' id='word_1_160' title='bbox 801 2653 956 2707; x_wconf 76' lang='lat' dir='ltr'>.bono</span> <span class='ocrx_word' id='word_1_161' title='bbox 986 2653 1274 2723; x_wconf 85' lang='lat' dir='ltr'>studioque</span> <span class='ocrx_word' id='word_1_162' title='bbox 1304 2651 1488 2723; x_wconf 85' lang='lat' dir='ltr'>sagaci</span> <span class='ocrx_word' id='word_1_163' title='bbox 1521 2670 1534 2716; x_wconf 88' lang='lat'><strong>;</strong></span> 
     </span>
    </p>
   </div>
   <div class='ocr_carea' id='block_1_28' title="bbox 333 2741 1712 2813">
    <p class='ocr_par' dir='ltr' id='par_1_28' title="bbox 333 2741 1712 2813">
     <span class='ocr_line' id='line_1_28' title="bbox 333 2741 1712 2813; baseline -0.001 -17"><span class='ocrx_word' id='word_1_164' title='bbox 333 2741 664 2812; x_wconf 70' lang='lat' dir='ltr'>Praacipiens</span> <span class='ocrx_word' id='word_1_165' title='bbox 696 2750 752 2796; x_wconf 90' lang='lat' dir='ltr'>ut</span> <span class='ocrx_word' id='word_1_166' title='bbox 784 2757 944 2796; x_wconf 92' lang='lat' dir='ltr'>nemo</span> <span class='ocrx_word' id='word_1_167' title='bbox 975 2741 1133 2813; x_wconf 85' lang='lat' dir='ltr'>gravi</span> <span class='ocrx_word' id='word_1_168' title='bbox 1177 2749 1395 2812; x_wconf 86' lang='lat' dir='ltr'>torpore</span> <span class='ocrx_word' id='word_1_169' title='bbox 1437 2741 1712 2806; x_wconf 89' lang='lat' dir='ltr'>subactus,</span> 
     </span>
    </p>
   </div>
   <div class='ocr_carea' id='block_1_29' title="bbox 330 2829 1717 2903">
    <p class='ocr_par' dir='ltr' id='par_1_29' title="bbox 330 2829 1717 2903">
     <span class='ocr_line' id='line_1_29' title="bbox 330 2829 1717 2903; baseline -0.002 -17"><span class='ocrx_word' id='word_1_170' title='bbox 330 2830 587 2903; x_wconf 85' lang='lat' dir='ltr'>Negligat</span> <span class='ocrx_word' id='word_1_171' title='bbox 619 2830 867 2885; x_wconf 87' lang='lat' dir='ltr'>assiduas</span> <span class='ocrx_word' id='word_1_172' title='bbox 899 2830 1130 2886; x_wconf 87' lang='lat' dir='ltr'>Domino</span> <span class='ocrx_word' id='word_1_173' title='bbox 1161 2831 1473 2901; x_wconf 88' lang='lat' dir='ltr'>persolvere</span> <span class='ocrx_word' id='word_1_174' title='bbox 1507 2829 1717 2895; x_wconf 89' lang='lat' dir='ltr'>laudes,</span> 
     </span>
    </p>
   </div>
   <div class='ocr_carea' id='block_1_30' title="bbox 332 2919 1869 2991">
    <p class='ocr_par' dir='ltr' id='par_1_30' title="bbox 332 2919 1869 2991">
     <span class='ocr_line' id='line_1_30' title="bbox 332 2919 1869 2991; baseline -0.001 -15"><span class='ocrx_word' id='word_1_175' title='bbox 332 2919 702 2991; x_wconf 70' lang='lat' dir='ltr'>Ecclesizeque</span> <span class='ocrx_word' id='word_1_176' title='bbox 733 2919 901 2975; x_wconf 89' lang='lat' dir='ltr'>decus</span> <span class='ocrx_word' id='word_1_177' title='bbox 931 2919 1240 2976; x_wconf 87' lang='lat' dir='ltr'>celebretur</span> <span class='ocrx_word' id='word_1_178' title='bbox 1285 2928 1339 2974; x_wconf 92' lang='lat' dir='ltr'>ut</span> <span class='ocrx_word' id='word_1_179' title='bbox 1387 2919 1580 2974; x_wconf 90' lang='lat' dir='ltr'>ordine</span> <span class='ocrx_word' id='word_1_180' title='bbox 1627 2927 1821 2974; x_wconf 88' lang='lat' dir='ltr'>sancto</span> <span class='ocrx_word' id='word_1_181' title='bbox 1855 2937 1869 2986; x_wconf 90' lang='lat'><strong>;</strong></span> 
     </span>
    </p>
   </div>
   <div class='ocr_carea' id='block_1_31' title="bbox 336 3007 1796 3081">
    <p class='ocr_par' dir='ltr' id='par_1_31' title="bbox 336 3007 1796 3081">
     <span class='ocr_line' id='line_1_31' title="bbox 336 3007 1796 3081; baseline -0.003 -17"><span class='ocrx_word' id='word_1_182' title='bbox 336 3008 609 3064; x_wconf 91' lang='lat' dir='ltr'>Sollicitus</span> <span class='ocrx_word' id='word_1_183' title='bbox 639 3007 915 3081; x_wconf 87' lang='lat' dir='ltr'>propriam</span> <span class='ocrx_word' id='word_1_184' title='bbox 945 3009 1137 3080; x_wconf 69' lang='lat' dir='ltr'>quaerit</span> <span class='ocrx_word' id='word_1_185' title='bbox 1179 3009 1500 3080; x_wconf 88' lang='lat' dir='ltr'>quicunque</span> <span class='ocrx_word' id='word_1_186' title='bbox 1547 3007 1796 3074; x_wconf 89' lang='lat' dir='ltr'>salutem,</span> 
     </span>
    </p>
   </div>
   <div class='ocr_carea' id='block_1_32' title="bbox 335 3095 1717 3170">
    <p class='ocr_par' dir='ltr' id='par_1_32' title="bbox 335 3095 1717 3170">
     <span class='ocr_line' id='line_1_32' title="bbox 335 3095 1717 3170; baseline -0.004 -18"><span class='ocrx_word' id='word_1_187' title='bbox 335 3099 462 3154; x_wconf 63' lang='lat' dir='ltr'>Ilaec</span> <span class='ocrx_word' id='word_1_188' title='bbox 492 3105 636 3170; x_wconf 82' lang='lat' dir='ltr'>agat,</span> <span class='ocrx_word' id='word_1_189' title='bbox 668 3105 720 3152; x_wconf 91' lang='lat' dir='ltr'>et</span> <span class='ocrx_word' id='word_1_190' title='bbox 748 3113 872 3152; x_wconf 90' lang='lat' dir='ltr'>esse</span> <span class='ocrx_word' id='word_1_191' title='bbox 901 3099 1098 3167; x_wconf 91' lang='lat' dir='ltr'>poterit</span> <span class='ocrx_word' id='word_1_192' title='bbox 1131 3097 1435 3151; x_wconf 88' lang='lat' dir='ltr'>subducere</span> <span class='ocrx_word' id='word_1_193' title='bbox 1469 3095 1717 3149; x_wconf 86' lang='lat' dir='ltr'>flammis.</span> 
     </span>
    </p>
   </div>
   <div class='ocr_carea' id='block_1_33' title="bbox 335 3185 1925 3258">
    <p class='ocr_par' dir='ltr' id='par_1_33' title="bbox 335 3185 1925 3258">
     <span class='ocr_line' id='line_1_33' title="bbox 335 3185 1925 3258; baseline -0.002 -17"><span class='ocrx_word' id='word_1_194' title='bbox 335 3187 460 3242; x_wconf 87' lang='lat' dir='ltr'>Non</span> <span class='ocrx_word' id='word_1_195' title='bbox 489 3195 613 3258; x_wconf 87' lang='lat' dir='ltr'>eget</span> <span class='ocrx_word' id='word_1_196' title='bbox 641 3187 726 3240; x_wconf 89' lang='lat' dir='ltr'>his</span> <span class='ocrx_word' id='word_1_197' title='bbox 755 3185 1041 3249; x_wconf 91' lang='lat' dir='ltr'>Dominus,</span> <span class='ocrx_word' id='word_1_198' title='bbox 1076 3185 1173 3239; x_wconf 90' lang='lat' dir='ltr'>sed</span> <span class='ocrx_word' id='word_1_199' title='bbox 1203 3200 1302 3238; x_wconf 90' lang='lat' dir='ltr'>nos</span> <span class='ocrx_word' id='word_1_200' title='bbox 1333 3193 1390 3238; x_wconf 92' lang='lat' dir='ltr'>ut</span> <span class='ocrx_word' id='word_1_201' title='bbox 1419 3198 1647 3256; x_wconf 86' lang='lat' dir='ltr'>agamus</span> <span class='ocrx_word' id='word_1_202' title='bbox 1679 3198 1925 3254; x_wconf 79' lang='lat' dir='ltr'>egemus.</span> 
     </span>
    </p>
   </div>
   <div class='ocr_carea' id='block_1_34' title="bbox 337 3272 1937 3345">
    <p class='ocr_par' dir='ltr' id='par_1_34' title="bbox 337 3272 1937 3345">
     <span class='ocr_line' id='line_1_34' title="bbox 337 3272 1937 3345; baseline -0.001 -15"><span class='ocrx_word' id='word_1_203' title='bbox 337 3276 483 3345; x_wconf 90' lang='lat' dir='ltr'>Quin</span> <span class='ocrx_word' id='word_1_204' title='bbox 512 3277 672 3330; x_wconf 90' lang='lat' dir='ltr'>etiam</span> <span class='ocrx_word' id='word_1_205' title='bbox 712 3274 982 3344; x_wconf 91' lang='lat' dir='ltr'>quondam</span> <span class='ocrx_word' id='word_1_206' title='bbox 1033 3273 1287 3328; x_wconf 89' lang='lat' dir='ltr'>comitem</span> <span class='ocrx_word' id='word_1_207' title='bbox 1335 3288 1490 3328; x_wconf 90' lang='lat' dir='ltr'>sacer</span> <span class='ocrx_word' id='word_1_208' title='bbox 1522 3272 1609 3326; x_wconf 90' lang='lat' dir='ltr'>ille</span> <span class='ocrx_word' id='word_1_209' title='bbox 1640 3272 1937 3328; x_wconf 91' lang='lat' dir='ltr'>Geroldum</span> 
     </span>
    </p>
   </div>
   <div class='ocr_carea' id='block_1_35' title="bbox 336 3361 1652 3434">
    <p class='ocr_par' dir='ltr' id='par_1_35' title="bbox 336 3361 1652 3434">
     <span class='ocr_line' id='line_1_35' title="bbox 336 3361 1652 3434; baseline -0.004 -14"><span class='ocrx_word' id='word_1_210' title='bbox 336 3364 580 3434; x_wconf 83' lang='lat' dir='ltr'>Angelus</span> <span class='ocrx_word' id='word_1_211' title='bbox 611 3361 844 3417; x_wconf 89' lang='lat' dir='ltr'>asseruit</span> <span class='ocrx_word' id='word_1_212' title='bbox 868 3361 1111 3432; x_wconf 89' lang='lat' dir='ltr'>requiem</span> <span class='ocrx_word' id='word_1_213' title='bbox 1141 3370 1388 3433; x_wconf 84' lang='lat' dir='ltr'>captasse</span> <span class='ocrx_word' id='word_1_214' title='bbox 1421 3363 1652 3430; x_wconf 90' lang='lat' dir='ltr'>beatam,</span> 
     </span>
    </p>
   </div>
   <div class='ocr_carea' id='block_1_36' title="bbox 337 3450 1809 3524">
    <p class='ocr_par' dir='ltr' id='par_1_36' title="bbox 337 3450 1809 3524">
     <span class='ocr_line' id='line_1_36' title="bbox 337 3450 1809 3524; baseline -0.001 -18"><span class='ocrx_word' id='word_1_215' title='bbox 337 3451 770 3522; x_wconf 86' lang='lat' dir='ltr'>Martyribusque</span> <span class='ocrx_word' id='word_1_216' title='bbox 798 3466 1005 3522; x_wconf 90' lang='lat' dir='ltr'>parem,</span> <span class='ocrx_word' id='word_1_217' title='bbox 1039 3467 1144 3523; x_wconf 83' lang='lat' dir='ltr'>quo</span> <span class='ocrx_word' id='word_1_218' title='bbox 1173 3450 1350 3524; x_wconf 88' lang='lat' dir='ltr'>gloria</span> <span class='ocrx_word' id='word_1_219' title='bbox 1380 3467 1592 3506; x_wconf 90' lang='lat' dir='ltr'>summa</span> <span class='ocrx_word' id='word_1_220' title='bbox 1639 3451 1809 3508; x_wconf 89' lang='lat' dir='ltr'>beatis</span> 
     </span>
    </p>
   </div>
   <div class='ocr_carea' id='block_1_37' title="bbox 344 3540 1650 3596">
    <p class='ocr_par' dir='ltr' id='par_1_37' title="bbox 344 3540 1650 3596">
     <span class='ocr_line' id='line_1_37' title="bbox 344 3540 1650 3596; baseline 0 0"><span class='ocrx_word' id='word_1_221' title='bbox 344 3540 566 3596; x_wconf 90' lang='lat' dir='ltr'>Civibus</span> <span class='ocrx_word' id='word_1_222' title='bbox 593 3549 811 3596; x_wconf 61' lang='lat' dir='ltr'>interna:</span> <span class='ocrx_word' id='word_1_223' title='bbox 843 3540 1016 3596; x_wconf 85' lang='lat' dir='ltr'>reddit</span> <span class='ocrx_word' id='word_1_224' title='bbox 1049 3541 1352 3596; x_wconf 90' lang='lat' dir='ltr'>dulcedinis</span> <span class='ocrx_word' id='word_1_225' title='bbox 1380 3543 1650 3596; x_wconf 88' lang='lat' dir='ltr'>haustum.</span> 
     </span>
    </p>
   </div>
   <div class='ocr_carea' id='block_1_38' title="bbox 345 3629 1711 3702">
    <p class='ocr_par' dir='ltr' id='par_1_38' title="bbox 345 3629 1711 3702">
     <span class='ocr_line' id='line_1_38' title="bbox 345 3629 1711 3702; baseline -0.001 -15"><span class='ocrx_word' id='word_1_226' title='bbox 345 3631 412 3688; x_wconf 88' lang='lat' dir='ltr'>Et</span> <span class='ocrx_word' id='word_1_227' title='bbox 440 3630 656 3702; x_wconf 91' lang='lat' dir='ltr'>quando</span> <span class='ocrx_word' id='word_1_228' title='bbox 686 3629 859 3685; x_wconf 90' lang='lat' dir='ltr'>zelum</span> <span class='ocrx_word' id='word_1_229' title='bbox 890 3630 1105 3684; x_wconf 91' lang='lat' dir='ltr'>Domini</span> <span class='ocrx_word' id='word_1_230' title='bbox 1134 3639 1476 3701; x_wconf 89' lang='lat' dir='ltr'>conceperat,</span> <span class='ocrx_word' id='word_1_231' title='bbox 1519 3631 1711 3701; x_wconf 88' lang='lat' dir='ltr'>inquit,</span> 
     </span>
    </p>
   </div>
   <div class='ocr_carea' id='block_1_39' title="bbox 343 3717 1658 3790">
    <p class='ocr_par' dir='ltr' id='par_1_39' title="bbox 343 3717 1658 3790">
     <span class='ocr_line' id='line_1_39' title="bbox 343 3717 1658 3790; baseline -0.002 -13"><span class='ocrx_word' id='word_1_232' title='bbox 343 3721 608 3777; x_wconf 86' lang='lat' dir='ltr'>Gentibus</span> <span class='ocrx_word' id='word_1_233' title='bbox 635 3717 815 3774; x_wconf 87' lang='lat' dir='ltr'>infidis</span> <span class='ocrx_word' id='word_1_234' title='bbox 847 3719 1046 3774; x_wconf 89' lang='lat' dir='ltr'>Christi</span> <span class='ocrx_word' id='word_1_235' title='bbox 1074 3718 1371 3775; x_wconf 83' lang='lat' dir='ltr'>defendere</span> <span class='ocrx_word' id='word_1_236' title='bbox 1424 3720 1658 3790; x_wconf 88' lang='lat' dir='ltr'>plebem,</span> 
     </span>
    </p>
   </div>
   <div class='ocr_carea' id='block_1_40' title="bbox 345 3808 1658 3882">
    <p class='ocr_par' dir='ltr' id='par_1_40' title="bbox 345 3808 1658 3882">
     <span class='ocr_line' id='line_1_40' title="bbox 345 3808 1658 3882; baseline -0.001 -16"><span class='ocrx_word' id='word_1_237' title='bbox 345 3809 720 3882; x_wconf 87' lang='lat' dir='ltr'>Congrediens</span> <span class='ocrx_word' id='word_1_238' title='bbox 749 3809 911 3878; x_wconf 89' lang='lat' dir='ltr'>hujus</span> <span class='ocrx_word' id='word_1_239' title='bbox 942 3808 1170 3879; x_wconf 90' lang='lat' dir='ltr'>sumpsit</span> <span class='ocrx_word' id='word_1_240' title='bbox 1201 3809 1486 3878; x_wconf 88' lang='lat' dir='ltr'>dispendia</span> <span class='ocrx_word' id='word_1_241' title='bbox 1516 3809 1658 3875; x_wconf 71' lang='lat' dir='ltr'>vitae,</span> 
     </span>
    </p>
   </div>
   <div class='ocr_carea' id='block_1_41' title="bbox 346 3897 1478 3970">
    <p class='ocr_par' dir='ltr' id='par_1_41' title="bbox 346 3897 1478 3970">
     <span class='ocr_line' id='line_1_41' title="bbox 346 3897 1478 3970; baseline -0.003 -15"><span class='ocrx_word' id='word_1_242' title='bbox 346 3899 578 3955; x_wconf 68' lang='lat' dir='ltr'>Eternis</span> <span class='ocrx_word' id='word_1_243' title='bbox 604 3897 729 3954; x_wconf 91' lang='lat' dir='ltr'>ideo</span> <span class='ocrx_word' id='word_1_244' title='bbox 757 3897 954 3954; x_wconf 90' lang='lat' dir='ltr'>meruit</span> <span class='ocrx_word' id='word_1_245' title='bbox 983 3897 1196 3970; x_wconf 81' lang='lat' dir='ltr'>fulgere</span> <span class='ocrx_word' id='word_1_246' title='bbox 1243 3898 1478 3968; x_wconf 74' lang='lat' dir='ltr'>trepzeis,</span> 
     </span>
    </p>
   </div>
   <div class='ocr_carea' id='block_1_42' title="bbox 346 3987 1552 4058">
    <p class='ocr_par' dir='ltr' id='par_1_42' title="bbox 346 3987 1552 4058">
     <span class='ocr_line' id='line_1_42' title="bbox 346 3987 1552 4058; baseline 0 -16"><span class='ocrx_word' id='word_1_247' title='bbox 346 3990 570 4043; x_wconf 90' lang='lat' dir='ltr'>Munera</span> <span class='ocrx_word' id='word_1_248' title='bbox 599 3997 879 4058; x_wconf 59' lang='lat' dir='ltr'>perpetua:</span> <span class='ocrx_word' id='word_1_249' title='bbox 909 3987 1132 4057; x_wconf 89' lang='lat' dir='ltr'>capiens</span> <span class='ocrx_word' id='word_1_250' title='bbox 1152 3987 1390 4058; x_wconf 88' lang='lat' dir='ltr'>ingentia</span> <span class='ocrx_word' id='word_1_251' title='bbox 1412 3987 1552 4042; x_wconf 69' lang='lat' dir='ltr'>vitm.</span> 
     </span>
    </p>
   </div>
   <div class='ocr_carea' id='block_1_43' title="bbox 346 4075 1730 4146">
    <p class='ocr_par' dir='ltr' id='par_1_43' title="bbox 346 4075 1730 4146">
     <span class='ocr_line' id='line_1_43' title="bbox 346 4075 1730 4146; baseline -0.003 -14"><span class='ocrx_word' id='word_1_252' title='bbox 346 4077 446 4132; x_wconf 86' lang='lat' dir='ltr'>Hic</span> <span class='ocrx_word' id='word_1_253' title='bbox 474 4077 558 4131; x_wconf 89' lang='lat' dir='ltr'>vir</span> <span class='ocrx_word' id='word_1_254' title='bbox 587 4077 642 4130; x_wconf 92' lang='lat' dir='ltr'>in</span> <span class='ocrx_word' id='word_1_255' title='bbox 669 4077 773 4131; x_wconf 89' lang='lat' dir='ltr'>hac</span> <span class='ocrx_word' id='word_1_256' title='bbox 799 4075 972 4146; x_wconf 89' lang='lat' dir='ltr'>patria</span> <span class='ocrx_word' id='word_1_257' title='bbox 1001 4091 1209 4129; x_wconf 89' lang='lat' dir='ltr'>summa</span> <span class='ocrx_word' id='word_1_258' title='bbox 1240 4076 1476 4129; x_wconf 92' lang='lat' dir='ltr'>bonitate</span> <span class='ocrx_word' id='word_1_259' title='bbox 1508 4075 1730 4141; x_wconf 83' lang='lat' dir='ltr'>nitebat,</span> 
     </span>
    </p>
   </div>
   <div class='ocr_carea' id='block_1_44' title="bbox 349 4165 1794 4236">
    <p class='ocr_par' dir='ltr' id='par_1_44' title="bbox 349 4165 1794 4236">
     <span class='ocr_line' id='line_1_44' title="bbox 349 4165 1794 4236; baseline -0.001 -16"><span class='ocrx_word' id='word_1_260' title='bbox 349 4165 592 4220; x_wconf 88' lang='lat' dir='ltr'>Moribus</span> <span class='ocrx_word' id='word_1_261' title='bbox 622 4165 900 4236; x_wconf 85' lang='lat' dir='ltr'>egregius,</span> <span class='ocrx_word' id='word_1_262' title='bbox 933 4180 1120 4229; x_wconf 85' lang='lat' dir='ltr'>verax,</span> <span class='ocrx_word' id='word_1_263' title='bbox 1152 4172 1482 4231; x_wconf 89' lang='lat' dir='ltr'>mansuetus,</span> <span class='ocrx_word' id='word_1_264' title='bbox 1515 4166 1794 4229; x_wconf 92' lang='lat' dir='ltr'>honestus,</span> 
     </span>
    </p>
   </div>
   <div class='ocr_carea' id='block_1_45' title="bbox 354 4252 1635 4326">
    <p class='ocr_par' dir='ltr' id='par_1_45' title="bbox 354 4252 1635 4326">
     <span class='ocr_line' id='line_1_45' title="bbox 354 4252 1635 4326; baseline -0.002 -17"><span class='ocrx_word' id='word_1_265' title='bbox 354 4255 452 4310; x_wconf 92' lang='lat' dir='ltr'>Cui</span> <span class='ocrx_word' id='word_1_266' title='bbox 484 4253 676 4326; x_wconf 85' lang='lat' dir='ltr'>regina</span> <span class='ocrx_word' id='word_1_267' title='bbox 707 4269 884 4318; x_wconf 90' lang='lat' dir='ltr'>soror,</span> <span class='ocrx_word' id='word_1_268' title='bbox 917 4252 1174 4308; x_wconf 89' lang='lat' dir='ltr'>Ludovici</span> <span class='ocrx_word' id='word_1_269' title='bbox 1205 4255 1369 4308; x_wconf 87' lang='lat' dir='ltr'>chara</span> <span class='ocrx_word' id='word_1_270' title='bbox 1399 4252 1635 4325; x_wconf 90' lang='lat' dir='ltr'>genitrix</span> 
     </span>
    </p>
   </div>
   <div class='ocr_carea' id='block_1_46' title="bbox 350 4341 1590 4415">
    <p class='ocr_par' dir='ltr' id='par_1_46' title="bbox 350 4341 1590 4415">
     <span class='ocr_line' id='line_1_46' title="bbox 350 4341 1590 4415; baseline -0.002 -17"><span class='ocrx_word' id='word_1_271' title='bbox 350 4343 698 4415; x_wconf 87' lang='lat' dir='ltr'>Hildegardis</span> <span class='ocrx_word' id='word_1_272' title='bbox 726 4351 859 4408; x_wconf 91' lang='lat' dir='ltr'>erat,</span> <span class='ocrx_word' id='word_1_273' title='bbox 892 4341 1045 4413; x_wconf 90' lang='lat' dir='ltr'>parili</span> <span class='ocrx_word' id='word_1_274' title='bbox 1077 4341 1313 4396; x_wconf 83' lang='lat' dir='ltr'>bonitate</span> <span class='ocrx_word' id='word_1_275' title='bbox 1344 4350 1590 4408; x_wconf 89' lang='lat' dir='ltr'>venusta,</span> 
     </span>
    </p>
   </div>
   <div class='ocr_carea' id='block_1_47' title="bbox 353 4430 1726 4503">
    <p class='ocr_par' dir='ltr' id='par_1_47' title="bbox 353 4430 1726 4503">
     <span class='ocr_line' id='line_1_47' title="bbox 353 4430 1726 4503; baseline -0.002 -15"><span class='ocrx_word' id='word_1_276' title='bbox 353 4433 572 4488; x_wconf 85' lang='lat' dir='ltr'>Viribus</span> <span class='ocrx_word' id='word_1_277' title='bbox 605 4432 694 4487; x_wconf 88' lang='lat' dir='ltr'>ille</span> <span class='ocrx_word' id='word_1_278' title='bbox 723 4439 916 4503; x_wconf 89' lang='lat' dir='ltr'>potens</span> <span class='ocrx_word' id='word_1_279' title='bbox 945 4439 1237 4502; x_wconf 89' lang='lat' dir='ltr'>sanctoque</span> <span class='ocrx_word' id='word_1_280' title='bbox 1265 4430 1538 4500; x_wconf 90' lang='lat' dir='ltr'>potentior</span> <span class='ocrx_word' id='word_1_281' title='bbox 1566 4438 1688 4486; x_wconf 87' lang='lat' dir='ltr'>actu</span> <span class='ocrx_word' id='word_1_282' title='bbox 1713 4450 1726 4496; x_wconf 76' lang='grc' dir='ltr'>ς</span> 
     </span>
    </p>
   </div>
   <div class='ocr_carea' id='block_1_48' title="bbox 352 4518 1726 4591">
    <p class='ocr_par' dir='ltr' id='par_1_48' title="bbox 352 4518 1726 4591">
     <span class='ocr_line' id='line_1_48' title="bbox 352 4518 1726 4591; baseline -0.002 -15"><span class='ocrx_word' id='word_1_283' title='bbox 352 4521 609 4578; x_wconf 87' lang='lat' dir='ltr'>Defuerat</span> <span class='ocrx_word' id='word_1_284' title='bbox 640 4521 875 4588; x_wconf 90' lang='lat' dir='ltr'>soboles,</span> <span class='ocrx_word' id='word_1_285' title='bbox 911 4520 1222 4591; x_wconf 88' lang='lat' dir='ltr'>pariterque</span> <span class='ocrx_word' id='word_1_286' title='bbox 1252 4527 1303 4574; x_wconf 93' lang='lat' dir='ltr'>et</span> <span class='ocrx_word' id='word_1_287' title='bbox 1333 4518 1502 4574; x_wconf 86' lang='lat' dir='ltr'>defuit</span> <span class='ocrx_word' id='word_1_288' title='bbox 1534 4520 1726 4574; x_wconf 70' lang='lat' dir='ltr'>haeres.</span> 
     </span>
    </p>
   </div>
   <div class='ocr_carea' id='block_1_49' title="bbox 358 4609 1606 4682">
    <p class='ocr_par' dir='ltr' id='par_1_49' title="bbox 358 4609 1606 4682">
     <span class='ocr_line' id='line_1_49' title="bbox 358 4609 1606 4682; baseline -0.002 -17"><span class='ocrx_word' id='word_1_289' title='bbox 358 4611 452 4666; x_wconf 84' lang='lat' dir='ltr'>His</span> <span class='ocrx_word' id='word_1_290' title='bbox 481 4611 646 4682; x_wconf 89' lang='lat' dir='ltr'>igitur</span> <span class='ocrx_word' id='word_1_291' title='bbox 674 4611 858 4665; x_wconf 87' lang='lat' dir='ltr'>verbis</span> <span class='ocrx_word' id='word_1_292' title='bbox 891 4626 1012 4665; x_wconf 86' lang='lat' dir='ltr'>sese</span> <span class='ocrx_word' id='word_1_293' title='bbox 1043 4625 1392 4681; x_wconf 88' lang='lat' dir='ltr'>compescere</span> <span class='ocrx_word' id='word_1_294' title='bbox 1424 4609 1606 4680; x_wconf 73' lang='lat' dir='ltr'>cmpit,</span> 
     </span>
    </p>
   </div>
   <div class='ocr_carea' id='block_1_50' title="bbox 357 4698 1950 4772">
    <p class='ocr_par' dir='ltr' id='par_1_50' title="bbox 357 4698 1950 4772">
     <span class='ocr_line' id='line_1_50' title="bbox 357 4698 1950 4772; baseline -0.001 -18"><span class='ocrx_word' id='word_1_295' title='bbox 357 4700 604 4772; x_wconf 87' lang='lat' dir='ltr'>Denegat</span> <span class='ocrx_word' id='word_1_296' title='bbox 635 4699 905 4754; x_wconf 70' lang='lat' dir='ltr'>heercdem</span> <span class='ocrx_word' id='word_1_297' title='bbox 936 4698 1220 4763; x_wconf 90' lang='lat' dir='ltr'>Dominus,</span> <span class='ocrx_word' id='word_1_298' title='bbox 1260 4707 1444 4753; x_wconf 90' lang='lat' dir='ltr'>manet</span> <span class='ocrx_word' id='word_1_299' title='bbox 1485 4699 1600 4768; x_wconf 88' lang='lat' dir='ltr'>ipse</span> <span class='ocrx_word' id='word_1_300' title='bbox 1651 4705 1950 4768; x_wconf 87' lang='lat' dir='ltr'>superstes.</span> 
     </span>
    </p>
   </div>
   <div class='ocr_carea' id='block_1_51' title="bbox 360 4787 1808 4858">
    <p class='ocr_par' dir='ltr' id='par_1_51' title="bbox 360 4787 1808 4858">
     <span class='ocr_line' id='line_1_51' title="bbox 360 4787 1808 4858; baseline -0.001 -15"><span class='ocrx_word' id='word_1_301' title='bbox 360 4787 519 4858; x_wconf 90' lang='lat' dir='ltr'>Quod</span> <span class='ocrx_word' id='word_1_302' title='bbox 549 4787 716 4856; x_wconf 91' lang='lat' dir='ltr'>dedit,</span> <span class='ocrx_word' id='word_1_303' title='bbox 749 4787 998 4858; x_wconf 87' lang='lat' dir='ltr'>accipiet,</span> <span class='ocrx_word' id='word_1_304' title='bbox 1031 4787 1213 4843; x_wconf 80' lang='lat' dir='ltr'>Mariae</span> <span class='ocrx_word' id='word_1_305' title='bbox 1244 4787 1568 4843; x_wconf 91' lang='lat' dir='ltr'>commendo</span> <span class='ocrx_word' id='word_1_306' title='bbox 1615 4787 1808 4843; x_wconf 78' lang='lat' dir='ltr'>beatae.</span> 
     </span>
    </p>
   </div>
   <div class='ocr_carea' id='block_1_52' title="bbox 360 4875 1744 4948">
    <p class='ocr_par' dir='ltr' id='par_1_52' title="bbox 360 4875 1744 4948">
     <span class='ocr_line' id='line_1_52' title="bbox 360 4875 1744 4948; baseline -0.002 -16"><span class='ocrx_word' id='word_1_307' title='bbox 360 4876 448 4932; x_wconf 91' lang='lat' dir='ltr'>Sic</span> <span class='ocrx_word' id='word_1_308' title='bbox 479 4885 663 4932; x_wconf 90' lang='lat' dir='ltr'>votum</span> <span class='ocrx_word' id='word_1_309' title='bbox 693 4876 846 4932; x_wconf 87' lang='lat' dir='ltr'>factis</span> <span class='ocrx_word' id='word_1_310' title='bbox 874 4876 1134 4947; x_wconf 85' lang='lat' dir='ltr'>sequitur,</span> <span class='ocrx_word' id='word_1_311' title='bbox 1168 4876 1346 4948; x_wconf 90' lang='lat' dir='ltr'>magis</span> <span class='ocrx_word' id='word_1_312' title='bbox 1376 4875 1626 4931; x_wconf 90' lang='lat' dir='ltr'>omnibus</span> <span class='ocrx_word' id='word_1_313' title='bbox 1656 4875 1744 4929; x_wconf 90' lang='lat' dir='ltr'>isti</span> 
     </span>
    </p>
   </div>
   <div class='ocr_carea' id='block_1_53' title="bbox 361 4964 1635 5038">
    <p class='ocr_par' dir='ltr' id='par_1_53' title="bbox 361 4964 1635 5038">
     <span class='ocr_line' id='line_1_53' title="bbox 361 4964 1635 5038; baseline 0.001 -19"><span class='ocrx_word' id='word_1_314' title='bbox 361 4964 566 5020; x_wconf 85' lang='lat' dir='ltr'>Profuit</span> <span class='ocrx_word' id='word_1_315' title='bbox 594 4965 682 5020; x_wconf 92' lang='lat' dir='ltr'>ille</span> <span class='ocrx_word' id='word_1_316' title='bbox 713 4965 855 5031; x_wconf 90' lang='lat' dir='ltr'>loco,</span> <span class='ocrx_word' id='word_1_317' title='bbox 891 4965 1044 5035; x_wconf 86' lang='lat' dir='ltr'>cujus</span> <span class='ocrx_word' id='word_1_318' title='bbox 1074 4965 1208 5019; x_wconf 90' lang='lat' dir='ltr'>nitet</span> <span class='ocrx_word' id='word_1_319' title='bbox 1240 4965 1418 5038; x_wconf 82' lang='lat' dir='ltr'>Augia</span> <span class='ocrx_word' id='word_1_320' title='bbox 1458 4964 1635 5020; x_wconf 85' lang='lat' dir='ltr'>donis.</span> 
     </span>
    </p>
   </div>
   <div class='ocr_carea' id='block_1_54' title="bbox 366 5053 1955 5120">
    <p class='ocr_par' dir='ltr' id='par_1_54' title="bbox 366 5053 1955 5120">
     <span class='ocr_line' id='line_1_54' title="bbox 366 5053 1955 5120; baseline -0.001 -12"><span class='ocrx_word' id='word_1_321' title='bbox 366 5053 511 5108; x_wconf 87' lang='lat' dir='ltr'>Bella</span> <span class='ocrx_word' id='word_1_322' title='bbox 540 5063 720 5110; x_wconf 91' lang='lat' dir='ltr'>movet</span> <span class='ocrx_word' id='word_1_323' title='bbox 751 5054 977 5110; x_wconf 91' lang='lat' dir='ltr'>Carolus</span> <span class='ocrx_word' id='word_1_324' title='bbox 1017 5055 1180 5108; x_wconf 93' lang='lat' dir='ltr'>duros</span> <span class='ocrx_word' id='word_1_325' title='bbox 1229 5061 1342 5108; x_wconf 91' lang='lat' dir='ltr'>tum</span> <span class='ocrx_word' id='word_1_326' title='bbox 1383 5053 1565 5108; x_wconf 67' lang='lat' dir='ltr'>Caesar</span> <span class='ocrx_word' id='word_1_327' title='bbox 1609 5053 1665 5107; x_wconf 93' lang='lat' dir='ltr'>in</span> <span class='ocrx_word' id='word_1_328' title='bbox 1711 5053 1955 5120; x_wconf 85' lang='lat' dir='ltr'>Hunnos,</span> 
     </span>
    </p>
   </div>
   <div class='ocr_carea' id='block_1_55' title="bbox 418 5264 1962 5323">
    <p class='ocr_par' dir='ltr' id='par_1_55' title="bbox 418 5264 1962 5323">
     <span class='ocr_line' id='line_1_55' title="bbox 418 5264 1962 5323; baseline 0.001 -13"><span class='ocrx_word' id='word_1_329' title='bbox 418 5273 434 5295; x_wconf 81' lang='grc' dir='ltr'>ι</span> <span class='ocrx_word' id='word_1_330' title='bbox 466 5271 520 5310; x_wconf 83' lang='lat' dir='ltr'>In</span> <span class='ocrx_word' id='word_1_331' title='bbox 561 5264 932 5310; x_wconf 71' lang='lat' dir='ltr'>transmarinis</span> <span class='ocrx_word' id='word_1_332' title='bbox 987 5264 1302 5323; x_wconf 72' lang='lat' dir='ltr'>regionibus,</span> <span class='ocrx_word' id='word_1_333' title='bbox 1331 5264 1508 5311; x_wconf 85' lang='lat' dir='ltr'>scribit</span> <span class='ocrx_word' id='word_1_334' title='bbox 1543 5265 1699 5310; x_wconf 76' lang='lat' dir='ltr'>Hetto.</span> <span class='ocrx_word' id='word_1_335' title='bbox 1752 5269 1806 5310; x_wconf 92' lang='lat' dir='ltr'>1n</span> <span class='ocrx_word' id='word_1_336' title='bbox 1857 5265 1962 5311; x_wconf 86' lang='lat' dir='ltr'>Bri-</span> 
     </span>
    </p>
   </div>
   <div class='ocr_carea' id='block_1_56' title="bbox 367 5335 1962 5393">
    <p class='ocr_par' dir='ltr' id='par_1_56' title="bbox 367 5335 1962 5393">
     <span class='ocr_line' id='line_1_56' title="bbox 367 5335 1962 5393; baseline 0 -11"><span class='ocrx_word' id='word_1_337' title='bbox 367 5335 540 5382; x_wconf 88' lang='lat' dir='ltr'>tannia</span> <span class='ocrx_word' id='word_1_338' title='bbox 572 5335 736 5381; x_wconf 86' lang='lat' dir='ltr'>insula</span> <span class='ocrx_word' id='word_1_339' title='bbox 756 5345 819 5380; x_wconf 88' lang='lat' dir='ltr'>an</span> <span class='ocrx_word' id='word_1_340' title='bbox 852 5335 903 5380; x_wconf 89' lang='lat' dir='ltr'>in</span> <span class='ocrx_word' id='word_1_341' title='bbox 926 5336 1113 5382; x_wconf 74' lang='lat' dir='ltr'>Graecia</span> <span class='ocrx_word' id='word_1_342' title='bbox 1143 5338 1167 5381; x_wconf 78' lang='lat'>‘?</span> <span class='ocrx_word' id='word_1_343' title='bbox 1187 5340 1481 5393; x_wconf 84' lang='lat' dir='ltr'>Quanquam</span> <span class='ocrx_word' id='word_1_344' title='bbox 1513 5336 1666 5382; x_wconf 89' lang='lat' dir='ltr'>etiam</span> <span class='ocrx_word' id='word_1_345' title='bbox 1707 5335 1757 5381; x_wconf 90' lang='lat' dir='ltr'>in</span> <span class='ocrx_word' id='word_1_346' title='bbox 1806 5337 1962 5382; x_wconf 89' lang='lat' dir='ltr'>Gallia</span> 
     </span>
    </p>
   </div>
   <div class='ocr_carea' id='block_1_57' title="bbox 1299 5407 1944 5463">
    <p class='ocr_par' dir='ltr' id='par_1_57' title="bbox 1299 5407 1944 5463">
     <span class='ocr_line' id='line_1_57' title="bbox 1299 5407 1944 5463; baseline 0 -11"><span class='ocrx_word' id='word_1_347' title='bbox 1299 5407 1584 5463; x_wconf 65' lang='lat' dir='ltr'>disciplinae</span> <span class='ocrx_word' id='word_1_348' title='bbox 1651 5419 1738 5462; x_wconf 87' lang='lat' dir='ltr'>per</span> <span class='ocrx_word' id='word_1_349' title='bbox 1815 5411 1944 5453; x_wconf 85' lang='lat' dir='ltr'>Bene</span> 
     </span>
    </p>
   </div>
   <div class='ocr_carea' id='block_1_58' title="bbox 364 5406 1241 5459">
    <p class='ocr_par' dir='ltr' id='par_1_58' title="bbox 364 5406 1241 5459">
     <span class='ocr_line' id='line_1_58' title="bbox 364 5406 1241 5459; baseline -0.002 -5"><span class='ocrx_word' id='word_1_350' title='bbox 364 5407 716 5455; x_wconf 83' lang='lat' dir='ltr'>reflorescebat</span> <span class='ocrx_word' id='word_1_351' title='bbox 782 5406 947 5451; x_wconf 88' lang='lat' dir='ltr'>cultus</span> <span class='ocrx_word' id='word_1_352' title='bbox 989 5408 1241 5459; x_wconf 74' lang='lat' dir='ltr'>regularis</span> 
     </span>
    </p>
   </div>
   <div class='ocr_carea' id='block_1_59' title="bbox 362 5477 1206 5524">
    <p class='ocr_par' dir='ltr' id='par_1_59' title="bbox 362 5477 1206 5524">
     <span class='ocr_line' id='line_1_59' title="bbox 362 5477 1206 5524; baseline -0.002 0"><span class='ocrx_word' id='word_1_353' title='bbox 362 5479 549 5524; x_wconf 84' lang='lat' dir='ltr'>dictum</span> <span class='ocrx_word' id='word_1_354' title='bbox 574 5479 772 5523; x_wconf 71' lang='lat' dir='ltr'>Anianze</span> <span class='ocrx_word' id='word_1_355' title='bbox 802 5477 1053 5522; x_wconf 86' lang='lat' dir='ltr'>abbatem.</span> <span class='ocrx_word' id='word_1_356' title='bbox 1084 5480 1206 5522; x_wconf 64' lang='lat' dir='ltr'>MAI}.</span> 
     </span>
    </p>
   </div>
   <div class='ocr_carea' id='block_1_60' title="bbox 471 5584 1964 5640">
    <p class='ocr_par' dir='ltr' id='par_1_60' title="bbox 471 5584 1964 5640">
     <span class='ocr_line' id='line_1_60' title="bbox 471 5584 1964 5640; baseline -0.001 -9"><span class='ocrx_word' id='word_1_357' title='bbox 471 5596 495 5630; x_wconf 91' lang='lat' dir='ltr'>b</span> <span class='ocrx_word' id='word_1_358' title='bbox 535 5588 677 5631; x_wconf 82' lang='lat' dir='ltr'>Anno</span> <span class='ocrx_word' id='word_1_359' title='bbox 715 5589 796 5630; x_wconf 80' lang='lat'>8-23</span> <span class='ocrx_word' id='word_1_360' title='bbox 835 5584 1017 5639; x_wconf 78' lang='lat' dir='ltr'>ingens</span> <span class='ocrx_word' id='word_1_361' title='bbox 1078 5584 1365 5639; x_wconf 86' lang='lat' dir='ltr'>pestilentia</span> <span class='ocrx_word' id='word_1_362' title='bbox 1404 5595 1492 5640; x_wconf 81' lang='lat' dir='ltr'>per</span> <span class='ocrx_word' id='word_1_363' title='bbox 1513 5587 1666 5630; x_wconf 89' lang='lat' dir='ltr'>totam</span> <span class='ocrx_word' id='word_1_364' title='bbox 1707 5585 1964 5630; x_wconf 82' lang='lat' dir='ltr'>Franciam</span> 
     </span>
    </p>
   </div>
   <div class='ocr_carea' id='block_1_61' title="bbox 367 5655 1965 5713">
    <p class='ocr_par' dir='ltr' id='par_1_61' title="bbox 367 5655 1965 5713">
     <span class='ocr_line' id='line_1_61' title="bbox 367 5655 1965 5713; baseline -0.001 -11"><span class='ocrx_word' id='word_1_365' title='bbox 367 5657 628 5702; x_wconf 88' lang='lat' dir='ltr'>hominum</span> <span class='ocrx_word' id='word_1_366' title='bbox 671 5656 936 5713; x_wconf 83' lang='lat' dir='ltr'>utriusque</span> <span class='ocrx_word' id='word_1_367' title='bbox 995 5664 1148 5702; x_wconf 79' lang='lat' dir='ltr'>sexus</span> <span class='ocrx_word' id='word_1_368' title='bbox 1212 5655 1530 5701; x_wconf 85' lang='lat' dir='ltr'>innumeram</span> <span class='ocrx_word' id='word_1_369' title='bbox 1592 5655 1965 5702; x_wconf 88' lang='lat' dir='ltr'>multitudinem</span> 
     </span>
    </p>
   </div>
   <div class='ocr_carea' id='block_1_62' title="bbox 365 5725 1364 5782">
    <p class='ocr_par' dir='ltr' id='par_1_62' title="bbox 365 5725 1364 5782">
     <span class='ocr_line' id='line_1_62' title="bbox 365 5725 1364 5782; baseline -0.004 -11"><span class='ocrx_word' id='word_1_370' title='bbox 365 5727 692 5781; x_wconf 77' lang='lat' dir='ltr'>consumpsit,</span> <span class='ocrx_word' id='word_1_371' title='bbox 715 5728 840 5773; x_wconf 83' lang='lat' dir='ltr'>teste</span> <span class='ocrx_word' id='word_1_372' title='bbox 879 5725 1194 5782; x_wconf 77' lang='lat' dir='ltr'>Bginhardo.</span> <span class='ocrx_word' id='word_1_373' title='bbox 1241 5727 1364 5770; x_wconf 62' lang='lat' dir='ltr'>Mss.</span> 
     </span>
    </p>
   </div>
   <div class='ocr_carea' id='block_1_63' title="bbox 933 299 3086 380">
    <p class='ocr_par' dir='ltr' id='par_1_63' title="bbox 933 299 3086 380">
     <span class='ocr_line' id='line_1_63' title="bbox 933 299 3086 380; baseline 0.003 -26"><span class='ocrx_word' id='word_1_374' title='bbox 933 302 1331 359; x_wconf 78' lang='lat' dir='ltr'>WALAFRIDI</span> <span class='ocrx_word' id='word_1_375' title='bbox 1372 301 1612 358; x_wconf 80' lang='lat' dir='ltr'>STRABI</span> <span class='ocrx_word' id='word_1_376' title='bbox 1653 301 1854 360; x_wconf 86' lang='lat' dir='ltr'>FULD.</span> <span class='ocrx_word' id='word_1_377' title='bbox 1887 299 2059 380; x_wconf 82' lang='grc' dir='ltr'><strong>ΜΟΝ.</strong></span> <span class='ocrx_word' id='word_1_378' title='bbox 2102 300 2254 358; x_wconf 85' lang='lat' dir='ltr'>OPP.</span> <span class='ocrx_word' id='word_1_379' title='bbox 2298 303 2472 360; x_wconf 77' lang='lat' dir='ltr'>PARS</span> <span class='ocrx_word' id='word_1_380' title='bbox 2511 304 2602 358; x_wconf 80' lang='grc' dir='ltr'>ΠΙ.</span> <span class='ocrx_word' id='word_1_381' title='bbox 2646 335 2714 344; x_wconf 93' lang='grc'><strong>-</strong></span> <span class='ocrx_word' id='word_1_382' title='bbox 2753 307 3086 361; x_wconf 73' lang='lat' dir='ltr'>CARMINA.</span> 
     </span>
    </p>
   </div>
   <div class='ocr_carea' id='block_1_64' title="bbox 3493 312 3634 363">
    <p class='ocr_par' dir='ltr' id='par_1_64' title="bbox 3493 312 3634 363">
     <span class='ocr_line' id='line_1_64' title="bbox 3493 312 3634 363; baseline 0 -1"><span class='ocrx_word' id='word_1_383' title='bbox 3493 312 3634 363; x_wconf 82' lang='grc'>1080</span> 
     </span>
    </p>
   </div>
   <div class='ocr_carea' id='block_1_65' title="bbox 1951 432 3456 520">
    <p class='ocr_par' dir='ltr' id='par_1_65' title="bbox 1951 432 3456 520">
     <span class='ocr_line' id='line_1_65' title="bbox 1951 432 3456 520; baseline 0.003 -19"><span class='ocrx_word' id='word_1_384' title='bbox 1951 432 2006 495; x_wconf 87' lang='grc' dir='ltr'><strong>Α</strong></span> <span class='ocrx_word' id='word_1_385' title='bbox 2036 448 2150 504; x_wconf 87' lang='lat' dir='ltr'>Hoc</span> <span class='ocrx_word' id='word_1_386' title='bbox 2181 447 2375 502; x_wconf 88' lang='lat' dir='ltr'>cecidit</span> <span class='ocrx_word' id='word_1_387' title='bbox 2406 448 2568 516; x_wconf 87' lang='lat' dir='ltr'>bello,</span> <span class='ocrx_word' id='word_1_388' title='bbox 2601 449 2803 520; x_wconf 87' lang='lat' dir='ltr'>pepulo</span> <span class='ocrx_word' id='word_1_389' title='bbox 2847 459 3105 514; x_wconf 89' lang='lat' dir='ltr'>certante,</span> <span class='ocrx_word' id='word_1_390' title='bbox 3162 450 3456 516; x_wconf 90' lang='lat' dir='ltr'>Geroldus,</span> 
     </span>
    </p>
   </div>
   <div class='ocr_carea' id='block_1_66' title="bbox 2029 537 3641 610">
    <p class='ocr_par' dir='ltr' id='par_1_66' title="bbox 2029 537 3641 610">
     <span class='ocr_line' id='line_1_66' title="bbox 2029 537 3641 610; baseline 0.001 -18"><span class='ocrx_word' id='word_1_391' title='bbox 2029 537 2180 592; x_wconf 90' lang='lat' dir='ltr'>Tunc</span> <span class='ocrx_word' id='word_1_392' title='bbox 2210 537 2497 592; x_wconf 89' lang='lat' dir='ltr'>Dominum</span> <span class='ocrx_word' id='word_1_393' title='bbox 2544 537 2731 592; x_wconf 84' lang='lat' dir='ltr'>famuli</span> <span class='ocrx_word' id='word_1_394' title='bbox 2780 539 3038 610; x_wconf 90' lang='lat' dir='ltr'>lacrymis</span> <span class='ocrx_word' id='word_1_395' title='bbox 3081 555 3368 610; x_wconf 90' lang='lat' dir='ltr'>sumpsere</span> <span class='ocrx_word' id='word_1_396' title='bbox 3435 537 3641 607; x_wconf 85' lang='lat' dir='ltr'>referti,</span> 
     </span>
    </p>
   </div>
   <div class='ocr_carea' id='block_1_67' title="bbox 2029 626 3463 701">
    <p class='ocr_par' dir='ltr' id='par_1_67' title="bbox 2029 626 3463 701">
     <span class='ocr_line' id='line_1_67' title="bbox 2029 626 3463 701; baseline 0.002 -22"><span class='ocrx_word' id='word_1_397' title='bbox 2029 626 2254 698; x_wconf 83' lang='lat' dir='ltr'>Hacque</span> <span class='ocrx_word' id='word_1_398' title='bbox 2285 634 2618 696; x_wconf 84' lang='lat' dir='ltr'>reportatum</span> <span class='ocrx_word' id='word_1_399' title='bbox 2648 637 2758 682; x_wconf 90' lang='lat' dir='ltr'>tam</span> <span class='ocrx_word' id='word_1_400' title='bbox 2790 629 2952 701; x_wconf 85' lang='lat' dir='ltr'>longa</span> <span class='ocrx_word' id='word_1_401' title='bbox 2983 646 3082 700; x_wconf 88' lang='lat' dir='ltr'>per</span> <span class='ocrx_word' id='word_1_402' title='bbox 3111 629 3232 684; x_wconf 89' lang='lat' dir='ltr'>avia</span> <span class='ocrx_word' id='word_1_403' title='bbox 3260 645 3463 700; x_wconf 83' lang='lat' dir='ltr'>corpus</span> 
     </span>
    </p>
   </div>
   <div class='ocr_carea' id='block_1_68' title="bbox 2037 711 3354 770">
    <p class='ocr_par' dir='ltr' id='par_1_68' title="bbox 2037 711 3354 770">
     <span class='ocr_line' id='line_1_68' title="bbox 2037 711 3354 770; baseline 0.004 -6"><span class='ocrx_word' id='word_1_404' title='bbox 2037 711 2408 766; x_wconf 86' lang='lat' dir='ltr'>Insulanensis</span> <span class='ocrx_word' id='word_1_405' title='bbox 2438 713 2633 767; x_wconf 87' lang='lat' dir='ltr'>humus</span> <span class='ocrx_word' id='word_1_406' title='bbox 2664 714 2901 768; x_wconf 88' lang='lat' dir='ltr'>contexit</span> <span class='ocrx_word' id='word_1_407' title='bbox 2931 714 2985 768; x_wconf 91' lang='lat' dir='ltr'>in</span> <span class='ocrx_word' id='word_1_408' title='bbox 3015 714 3132 769; x_wconf 75' lang='lat' dir='ltr'>aede</span> <span class='ocrx_word' id='word_1_409' title='bbox 3153 715 3354 770; x_wconf 71' lang='lat' dir='ltr'>Mariae.</span> 
     </span>
    </p>
   </div>
   <div class='ocr_carea' id='block_1_69' title="bbox 1993 873 3653 946">
    <p class='ocr_par' dir='ltr' id='par_1_69' title="bbox 1993 873 3653 946">
     <span class='ocr_line' id='line_1_69' title="bbox 1993 873 3653 946; baseline 0.002 -19"><span class='ocrx_word' id='word_1_410' title='bbox 1993 900 2006 908; x_wconf 88' lang='lat'><strong><em>-</em></strong></span> <span class='ocrx_word' id='word_1_411' title='bbox 2039 873 2319 928; x_wconf 79' lang='lat' dir='ltr'>Wcttinus</span> <span class='ocrx_word' id='word_1_412' title='bbox 2335 891 2455 946; x_wconf 61' lang='lat' dir='ltr'>quae</span> <span class='ocrx_word' id='word_1_413' title='bbox 2473 876 2688 931; x_wconf 77' lang='lat' dir='ltr'>viderat</span> <span class='ocrx_word' id='word_1_414' title='bbox 2712 879 2888 946; x_wconf 73' lang='lat' dir='ltr'>refert</span> <span class='ocrx_word' id='word_1_415' title='bbox 2909 877 3150 933; x_wconf 65' lang='grc' dir='ltr'>εἰει)νὶὺὶ</span> <span class='ocrx_word' id='word_1_416' title='bbox 3169 877 3346 943; x_wconf 79' lang='lat' dir='ltr'>jubet.</span> <span class='ocrx_word' id='word_1_417' title='bbox 3393 905 3462 915; x_wconf 93' lang='lat'><strong>—</strong></span> <span class='ocrx_word' id='word_1_418' title='bbox 3502 877 3653 932; x_wconf 82' lang='lat' dir='ltr'>larii</span> 
     </span>
    </p>
   </div>
   <div class='ocr_carea' id='block_1_70' title="bbox 2389 967 3286 1038">
    <p class='ocr_par' dir='ltr' id='par_1_70' title="bbox 2389 967 3286 1038">
     <span class='ocr_line' id='line_1_70' title="bbox 2389 967 3286 1038; baseline 0 -18"><span class='ocrx_word' id='word_1_419' title='bbox 2389 967 2688 1038; x_wconf 79' lang='lat' dir='ltr'>scriptores</span> <span class='ocrx_word' id='word_1_420' title='bbox 2719 969 2999 1022; x_wconf 76' lang='lat' dir='ltr'>visionum</span> <span class='ocrx_word' id='word_1_421' title='bbox 3037 967 3286 1022; x_wconf 81' lang='lat' dir='ltr'>Wettini.</span> 
     </span>
    </p>
   </div>
   <div class='ocr_carea' id='block_1_71' title="bbox 2151 1063 3646 1134">
    <p class='ocr_par' dir='ltr' id='par_1_71' title="bbox 2151 1063 3646 1134">
     <span class='ocr_line' id='line_1_71' title="bbox 2151 1063 3646 1134; baseline 0 -18"><span class='ocrx_word' id='word_1_422' title='bbox 2151 1063 2301 1117; x_wconf 70' lang='lat' dir='ltr'>liaec°</span> <span class='ocrx_word' id='word_1_423' title='bbox 2325 1071 2378 1119; x_wconf 90' lang='lat' dir='ltr'>et</span> <span class='ocrx_word' id='word_1_424' title='bbox 2396 1063 2551 1134; x_wconf 91' lang='lat' dir='ltr'>plura</span> <span class='ocrx_word' id='word_1_425' title='bbox 2571 1063 2764 1118; x_wconf 91' lang='lat' dir='ltr'>videns</span> <span class='ocrx_word' id='word_1_426' title='bbox 2776 1079 3063 1118; x_wconf 90' lang='lat' dir='ltr'>numerum</span> <span class='ocrx_word' id='word_1_427' title='bbox 3077 1081 3198 1134; x_wconf 75' lang='lat' dir='ltr'>qua:</span> <span class='ocrx_word' id='word_1_428' title='bbox 3215 1079 3355 1133; x_wconf 89' lang='lat' dir='ltr'>pene</span> <span class='ocrx_word' id='word_1_429' title='bbox 3367 1072 3646 1130; x_wconf 90' lang='lat' dir='ltr'>recusant,</span> 
     </span>
    </p>
   </div>
   <div class='ocr_carea' id='block_1_72' title="bbox 2038 1153 3387 1226">
    <p class='ocr_par' dir='ltr' id='par_1_72' title="bbox 2038 1153 3387 1226">
     <span class='ocr_line' id='line_1_72' title="bbox 2038 1153 3387 1226; baseline -0.002 -17"><span class='ocrx_word' id='word_1_430' title='bbox 2038 1156 2174 1226; x_wconf 54' lang='lat' dir='ltr'>Quae</span> <span class='ocrx_word' id='word_1_431' title='bbox 2206 1154 2399 1209; x_wconf 89' lang='lat' dir='ltr'>festina</span> <span class='ocrx_word' id='word_1_432' title='bbox 2428 1168 2620 1206; x_wconf 91' lang='lat' dir='ltr'>manus</span> <span class='ocrx_word' id='word_1_433' title='bbox 2653 1168 2883 1209; x_wconf 90' lang='lat' dir='ltr'>currens</span> <span class='ocrx_word' id='word_1_434' title='bbox 2909 1153 3104 1208; x_wconf 90' lang='lat' dir='ltr'>intacta</span> <span class='ocrx_word' id='word_1_435' title='bbox 3152 1153 3387 1224; x_wconf 88' lang='lat' dir='ltr'>reliquit.</span> 
     </span>
    </p>
   </div>
   <div class='ocr_carea' id='block_1_73' title="bbox 2039 1241 3360 1316">
    <p class='ocr_par' dir='ltr' id='par_1_73' title="bbox 2039 1241 3360 1316">
     <span class='ocr_line' id='line_1_73' title="bbox 2039 1241 3360 1316; baseline -0.005 -15"><span class='ocrx_word' id='word_1_436' title='bbox 2039 1247 2402 1316; x_wconf 89' lang='lat' dir='ltr'>Experrectus</span> <span class='ocrx_word' id='word_1_437' title='bbox 2431 1243 2578 1308; x_wconf 90' lang='lat' dir='ltr'>item,</span> <span class='ocrx_word' id='word_1_438' title='bbox 2607 1243 2720 1310; x_wconf 89' lang='lat' dir='ltr'>jam</span> <span class='ocrx_word' id='word_1_439' title='bbox 2752 1258 2895 1297; x_wconf 67' lang='lat' dir='ltr'>caeca</span> <span class='ocrx_word' id='word_1_440' title='bbox 2925 1242 3140 1296; x_wconf 88' lang='lat' dir='ltr'>silentia</span> <span class='ocrx_word' id='word_1_441' title='bbox 3187 1241 3360 1298; x_wconf 89' lang='lat' dir='ltr'>noctis</span> 
     </span>
    </p>
   </div>
   <div class='ocr_carea' id='block_1_74' title="bbox 2040 1331 3355 1402">
    <p class='ocr_par' dir='ltr' id='par_1_74' title="bbox 2040 1331 3355 1402">
     <span class='ocr_line' id='line_1_74' title="bbox 2040 1331 3355 1402; baseline -0.004 -12"><span class='ocrx_word' id='word_1_442' title='bbox 2040 1334 2270 1390; x_wconf 87' lang='lat' dir='ltr'>Nuntius</span> <span class='ocrx_word' id='word_1_443' title='bbox 2301 1331 2540 1390; x_wconf 87' lang='lat' dir='ltr'>excussit</span> <span class='ocrx_word' id='word_1_444' title='bbox 2569 1331 2703 1387; x_wconf 92' lang='lat' dir='ltr'>lucis</span> <span class='ocrx_word' id='word_1_445' title='bbox 2733 1332 3041 1387; x_wconf 89' lang='lat' dir='ltr'>resonando</span> <span class='ocrx_word' id='word_1_446' title='bbox 3065 1349 3162 1402; x_wconf 89' lang='lat' dir='ltr'>per</span> <span class='ocrx_word' id='word_1_447' title='bbox 3189 1332 3355 1399; x_wconf 70' lang='lat' dir='ltr'>aedes,</span> 
     </span>
    </p>
   </div>
   <div class='ocr_carea' id='block_1_75' title="bbox 2031 1421 3389 1492">
    <p class='ocr_par' dir='ltr' id='par_1_75' title="bbox 2031 1421 3389 1492">
     <span class='ocr_line' id='line_1_75' title="bbox 2031 1421 3389 1492; baseline -0.004 -14"><span class='ocrx_word' id='word_1_448' title='bbox 2031 1423 2309 1479; x_wconf 84' lang='lat' dir='ltr'>Fratribus</span> <span class='ocrx_word' id='word_1_449' title='bbox 2367 1422 2574 1488; x_wconf 86' lang='lat' dir='ltr'>accitis,</span> <span class='ocrx_word' id='word_1_450' title='bbox 2609 1436 2744 1492; x_wconf 88' lang='lat' dir='ltr'>quos</span> <span class='ocrx_word' id='word_1_451' title='bbox 2775 1430 3126 1490; x_wconf 87' lang='lat' dir='ltr'>pernoctasse</span> <span class='ocrx_word' id='word_1_452' title='bbox 3153 1421 3389 1474; x_wconf 80' lang='lat' dir='ltr'>videbat.</span> 
     </span>
    </p>
   </div>
   <div class='ocr_carea' id='block_1_76' title="bbox 2029 1509 3382 1581">
    <p class='ocr_par' dir='ltr' id='par_1_76' title="bbox 2029 1509 3382 1581">
     <span class='ocr_line' id='line_1_76' title="bbox 2029 1509 3382 1581; baseline -0.004 -12"><span class='ocrx_word' id='word_1_453' title='bbox 2029 1512 2287 1569; x_wconf 84' lang='lat' dir='ltr'>Excubiis</span> <span class='ocrx_word' id='word_1_454' title='bbox 2319 1527 2530 1575; x_wconf 88' lang='lat' dir='ltr'>secum,</span> <span class='ocrx_word' id='word_1_455' title='bbox 2567 1510 2850 1580; x_wconf 86' lang='lat' dir='ltr'>trepidans</span> <span class='ocrx_word' id='word_1_456' title='bbox 2878 1511 3158 1581; x_wconf 89' lang='lat' dir='ltr'>multoque</span> <span class='ocrx_word' id='word_1_457' title='bbox 3189 1509 3382 1564; x_wconf 88' lang='lat' dir='ltr'>timore</span> 
     </span>
    </p>
   </div>
   <div class='ocr_carea' id='block_1_77' title="bbox 2037 1599 3354 1665">
    <p class='ocr_par' dir='ltr' id='par_1_77' title="bbox 2037 1599 3354 1665">
     <span class='ocr_line' id='line_1_77' title="bbox 2037 1599 3354 1665; baseline -0.002 -9"><span class='ocrx_word' id='word_1_458' title='bbox 2037 1603 2347 1665; x_wconf 89' lang='lat' dir='ltr'>Permotus,</span> <span class='ocrx_word' id='word_1_459' title='bbox 2380 1599 2576 1655; x_wconf 91' lang='lat' dir='ltr'>cecinit</span> <span class='ocrx_word' id='word_1_460' title='bbox 2608 1615 2836 1652; x_wconf 88' lang='lat' dir='ltr'>narrans</span> <span class='ocrx_word' id='word_1_461' title='bbox 2864 1615 2929 1653; x_wconf 90' lang='lat' dir='ltr'>ex</span> <span class='ocrx_word' id='word_1_462' title='bbox 2960 1600 3150 1654; x_wconf 91' lang='lat' dir='ltr'>ordine</span> <span class='ocrx_word' id='word_1_463' title='bbox 3179 1600 3354 1653; x_wconf 85' lang='lat' dir='ltr'>visum</span> 
     </span>
    </p>
   </div>
   <div class='ocr_carea' id='block_1_78' title="bbox 2036 1687 3388 1760">
    <p class='ocr_par' dir='ltr' id='par_1_78' title="bbox 2036 1687 3388 1760">
     <span class='ocr_line' id='line_1_78' title="bbox 2036 1687 3388 1760; baseline -0.001 -15"><span class='ocrx_word' id='word_1_464' title='bbox 2036 1691 2430 1760; x_wconf 89' lang='lat' dir='ltr'>Secretumque</span> <span class='ocrx_word' id='word_1_465' title='bbox 2460 1688 2636 1743; x_wconf 88' lang='lat' dir='ltr'>latens</span> <span class='ocrx_word' id='word_1_466' title='bbox 2665 1687 2853 1742; x_wconf 87' lang='lat' dir='ltr'>avidas</span> <span class='ocrx_word' id='word_1_467' title='bbox 2893 1687 3080 1742; x_wconf 77' lang='lat' dir='ltr'>effudit</span> <span class='ocrx_word' id='word_1_468' title='bbox 3110 1689 3166 1742; x_wconf 92' lang='lat' dir='ltr'>in</span> <span class='ocrx_word' id='word_1_469' title='bbox 3207 1706 3388 1756; x_wconf 89' lang='lat' dir='ltr'>aures,</span> 
     </span>
    </p>
   </div>
   <div class='ocr_carea' id='block_1_79' title="bbox 1953 1776 3401 1852">
    <p class='ocr_par' dir='ltr' id='par_1_79' title="bbox 1953 1776 3401 1852">
     <span class='ocr_line' id='line_1_79' title="bbox 1953 1776 3401 1852; baseline 0.001 -19"><span class='ocrx_word' id='word_1_470' title='bbox 1953 1795 2005 1852; x_wconf 84' lang='grc' dir='ltr'>Β</span> <span class='ocrx_word' id='word_1_471' title='bbox 2038 1779 2214 1834; x_wconf 91' lang='lat' dir='ltr'>Poscit</span> <span class='ocrx_word' id='word_1_472' title='bbox 2244 1786 2296 1833; x_wconf 90' lang='lat' dir='ltr'>et</span> <span class='ocrx_word' id='word_1_473' title='bbox 2324 1786 2382 1830; x_wconf 93' lang='lat' dir='ltr'>ut</span> <span class='ocrx_word' id='word_1_474' title='bbox 2412 1776 2636 1832; x_wconf 88' lang='lat' dir='ltr'>veniens</span> <span class='ocrx_word' id='word_1_475' title='bbox 2663 1791 2946 1831; x_wconf 89' lang='lat' dir='ltr'>sermones</span> <span class='ocrx_word' id='word_1_476' title='bbox 2975 1778 3224 1847; x_wconf 90' lang='lat' dir='ltr'>protinus</span> <span class='ocrx_word' id='word_1_477' title='bbox 3254 1779 3401 1850; x_wconf 78' lang='lat' dir='ltr'>ipsos</span> 
     </span>
    </p>
   </div>
   <div class='ocr_carea' id='block_1_80' title="bbox 2041 1865 3418 1937">
    <p class='ocr_par' dir='ltr' id='par_1_80' title="bbox 2041 1865 3418 1937">
     <span class='ocr_line' id='line_1_80' title="bbox 2041 1865 3418 1937; baseline 0.001 -14"><span class='ocrx_word' id='word_1_478' title='bbox 2041 1868 2226 1923; x_wconf 82' lang='lat' dir='ltr'>Abbas</span> <span class='ocrx_word' id='word_1_479' title='bbox 2258 1867 2529 1937; x_wconf 90' lang='lat' dir='ltr'>excipere,</span> <span class='ocrx_word' id='word_1_480' title='bbox 2564 1873 2615 1920; x_wconf 89' lang='lat' dir='ltr'>et</span> <span class='ocrx_word' id='word_1_481' title='bbox 2645 1865 2850 1936; x_wconf 88' lang='lat' dir='ltr'>scripto</span> <span class='ocrx_word' id='word_1_482' title='bbox 2879 1867 3143 1922; x_wconf 89' lang='lat' dir='ltr'>mandare</span> <span class='ocrx_word' id='word_1_483' title='bbox 3179 1869 3418 1935; x_wconf 89' lang='lat' dir='ltr'>juberet.</span> 
     </span>
    </p>
   </div>
   <div class='ocr_carea' id='block_1_81' title="bbox 2039 1956 3464 2028">
    <p class='ocr_par' dir='ltr' id='par_1_81' title="bbox 2039 1956 3464 2028">
     <span class='ocr_line' id='line_1_81' title="bbox 2039 1956 3464 2028; baseline 0.001 -17"><span class='ocrx_word' id='word_1_484' title='bbox 2039 1957 2260 2011; x_wconf 89' lang='lat' dir='ltr'>Talibus</span> <span class='ocrx_word' id='word_1_485' title='bbox 2291 1963 2525 2010; x_wconf 88' lang='lat' dir='ltr'>astantes</span> <span class='ocrx_word' id='word_1_486' title='bbox 2557 1963 2908 2025; x_wconf 90' lang='lat' dir='ltr'>compescunt</span> <span class='ocrx_word' id='word_1_487' title='bbox 2938 1956 3104 2009; x_wconf 89' lang='lat' dir='ltr'>verba</span> <span class='ocrx_word' id='word_1_488' title='bbox 3132 1956 3401 2028; x_wconf 88' lang='lat' dir='ltr'>loquentis</span> <span class='ocrx_word' id='word_1_489' title='bbox 3451 1975 3464 2028; x_wconf 88' lang='lat'>;</span> 
     </span>
    </p>
   </div>
   <div class='ocr_carea' id='block_1_82' title="bbox 2038 2043 3528 2116">
    <p class='ocr_par' dir='ltr' id='par_1_82' title="bbox 2038 2043 3528 2116">
     <span class='ocr_line' id='line_1_82' title="bbox 2038 2043 3528 2116; baseline 0.002 -15"><span class='ocrx_word' id='word_1_490' title='bbox 2038 2047 2197 2101; x_wconf 88' lang='lat' dir='ltr'>Nunc</span> <span class='ocrx_word' id='word_1_491' title='bbox 2228 2045 2388 2100; x_wconf 90' lang='lat' dir='ltr'>solito</span> <span class='ocrx_word' id='word_1_492' title='bbox 2416 2043 2610 2098; x_wconf 87' lang='lat' dir='ltr'>fratres</span> <span class='ocrx_word' id='word_1_493' title='bbox 2640 2044 2968 2098; x_wconf 89' lang='lat' dir='ltr'>meditantur</span> <span class='ocrx_word' id='word_1_494' title='bbox 2997 2045 3052 2098; x_wconf 93' lang='lat' dir='ltr'>in</span> <span class='ocrx_word' id='word_1_495' title='bbox 3093 2047 3285 2101; x_wconf 90' lang='lat' dir='ltr'>ordine</span> <span class='ocrx_word' id='word_1_496' title='bbox 3331 2050 3528 2116; x_wconf 89' lang='lat' dir='ltr'>noctis,</span> 
     </span>
    </p>
   </div>
   <div class='ocr_carea' id='block_1_83' title="bbox 2040 2133 3631 2205">
    <p class='ocr_par' dir='ltr' id='par_1_83' title="bbox 2040 2133 3631 2205">
     <span class='ocr_line' id='line_1_83' title="bbox 2040 2133 3631 2205; baseline 0.002 -14"><span class='ocrx_word' id='word_1_497' title='bbox 2040 2135 2471 2205; x_wconf 89' lang='lat' dir='ltr'>Incumbuntque</span> <span class='ocrx_word' id='word_1_498' title='bbox 2487 2133 2656 2204; x_wconf 89' lang='lat' dir='ltr'>preci,</span> <span class='ocrx_word' id='word_1_499' title='bbox 2683 2148 2828 2188; x_wconf 92' lang='lat' dir='ltr'>nunc</span> <span class='ocrx_word' id='word_1_500' title='bbox 2849 2133 3082 2188; x_wconf 87' lang='lat' dir='ltr'>claustra</span> <span class='ocrx_word' id='word_1_501' title='bbox 3096 2135 3257 2190; x_wconf 91' lang='lat' dir='ltr'>silere</span> <span class='ocrx_word' id='word_1_502' title='bbox 3274 2152 3503 2194; x_wconf 89' lang='lat' dir='ltr'>necesse</span> <span class='ocrx_word' id='word_1_503' title='bbox 3520 2148 3599 2194; x_wconf 84' lang='lat' dir='ltr'>est</span> <span class='ocrx_word' id='word_1_504' title='bbox 3617 2159 3631 2205; x_wconf 90' lang='lat'><strong>;</strong></span> 
     </span>
    </p>
   </div>
   <div class='ocr_carea' id='block_1_84' title="bbox 2043 2223 3422 2290">
    <p class='ocr_par' dir='ltr' id='par_1_84' title="bbox 2043 2223 3422 2290">
     <span class='ocr_line' id='line_1_84' title="bbox 2043 2223 3422 2290; baseline 0 -9"><span class='ocrx_word' id='word_1_505' title='bbox 2043 2228 2167 2281; x_wconf 83' lang='lat' dir='ltr'>Non</span> <span class='ocrx_word' id='word_1_506' title='bbox 2198 2225 2462 2279; x_wconf 88' lang='lat' dir='ltr'>audemus</span> <span class='ocrx_word' id='word_1_507' title='bbox 2487 2223 2631 2277; x_wconf 89' lang='lat' dir='ltr'>enim</span> <span class='ocrx_word' id='word_1_508' title='bbox 2661 2238 2762 2277; x_wconf 90' lang='lat' dir='ltr'>nos</span> <span class='ocrx_word' id='word_1_509' title='bbox 2790 2224 2904 2278; x_wconf 71' lang='lat' dir='ltr'>hzec</span> <span class='ocrx_word' id='word_1_510' title='bbox 2936 2223 3176 2290; x_wconf 88' lang='lat' dir='ltr'>turbare,</span> <span class='ocrx_word' id='word_1_511' title='bbox 3213 2225 3297 2279; x_wconf 90' lang='lat' dir='ltr'>vel</span> <span class='ocrx_word' id='word_1_512' title='bbox 3327 2227 3422 2281; x_wconf 91' lang='lat' dir='ltr'>illi.</span> 
     </span>
    </p>
   </div>
   <div class='ocr_carea' id='block_1_85' title="bbox 2043 2312 3214 2384">
    <p class='ocr_par' dir='ltr' id='par_1_85' title="bbox 2043 2312 3214 2384">
     <span class='ocr_line' id='line_1_85' title="bbox 2043 2312 3214 2384; baseline -0.002 -14"><span class='ocrx_word' id='word_1_513' title='bbox 2043 2316 2174 2383; x_wconf 88' lang='lat' dir='ltr'>Vos,</span> <span class='ocrx_word' id='word_1_514' title='bbox 2207 2313 2300 2379; x_wconf 89' lang='lat' dir='ltr'>ait,</span> <span class='ocrx_word' id='word_1_515' title='bbox 2335 2313 2537 2367; x_wconf 89' lang='lat' dir='ltr'>interea</span> <span class='ocrx_word' id='word_1_516' title='bbox 2567 2312 2716 2366; x_wconf 92' lang='lat' dir='ltr'>molli</span> <span class='ocrx_word' id='word_1_517' title='bbox 2747 2312 3022 2384; x_wconf 89' lang='lat' dir='ltr'>depingite</span> <span class='ocrx_word' id='word_1_518' title='bbox 3068 2329 3214 2382; x_wconf 88' lang='lat' dir='ltr'>cera,</span> 
     </span>
    </p>
   </div>
   <div class='ocr_carea' id='block_1_86' title="bbox 2042 2400 3322 2475">
    <p class='ocr_par' dir='ltr' id='par_1_86' title="bbox 2042 2400 3322 2475">
     <span class='ocr_line' id='line_1_86' title="bbox 2042 2400 3322 2475; baseline -0.001 -16"><span class='ocrx_word' id='word_1_519' title='bbox 2042 2405 2110 2460; x_wconf 92' lang='lat' dir='ltr'>Ut</span> <span class='ocrx_word' id='word_1_520' title='bbox 2138 2402 2380 2475; x_wconf 83' lang='lat' dir='ltr'>fulgente</span> <span class='ocrx_word' id='word_1_521' title='bbox 2411 2401 2500 2455; x_wconf 91' lang='lat' dir='ltr'>die</span> <span class='ocrx_word' id='word_1_522' title='bbox 2530 2400 2688 2456; x_wconf 89' lang='lat' dir='ltr'>citius</span> <span class='ocrx_word' id='word_1_523' title='bbox 2716 2400 2997 2456; x_wconf 87' lang='lat' dir='ltr'>manifesta</span> <span class='ocrx_word' id='word_1_524' title='bbox 3026 2411 3322 2472; x_wconf 89' lang='lat' dir='ltr'>patescant,</span> 
     </span>
    </p>
   </div>
   <div class='ocr_carea' id='block_1_87' title="bbox 2039 2489 3328 2564">
    <p class='ocr_par' dir='ltr' id='par_1_87' title="bbox 2039 2489 3328 2564">
     <span class='ocr_line' id='line_1_87' title="bbox 2039 2489 3328 2564; baseline 0 -18"><span class='ocrx_word' id='word_1_525' title='bbox 2039 2493 2122 2547; x_wconf 90' lang='lat' dir='ltr'>Ne</span> <span class='ocrx_word' id='word_1_526' title='bbox 2152 2493 2341 2564; x_wconf 88' lang='lat' dir='ltr'>lingua</span> <span class='ocrx_word' id='word_1_527' title='bbox 2370 2499 2618 2560; x_wconf 90' lang='lat' dir='ltr'>torpente</span> <span class='ocrx_word' id='word_1_528' title='bbox 2649 2489 2826 2560; x_wconf 89' lang='lat' dir='ltr'>palam</span> <span class='ocrx_word' id='word_1_529' title='bbox 2857 2490 3184 2560; x_wconf 88' lang='lat' dir='ltr'>depromere</span> <span class='ocrx_word' id='word_1_530' title='bbox 3215 2493 3328 2548; x_wconf 90' lang='lat' dir='ltr'>visa</span> 
     </span>
    </p>
   </div>
   <div class='ocr_carea' id='block_1_88' title="bbox 2040 2579 3542 2651">
    <p class='ocr_par' dir='ltr' id='par_1_88' title="bbox 2040 2579 3542 2651">
     <span class='ocr_line' id='line_1_88' title="bbox 2040 2579 3542 2651; baseline 0.003 -16"><span class='ocrx_word' id='word_1_531' title='bbox 2040 2582 2160 2636; x_wconf 90' lang='lat' dir='ltr'>Non</span> <span class='ocrx_word' id='word_1_532' title='bbox 2188 2579 2416 2651; x_wconf 89' lang='lat' dir='ltr'>possim,</span> <span class='ocrx_word' id='word_1_533' title='bbox 2452 2595 2574 2651; x_wconf 64' lang='lat' dir='ltr'>qua:</span> <span class='ocrx_word' id='word_1_534' title='bbox 2603 2586 2709 2632; x_wconf 88' lang='lat' dir='ltr'>tam</span> <span class='ocrx_word' id='word_1_535' title='bbox 2740 2579 2938 2651; x_wconf 89' lang='lat' dir='ltr'>grandi</span> <span class='ocrx_word' id='word_1_536' title='bbox 2968 2579 3069 2633; x_wconf 91' lang='lat' dir='ltr'>sub</span> <span class='ocrx_word' id='word_1_537' title='bbox 3099 2581 3243 2636; x_wconf 86' lang='lat' dir='ltr'>mole</span> <span class='ocrx_word' id='word_1_538' title='bbox 3268 2583 3542 2638; x_wconf 88' lang='lat' dir='ltr'>minarum</span> 
     </span>
    </p>
   </div>
   <div class='ocr_carea' id='block_1_89' title="bbox 2041 2667 3383 2738">
    <p class='ocr_par' dir='ltr' id='par_1_89' title="bbox 2041 2667 3383 2738">
     <span class='ocr_line' id='line_1_89' title="bbox 2041 2667 3383 2738; baseline 0 -13"><span class='ocrx_word' id='word_1_539' title='bbox 2041 2671 2173 2725; x_wconf 93' lang='lat' dir='ltr'>Sunt</span> <span class='ocrx_word' id='word_1_540' title='bbox 2203 2669 2437 2738; x_wconf 89' lang='lat' dir='ltr'>injuncta</span> <span class='ocrx_word' id='word_1_541' title='bbox 2466 2667 2616 2733; x_wconf 90' lang='lat' dir='ltr'>mihi,</span> <span class='ocrx_word' id='word_1_542' title='bbox 2651 2667 2936 2722; x_wconf 89' lang='lat' dir='ltr'>manifesta</span> <span class='ocrx_word' id='word_1_543' title='bbox 2966 2683 3098 2722; x_wconf 91' lang='lat' dir='ltr'>voce</span> <span class='ocrx_word' id='word_1_544' title='bbox 3139 2671 3383 2726; x_wconf 89' lang='lat' dir='ltr'>canenda</span> 
     </span>
    </p>
   </div>
   <div class='ocr_carea' id='block_1_90' title="bbox 2039 2756 3280 2828">
    <p class='ocr_par' dir='ltr' id='par_1_90' title="bbox 2039 2756 3280 2828">
     <span class='ocr_line' id='line_1_90' title="bbox 2039 2756 3280 2828; baseline 0 -14"><span class='ocrx_word' id='word_1_545' title='bbox 2039 2760 2107 2814; x_wconf 87' lang='lat' dir='ltr'>Et</span> <span class='ocrx_word' id='word_1_546' title='bbox 2135 2758 2344 2815; x_wconf 89' lang='lat' dir='ltr'>cunctis</span> <span class='ocrx_word' id='word_1_547' title='bbox 2375 2757 2578 2828; x_wconf 89' lang='lat' dir='ltr'>liquido</span> <span class='ocrx_word' id='word_1_548' title='bbox 2610 2756 2765 2812; x_wconf 89' lang='lat' dir='ltr'>citius</span> <span class='ocrx_word' id='word_1_549' title='bbox 2815 2757 3048 2812; x_wconf 88' lang='lat' dir='ltr'>dicenda</span> <span class='ocrx_word' id='word_1_550' title='bbox 3094 2758 3280 2814; x_wconf 88' lang='lat' dir='ltr'>boatu.</span> 
     </span>
    </p>
   </div>
   <div class='ocr_carea' id='block_1_91' title="bbox 2041 2845 3458 2920">
    <p class='ocr_par' dir='ltr' id='par_1_91' title="bbox 2041 2845 3458 2920">
     <span class='ocr_line' id='line_1_91' title="bbox 2041 2845 3458 2920; baseline 0 -16"><span class='ocrx_word' id='word_1_551' title='bbox 2041 2849 2112 2905; x_wconf 91' lang='lat' dir='ltr'>Ut</span> <span class='ocrx_word' id='word_1_552' title='bbox 2137 2848 2356 2902; x_wconf 88' lang='lat' dir='ltr'>timeam</span> <span class='ocrx_word' id='word_1_553' title='bbox 2384 2847 2430 2900; x_wconf 93' lang='lat' dir='ltr'>si</span> <span class='ocrx_word' id='word_1_554' title='bbox 2459 2845 2598 2902; x_wconf 87' lang='lat' dir='ltr'>forte</span> <span class='ocrx_word' id='word_1_555' title='bbox 2630 2854 2816 2901; x_wconf 89' lang='lat' dir='ltr'>tacens</span> <span class='ocrx_word' id='word_1_556' title='bbox 2847 2846 3107 2901; x_wconf 90' lang='lat' dir='ltr'>dimisero</span> <span class='ocrx_word' id='word_1_557' title='bbox 3139 2848 3458 2920; x_wconf 88' lang='lat' dir='ltr'>quidquam,</span> 
     </span>
    </p>
   </div>
   <div class='ocr_carea' id='block_1_92' title="bbox 2043 2935 3501 3009">
    <p class='ocr_par' dir='ltr' id='par_1_92' title="bbox 2043 2935 3501 3009">
     <span class='ocr_line' id='line_1_92' title="bbox 2043 2935 3501 3009; baseline 0.002 -18"><span class='ocrx_word' id='word_1_558' title='bbox 2043 2938 2128 2993; x_wconf 84' lang='lat' dir='ltr'>Me</span> <span class='ocrx_word' id='word_1_559' title='bbox 2154 2937 2364 2992; x_wconf 89' lang='lat' dir='ltr'>veniam</span> <span class='ocrx_word' id='word_1_560' title='bbox 2396 2951 2499 2991; x_wconf 90' lang='lat' dir='ltr'>nec</span> <span class='ocrx_word' id='word_1_561' title='bbox 2528 2935 2752 3001; x_wconf 90' lang='lat' dir='ltr'>habere,</span> <span class='ocrx_word' id='word_1_562' title='bbox 2787 2935 2944 3005; x_wconf 89' lang='lat' dir='ltr'>gravi</span> <span class='ocrx_word' id='word_1_563' title='bbox 2975 2937 3278 3009; x_wconf 89' lang='lat' dir='ltr'>stringente</span> <span class='ocrx_word' id='word_1_564' title='bbox 3325 2947 3501 2994; x_wconf 89' lang='lat' dir='ltr'>reatu.</span> 
     </span>
    </p>
   </div>
   <div class='ocr_carea' id='block_1_93' title="bbox 2043 3024 3330 3097">
    <p class='ocr_par' dir='ltr' id='par_1_93' title="bbox 2043 3024 3330 3097">
     <span class='ocr_line' id='line_1_93' title="bbox 2043 3024 3330 3097; baseline 0.001 -16"><span class='ocrx_word' id='word_1_565' title='bbox 2043 3026 2239 3082; x_wconf 91' lang='lat' dir='ltr'>Ultima</span> <span class='ocrx_word' id='word_1_566' title='bbox 2267 3025 2534 3097; x_wconf 67' lang='lat' dir='ltr'>virginea:</span> <span class='ocrx_word' id='word_1_567' title='bbox 2562 3024 2735 3079; x_wconf 70' lang='lat' dir='ltr'>turba:</span> <span class='ocrx_word' id='word_1_568' title='bbox 2763 3024 3085 3080; x_wconf 89' lang='lat' dir='ltr'>intercessio</span> <span class='ocrx_word' id='word_1_569' title='bbox 3129 3036 3330 3082; x_wconf 91' lang='lat' dir='ltr'>memet</span> 
     </span>
    </p>
   </div>
   <div class='ocr_carea' id='block_1_94' title="bbox 2043 3114 3438 3188">
    <p class='ocr_par' dir='ltr' id='par_1_94' title="bbox 2043 3114 3438 3188">
     <span class='ocr_line' id='line_1_94' title="bbox 2043 3114 3438 3188; baseline 0.001 -17"><span class='ocrx_word' id='word_1_570' title='bbox 2043 3114 2217 3187; x_wconf 86' lang='lat' dir='ltr'>Liquit</span> <span class='ocrx_word' id='word_1_571' title='bbox 2244 3115 2298 3169; x_wconf 91' lang='lat' dir='ltr'>in</span> <span class='ocrx_word' id='word_1_572' title='bbox 2327 3114 2549 3185; x_wconf 89' lang='lat' dir='ltr'>ancipiti</span> <span class='ocrx_word' id='word_1_573' title='bbox 2579 3114 2845 3184; x_wconf 85' lang='lat' dir='ltr'>positum;</span> <span class='ocrx_word' id='word_1_574' title='bbox 2871 3130 2997 3168; x_wconf 91' lang='lat' dir='ltr'>nam</span> <span class='ocrx_word' id='word_1_575' title='bbox 3016 3116 3200 3171; x_wconf 89' lang='lat' dir='ltr'>nescio</span> <span class='ocrx_word' id='word_1_576' title='bbox 3223 3117 3438 3188; x_wconf 87' lang='lat' dir='ltr'>qualem</span> 
     </span>
    </p>
   </div>
   <div class='ocr_carea' id='block_1_95' title="bbox 2056 3201 3362 3276">
    <p class='ocr_par' dir='ltr' id='par_1_95' title="bbox 2056 3201 3362 3276">
     <span class='ocr_line' id='line_1_95' title="bbox 2056 3201 3362 3276; baseline 0 -16"><span class='ocrx_word' id='word_1_577' title='bbox 2056 3205 2381 3276; x_wconf 79' lang='lat' dir='ltr'>implorasse</span> <span class='ocrx_word' id='word_1_578' title='bbox 2413 3205 2527 3258; x_wconf 88' lang='lat' dir='ltr'>Deo</span> <span class='ocrx_word' id='word_1_579' title='bbox 2556 3201 2720 3258; x_wconf 90' lang='lat' dir='ltr'>vitam</span> <span class='ocrx_word' id='word_1_580' title='bbox 2751 3211 3043 3272; x_wconf 61' lang='lat' dir='ltr'>prastante</span> <span class='ocrx_word' id='word_1_581' title='bbox 3091 3212 3362 3275; x_wconf 91' lang='lat' dir='ltr'>putemus,</span> 
     </span>
    </p>
   </div>
   <div class='ocr_carea' id='block_1_96' title="bbox 2049 3291 3496 3363">
    <p class='ocr_par' dir='ltr' id='par_1_96' title="bbox 2049 3291 3496 3363">
     <span class='ocr_line' id='line_1_96' title="bbox 2049 3291 3496 3363; baseline -0.001 -14"><span class='ocrx_word' id='word_1_582' title='bbox 2049 3295 2238 3349; x_wconf 90' lang='lat' dir='ltr'>Utrum</span> <span class='ocrx_word' id='word_1_583' title='bbox 2269 3301 2604 3363; x_wconf 88' lang='lat' dir='ltr'>perpetuam,</span> <span class='ocrx_word' id='word_1_584' title='bbox 2639 3291 2725 3346; x_wconf 88' lang='lat' dir='ltr'>vel</span> <span class='ocrx_word' id='word_1_585' title='bbox 2757 3293 3016 3362; x_wconf 90' lang='lat' dir='ltr'>temporis</span> <span class='ocrx_word' id='word_1_586' title='bbox 3048 3294 3202 3362; x_wconf 85' lang='lat' dir='ltr'>hujus</span> <span class='ocrx_word' id='word_1_587' title='bbox 3233 3310 3496 3350; x_wconf 89' lang='lat' dir='ltr'>amaram.</span> 
     </span>
    </p>
   </div>
   <div class='ocr_carea' id='block_1_97' title="bbox 2050 3381 3366 3451">
    <p class='ocr_par' dir='ltr' id='par_1_97' title="bbox 2050 3381 3366 3451">
     <span class='ocr_line' id='line_1_97' title="bbox 2050 3381 3366 3451; baseline 0.002 -14"><span class='ocrx_word' id='word_1_588' title='bbox 2050 3383 2105 3437; x_wconf 89' lang='lat' dir='ltr'>Si</span> <span class='ocrx_word' id='word_1_589' title='bbox 2135 3382 2266 3436; x_wconf 91' lang='lat' dir='ltr'>mihi</span> <span class='ocrx_word' id='word_1_590' title='bbox 2293 3381 2560 3436; x_wconf 88' lang='lat' dir='ltr'>defuerint</span> <span class='ocrx_word' id='word_1_591' title='bbox 2589 3381 2843 3451; x_wconf 67' lang='lat' dir='ltr'>praesenti</span> <span class='ocrx_word' id='word_1_592' title='bbox 2891 3383 3180 3438; x_wconf 89' lang='lat' dir='ltr'>commoda</span> <span class='ocrx_word' id='word_1_593' title='bbox 3223 3384 3366 3450; x_wconf 72' lang='lat' dir='ltr'>vitae,</span> 
     </span>
    </p>
   </div>
   <div class='ocr_carea' id='block_1_98' title="bbox 2048 3470 3541 3543">
    <p class='ocr_par' dir='ltr' id='par_1_98' title="bbox 2048 3470 3541 3543">
     <span class='ocr_line' id='line_1_98' title="bbox 2048 3470 3541 3543; baseline 0.001 -15"><span class='ocrx_word' id='word_1_594' title='bbox 2048 3473 2192 3528; x_wconf 89' lang='lat' dir='ltr'>Ecce</span> <span class='ocrx_word' id='word_1_595' title='bbox 2219 3470 2406 3542; x_wconf 91' lang='lat' dir='ltr'>procul</span> <span class='ocrx_word' id='word_1_596' title='bbox 2438 3470 2623 3539; x_wconf 89' lang='lat' dir='ltr'>dubio,</span> <span class='ocrx_word' id='word_1_597' title='bbox 2657 3479 2886 3526; x_wconf 88' lang='lat' dir='ltr'>mortem</span> <span class='ocrx_word' id='word_1_598' title='bbox 2917 3487 3041 3526; x_wconf 90' lang='lat' dir='ltr'>cras</span> <span class='ocrx_word' id='word_1_599' title='bbox 3072 3489 3267 3543; x_wconf 89' lang='lat' dir='ltr'>corpus</span> <span class='ocrx_word' id='word_1_600' title='bbox 3298 3473 3541 3530; x_wconf 89' lang='lat' dir='ltr'>habebit.</span> 
     </span>
    </p>
   </div>
   <div class='ocr_carea' id='block_1_99' title="bbox 2049 3559 3644 3632">
    <p class='ocr_par' dir='ltr' id='par_1_99' title="bbox 2049 3559 3644 3632">
     <span class='ocr_line' id='line_1_99' title="bbox 2049 3559 3644 3632; baseline 0.001 -17"><span class='ocrx_word' id='word_1_601' title='bbox 2049 3563 2168 3616; x_wconf 83' lang='lat' dir='ltr'>Dux</span> <span class='ocrx_word' id='word_1_602' title='bbox 2198 3576 2352 3615; x_wconf 90' lang='lat' dir='ltr'>meus</span> <span class='ocrx_word' id='word_1_603' title='bbox 2383 3561 2500 3615; x_wconf 75' lang='lat' dir='ltr'>haec</span> <span class='ocrx_word' id='word_1_604' title='bbox 2530 3559 2682 3627; x_wconf 85' lang='lat' dir='ltr'>dixit,</span> <span class='ocrx_word' id='word_1_605' title='bbox 2716 3560 2866 3629; x_wconf 89' lang='lat' dir='ltr'>cujus</span> <span class='ocrx_word' id='word_1_606' title='bbox 2897 3561 3026 3614; x_wconf 89' lang='lat' dir='ltr'>mihi</span> <span class='ocrx_word' id='word_1_607' title='bbox 3078 3562 3300 3632; x_wconf 90' lang='lat' dir='ltr'>sponsio</span> <span class='ocrx_word' id='word_1_608' title='bbox 3343 3571 3493 3618; x_wconf 88' lang='lat' dir='ltr'>certa</span> <span class='ocrx_word' id='word_1_609' title='bbox 3541 3572 3644 3618; x_wconf 91' lang='lat' dir='ltr'>est.</span> 
     </span>
    </p>
   </div>
   <div class='ocr_carea' id='block_1_100' title="bbox 2047 3648 3359 3721">
    <p class='ocr_par' dir='ltr' id='par_1_100' title="bbox 2047 3648 3359 3721">
     <span class='ocr_line' id='line_1_100' title="bbox 2047 3648 3359 3721; baseline 0.002 -17"><span class='ocrx_word' id='word_1_610' title='bbox 2047 3649 2144 3704; x_wconf 86' lang='lat' dir='ltr'>His</span> <span class='ocrx_word' id='word_1_611' title='bbox 2171 3649 2336 3720; x_wconf 87' lang='lat' dir='ltr'>igitur</span> <span class='ocrx_word' id='word_1_612' title='bbox 2368 3648 2548 3704; x_wconf 90' lang='lat' dir='ltr'>verbis</span> <span class='ocrx_word' id='word_1_613' title='bbox 2592 3648 2788 3704; x_wconf 91' lang='lat' dir='ltr'>fratres</span> <span class='ocrx_word' id='word_1_614' title='bbox 2835 3651 3079 3704; x_wconf 88' lang='lat' dir='ltr'>hortatus</span> <span class='ocrx_word' id='word_1_615' title='bbox 3116 3651 3359 3721; x_wconf 85' lang='lat' dir='ltr'>eosdem,</span> 
     </span>
    </p>
   </div>
   <div class='ocr_carea' id='block_1_101' title="bbox 2047 3738 3395 3812">
    <p class='ocr_par' dir='ltr' id='par_1_101' title="bbox 2047 3738 3395 3812">
     <span class='ocr_line' id='line_1_101' title="bbox 2047 3738 3395 3812; baseline 0.002 -19"><span class='ocrx_word' id='word_1_616' title='bbox 2047 3738 2358 3810; x_wconf 88' lang='lat' dir='ltr'>Expediens</span> <span class='ocrx_word' id='word_1_617' title='bbox 2386 3738 2583 3793; x_wconf 88' lang='lat' dir='ltr'>iterum</span> <span class='ocrx_word' id='word_1_618' title='bbox 2607 3739 2720 3807; x_wconf 86' lang='lat' dir='ltr'>jam</span> <span class='ocrx_word' id='word_1_619' title='bbox 2751 3738 2895 3794; x_wconf 91' lang='lat' dir='ltr'>dicta</span> <span class='ocrx_word' id='word_1_620' title='bbox 2925 3748 3172 3794; x_wconf 83' lang='lat' dir='ltr'>retexere</span> <span class='ocrx_word' id='word_1_621' title='bbox 3213 3741 3395 3812; x_wconf 69' lang='lat' dir='ltr'>erepit.</span> 
     </span>
    </p>
   </div>
   <div class='ocr_carea' id='block_1_102' title="bbox 2045 3827 3282 3900">
    <p class='ocr_par' dir='ltr' id='par_1_102' title="bbox 2045 3827 3282 3900">
     <span class='ocr_line' id='line_1_102' title="bbox 2045 3827 3282 3900; baseline 0.002 -19"><span class='ocrx_word' id='word_1_622' title='bbox 2045 3827 2125 3882; x_wconf 89' lang='lat' dir='ltr'>Illi</span> <span class='ocrx_word' id='word_1_623' title='bbox 2156 3827 2414 3883; x_wconf 89' lang='lat' dir='ltr'>continuo</span> <span class='ocrx_word' id='word_1_624' title='bbox 2435 3827 2634 3882; x_wconf 69' lang='lat' dir='ltr'>tabulae</span> <span class='ocrx_word' id='word_1_625' title='bbox 2663 3827 2994 3897; x_wconf 88' lang='lat' dir='ltr'>impressere</span> <span class='ocrx_word' id='word_1_626' title='bbox 3037 3828 3282 3900; x_wconf 89' lang='lat' dir='ltr'>liquenti.</span> 
     </span>
    </p>
   </div>
   <div class='ocr_carea' id='block_1_103' title="bbox 2046 3916 3354 3987">
    <p class='ocr_par' dir='ltr' id='par_1_103' title="bbox 2046 3916 3354 3987">
     <span class='ocr_line' id='line_1_103' title="bbox 2046 3916 3354 3987; baseline 0 -17"><span class='ocrx_word' id='word_1_627' title='bbox 2046 3916 2314 3971; x_wconf 89' lang='lat' dir='ltr'>Laudibus</span> <span class='ocrx_word' id='word_1_628' title='bbox 2344 3917 2553 3971; x_wconf 90' lang='lat' dir='ltr'>interea</span> <span class='ocrx_word' id='word_1_629' title='bbox 2583 3916 2799 3970; x_wconf 91' lang='lat' dir='ltr'>Domini</span> <span class='ocrx_word' id='word_1_630' title='bbox 2822 3917 2933 3984; x_wconf 88' lang='lat' dir='ltr'>jam</span> <span class='ocrx_word' id='word_1_631' title='bbox 2965 3917 3066 3971; x_wconf 90' lang='lat' dir='ltr'>rite</span> <span class='ocrx_word' id='word_1_632' title='bbox 3097 3918 3354 3987; x_wconf 87' lang='lat' dir='ltr'>peractis,</span> 
     </span>
    </p>
   </div>
   <div class='ocr_carea' id='block_1_104' title="bbox 2045 4004 3388 4070">
    <p class='ocr_par' dir='ltr' id='par_1_104' title="bbox 2045 4004 3388 4070">
     <span class='ocr_line' id='line_1_104' title="bbox 2045 4004 3388 4070; baseline 0 -12"><span class='ocrx_word' id='word_1_633' title='bbox 2045 4006 2225 4059; x_wconf 81' lang='lat' dir='ltr'>Abbas</span> <span class='ocrx_word' id='word_1_634' title='bbox 2253 4004 2550 4059; x_wconf 88' lang='lat' dir='ltr'>adveniens</span> <span class='ocrx_word' id='word_1_635' title='bbox 2581 4005 2700 4058; x_wconf 91' lang='lat' dir='ltr'>aliis</span> <span class='ocrx_word' id='word_1_636' title='bbox 2747 4005 3132 4060; x_wconf 89' lang='lat' dir='ltr'>comitantibus</span> <span class='ocrx_word' id='word_1_637' title='bbox 3188 4005 3388 4070; x_wconf 85' lang='lat' dir='ltr'>intrat;</span> 
     </span>
    </p>
   </div>
   <div class='ocr_carea' id='block_1_105' title="bbox 2039 4093 3504 4164">
    <p class='ocr_par' dir='ltr' id='par_1_105' title="bbox 2039 4093 3504 4164">
     <span class='ocr_line' id='line_1_105' title="bbox 2039 4093 3504 4164; baseline -0.001 -14"><span class='ocrx_word' id='word_1_638' title='bbox 2039 4095 2175 4150; x_wconf 84' lang='lat' dir='ltr'>Nam</span> <span class='ocrx_word' id='word_1_639' title='bbox 2207 4094 2398 4148; x_wconf 87' lang='lat' dir='ltr'>solitus</span> <span class='ocrx_word' id='word_1_640' title='bbox 2429 4093 2704 4164; x_wconf 84' lang='lat' dir='ltr'>compellit</span> <span class='ocrx_word' id='word_1_641' title='bbox 2732 4109 2884 4149; x_wconf 90' lang='lat' dir='ltr'>amor</span> <span class='ocrx_word' id='word_1_642' title='bbox 2912 4093 3160 4150; x_wconf 88' lang='lat' dir='ltr'>refovere</span> <span class='ocrx_word' id='word_1_643' title='bbox 3209 4095 3504 4163; x_wconf 90' lang='lat' dir='ltr'>jacentem,</span> 
     </span>
    </p>
   </div>
   <div class='ocr_carea' id='block_1_106' title="bbox 2043 4181 3477 4254">
    <p class='ocr_par' dir='ltr' id='par_1_106' title="bbox 2043 4181 3477 4254">
     <span class='ocr_line' id='line_1_106' title="bbox 2043 4181 3477 4254; baseline -0.001 -16"><span class='ocrx_word' id='word_1_644' title='bbox 2043 4184 2317 4239; x_wconf 82' lang='lat' dir='ltr'>Assistunt</span> <span class='ocrx_word' id='word_1_645' title='bbox 2346 4182 2584 4253; x_wconf 91' lang='lat' dir='ltr'>propius,</span> <span class='ocrx_word' id='word_1_646' title='bbox 2621 4190 2888 4238; x_wconf 90' lang='lat' dir='ltr'>secretum</span> <span class='ocrx_word' id='word_1_647' title='bbox 2934 4181 3180 4238; x_wconf 87' lang='lat' dir='ltr'>infirmus</span> <span class='ocrx_word' id='word_1_648' title='bbox 3238 4183 3477 4254; x_wconf 86' lang='lat' dir='ltr'>adeptat.</span> 
     </span>
    </p>
   </div>
   <div class='ocr_carea' id='block_1_107' title="bbox 2044 4271 3649 4345">
    <p class='ocr_par' dir='ltr' id='par_1_107' title="bbox 2044 4271 3649 4345">
     <span class='ocr_line' id='line_1_107' title="bbox 2044 4271 3649 4345; baseline -0.001 -17"><span class='ocrx_word' id='word_1_649' title='bbox 2044 4273 2342 4328; x_wconf 89' lang='lat' dir='ltr'>Discedunt</span> <span class='ocrx_word' id='word_1_650' title='bbox 2371 4271 2588 4344; x_wconf 89' lang='lat' dir='ltr'>reliqui,</span> <span class='ocrx_word' id='word_1_651' title='bbox 2621 4280 2902 4326; x_wconf 88' lang='lat' dir='ltr'>remanent</span> <span class='ocrx_word' id='word_1_652' title='bbox 2930 4272 3004 4326; x_wconf 91' lang='lat' dir='ltr'>ibi</span> <span class='ocrx_word' id='word_1_653' title='bbox 3063 4273 3302 4345; x_wconf 89' lang='lat' dir='ltr'>quinque</span> <span class='ocrx_word' id='word_1_654' title='bbox 3360 4273 3649 4343; x_wconf 82' lang='lat' dir='ltr'>sedentes,</span> 
     </span>
    </p>
   </div>
   <div class='ocr_carea' id='block_1_108' title="bbox 2039 4360 3518 4427">
    <p class='ocr_par' dir='ltr' id='par_1_108' title="bbox 2039 4360 3518 4427">
     <span class='ocr_line' id='line_1_108' title="bbox 2039 4360 3518 4427; baseline 0 -11"><span class='ocrx_word' id='word_1_655' title='bbox 2039 4361 2246 4416; x_wconf 89' lang='lat' dir='ltr'>Primus</span> <span class='ocrx_word' id='word_1_656' title='bbox 2275 4369 2390 4416; x_wconf 89' lang='lat' dir='ltr'>erat</span> <span class='ocrx_word' id='word_1_657' title='bbox 2418 4361 2596 4425; x_wconf 85' lang='lat' dir='ltr'>Hetto,</span> <span class='ocrx_word' id='word_1_658' title='bbox 2627 4360 2890 4415; x_wconf 87' lang='lat' dir='ltr'>Erbaldus</span> <span class='ocrx_word' id='word_1_659' title='bbox 2921 4361 3016 4416; x_wconf 90' lang='lat' dir='ltr'>fuit</span> <span class='ocrx_word' id='word_1_660' title='bbox 3048 4361 3173 4416; x_wconf 87' lang='lat' dir='ltr'>inde</span> <span class='ocrx_word' id='word_1_661' title='bbox 3224 4361 3518 4427; x_wconf 89' lang='lat' dir='ltr'>secundus,</span> 
     </span>
    </p>
   </div>
   <div class='ocr_carea' id='block_1_109' title="bbox 2038 4449 3491 4522">
    <p class='ocr_par' dir='ltr' id='par_1_109' title="bbox 2038 4449 3491 4522">
     <span class='ocr_line' id='line_1_109' title="bbox 2038 4449 3491 4522; baseline -0.001 -17"><span class='ocrx_word' id='word_1_662' title='bbox 2038 4452 2118 4505; x_wconf 88' lang='lat' dir='ltr'>De</span> <span class='ocrx_word' id='word_1_663' title='bbox 2146 4450 2341 4522; x_wconf 89' lang='lat' dir='ltr'>quibus</span> <span class='ocrx_word' id='word_1_664' title='bbox 2369 4450 2422 4503; x_wconf 89' lang='lat' dir='ltr'>in</span> <span class='ocrx_word' id='word_1_665' title='bbox 2454 4449 2644 4520; x_wconf 89' lang='lat' dir='ltr'>primis</span> <span class='ocrx_word' id='word_1_666' title='bbox 2671 4449 2914 4504; x_wconf 88' lang='lat' dir='ltr'>modicas</span> <span class='ocrx_word' id='word_1_667' title='bbox 2941 4451 3282 4506; x_wconf 89' lang='lat' dir='ltr'>conteximus</span> <span class='ocrx_word' id='word_1_668' title='bbox 3335 4450 3491 4516; x_wconf 84' lang='lat' dir='ltr'>odas,</span> 
     </span>
    </p>
   </div>
   <div class='ocr_carea' id='block_1_110' title="bbox 1966 4515 3505 4611">
    <p class='ocr_par' dir='ltr' id='par_1_110' title="bbox 1966 4515 3505 4611">
     <span class='ocr_line' id='line_1_110' title="bbox 1966 4515 3505 4611; baseline -0.001 -17"><span class='ocrx_word' id='word_1_669' title='bbox 1966 4515 2018 4573; x_wconf 80' lang='lat' dir='ltr'><strong>D</strong></span> <span class='ocrx_word' id='word_1_670' title='bbox 2048 4515 2262 4594; x_wconf 76' lang='lat' dir='ltr'>Tertius</span> <span class='ocrx_word' id='word_1_671' title='bbox 2291 4538 2408 4608; x_wconf 90' lang='lat' dir='ltr'>ipse</span> <span class='ocrx_word' id='word_1_672' title='bbox 2439 4515 2620 4593; x_wconf 78' lang='lat' dir='ltr'>tacens</span> <span class='ocrx_word' id='word_1_673' title='bbox 2651 4536 2677 4572; x_wconf 74' lang='grc' dir='ltr'><strong>ἀ</strong></span> <span class='ocrx_word' id='word_1_674' title='bbox 2709 4538 2952 4608; x_wconf 86' lang='lat' dir='ltr'>sapiente</span> <span class='ocrx_word' id='word_1_675' title='bbox 3005 4539 3174 4594; x_wconf 90' lang='lat' dir='ltr'>corde</span> <span class='ocrx_word' id='word_1_676' title='bbox 3222 4538 3505 4611; x_wconf 82' lang='lat' dir='ltr'>magister,</span> 
     </span>
    </p>
   </div>
   <div class='ocr_carea' id='block_1_111' title="bbox 2054 4627 3501 4698">
    <p class='ocr_par' dir='ltr' id='par_1_111' title="bbox 2054 4627 3501 4698">
     <span class='ocr_line' id='line_1_111' title="bbox 2054 4627 3501 4698; baseline 0 -16"><span class='ocrx_word' id='word_1_677' title='bbox 2054 4627 2285 4697; x_wconf 90' lang='lat' dir='ltr'>Quartus</span> <span class='ocrx_word' id='word_1_678' title='bbox 2315 4635 2426 4682; x_wconf 89' lang='lat' dir='ltr'>erat</span> <span class='ocrx_word' id='word_1_679' title='bbox 2455 4629 2653 4694; x_wconf 70' lang='lat' dir='ltr'>senior,</span> <span class='ocrx_word' id='word_1_680' title='bbox 2687 4627 2871 4681; x_wconf 91' lang='lat' dir='ltr'>multis</span> <span class='ocrx_word' id='word_1_681' title='bbox 2899 4637 3192 4698; x_wconf 89' lang='lat' dir='ltr'>provectus</span> <span class='ocrx_word' id='word_1_682' title='bbox 3218 4627 3274 4682; x_wconf 89' lang='lat' dir='ltr'>in</span> <span class='ocrx_word' id='word_1_683' title='bbox 3323 4627 3501 4682; x_wconf 87' lang='lat' dir='ltr'>annis.</span> 
     </span>
    </p>
   </div>
   <div class='ocr_carea' id='block_1_112' title="bbox 2052 4715 3538 4789">
    <p class='ocr_par' dir='ltr' id='par_1_112' title="bbox 2052 4715 3538 4789">
     <span class='ocr_line' id='line_1_112' title="bbox 2052 4715 3538 4789; baseline -0.001 -18"><span class='ocrx_word' id='word_1_684' title='bbox 2052 4718 2399 4789; x_wconf 87' lang='lat' dir='ltr'>Theganmar</span> <span class='ocrx_word' id='word_1_685' title='bbox 2429 4715 2645 4770; x_wconf 91' lang='lat' dir='ltr'>Domini</span> <span class='ocrx_word' id='word_1_686' title='bbox 2677 4715 2924 4782; x_wconf 89' lang='lat' dir='ltr'>famulus,</span> <span class='ocrx_word' id='word_1_687' title='bbox 2948 4716 3034 4772; x_wconf 91' lang='lat' dir='ltr'>cui</span> <span class='ocrx_word' id='word_1_688' title='bbox 3069 4717 3234 4789; x_wconf 89' lang='lat' dir='ltr'>longa</span> <span class='ocrx_word' id='word_1_689' title='bbox 3265 4724 3538 4780; x_wconf 89' lang='lat' dir='ltr'>senectus,</span> 
     </span>
    </p>
   </div>
   <div class='ocr_carea' id='block_1_113' title="bbox 2056 4805 3368 4872">
    <p class='ocr_par' dir='ltr' id='par_1_113' title="bbox 2056 4805 3368 4872">
     <span class='ocr_line' id='line_1_113' title="bbox 2056 4805 3368 4872; baseline -0.001 -12"><span class='ocrx_word' id='word_1_690' title='bbox 2056 4805 2290 4860; x_wconf 90' lang='lat' dir='ltr'>Contulit</span> <span class='ocrx_word' id='word_1_691' title='bbox 2315 4814 2520 4859; x_wconf 74' lang='lat' dir='ltr'>aeterno</span> <span class='ocrx_word' id='word_1_692' title='bbox 2550 4805 2891 4860; x_wconf 90' lang='lat' dir='ltr'>venerandos</span> <span class='ocrx_word' id='word_1_693' title='bbox 2923 4821 3148 4861; x_wconf 89' lang='lat' dir='ltr'>munere</span> <span class='ocrx_word' id='word_1_694' title='bbox 3180 4820 3368 4872; x_wconf 86' lang='lat' dir='ltr'>canos,</span> 
     </span>
    </p>
   </div>
   <div class='ocr_carea' id='block_1_114' title="bbox 2058 4893 3508 4965">
    <p class='ocr_par' dir='ltr' id='par_1_114' title="bbox 2058 4893 3508 4965">
     <span class='ocr_line' id='line_1_114' title="bbox 2058 4893 3508 4965; baseline -0.001 -17"><span class='ocrx_word' id='word_1_695' title='bbox 2058 4894 2290 4949; x_wconf 89' lang='lat' dir='ltr'>Grandis</span> <span class='ocrx_word' id='word_1_696' title='bbox 2317 4895 2492 4949; x_wconf 86' lang='lat' dir='ltr'>honor</span> <span class='ocrx_word' id='word_1_697' title='bbox 2520 4894 2730 4964; x_wconf 86' lang='lat' dir='ltr'>capitis,</span> <span class='ocrx_word' id='word_1_698' title='bbox 2763 4895 2938 4963; x_wconf 90' lang='lat' dir='ltr'>major</span> <span class='ocrx_word' id='word_1_699' title='bbox 2986 4893 3251 4965; x_wconf 90' lang='lat' dir='ltr'>sapientia</span> <span class='ocrx_word' id='word_1_700' title='bbox 3291 4894 3508 4956; x_wconf 88' lang='lat' dir='ltr'>mentis,</span> 
     </span>
    </p>
   </div>
   <div class='ocr_carea' id='block_1_115' title="bbox 2052 4981 3516 5055">
    <p class='ocr_par' dir='ltr' id='par_1_115' title="bbox 2052 4981 3516 5055">
     <span class='ocr_line' id='line_1_115' title="bbox 2052 4981 3516 5055; baseline -0.001 -18"><span class='ocrx_word' id='word_1_701' title='bbox 2052 4982 2343 5038; x_wconf 85' lang='lat' dir='ltr'>Confessor</span> <span class='ocrx_word' id='word_1_702' title='bbox 2369 4992 2390 5018; x_wconf 75' lang='grc' dir='ltr'><strong>ο</strong></span> <span class='ocrx_word' id='word_1_703' title='bbox 2419 4981 2658 5048; x_wconf 85' lang='lat' dir='ltr'>fratrum,</span> <span class='ocrx_word' id='word_1_704' title='bbox 2693 4999 2901 5055; x_wconf 88' lang='lat' dir='ltr'>gnarus</span> <span class='ocrx_word' id='word_1_705' title='bbox 2932 4982 3188 5038; x_wconf 87' lang='lat' dir='ltr'>conferre</span> <span class='ocrx_word' id='word_1_706' title='bbox 3228 4982 3516 5047; x_wconf 89' lang='lat' dir='ltr'>medelam,</span> 
     </span>
    </p>
   </div>
   <div class='ocr_carea' id='block_1_116' title="bbox 2059 5071 3493 5144">
    <p class='ocr_par' dir='ltr' id='par_1_116' title="bbox 2059 5071 3493 5144">
     <span class='ocr_line' id='line_1_116' title="bbox 2059 5071 3493 5144; baseline -0.001 -19"><span class='ocrx_word' id='word_1_707' title='bbox 2059 5072 2299 5128; x_wconf 84' lang='lat' dir='ltr'>Moribus</span> <span class='ocrx_word' id='word_1_708' title='bbox 2329 5071 2578 5144; x_wconf 90' lang='lat' dir='ltr'>antiquos</span> <span class='ocrx_word' id='word_1_709' title='bbox 2608 5071 2852 5142; x_wconf 87' lang='lat' dir='ltr'>sequitur</span> <span class='ocrx_word' id='word_1_710' title='bbox 2881 5072 2996 5126; x_wconf 89' lang='lat' dir='ltr'>sine</span> <span class='ocrx_word' id='word_1_711' title='bbox 3026 5071 3252 5127; x_wconf 88' lang='lat' dir='ltr'>crimine</span> <span class='ocrx_word' id='word_1_712' title='bbox 3285 5078 3493 5142; x_wconf 87' lang='lat' dir='ltr'>patres.</span> 
     </span>
    </p>
   </div>
   <div class='ocr_carea' id='block_1_117' title="bbox 2194 5284 2666 5330">
    <p class='ocr_par' dir='ltr' id='par_1_117' title="bbox 2194 5284 2666 5330">
     <span class='ocr_line' id='line_1_117' title="bbox 2194 5284 2666 5330; baseline 0 -3"><span class='ocrx_word' id='word_1_713' title='bbox 2194 5292 2211 5314; x_wconf 73' lang='grc' dir='ltr'>ο</span> <span class='ocrx_word' id='word_1_714' title='bbox 2239 5287 2422 5330; x_wconf 80' lang='lat' dir='ltr'>Versus</span> <span class='ocrx_word' id='word_1_715' title='bbox 2449 5284 2666 5330; x_wconf 86' lang='lat' dir='ltr'>mutilus.</span> 
     </span>
    </p>
   </div>
   <div class='ocr_carea' id='block_1_118' title="bbox 2118 5398 3657 5455">
    <p class='ocr_par' dir='ltr' id='par_1_118' title="bbox 2118 5398 3657 5455">
     <span class='ocr_line' id='line_1_118' title="bbox 2118 5398 3657 5455; baseline -0.001 -9"><span class='ocrx_word' id='word_1_716' title='bbox 2118 5402 2135 5430; x_wconf 74' lang='grc' dir='ltr'>ά</span> <span class='ocrx_word' id='word_1_717' title='bbox 2158 5402 2228 5446; x_wconf 73' lang='lat' dir='ltr'>An</span> <span class='ocrx_word' id='word_1_718' title='bbox 2256 5401 2321 5446; x_wconf 88' lang='lat' dir='ltr'>sit</span> <span class='ocrx_word' id='word_1_719' title='bbox 2347 5410 2527 5445; x_wconf 85' lang='lat' dir='ltr'>nomen</span> <span class='ocrx_word' id='word_1_720' title='bbox 2561 5400 2832 5455; x_wconf 74' lang='lat' dir='ltr'>pruprium,</span> <span class='ocrx_word' id='word_1_721' title='bbox 2857 5410 2919 5444; x_wconf 90' lang='lat' dir='ltr'>an</span> <span class='ocrx_word' id='word_1_722' title='bbox 2952 5399 3368 5455; x_wconf 85' lang='lat' dir='ltr'>metaphoricum,</span> <span class='ocrx_word' id='word_1_723' title='bbox 3407 5398 3657 5444; x_wconf 85' lang='lat' dir='ltr'>allusione</span> 
     </span>
    </p>
   </div>
   <div class='ocr_carea' id='block_1_119' title="bbox 2064 5471 3373 5528">
    <p class='ocr_par' dir='ltr' id='par_1_119' title="bbox 2064 5471 3373 5528">
     <span class='ocr_line' id='line_1_119' title="bbox 2064 5471 3373 5528; baseline -0.002 -11"><span class='ocrx_word' id='word_1_724' title='bbox 2064 5471 2190 5517; x_wconf 77' lang='lat' dir='ltr'>facta</span> <span class='ocrx_word' id='word_1_725' title='bbox 2216 5483 2243 5516; x_wconf 88' lang='lat' dir='ltr'>a</span> <span class='ocrx_word' id='word_1_726' title='bbox 2267 5472 2538 5517; x_wconf 77' lang='lat' dir='ltr'>Walafrido</span> <span class='ocrx_word' id='word_1_727' title='bbox 2561 5472 2653 5527; x_wconf 86' lang='lat' dir='ltr'>ipsi</span> <span class='ocrx_word' id='word_1_728' title='bbox 2679 5471 2911 5524; x_wconf 87' lang='lat' dir='ltr'>inditum,</span> <span class='ocrx_word' id='word_1_729' title='bbox 2932 5483 3029 5517; x_wconf 92' lang='lat' dir='ltr'>non</span> <span class='ocrx_word' id='word_1_730' title='bbox 3055 5471 3226 5528; x_wconf 88' lang='lat' dir='ltr'>liquet.</span> <span class='ocrx_word' id='word_1_731' title='bbox 3250 5474 3373 5516; x_wconf 68' lang='lat' dir='ltr'>Mn.</span> 
     </span>
    </p>
   </div>
   <div class='ocr_carea' id='block_1_120' title="bbox 2117 5577 3658 5636">
    <p class='ocr_par' dir='ltr' id='par_1_120' title="bbox 2117 5577 3658 5636">
     <span class='ocr_line' id='line_1_120' title="bbox 2117 5577 3658 5636; baseline -0.001 -12"><span class='ocrx_word' id='word_1_732' title='bbox 2117 5588 2132 5611; x_wconf 78' lang='grc' dir='ltr'><strong>σ</strong></span> <span class='ocrx_word' id='word_1_733' title='bbox 2155 5581 2209 5624; x_wconf 84' lang='lat' dir='ltr'>in</span> <span class='ocrx_word' id='word_1_734' title='bbox 2231 5589 2536 5636; x_wconf 89' lang='lat' dir='ltr'>unoquoque</span> <span class='ocrx_word' id='word_1_735' title='bbox 2562 5578 2869 5624; x_wconf 74' lang='lat' dir='ltr'>monasterio</span> <span class='ocrx_word' id='word_1_736' title='bbox 2907 5589 3039 5624; x_wconf 90' lang='lat' dir='ltr'>unus</span> <span class='ocrx_word' id='word_1_737' title='bbox 3059 5578 3212 5624; x_wconf 83' lang='lat' dir='ltr'>frater</span> <span class='ocrx_word' id='word_1_738' title='bbox 3231 5577 3530 5634; x_wconf 79' lang='lat' dir='ltr'>designatus</span> <span class='ocrx_word' id='word_1_739' title='bbox 3550 5583 3658 5624; x_wconf 87' lang='lat' dir='ltr'>erat</span> 
     </span>
    </p>
   </div>
   <div class='ocr_carea' id='block_1_121' title="bbox 2067 5649 3190 5708">
    <p class='ocr_par' dir='ltr' id='par_1_121' title="bbox 2067 5649 3190 5708">
     <span class='ocr_line' id='line_1_121' title="bbox 2067 5649 3190 5708; baseline 0 -14"><span class='ocrx_word' id='word_1_740' title='bbox 2067 5650 2127 5695; x_wconf 87' lang='lat' dir='ltr'>ad</span> <span class='ocrx_word' id='word_1_741' title='bbox 2150 5650 2465 5708; x_wconf 82' lang='lat' dir='ltr'>recipiendas</span> <span class='ocrx_word' id='word_1_742' title='bbox 2493 5649 2842 5696; x_wconf 84' lang='lat' dir='ltr'>confessiones</span> <span class='ocrx_word' id='word_1_743' title='bbox 2867 5649 3090 5696; x_wconf 85' lang='lat' dir='ltr'>fratrum.</span> <span class='ocrx_word' id='word_1_744' title='bbox 3123 5651 3190 5695; x_wconf 79' lang='lat' dir='ltr'>In.</span> 
     </span>
    </p>
   </div>
  </div>
