4024 6194
338 337 469 389 1081

345 459 580 528 Quintus
611 459 766 513 adest
794 458 970 522 Tatto,
1005 456 1091 512 cui
1122 455 1295 527 gratia
1320 470 1522 528 magna
1551 455 1788 526 benigno

347 548 586 604 Contulit
619 547 848 602 eximios
878 547 1002 601 vita:
1029 545 1334 616 perducere
1360 560 1542 599 mores
1563 587 1576 610 ,

347 639 558 707 Nempe
588 637 856 706 palatinas
884 651 1024 706 puer
1052 644 1134 690 est
1163 633 1456 689 translatus
1486 634 1556 688 ad
1587 633 1762 702 aulas,

349 726 460 782 Sed
489 725 692 780 Christi
721 725 936 779 fervore
967 725 1132 793 cales,
1163 723 1419 779 mercede
1450 723 1670 778 sodales

349 814 567 871 Servilii
597 813 843 885 gaudere
873 829 1002 867 suos
1032 812 1255 877 dimisit,
1291 820 1345 866 et
1373 811 1515 866 istud

348 903 671 958 Ccenobium
699 901 1035 974 ingrediens,
1068 901 1393 956 monachum
1425 916 1484 954 se
1522 898 1646 971 lege
1665 899 1876 972 ligavit,

343 994 461 1048 Hoc
490 992 758 1060 recolens,
793 993 939 1063 quod
969 991 1144 1062 prima
1170 991 1304 1045 inibi
1336 991 1666 1046 documenta
1683 988 1910 1059 recepit,

345 1083 446 1136 Est
474 1081 745 1152 hodieque
776 1081 1004 1152 probus,
1041 1079 1189 1146 felix,
1223 1078 1558 1150 spectabilis,
1593 1086 1770 1149 aptus.

348 1170 578 1225 Gaudeo
608 1170 754 1242 quod
783 1169 873 1223 tali
901 1185 1122 1224 mereor
1152 1184 1350 1240 parere
1382 1168 1643 1240 magistro
1669 1210 1681 1231 ,

351 1261 517 1329 Cujus
549 1259 620 1314 ob
643 1258 902 1312 auxilium
931 1274 1174 1330 prmsens
1203 1273 1290 1312 me
1320 1258 1557 1312 continet
1586 1265 1734 1311 aetas.

346 1349 444 1404 His
475 1349 674 1404 etenim
707 1346 884 1419 quinis
914 1347 1031 1401 visa
1063 1355 1226 1418 atque
1258 1347 1441 1401 audita
1472 1352 1714 1416 patenter

346 1439 404 1492 1n
435 1437 616 1492 verbis
648 1437 961 1508 scriptoque
993 1436 1152 1490 simul
1185 1435 1331 1507 quod
1357 1442 1516 1490 nocte
1549 1432 1750 1488 notavit

346 1526 534 1582 Veloci
564 1534 820 1581 currente
849 1541 1036 1595 manu,
1067 1524 1339 1580 narrando
1369 1524 1633 1594 resignat.

348 1617 417 1672 Et
447 1631 680 1688 surgens
711 1622 1019 1686 prostratus
1052 1614 1220 1679 humi,
1255 1613 1547 1668 commissa
1578 1610 1772 1666 remitti

348 1704 546 1768 Poscit,
579 1711 632 1758 et
662 1711 885 1759 orantes
917 1702 1206 1758 Dominum
1236 1702 1457 1772 placare
1489 1708 1786 1755 tonantem.

350 1792 750 1849 Commendans
780 1807 980 1848 arcana
1010 1791 1130 1861 Dei,
1162 1791 1209 1844 si
1239 1797 1412 1845 morte
1440 1789 1627 1844 fuisset

347 1882 571 1952 Raptus,
606 1890 663 1936 ut
693 1882 746 1935 in
778 1881 952 1937 lucem
987 1881 1154 1936 verbo
1186 1879 1496 1950 scriptoque
1524 1877 1794 1941 tulissent,

349 1971 444 2026 Sin
469 1971 625 2036 alias,
659 1971 942 2040 prodenda
973 1969 1077 2024 sibi
1106 1968 1379 2023 dimittere
1409 1983 1662 2038 poscens.

348 2061 596 2132 Namque
625 2059 771 2129 cupit
803 2058 1001 2129 patulis
1034 2066 1203 2113 totum
1235 2057 1440 2111 famare
1467 2072 1564 2127 per
1593 2055 1782 2110 orbem

349 2148 640 2214 Faucibus,
672 2155 723 2202 et
753 2155 978 2202 cunctas
1011 2147 1290 2201 hominum
1319 2146 1551 2218 vulgare
1579 2161 1682 2215 per
1709 2158 1892 2197 aures.

349 2237 596 2308 Denique
625 2236 734 2290 vita
760 2251 1008 2299 manens,
1042 2236 1088 2288 si
1120 2250 1348 2306 corpore
1377 2242 1548 2289 staret
1582 2233 1635 2287 in
1667 2233 1790 2296 isto,

351 2326 586 2382 Ulterius
616 2325 787 2380 voluit
821 2325 1066 2380 strictam
1098 2325 1395 2395 perducere
1425 2324 1611 2389 vitam,

350 2415 420 2472 Ut
448 2421 660 2486 potaret
685 2429 902 2486 aquam,
935 2412 1243 2486 mergentia
1272 2412 1468 2484 pocula
1497 2425 1814 2483 nunquam;

351 2504 605 2560 Pluribus
632 2503 859 2572 adjectis
891 2519 1013 2575 qua:
1043 2519 1187 2557 nunc
1218 2518 1488 2573 exponere
1517 2501 1743 2572 longum
1774 2506 1874 2553 est.

350 2591 650 2665 I-nspiciunt
677 2591 878 2658 vultus,
910 2607 1014 2648 nec
1043 2591 1247 2662 pallida
1278 2590 1449 2646 forma
1482 2589 1725 2653 videtur;

348 2683 470 2739 Non
502 2681 706 2736 macies
736 2680 924 2746 foedat,
959 2696 1062 2736 nec
1091 2681 1339 2735 membra
1368 2680 1554 2736 dolore
1579 2678 1874 2750 rigescunt.

349 2774 646 2827 Attrectant
675 2786 862 2838 venas,
897 2769 1018 2825 vivo
1050 2786 1172 2840 quae
1200 2769 1464 2839 sanguine
1495 2769 1754 2841 gaudent,

346 2861 463 2915 Nec
493 2860 712 2930 signum
742 2858 940 2914 lethale
969 2858 1154 2912 vident
1180 2859 1442 2913 mortisve
1469 2859 1757 2928 periclum.
1811 2847 1814 2849 l

349 2948 714 3020 Fidentesque
742 2947 945 3013 animo,
982 2946 1104 3002 vita:
1135 2947 1456 3017 compendia
1484 2949 1754 3019 spondent

349 3037 656 3105 Praisentis,
690 3044 1030 3109 mortemque
1064 3035 1252 3107 procul
1285 3036 1570 3092 discedere
1600 3038 1805 3094 dicunt.

351 3127 450 3182 Ille
478 3126 675 3198 quibus
705 3141 968 3196 responsa
999 3125 1167 3191 dedit,
1203 3141 1326 3196 quae
1356 3127 1580 3196 protulit
1609 3136 1753 3193 ante,

350 3216 599 3272 Crastina
625 3230 862 3285 namque
892 3214 1010 3269 dies
1038 3215 1270 3268 animam
1309 3215 1378 3268 de
1399 3231 1628 3285 corpore
1655 3218 1840 3287 pellet.

347 3304 549 3360 Taliter
579 3319 714 3375 ergo
742 3303 885 3358 diem
919 3302 1098 3366 frater,
1132 3312 1539 3374 consumpserat
1567 3305 1737 3373 illam,

349 3395 756 3463 Instantemque
787 3400 957 3446 rotam
989 3392 1163 3447 noctis
1193 3391 1408 3462 dieique
1437 3394 1735 3464 sequentis,

350 3482 690 3554 Exponendo
719 3488 924 3537 metum
952 3479 1178 3552 gravida
1208 3480 1275 3535 de
1306 3497 1469 3535 carne
1500 3497 1748 3537 recessus
1782 3501 1795 3548 ;

351 3571 640 3642 Suspirans
665 3569 1012 3642 gemitusque
1043 3568 1152 3622 imo
1181 3568 1249 3622 de
1276 3577 1498 3639 pectore
1527 3569 1776 3635 fundens,

348 3660 620 3715 Fratribus
650 3666 701 3714 et
730 3657 940 3714 cunctis
971 3673 1126 3712 sesse
1157 3658 1494 3714 committere
1527 3667 1762 3725 certans,

352 3749 436 3805 Ad
466 3749 774 3819 multosque
802 3747 1000 3801 breves
1030 3745 1272 3818 rogitans
1303 3747 1499 3801 direxit
1528 3748 1749 3815 amicos,

351 3840 420 3894 Ut
449 3837 650 3893 sanctis
679 3834 934 3907 precibus
963 3834 1178 3890 veniam
1203 3834 1497 3906 implorare
1529 3838 1828 3894 studerent.

351 3928 462 3982 Has
491 3941 598 3998 ego
625 3923 945 3994 conscriptis
973 3923 1224 3978 manibus
1245 3924 1440 3996 quibus
1468 3925 1569 3980 ista
1599 3928 1800 3983 notavi.

348 4015 594 4086 Denique
623 4029 747 4069 cum
777 4012 1011 4083 primum
1039 4012 1223 4067 radios
1252 4013 1578 4084 produxerat
1605 4031 1752 4080 aura,

349 4105 434 4158 Me
464 4102 704 4158 vocitare
728 4101 902 4170 jubet,
938 4100 1298 4172 residensque
1327 4101 1556 4174 infigere
1586 4119 1726 4160 certe

350 4191 617 4262 Praecipit,
653 4201 816 4263 atque
845 4191 1044 4245 breves
1073 4190 1158 4244 bis
1187 4189 1378 4261 quinas
1407 4192 1592 4259 dictat,
1625 4194 1830 4249 eisdem

353 4280 617 4336 Sensibus
648 4280 963 4343 adnectens,
1000 4295 1134 4350 quas
1165 4278 1253 4334 hic
1280 4279 1504 4352 signare
1535 4283 1836 4352 studemus,

350 4371 421 4425 Ut
449 4369 690 4440 perfecta
718 4368 854 4424 fides
880 4367 1090 4423 cunctis
1119 4367 1403 4424 lucescere
1431 4370 1620 4440 possit,

348 4459 559 4529 Nempe
585 4458 775 4513 decem
805 4456 1040 4521 fuerant,
1074 4472 1307 4528 quarum
1337 4459 1669 4528 conscriptio
1699 4459 1820 4514 talis
1845 4478 1857 4514 :

1675 331 1768 384 DE
1807 327 2048 384 MORTE
2085 328 2400 385 WETTINI

3507 329 3642 385 1082

1980 452 2282 512 ANescius
2309 455 2415 510 hoc
2443 453 2658 524 scripsi,
2692 452 3017 525 penitusque
3041 460 3263 524 stupore
3292 452 3570 518 movebar,

2051 541 2263 614 Quippe
2293 543 2436 598 diem
2467 551 2637 598 totum
2667 541 2769 598 soli
2799 543 3170 614 trangesimus
3198 541 3368 596 illum.

2051 631 2207 686 Nunc
2235 632 2489 702 legimus,
2524 647 2666 688 nunc
2695 631 2944 686 membra
2958 632 3109 700 juvat
3129 644 3461 700 componere
3481 629 3648 700 lecto,

2051 721 2136 775 Me
2165 735 2330 790 sopor
2359 720 2650 791 oppressit,
2684 720 2907 791 vigilem
2939 735 3048 774 non
3075 718 3300 794 contigit
3330 718 3503 773 illum.

2053 808 2186 863 Orat
2212 809 2269 864 in
2296 809 2570 874 excubitu,
2605 809 2782 881 surgit
2807 809 3159 881 graditurque
3191 807 3451 872 valenter,

2051 905 2262 977 Vesper
2289 906 2418 973 adit,
2453 907 2782 978 tandemque
2811 906 2942 960 mihi
2973 914 3055 960 est
3082 905 3162 961 sic
3189 921 3287 960 ore
3316 903 3527 960 locutus
3560 921 3572 958 :

2051 996 2222 1062 Vade,
2255 1012 2412 1068 puer,
2445 1011 2758 1067 corpusque
2789 996 2911 1051 cibo
2941 995 3188 1050 relevare
3213 1000 3505 1060 memento,

2052 1085 2262 1157 Proque
2290 1085 2480 1140 labore
2512 1094 2606 1140 tuo
2636 1093 2816 1157 grates
2847 1084 3086 1157 digneris
3117 1084 3344 1138 habere.

2050 1173 2311 1240 Discessi,
2343 1182 2668 1246 noctemque
2694 1173 2907 1227 minans
2935 1173 3017 1227 sol
3046 1172 3222 1243 vergit
3249 1171 3304 1225 in
3335 1185 3538 1242 aequor.

2048 1263 2276 1334 Jamque
2304 1262 2415 1333 poli
2441 1264 2672 1335 pingunt
2699 1261 2963 1335 fulgentia
2993 1261 3169 1315 sidera
3199 1267 3467 1324 centrum,

2051 1350 2359 1406 Adveniunt
2386 1351 2605 1420 fratres,
2639 1352 2941 1423 sistuntque
2971 1351 3025 1404 in
3053 1350 3272 1404 domate
3300 1347 3472 1404 multi.

2051 1440 2154 1506 En,
2187 1441 2283 1510 ait,
2313 1441 2574 1496 incumbit
2600 1449 2798 1496 metam
2829 1439 2986 1495 finire
3015 1453 3326 1509 supremam

2053 1528 2244 1584 Carnis
2273 1529 2330 1583 in
2359 1530 2569 1595 exsilio,
2602 1537 2800 1584 terram
2830 1537 3098 1600 terraeque
3127 1527 3347 1583 recondi

2053 1616 2394 1672 Omnimodis
2421 1619 2675 1689 petimus,
2707 1634 2898 1673 sacras
2923 1617 3231 1689 protendite
3261 1615 3493 1687 palmas,

2052 1707 2426 1779 Instantesque
2455 1709 2625 1778 preci,
2660 1715 2906 1762 nostrum
2937 1706 3212 1762 defendite
3240 1705 3423 1761 finem.

2057 1796 2166 1853 Res
2195 1797 2369 1851 invisa
2399 1795 2652 1868 quideml
2685 1797 2924 1867 psalmos
2947 1796 3095 1866 prior
3124 1795 3378 1850 omnibus
3407 1793 3497 1848 ille

1983 3173 2030 3235 C

2054 1887 2520 1957 Antiphonasque,
2551 1885 2698 1941 velut
2726 1885 2949 1956 quidam
2973 1891 3295 1955 precentor,
3329 1883 3557 1938 adorsus

2051 1975 2378 2044 Principium
2413 1974 2677 2045 cujusque
2707 1989 2808 2028 suo
2838 1973 3108 2043 depromit
3139 1972 3209 2026 ab
3237 1987 3352 2026 ore.

2051 2063 2240 2118 Finitis
2270 2063 2435 2135 igitur
2462 2063 2832 2127 concentibus,
2865 2061 2956 2116 ille
2986 2077 3277 2132 parumper

2052 2152 2301 2223 Respirat
2320 2152 2570 2222 pavidus,
2602 2151 2906 2222 fratresque
2933 2150 3000 2204 ad
3032 2158 3200 2204 strata
3228 2157 3537 2214 recurrunt,

2051 2241 2238 2311 Surgit
2269 2248 2322 2296 et
2351 2241 2456 2295 huc
2483 2239 2718 2311 illucque
2751 2239 2891 2294 viam
2923 2239 3212 2294 deflectere
3242 2245 3428 2306 tentat,

2051 2330 2272 2395 Estuat,
2305 2344 2614 2401 agnoscens
2641 2328 2799 2382 velox
2831 2329 2975 2398 quod
3004 2327 3264 2382 transitus
3292 2326 3474 2391 instet,

2051 2417 2266 2474 Decidit
2293 2417 2349 2471 in
2378 2417 2576 2473 lectum
2604 2417 2803 2472 Christi
2835 2417 3092 2486 mysteria
3119 2430 3360 2479 sumens,

2051 2507 2254 2563 Clausit
2273 2514 2326 2562 et
2354 2514 2648 2560 extremam
2680 2507 2804 2560 vitae
2836 2505 3105 2559 mutabilis
3131 2505 3346 2558 horam.

2050 2597 2134 2651 En
2162 2595 2472 2650 venerande
2503 2596 2675 2662 Pater,
2709 2594 2916 2650 calcem
2947 2593 3258 2663 compulsus
3289 2591 3435 2646 adivi

2193 2685 2358 2753 Cujus
2388 2683 2715 2754 principium
2743 2684 2934 2737 horror
2962 2682 3111 2736 adire
3136 2681 3253 2735 fuit.

2051 2773 2172 2827 Non
2206 2772 2402 2844 ignoro
2419 2773 2638 2845 quidem
2669 2772 2811 2827 vitiis
2836 2772 3061 2826 sordere
3093 2785 3430 2826 camoenam:

2193 2863 2443 2917 Extortos
2475 2861 2658 2934 apices
2685 2869 2916 2934 protege
2937 2861 2983 2914 si
3013 2859 3217 2914 valeas.

2050 2950 2180 3007 Ales
2210 2950 2353 3004 enim
2377 2966 2715 3022 quaecunque
2748 2966 2875 3004 suas
2903 2963 3239 3020 praecurrere
3267 2962 3475 3018 pennas

2194 3040 2434 3109 Cogitur,
2469 3057 2534 3093 ex
2563 3039 2775 3110 superis
2805 3038 3006 3094 corruit
3039 3038 3147 3092 ima
3175 3043 3387 3108 petens.

2050 3128 2139 3182 Nil
2167 3127 2432 3198 prodesse
2464 3128 2600 3192 scio,
2633 3136 2815 3183 tamen
2847 3135 2929 3182 est
2954 3142 3148 3197 parere
3180 3141 3427 3180 necesse.

2194 3217 2308 3271 Hoc
2336 3217 2508 3287 potuit
2537 3217 2799 3271 Dominus
2826 3232 2991 3287 quam
3019 3230 3180 3270 sacra
3207 3215 3369 3268 thura
3397 3213 3564 3285 cupit.

2056 3305 2249 3360 Vestra
2280 3320 2516 3375 sequens
2541 3305 2760 3359 humilis
2788 3304 3020 3358 famulus
3050 3303 3307 3358 mandata
3335 3301 3523 3384 peregi

2196 3393 2368 3447 Etate
2399 3400 2453 3445 et
2482 3409 2647 3447 sensu
2678 3393 2855 3462 impar
2882 3393 2948 3446 ad
2976 3393 3120 3447 istud
3150 3408 3307 3463 opus.

2053 3480 2134 3536 Ne
2166 3488 2384 3550 reputes
2414 3495 2522 3534 non
2551 3496 2714 3550 posse
2745 3497 2942 3544 meum,
2977 3481 3076 3535 sed
3105 3481 3244 3535 velle
3275 3480 3475 3546 videto,

2161 3571 2335 3641 Atque
2366 3569 2508 3622 bono
2540 3569 2725 3638 vigeas
2754 3567 2921 3638 longa
2948 3584 3048 3638 per
3077 3584 3194 3624 aeva
3223 3577 3383 3622 statu.

2550 3659 2741 3711 Amen.

2476 3889 2571 3944 DE
2599 3887 2841 3942 MORTE
2870 3887 3199 3943 WETTINI.

2444 4017 2517 4057 AD
2547 4017 2872 4059 GRlMALDUM
2896 4017 3278 4058 .

2161 4110 2414 4166 Scribere
2445 4111 2592 4165 nulla
2614 4111 2783 4180 juvat,
2817 4111 3050 4182 scriptor
3079 4111 3204 4183 quia
3231 4116 3418 4166 noster
3454 4108 3642 4176 obivit,

2056 4199 2195 4268 Quia
2222 4215 2366 4254 nova
2392 4200 2706 4271 pectoribus
2737 4201 3059 4255 monstravit
3083 4201 3342 4271 dogmata
3369 4198 3590 4255 nostris.

2055 4289 2346 4344 Edificare
2377 4289 2565 4344 volens
2594 4289 2816 4361 longum
2846 4289 3078 4344 stabilita
3104 4306 3201 4361 per
3227 4305 3401 4344 aevum

2053 4378 2236 4444 Tecta,
2271 4378 2367 4432 sed
2401 4378 2657 4433 indomita
2683 4387 2994 4449 prznventus
3023 4387 3213 4443 morte,
3246 4377 3489 4450 nequivit

2055 4466 2283 4521 Culmen
2311 4466 2367 4520 in
2396 4467 2579 4522 aerios
2608 4467 2795 4538 templi
2823 4467 3106 4523 sustollere
3138 4483 3350 4523 cursus.

478 4547 894 4603 Venerabillimo
922 4547 978 4602 in
1006 4545 1219 4602 Christo
1250 4547 1392 4602 Patri
1424 4547 1502 4602 ill.
1537 4547 1817 4602 Wettinus
1833 4549 1948 4617 jam
1977 4530 2028 4589 D
2053 4555 2298 4609 Forsitan
2324 4555 2533 4625 indigni
2565 4530 2764 4609 fuimus
2794 4555 3039 4625 sapiente
3068 4555 3354 4628 magistro,

348 4635 578 4691 devotus
604 4644 791 4690 vester
817 4645 1080 4694 aeternam
1103 4638 1158 4692 ni
1193 4635 1424 4692 Domino
1454 4635 1706 4691 salutem.
1741 4637 1948 4708 Scripsi

348 4723 504 4779 vobis
534 4723 588 4778 in
617 4725 808 4779 mortis
829 4726 1091 4796 periculo,
1124 4733 1189 4779 et.
1209 4725 1336 4796 quia
1365 4725 1614 4793 juventus
1643 4725 1821 4780 adhuc
1843 4725 1947 4780 o

350 4812 471 4880 ruit,
507 4812 576 4866 de
606 4811 715 4867 alio
743 4814 944 4868 saeculo
971 4829 1151 4869 meam
1180 4811 1543 4866 infirmitatem
1572 4814 1860 4868 consolare

348 4899 670 4972 dignemini.
704 4909 761 4955 ut
790 4902 952 4971 hujus
981 4901 1342 4972 corruptionis
1375 4900 1518 4955 mole
1561 4901 1824 4972 deposita,
1873 4902 1948 4956 ibi

347 5004 566 5059 quoque
596 4989 864 5059 gravitate
894 5005 1184 5061 poenarum
1213 5005 1322 5044 non
1365 4990 1716 5062 constringar
1747 5007 1761 5044 :
1807 4990 1852 5044 si
1881 4990 1949 5045 ad

348 5093 522 5149 usque
550 5087 768 5133 centum
797 5078 997 5134 missas
1024 5086 1348 5150 centumque
1382 5078 1638 5133 Psalteria
1683 5094 1950 5150 pervene-

350 5166 421 5220 rit
450 5166 642 5233 oratio,
679 5168 780 5222 erit
817 5183 1032 5224 merces
1069 5175 1237 5223 certa.
1283 5167 1436 5232 Vale,
1482 5183 1646 5239 quem
1687 5169 1802 5237 jam
1839 5183 1949 5224 non

348 5270 568 5309 mereor
595 5255 798 5311 videre.

347 5345 506 5400 llunc
535 5343 806 5416 finemque
839 5345 1021 5401 Brevis
1045 5345 1208 5414 jussit
1235 5344 1447 5400 rmare
1478 5361 1577 5416 per
1606 5361 1817 5415 omnes,

348 5431 509 5502 Quod
541 5434 670 5488 dum
699 5443 1039 5490 commutans
1068 5421 1226 5490 aliter
1254 5433 1602 5490 conscribere
1622 5434 1839 5500 vellem,

351 5521 497 5578 Dixit
527 5532 582 5577 ut
615 5524 757 5578 haud
787 5524 968 5579 dubiis
997 5539 1216 5595 possem
1249 5523 1328 5578 sic
1359 5523 1544 5578 dicere
1573 5523 1757 5578 verbis
1790 5542 1802 5578 :

2050 4643 2156 4698 Sed
2189 4644 2310 4697 licet
2342 4645 2486 4698 hunc
2517 4630 2763 4697 coelestia
2792 4660 2899 4698 non
2929 4645 3236 4699 dubitemus
3265 4645 3466 4713 adisse,

2048 4731 2399 4788 Abscessisse
2428 4739 2612 4786 tamen
2639 4739 2854 4786 nosmet
2881 4732 3087 4788 deflere
3115 4749 3340 4789 necesse
3369 4741 3473 4790 est.

2048 4820 2260 4874 Primus
2289 4820 2377 4874 hic
2404 4819 2618 4874 incultis
2646 4821 2924 4876 mandavit
2950 4821 3158 4877 semina
3185 4822 3351 4878 sulcis
3372 4831 3417 4889 ,

2052 4909 2121 4964 Ut
2149 4908 2378 4964 collecta
2409 4925 2570 4980 seges
2591 4917 2877 4981 gereretur
2907 4911 2974 4964 ad
3006 4911 3200 4966 horrea
3231 4911 3448 4976 Christi,

2049 4999 2360 5053 Mercedem
2389 5006 2440 5053 et
2468 4998 2748 5068 propriam
2778 4999 3069 5069 praeclarus
3101 4999 3326 5056 haberet
3356 5009 3554 5058 arator.

2051 5087 2166 5142 Hoc
2195 5085 2432 5142 studium
2457 5085 2573 5153 fuit,
2621 5087 2725 5142 hoc
2771 5095 2974 5152 votum,
3021 5089 3123 5143 hoc
3171 5089 3331 5145 etiam
3373 5090 3495 5164 ipsa
3541 5109 3644 5149 vo-

3416 5180 3640 5255 [luntas.

2051 5264 2368 5336 Plangimus
2394 5265 2606 5321 interno
2636 5265 2947 5336 compuncti
2977 5266 3142 5322 corda
3174 5267 3362 5325 dolore
3386 5289 3399 5325 :

2051 5352 2268 5408 Flemus
2296 5369 2486 5426 agrum
2508 5354 2684 5409 subito
2713 5361 2862 5410 tanto
2891 5355 3095 5412 cultore
3124 5371 3328 5414 carere.

2049 5438 2116 5492 Et
2147 5437 2399 5507 specialis
2429 5454 2534 5509 ego
2563 5438 2904 5511 ingeminans
2936 5451 3200 5498 connecto
3228 5443 3463 5499 lacertos

2050 5527 2199 5582 More
2231 5526 2564 5595 orbatorum,
2596 5527 2870 5597 placidum
2900 5529 3150 5585 deflendo
3181 5539 3486 5603 patronum.

473 5698 562 5745 His
581 5698 816 5746 versibus
836 5698 984 5747 docet
1006 5698 1307 5747 Walafridus
1326 5697 1595 5746 Wettinum
1807 5699 1997 5748 litteras
2015 5698 2263 5748 docuisse.
2294 5702 2417 5748 In.
