3996 6184
386 340 522 393 1083
931 334 1333 392 WALAFRIDI
1370 333 1615 390 STRABI
1652 334 1850 390 FULD.
1890 332 2065 390 ΜΟΝ.
2105 332 2260 390 ΟΡΡ.
2300 333 2475 391 PARS
2512 334 2604 390 III.
2645 362 2716 375 -
2753 333 3089 389 CARMINA.

389 461 547 533 Saepe
579 460 726 533 quod
757 460 997 533 adjungo
1031 458 1256 515 alterius
1295 457 1617 530 ploratibus,
1666 475 1836 513 unum
1882 466 1983 526 est,
2009 459 2067 521 Α
2093 457 2471 530 Multiplicabit
2497 473 2660 530 opem
2687 457 2977 515 veniarum
3006 456 3116 514 ﬁne
3145 456 3349 515 futuro.

390 548 550 620 Quod
581 550 763 605 nullus
791 548 976 625 magni
1003 547 1274 620 profertur
1302 547 1574 619 dogmatis
1602 547 1801 604 haeres.

386 638 598 695 Praedia
629 646 771 693 tanta
799 645 992 694 vacant
1021 637 1170 693 nullo
1202 636 1382 692 vineta
1409 637 1641 703 colente,

385 728 615 800 Deperit
645 728 900 783 abconsae
929 725 1193 797 sapientia
1224 726 1422 782 mentis
1451 726 1523 781 ab
1551 742 1673 782 usu.

385 818 615 884 Dicitur,
647 817 751 872 heu
771 816 993 884 misero,
1026 815 1117 888 qui
1136 816 1267 871 dum
1297 815 1461 883 cadit,
1496 815 1614 886 ipse
1644 814 1916 872 levantem

382 907 505 962 Non
532 906 716 975 habet,
749 904 842 961 ille
865 905 1009 975 jacet
1037 913 1234 961 cuncto
1271 904 1601 959 miserabilis
1630 903 1770 973 orbi,

381 995 463 1049 Tu
490 993 672 1049 fratris
701 994 980 1050 desertant
998 994 1075 1049 tui
1098 994 1210 1063 jam
1223 994 1431 1049 semina
1449 991 1655 1065 profer.

380 1084 505 1139 Non
535 1091 758 1154 torpore
787 1091 962 1149 vacat,
998 1091 1189 1138 sancta
1218 1083 1361 1155 quod
1391 1083 1517 1155 lege
1540 1082 1760 1151 jubetur
1789 1097 1803 1150 ;

381 1174 478 1228 Est
508 1173 606 1234 sed
637 1172 998 1239 fructiferum,
1033 1172 1078 1226 si
1109 1172 1230 1244 quis
1261 1172 1361 1226 sub
1392 1172 1516 1243 lege
1545 1170 1768 1242 potitur,

378 1260 593 1317 Decidit
624 1259 715 1316 ille
744 1261 894 1325 mihi,
931 1260 1141 1317 vicibus
1171 1276 1335 1315 nemo
1362 1260 1508 1315 illius
1538 1266 1696 1314 astat.

2089 547 2401 604 Adveniens
2434 562 2535 602 sua
2562 548 2711 604 dona
2737 548 2887 603 Deus
2916 562 3045 604 cum
3072 562 3205 619 pace
3237 548 3508 620 requirat,

2086 636 2378 693 Multorum
2406 636 2551 708 quod
2581 644 2771 702 sancta
2799 635 2976 692 {erant
3005 636 3272 693 tutamina
3287 637 3470 693 nobis.

2088 726 2235 782 Inter
2262 726 2522 783 convivas
2548 724 2800 781 residens
2828 724 3129 799 dulcesque
3158 734 3407 783 catervas

2087 815 2284 871 Audivi
2310 815 2538 886 cupidus
2567 814 2733 887 prisci
2764 814 3018 871 convivia
3048 822 3243 882 coetus,

2087 903 2193 973 Qui
2221 911 2478 975 pascente
2509 905 2626 960 Deo
2655 904 2852 961 meruit
2880 904 3118 961 saturier
3147 903 3269 975 ipso

2084 993 2319 1049 Panibus
2345 1009 2414 1049 ex
2441 993 2640 1066 quinis,
2674 1001 2790 1049 tum
2818 993 3064 1065 piscibus
3093 994 3286 1050 ordine
3318 994 3481 1050 binis.

2085 1082 2220 1152 Quae
2246 1098 2370 1138 cum
2398 1099 2456 1137 re
2481 1081 2620 1139 facta
2649 1083 2897 1154 pandunt
2926 1083 3188 1155 mysteria
3217 1092 3387 1151 certa,

2083 1172 2294 1226 Adsunt
2324 1179 2375 1227 et
2403 1172 2563 1227 nobis
2591 1188 2691 1243 per
2720 1172 2906 1228 suavia
2933 1172 3079 1227 dona
3109 1172 3360 1229 Creantis

2083 1260 2273 1325 Panes,
2307 1260 2574 1331 pisciculi,
2606 1260 2789 1315 blandi
2816 1276 3032 1333 quoque
3061 1262 3221 1332 copia
3247 1261 3432 1325 musti,

376 1350 604 1406 Fercula
631 1350 855 1421 pulchra
873 1349 1041 1415 dedit,
1062 1349 1262 1405 victum
1296 1348 1419 1420 quis
1459 1347 1689 1420 porrigit
1718 1356 1929 1403 arctum
1955 1348 1983 1403 ?
2080 1348 2310 1420 Semper
2336 1348 2540 1421 ubique
2568 1348 2682 1403 suis
2710 1348 2840 1421 quia
2868 1349 2959 1404 dat
2982 1348 3180 1405 solatia
3207 1351 3403 1419 servis,

376 1438 634 1494 Vestibus
662 1438 890 1504 ornavit,
927 1439 1136 1509 praebet
1167 1438 1289 1510 quis
1321 1437 1564 1508 tegmina
1593 1452 1793 1509 grossa
1811 1437 1839 1492 ?

377 1528 785 1603 Innumerisque
816 1528 975 1583 bonis
1006 1526 1259 1582 meritum
1290 1532 1645 1597 superaverat
1671 1541 1870 1591 omne;

2082 1436 2275 1493 Omnia
2302 1438 2393 1509 qui
2423 1438 2666 1494 condens
2696 1446 2924 1494 renovat
2955 1439 3236 1510 pereuntia
3268 1439 3536 1495 clemens.

2080 1526 2295 1582 lnterea
2323 1526 2497 1583 dulcis
2527 1527 2701 1583 fertur
2728 1526 2861 1582 mihi
2890 1528 3143 1583 normula
3170 1528 3358 1599 piscis,

376 1615 510 1687 Quis
532 1616 671 1701 mihi
698 1633 842 1673 nunc
869 1617 1072 1672 misero
1112 1616 1340 1672 verbum
1388 1616 1729 1671 demonstrat
1769 1614 1977 1671 adbor-
2078 1616 2311 1673 Asconis
2339 1616 2524 1681 calidi,
2554 1616 2803 1688 sequitur
2831 1634 2926 1672 vas
2956 1616 3194 1690 denique
3222 1617 3410 1681 musti,

1674 1702 1813 1776 [tans
1835 1705 1864 1759 7

371 1795 613 1851 Annales
643 1810 945 1851 memorare
976 1795 1095 1850 dies
1123 1802 1467 1866 mortemque
1498 1801 1689 1849 notare

372 1882 508 1952 Quis
536 1884 725 1961 cogit?
755 1884 861 1938 nisi
893 1884 1126 1940 sollicita
1152 1884 1254 1938 sub
1284 1890 1465 1939 mente
1490 1889 1762 1947 retractet,

370 1972 656 2027 Proximus
684 1988 807 2027 esse
838 1972 940 2027 sibi
965 1973 1178 2042 jussum
1207 1972 1277 2027 de
1306 1971 1526 2025 nomine
1556 1969 1774 2035 Christi,

369 2059 453 2116 Ne
484 2058 719 2116 fraterna
750 2077 848 2115 suo
881 2060 1098 2117 tollatur
1126 2061 1195 2116 ab
1226 2060 1416 2115 ordine
1445 2059 1651 2130 proles.

371 2149 500 2205 Haec
524 2148 641 2218 jam
670 2148 813 2206 dicta
842 2149 1014 2223 legas,
1049 2150 1207 2204 Pater
1229 2149 1452 2220 optime,
1476 2147 1641 2203 corde
1662 2153 1970 2217 receptans,

365 2238 579 2295 Exhinc
610 2252 733 2293 esse
764 2238 897 2292 mihi
927 2238 1151 2311 dignare
1180 2235 1429 2304 affabilis,
1465 2244 1626 2308 atque

375 2326 561 2383 Rebus
588 2326 643 2381 in
671 2327 901 2383 occultis
930 2335 1177 2383 nostrum
1208 2326 1386 2382 solare
1415 2325 1686 2380 dolorem.

369 2424 670 2482 Scintillam
699 2434 977 2497 portamus
1007 2425 1172 2495 enim,
1206 2440 1371 2498 quam
1392 2422 1436 2479 si
1459 2422 1580 2498 quis
1604 2421 1863 2494 adauget,

431 2561 457 2590 ι
486 2552 634 2597 Forte
656 2550 894 2598 Grimald.
926 2554 996 2597 In.

380 2667 3672 2694 μ

2079 1704 2336 1776 Optatum
2364 1713 2418 1761 et
2446 1704 2702 1771 calidum,
2733 1705 2887 1777 large
2916 1707 2982 1762 de
3008 1706 3255 1777 principe
3284 1707 3532 1774 missum,

1997 1822 2051 1883 B
2077 1795 2263 1883 Abbas
2292 1793 2611 1883 quodam,1|
2641 1794 2940 1849 transmisit
2968 1795 3132 1850 laude
3160 1794 3443 1850 colendus.

2080 1882 2419 1955 Quemquam
2448 1882 2750 1949 laudarem,
2784 1883 2832 1938 si
2870 1891 3077 1939 tantum
3118 1892 3331 1956 tempus
3379 1884 3679 1941 haberem!

2077 1970 2236 2041 Quod
2264 1987 2389 2026 rrox
2420 1980 2477 2026 ut
2509 1971 2669 2042 cmpi,
2703 1972 2987 2027 subierunt
3015 1988 3225 2044 organa
3255 1973 3421 2046 signi,

2076 2059 2233 2130 Quod
2262 2060 2461 2115 Christi
2489 2061 2708 2115 solitum
2738 2062 2948 2117 monuit
2983 2061 3301 2133 persolvere
3331 2070 3539 2117 votum.

2075 2149 2252 2219 Quem
2276 2149 2408 2204 dum
2436 2156 2650 2220 tempus
2680 2150 2802 2217 erit,
2836 2151 3081 2223 gaudens
3110 2166 3235 2205 mea
3264 2152 3417 2207 Musa
3434 2152 3672 2219 sonabit,

2075 2237 2520 2310 Centuplicatque
2551 2238 2765 2304 modos,
2798 2239 2956 2309 spatii
2984 2255 3122 2311 quos
3151 2240 3356 2295 deserit
3385 2256 3602 2297 exsors.

2076 2328 2293 2382 Interea
2322 2326 2517 2393 valeat,
2549 2326 2787 2399 felixque
2815 2344 2916 2398 per
2944 2328 3123 2382 omnia
3152 2337 3357 2402 surgat,

2074 2417 2253 2473 Laetus
2282 2424 2335 2474 et
2362 2416 2420 2474 in
2457 2416 2640 2486 terris,
2669 2416 2885 2491 superis
2912 2416 3124 2475 laetetur
3152 2418 3208 2476 in
3237 2417 3375 2477 oris.

1251 2751 1365 2814 DE
1423 2747 1800 2812 SINGULIS
1858 2740 2531 2807 FESTIVITATIBUS
2588 2741 2809 2803 ANNI.

864 2940 931 2995 In
965 2940 1273 2996 Nativitatc
1306 2938 1537 2995 Christi.

359 3047 530 3102 Natus
561 3046 706 3103 enim
735 3055 818 3101 est
846 3047 1007 3102 hodie
1036 3055 1185 3102 sator
1215 3054 1377 3118 atque
1408 3045 1745 3115 redemptor,

500 3136 748 3191 Christus
780 3136 849 3190 de
878 3135 1046 3189 Maria
1082 3134 1303 3206 Virgine
1333 3133 1505 3188 factus
1533 3134 1695 3187 homo
1720 3148 1734 3186 :

360 3224 428 3279 Ut
455 3239 557 3279 nos
587 3231 869 3279 consortes
900 3231 1103 3278 sanctae
1132 3222 1358 3276 Deitatis
1389 3221 1638 3287 haberet,

498 3311 785 3367 Mundatos
820 3310 965 3366 vitiis
995 3318 1049 3365 et
1077 3310 1311 3382 placitos
1340 3310 1570 3365 meritis.

924 3418 990 3473 In
1022 3418 1228 3474 Octava
1256 3417 1501 3474 Domini.

352 3531 577 3603 Accepit
605 3539 658 3588 et
687 3548 885 3589 nomen
909 3534 1024 3603 jam
1054 3533 1411 3591 circumcisus
1444 3535 1617 3601 Iesus,

461 3622 531 3679 Ut
552 3622 843 3678 mundatus
872 3624 1036 3680 homo
1065 3624 1134 3678 sit
1163 3622 1383 3679 soboles
1399 3622 1637 3678 Domini.

920 3732 985 3786 In
1017 3731 1362 3805 Epiphania.

346 3838 572 3893 Munera
600 3837 906 3909 suscipiens
934 3838 1118 3912 dignis
1139 3838 1392 3910 apparuit
1423 3837 1561 3909 ipse,

490 3926 581 3983 Sic
607 3927 729 3998 pius
758 3928 1055 3983 adveniens
1084 3944 1308 3983 munera
1339 3936 1525 3983 nostra
1555 3926 1725 3985 videt.

772 4043 837 4097 In
873 4044 1187 4116 Yppapanti
1216 4042 1594 4115 [Hypapante].

345 4146 451 4217 Qui
489 4148 605 4204 sine
634 4156 857 4220 peccato
888 4148 942 4203 in
972 4150 1174 4222 templo
1207 4160 1290 4205 est
1318 4150 1534 4205 oblatus
1560 4149 1629 4204 ad
1659 4166 1833 4217 aram,

448 4238 563 4292 Nos
591 4245 904 4309 peccatores
935 4237 1003 4293 ad
1032 4255 1131 4293 sua
1161 4247 1295 4295 tecta
1324 4245 1505 4294 vocat.

342 4326 505 4396 Cujus
533 4334 707 4381 mater
736 4327 911 4393 adest,
944 4335 1115 4382 mater
1144 4328 1241 4382 sed
1272 4328 1437 4400 Virgo
1468 4328 1724 4399 perennis

485 4416 770 4471 Permanet
826 4424 954 4471 nato
983 4414 1291 4489 gloriﬁcata
1321 4432 1440 4472 suo.

881 4534 945 4589 In
972 4533 1415 4607 Septuagesima.

333 4639 478 4695 Ecce
516 4653 773 4708 paramur
801 4640 949 4695 enim
976 4648 1202 4696 ventura
1229 4641 1298 4696 ad
1328 4640 1469 4698 festa
1497 4642 1747 4711 colenda,

479 4727 718 4783 Moribus
747 4728 802 4782 in
832 4729 1033 4785 sanctis
1063 4731 1226 4785 corda
1257 4747 1451 4801 parare
1475 4732 1647 4801 juvat.

830 4845 894 4899 In
931 4844 1391 4919 Quadragesima.

339 4955 599 5029 Exemplo
627 4961 844 5018 Domini
868 4963 1075 5032 jejunia
1103 4964 1352 5036 corporis
1381 4972 1528 5020 extra

479 5045 791 5119 Incipimus,
842 5060 1054 5108 mentes
1112 5054 1420 5109 abstineant
1461 5054 1625 5111 vitiis.

976 5169 1041 5223 In
1073 5170 1308 5225 Palmis.

335 5263 509 5320 Obvia
541 5266 701 5322 turba
726 5268 817 5339 pio
846 5273 1033 5328 stravit
1064 5291 1163 5329 sua
1193 5275 1434 5348 tegmina
1463 5277 1695 5347 Christo,

437 5356 553 5410 Nos
582 5364 639 5411 ut
666 5356 721 5412 in
745 5357 830 5412 his
860 5361 1064 5429 sedeat,
1097 5379 1333 5436 corpora
1362 5375 1552 5423 nostra
1583 5368 1801 5426 damus.

975 5479 1047 5533 De
1077 5481 1360 5538 Passieno.

334 5581 431 5638 Ille
459 5595 696 5648 crucem,
723 5581 939 5655 plagas,
972 5582 1178 5656 alapas,
1200 5597 1357 5657 sputa
1377 5605 1574 5661 aspera
1601 5608 1818 5663 passus,

475 5668 726 5727 Ostendit
755 5680 954 5745 quanta
983 5681 1036 5728 te
1065 5673 1302 5730 tolerare
1323 5678 1497 5733 decet.

381 5832 406 5864 ι
425 5824 580 5877 me.
612 5820 816 5884 Hanck.,
836 5823 942 5872 not.
961 5832 1055 5871 me.

1992 2937 2042 2999 Ο
2297 2993 2307 3001 ,
2605 2933 2683 2988 De
2713 2934 3159 2989 Resurrectione.

2064 3026 2288 3082 Tartara
2315 3026 2647 3099 despolians,
2680 3028 2892 3085 devicta
2920 3038 3093 3086 morte
3125 3047 3447 3105 resurgens,

2171 3118 2240 3172 Ut
2270 3126 2322 3173 te
2350 3115 2605 3183 vivificet,
2640 3134 2799 3190 quam
2825 3118 3064 3187 jacuisse
3096 3120 3260 3186 videt,

2061 3206 2307 3260 Mortuus
2337 3214 2419 3261 est
2449 3215 2505 3261 ut
2530 3208 2768 3278 peccatis
2797 3208 3096 3264 moriamur
3122 3209 3411 3282 ademptis,

2167 3295 2354 3369 Surgit
2383 3303 2440 3350 ut
2469 3296 2524 3349 in
2555 3296 2676 3352 vitae
2705 3297 2889 3353 limine
2916 3297 3226 3354 constituat.

2624 3413 2690 3468 In
2720 3414 3079 3473 Ascensione.

2056 3524 2315 3581 Ascendit
2344 3525 2513 3582 ccelos
2545 3536 2760 3599 sumpto
2787 3544 2889 3599 per
2918 3529 3080 3585 saecla
3109 3532 3402 3602 triumpho,

2199 3615 2266 3670 Ut
2297 3630 2397 3669 nos
2427 3616 2661 3672 victores
2692 3617 2876 3672 sidera
2903 3619 2971 3672 ad
3001 3618 3113 3675 alta
3142 3628 3321 3678 vocet.

2621 3731 2685 3786 In
2717 3733 3065 3790 Pentecoste.

2050 3834 2283 3907 Spiritus
2310 3836 2378 3891 ad
2404 3842 2581 3892 terras
2618 3839 2835 3895 Domini
2864 3840 3146 3897 descendit
3177 3842 3234 3900 in
3264 3842 3419 3917 igne,

2192 3923 2297 3995 Qui
2323 3925 2415 3980 dat
2445 3927 2759 3997 apostolicis
2784 3928 2944 4002 ignea
2972 3931 3142 3986 corda
3169 3932 3324 3989 viris.

2045 4011 2174 4068 Illos
2202 4013 2403 4085 quippe
2431 4030 2532 4070 suo
2562 4016 2771 4071 refovet
2802 4020 3065 4074 tutamine
3092 4037 3365 4092 praesens,

2189 4102 2435 4171 Quorum
2463 4103 2661 4160 ardere
2692 4105 2857 4177 videt,
2897 4116 3048 4164 casto
3085 4109 3142 4165 in
3180 4126 3367 4168 amore
3408 4112 3647 4170 animos.

2327 4218 2391 4273 In
2421 4219 2623 4277 Natale
2651 4224 2843 4277 sancti
2867 4225 3107 4282 Joannis
3137 4228 3429 4301 Baptistae.

1972 4302 2025 4362 D
2042 4321 2139 4377 Est
2165 4320 2327 4375 hodie
2353 4330 2510 4376 natus
2540 4333 2763 4380 sanctus
2790 4326 3034 4398 Baptista
3059 4329 3317 4395 Joannes,

2185 4409 2351 4478 Cujus
2379 4426 2480 4466 nos
2508 4413 2764 4482 precibus
2794 4415 2982 4471 dextra
3004 4418 3156 4487 juvet
3186 4420 3424 4476 Domini.

2210 4517 2275 4571 In
2302 4517 2502 4573 Natale
2531 4522 2721 4577 sancti
2749 4523 3031 4594 Boni/acii
3058 4526 3493 4601 archiepiscOpi.

2041 4619 2253 4677 Gaudia
2278 4624 2585 4693 praesentis,
2618 4627 2859 4684 Bonifaci
2888 4638 3095 4697 sancte,
3128 4631 3236 4687 diei

2181 4712 2295 4767 Nos
2325 4712 2552 4781 salvent,
2583 4715 2818 4772 Domino
2847 4718 3010 4773 dante
3037 4720 3144 4775 tuis
3172 4722 3401 4778 meritis.

2371 4831 2433 4886 In
2464 4831 2861 4905 Assumptione
2889 4839 3104 4892 sancta:
3135 4838 3342 4894 Mariae.

2040 4924 2209 4999 Virgo
2238 4926 2339 4983 Dei
2365 4929 2601 4999 genitrix
2628 4929 2699 4985 de
2725 4946 2957 5003 corpore
2986 4934 3153 4991 ducta
3180 4936 3382 5006 pudico

2143 5014 2203 5068 In
2230 5016 2476 5088 requiem
2506 5018 2725 5074 Domini
2753 5021 2967 5076 transiit
2996 5038 3125 5079 ecce
3156 5024 3260 5080 sui.

2037 5102 2120 5156 Ad
2150 5120 2315 5174 quam
2342 5120 2441 5161 nos
2469 5108 2727 5177 precibus
2755 5111 2991 5165 transire
3015 5112 3329 5181 juvantibus
3360 5114 3483 5185 ejus

2143 5192 2372 5249 xEternae
2398 5196 2582 5266 proles
2612 5197 2840 5269 virginis
2868 5199 3010 5254 alma
3041 5201 3186 5256 velit.

2619 5314 2696 5368 De
2725 5314 3022 5387 Apostolis.

2032 5423 2099 5478 lli
2126 5434 2249 5480 sunt
2279 5442 2417 5498 quos
2449 5436 2559 5485 toto
2587 5429 2772 5486 divina
2800 5431 2994 5489 electio
3025 5435 3228 5490 mundo

2139 5514 2317 5587 Elegit
2344 5516 2567 5587 primos,
2599 5520 2831 5590 praetulit
2859 5529 3020 5594 atque
3049 5523 3248 5595 gradu.

2032 5601 2272 5673 Quorum
2300 5620 2409 5660 non
2433 5615 2459 5642 ⁸
2491 5607 2615 5663 fidei
2643 5624 2859 5681 semper
2885 5621 3165 5683 praecepta
3191 5626 3488 5686 sequentes

2135 5692 2356 5753 Illorum
2385 5696 2637 5766 precibus
2669 5714 2844 5771 regna
2869 5700 2979 5772 poli
3008 5701 3295 5773 accipiant.

3556 339 3696 392 1084
