4024 6194
265 347 405 399 1085
1124 387 1136 398 .
1322 344 1606 401 HYNNUS
1639 345 1732 401 DE
1763 343 1854 400 AG

1994 343 2304 401 lENSIBUS
2335 344 2547 400 MART.
3450 351 3583 403 1086

2554 472 2629 526 De
2686 472 3011 542 virginibus.

1979 576 2154 632 Fortis
2185 575 2238 630 in
2269 576 2485 631 inﬁrmo
2516 575 2687 649 viguit
2716 577 3018 633 constantia
3057 595 3189 634 sexu

2048 664 2181 734 Qua:
2213 665 2316 719 sibi
2348 665 2655 738 virgineum
2685 667 2900 738 copulat
2931 666 3185 722 ofﬁcium.

1975 755 2197 826 Nosque
2229 770 2511 809 monemur
2537 755 2593 808 in
2622 755 2744 820 hoc,
2779 755 2965 809 mundi
2996 755 3042 810 si
3071 755 3312 811 incursio
3335 755 3502 824 desit,

2049 843 2256 898 Saltem
2289 859 2411 898 cum
2441 843 2586 900 vitiis
2619 861 2775 899 mens
2804 844 2896 916 pia
2926 845 3065 899 bella
3096 852 3274 916 gerat.

807 471 884 526 De
913 471 1343 541 confessoribus.
1900 471 1964 532 Α.

268 577 382 631 Hos
413 575 656 646 perfecta
687 591 785 632 suo
817 593 1041 632 servans
1070 577 1344 634 confessio
1384 576 1521 650 Regi

343 665 495 722 Fecit
523 665 578 720 in
606 665 831 720 aetheria
858 665 1145 722 consocios
1175 667 1382 738 requie.

268 754 550 826 Exemplis
579 771 810 826 quorum
843 755 1112 828 dictisque
1141 755 1196 810 in
1227 771 1362 826 pace
1392 763 1700 823 manentes,

345 843 672 904 Instruimnr
701 859 929 900 summa;
956 845 1106 916 pacis
1135 861 1318 900 amare
1356 844 1518 900 viam.

2240 953 2306 1007 In
2336 953 2531 1008 natale
2565 953 2752 1007 sancti
2788 954 3018 1008 Martini
3046 953 3312 1024 episcopi.

1979 1060 2084 1116 Iste
2113 1059 2213 1115 Dei
2243 1068 2462 1116 sanctus
2492 1059 2686 1115 doctor
2715 1058 3044 1113 venerabilis
3073 1059 3188 1113 orbi

2049 1150 2185 1206 Vita:
2215 1151 2460 1220 exempla
2492 1150 2658 1217 dedit,
2709 1149 2928 1218 adjuvat
2957 1156 3010 1203 et
3051 1147 3326 1218 precibus.

1978 1239 2105 1295 Haec
2131 1240 2438 1312 quicunque
2468 1239 2644 1310 legas,
2679 1238 2896 1294 veniam
2926 1237 3229 1308 deposcere
3278 1236 3470 1292 Strabo

2047 1329 2133 1384 Sis
2161 1345 2388 1397 memor,
2423 1336 2475 1384 et
2504 1336 2731 1384 cunctos
2762 1329 2863 1382 bos
2892 1341 3030 1382 voca
3061 1326 3117 1381 in
3146 1325 3427 1381 auxilium.

837 954 915 1008 De
952 954 1314 1024 martyribus.

269 1057 552 1131 Sanguine
582 1057 672 1129 qui
703 1059 924 1130 proprio
955 1059 1197 1116 coelestia
1227 1060 1454 1132 praemia
1483 1059 1665 1132 adepti

344 1146 480 1215 Quae
509 1145 614 1201 sibi
647 1148 898 1203 retribuit
928 1149 1261 1204 retribuente
1310 1151 1444 1207 Deo.

269 1236 388 1291 Nos
418 1236 700 1292 tolerando
729 1246 952 1292 monent
982 1237 1142 1294 facile
1169 1240 1410 1310 pretiosa
1440 1240 1622 1296 subire
1646 1283 1657 1306 ,

342 1325 448 1380 Pro
478 1324 689 1380 Christo
718 1327 1034 1397 opprobria,
1069 1345 1188 1400 qua:
1218 1343 1372 1384 sacra
1405 1345 1579 1401 regna
1608 1336 1817 1400 parent.

3251 1456 3545 1472 ’.υ-...-

1273 1535 1614 1596 IIYMNUS
1671 1534 1779 1595 DE
1838 1535 2139 1596 NATALI
2194 1535 2480 1598 DOMINI

411 1745 659 1802 Gloriam
689 1755 816 1803 nato
847 1747 1100 1804 cecinere
1130 1749 1374 1819 Christo,
1894 1751 1946 1810 B
2119 1750 2318 1820 Spiritu
2347 1766 2642 1824 praegnans
2669 1751 2946 1823 operantis
2975 1751 3029 1806 in
3061 1767 3120 1807 se

413 1844 627 1918 Angeli,
660 1845 863 1901 famam
892 1845 1156 1912 retulere,
1188 1846 1340 1903 clara
1792 1902 1802 1911 _
2400 1841 2570 1895 Mater
2597 1857 2863 1912 opusque.

411 1941 558 1998 Voce
589 1951 836 2016 pastores
866 1961 1005 2000 nova
1034 1945 1442 2018 concrepabant

2117 1930 2328 1984 Veritas
2358 1939 2504 1986 terra
2531 1931 2818 2001 pietasque
2848 1937 2973 1985 nata
3004 1938 3104 1998 est,

695 2041 905 2098 Gaudia
945 2045 1169 2100 mundo,
2113 2018 2284 2074 Solvit
2312 2027 2364 2075 et
2391 2020 2582 2091 primae
2611 2018 3012 2074 maledictionis

407 2138 548 2194 Laus
573 2139 628 2193 in
657 2140 909 2207 excelsis,
952 2142 1038 2212 pia
1071 2158 1175 2213 pax
1202 2141 1257 2197 in
1306 2142 1473 2209 arvis,
2111 2108 2340 2175 Damna’
2373 2125 2474 2213 13:0
2503 2109 2675 2207 Spir“?
2705 2107 3023 2213 {ribulisque
3051 2105 3286 2162 humum

408 2228 616 2282 Dicitur
643 2230 857 2302 magnis
887 2199 1220 2286 celebranda
1248 2231 1407 2297 votis,
1463 2199 1472 2209 1

1277 2231 1407 2297 mis,
1463 2199 1472 2209 ’
2383 2199 2551 2253 Terra
2599 2199 2866 2252 ministrat

407 2316 602 2373 Omnis
631 2319 864 2373 adventu
894 2320 1111 2374 Domini
1159 2329 1406 2377 movetur
2109 2305 2338 2361 Fructus
2369 2306 2457 2362 hic
2486 2314 2661 2371 terras,
2695 2304 2846 2375 prius
2877 2319 2908 2358 a
2939 2303 3203 2374 propheta

665 2416 914 2472 Machina
954 2433 1161 2473 rerum,
2114 2395 2281 2451 Valde
2310 2394 2558 2450 sublimis
2585 2392 2682 2448 fuit
2712 2392 3004 2457 indicatus,

406 2502 580 2576 Virgo
611 2513 876 2576 conceptu
906 2506 1230 2579 gravidatur
1271 2506 1433 2563 almo.
2108 2483 2212 2554 QUi
2242 2499 2443 2579 grege}
2470 2491 2687 2579 δθηοίίξε
2716 2490 2964 2537 saturare
2995 2483 3118 2535 νίνο

404 2571 709 2666 Conjugum
740 2571 1256 2668 mutaevsterilesque
1287 2593 1438 2650 ﬁbra:
2105 2663 2168 2670 Μ
2299 2663 2313 2670 ι
2363 2574 2534 2670 _Pane
2574 2571 2798 2670 valeret.

400 2682 524 2736 tam
554 2663 741 2753 vigent
770 2683 928 2738 donis
956 2684 1111 2751 uteri,
1155 2663 1439 2756 prophetat
2232 2663 2335 2718 SUb
2363 2663 2595 2756 Ῐὶυπξδῐιὸ
2619 2663 2826 2756 -εῐξθοὶε-
2855 2673 3170 2756 ξοιὍεοδηεν

689 2771 921 2828 Car-cere
977 2749 1172 2828 γαθέ,-
1254 2749 1271 2756 ’
2108 2752 2223 2808 Vile
2253 2752 2516 2824 praesepis
2547 2750 2716 2807 voluit
2744 2749 2922 2806 cubile

401 2859 758 2930 Splendidam
788 2859 914 2916 coeli
946 2860 1182 2917 faculam
1213 2863 1439 2930 dedere,
2106 2841 2288 2909 Ferre:
2320 2857 2429 2913 ιιιιο
2460 2857 2582 2896 sese
2612 2841 2745 2896 dare
2791 2838 3068 2904 nuntiaret

400 2949 564 3004 Movit
591 2949 848 3006 ardorem
878 2965 1036 3006 sacra
1067 2951 1159 3007 lux
1197 2952 1502 3024 Magorum,
2382 2931 2589 2986 Pascua
2643 2937 2845 3001 Ὠδεῖον·

400 3046 666 3102 Territant
697 3062 896 3102 saevam
925 3063 1067 3104 nova
1093 3048 1404 3105 Iudaeorum
2105 3037 2351 3093 Gaudeat
2383 3036 2506 3093 coeli
2535 3038 2754 3104 chorus,
2785 3042 2842 3090 ut
2871 3035 3098 3090 Creator

681 3143 878 3198 Nuntia
907 3144 1146 3216 plebem,
1889 3118 1938 3180 C
2102 3127 2233 3196 Ejus
2264 3126 2544 3198 antiquum
2572 3141 2860 3180 numerum
2890 3130 3134 3188 novaret,

399 3239 538 3296 Sera
566 3239 850 3313 longaevus
878 3242 1096 3299 Simeon
1126 3243 1362 3299 videndo

2103 3217 2225 3287 Ipse
2256 3214 2562 3282 descendit,
2598 3213 2759 3268 simul
2790 3221 2843 3268 et
2874 3212 3169 3283 superbum

400 3338 558 3405 Vota,
589 3345 700 3393 tam
729 3339 895 3413 longe
925 3341 1073 3412 prius
1112 3340 1404 3412 expetitam

1356 3356 1404 3394 [η
2386 3305 2642 3359 Sternere
2689 3303 2921 3357 hostem.

401 3436 666 3492 Predicat
695 3409 1417 3496 cunctis—Dominisalutem
2101 3411 2274 3510 :l’erra
2298 3411 2534 3510 laetetur,
2569 3409 2777 3464 radiata
2817 3409 2951 3510 tanti

701 3527 876 3582 Patris
903 3528 1118 3584 adesse.
2101 3499 2341 3554 Luminis
2371 3506 2567 3565 tractu,
2600 3514 2776 3568 genus
2806 3505 2860 3551 et
2893 3496 3234 3568 redemptum

397 3618 554 3670 Anna
576 3617 688 3685 jam
718 3625 853 3672 natu
883 3617 1122 3689 gravior,
1169 3626 1394 3689 repente
2101 3589 2240 3643 vom
2270 3587 2727 3689 ἓτδίξηίιίγονθθί
2757 3585 3023 3689 ,ἷθτθιῖίῐυθ

394 3703 556 3759 Lucis
576 3675 781 3762 attactu
812 3675 1324 3776 penetrata'sanctae
2398 3675 2587 3730 Debita
2624 3680 2826 3729 meme-

395 3791 556 3861 Quod
582 3794 674 3849 diu
706 3794 858 3849 traxit
888 3795 1182 3852 toleranter
1207 3813 1325 3852 aavu
2102 3784 2314 3841 Christe
2344 3797 2636 3855 regnorum
2667 3780 2975 3835 dominator
3024 3796 3166 3854 auge

696 3892 843 3948 Laeta
870 3893 1108 3965 peregit,
2098 3873 2337 3944 Principi
2367 3879 2553 3965 nostro
2582 3870 2752 3965 decus
2782 3878 2836 3925 et
2873 3869 3196 3965 triumphos,

393 3981 694 4052 Martyrum
722 3959 888 4037 ﬂores
915 3959 1066 4038 farus
1106 3983 1465 4056 interemptor

2097 3963 2230 4033 Ejus
2259 3969 2312 4018 et
2341 3960 2552 4032 prolem
2583 3960 2722 4016 bene
2753 3975 2878 4016 cum
2905 3959 3103 4031 pudica

391 4050 610 4124 Milibus
641 4070 844 4137 multis,
875 4071 1034 4127 avide
1071 4050 1356 4128 cruorem—
2383 4050 2626 4123 Coniuge
2671 4050 2841 4106 salva-

392 4156 701 4227 Quaeritans
731 4159 932 4215 Christi
962 4161 1169 4217 cruciat
1212 4160 1466 4235 maligna:
2099 4161 2314 4232 Sponsa
2341 4174 2450 4231 quo
2480 4157 2606 4213 felix
2637 4164 2725 4212 tua
2753 4156 2854 4212 sub
2882 4156 3128 4229 patronis

673 4247 906 4319 Frigore
940 4249 1140 4304 mentis
2100 4249 2308 4305 Polleat
2338 4247 2501 4303 tantis
2531 4246 2726 4302 merito
2757 4246 2986 4318 locoque

391 4336 544 4409 Ergo
575 4352 736 4409 quam
766 4346 967 4392 nostrae
998 4347 1157 4410 caput
1186 4340 1420 4411 optionis
2099 4337 2433 4394 Praeminens
2463 4335 2684 4402 mundo,
2716 4343 3040 4408 maneatque
3069 4334 3234 4406 longa

386 4425 650 4480 Novimus
678 4425 855 4481 lucem
883 4426 1164 4483 celebrare
1201 4428 1378 4500 plenis
1893 4479 1944 4538 D
2386 4427 2526 4482 Pace
2557 4423 2754 4480 ﬁdelis.

390 4512 616 4538 F.....12:..
675 4515 814 4538 Α-...ζ
850 4516 1163 4538 -ι--.1--...---
1188 4517 1337 4538 ,ιμμᾼ
2107 4535 2149 4538 μ-
2209 4533 2218 4538 .
2356 4533 2368 4538 -
2515 4531 2524 4538 .
2552 4531 2560 4538 .
2747 4531 2754 4538 .

390 4512 638 4580 Gaudiis,
671 4515 817 4569 omni
849 4516 1165 4572 studeamus
1186 4517 1343 4573 almae

701 4604 858 4660 Pacis
900 4621 1106 4662 amore.

387 4709 580 4765 Editus
611 4726 763 4766 sacro
792 4712 967 4767 Patris
995 4728 1093 4770 ore
1131 4730 1350 4785 semper

385 4808 626 4879 Virginis
657 4818 800 4864 casta
829 4810 999 4866 voluit
1029 4811 1130 4866 sub
1159 4811 1283 4866 alvo

384 4900 517 4952 Arta
544 4905 750 4954 naturae
779 4899 1012 4954 tolerare
1045 4899 1233 4966 factor,

695 4987 879 5043 Munia
906 4998 1124 5045 nostra.

386 5075 557 5148 Virgo
585 5085 895 5148 portantem
923 5079 1234 5135 veneranda
1267 5087 1466 5152 portat,

379 5173 558 5228 Lactat
593 5174 836 5239 altorem,
872 5176 1018 5232 vehit
1047 5184 1099 5232 et
1126 5185 1429 5248 parentem.

2094 4533 2307 4588 Christe
2338 4533 2408 4587 da
2438 4531 2595 4586 nobis
2623 4540 2717 4586 tua
2739 4531 2895 4599 jussa
2925 4547 3056 4586 vero

2092 4623 2270 4678 Corde
2299 4621 2518 4684 sectari,
2555 4620 2715 4674 simul
2744 4627 2797 4674 et
2845 4620 3020 4675 beatis

2092 4710 2314 4766 Actibus
2344 4709 2466 4764 vitae
2497 4707 2726 4762 nitidum
2757 4707 2955 4763 mereri

2326 4799 2568 4853 Stemma
2595 4797 2873 4868 perennis.

2087 4907 2310 4960 Prtestet
2343 4905 2460 4959 haec
2489 4903 2649 4959 nobis
2679 4903 2865 4958 Deitas
2896 4903 3048 4957 beata

2083 4993 2257 5049 Patris
2287 5000 2338 5048 et
2367 4992 2512 5061 Nati,
2545 4993 2856 5064 pariterque
2906 4991 3079 5047 sancti

2085 5081 2316 5154 Spiritus
2346 5097 2558 5136 summa
2585 5080 2788 5152 pietate
2837 5094 3079 5149 regnans

2332 5170 2507 5226 Omne
2535 5186 2636 5242 per
2665 5185 2862 5224 aevum.

1048 5381 1391 5444 HYMNUS
1441 5383 1544 5443 DE
1596 5375 2238 5442 AGAUNENSIBUS
2291 5374 2830 5437 MARTYRIBUS

443 5565 593 5621 Felix
627 5567 800 5622 Gallia
831 5567 1060 5624 fortibus
1105 5571 1328 5642 tropaeis

376 5655 630 5712 Ubertate
662 5656 785 5726 soli,
817 5657 994 5714 virum
1038 5659 1230 5725 nitore,

368 5744 545 5818 Regni
577 5745 797 5802 nomine
827 5755 1128 5820 purpurata
1157 5765 1382 5823 magno,

2077 5581 2336 5636 Romana
2367 5593 2524 5634 soror
2555 5579 2707 5634 urbis
2761 5589 2924 5653 atque
2958 5595 3188 5637 consors
3222 5599 3234 5635 :

2150 5670 2295 5737 Haec,
2329 5668 2572 5740 inquam,
2605 5668 2801 5724 melius
2830 5669 3010 5726 dicata
3052 5668 3253 5724 Christi

2077 5756 2279 5831 Signis,
2314 5756 2446 5813 illita
2476 5766 2779 5830 martyrum
2815 5773 3033 5824 cruore,
