3996 6184
393 351 529 408 1087

997 343 1399 403 WALAFRIDI
1429 340 1672 397 STRABI
1704 337 1903 396 FULD.
1936 331 2108 390 MON.
2142 330 2295 387 OPP.
2336 330 2513 386 PARS
2543 329 2636 384 Ill.
2677 358 2737 371 —
2769 327 3106 382 CARMINA.

573 474 946 530 Excellentius
975 473 1074 526 has
1104 480 1263 544 togas
1311 467 1635 539 frequentat,

542 563 690 633 Quas
721 579 827 618 non
860 560 1054 632 impius
1086 559 1350 631 inquietat
1376 557 1566 612 hostis.

609 654 920 707 Thesauros
948 648 1196 704 Rhodani
1228 647 1447 719 quidem
1475 644 1676 700 ﬂuento

539 741 782 797 Vallatos
813 739 941 795 colit
970 738 1198 808 Alpibus
1228 737 1330 790 sub
1357 734 1510 806 ipsis,

537 830 644 886 Sed
676 844 786 884 non
817 827 931 882 sola
959 834 1107 882 tenet
1136 826 1306 881 decus
1338 829 1610 879 sacratum

540 919 702 987 Quod
731 925 841 972 toto
872 917 1040 987 liquet
1071 915 1311 970 eminere
1347 913 1568 968 mundo.

606 1006 792 1080 Magni
823 1005 1130 1061 Mauritium
1160 1005 1355 1076 loquor
1386 1001 1592 1075 rigoris

541 1098 675 1153 Cum
707 1112 814 1168 quo
847 1095 1144 1159 Candidus,
1177 1093 1640 1163 Exsuperiusque,

539 1189 834 1241 Armorum
865 1185 1076 1240 comitis
1104 1183 1267 1237 fidem
1308 1181 1499 1249 secuti,

538 1279 805 1332 Juverunt
842 1274 998 1330 ducis
1044 1272 1233 1344 Optimi
1275 1270 1536 1326 calorem.

609 1364 860 1418 Thebaa;
888 1363 1034 1435 legio
1065 1362 1225 1416 beata
1255 1359 1436 1432 gentis
1523 1413 1526 1416 λ

543 1455 638 1508 His
668 1453 982 1508 concredita
1008 1452 1132 1523 lege
1175 1448 1397 1504 militari

541 1542 667 1598 Veri
697 1542 943 1596 militiam
973 1549 1161 1596 secuta
1190 1540 1356 1610 Regis

541 1632 752 1687 Vexillo
783 1631 963 1688 crucis
992 1629 1275 1701 impedivit
1304 1630 1538 1683 hostem.

615 1720 808 1775 Nullas
839 1719 1083 1775 sontibus
1114 1719 1343 1773 intulere
1373 1717 1573 1781 caedes,

549 1809 692 1876 Quin
720 1809 824 1880 ipsi
853 1808 1052 1881 gladiis
1082 1809 1198 1863 Deo
1247 1806 1510 1862 immolati

550 1897 728 1966 Quam
757 1898 919 1951 terris
953 1896 1189 1951 Orientis
1215 1896 1545 1950 imbiberunt

545 1985 748 2040 Castris
781 1985 1037 2040 Occiduis
1068 1983 1231 2038 fidem
1271 1983 1576 2038 recludunt.

627 2077 806 2146 Auget
837 2072 1065 2128 crimina
1097 2088 1274 2127 smvus
1303 2072 1616 2142 imperator,

552 2162 729 2232 Quem
759 2178 862 2217 nec
891 2161 1131 2217 carmine
1161 2160 1442 2215 nominare
1472 2159 1718 2232 dignum,

547 2254 688 2309 Dum
720 2260 940 2307 sanctos
965 2252 1119 2320 jubet
1158 2249 1318 2304 idolis
1364 2249 1539 2313 litare,

546 2343 917 2412 Nolentesque
947 2355 1137 2396 necem
1171 2338 1352 2393 subire
1383 2337 1623 2392 mandat.

615 2433 736 2486 Dux
766 2430 973 2501 primus
1004 2428 1184 2484 socios
1215 2427 1373 2482 simul
1402 2433 1623 2483 coactos

540 2522 796 2575 Hortatur
823 2518 1072 2573 stabilem
1106 2525 1294 2572 tenere
1323 2524 1579 2580 mentem,

544 2609 738 2664 Nullus
767 2607 988 2662 deficiat
1014 2607 1231 2662 timore.
1265 2606 1440 2660 Nemo

544 2697 918 2762 Perturbetur,
951 2696 1045 2761 ait,
1098 2695 1318 2750 demum
1344 2703 1370 2729 ⁸
1399 2709 1691 2765 sequamur

616 2787 798 2841 Armis
819 2787 932 2855 jam
962 2785 1095 2840 satis
1132 2785 1394 2839 hactenus
1434 2782 1652 2838 caducis

555 2876 752 2930 Hostes
785 2873 1074 2929 stravimus
1101 2873 1389 2928 aemulante
1441 2871 1652 2936 dextra,

547 2965 706 3019 Nunc
735 2963 934 3019 virtute
963 2962 1127 3018 animi
1159 2961 1460 3017 domandus
1491 2959 1664 3015 hostis

546 3054 735 3121 Major,
769 3053 942 3120 major
970 3052 1114 3107 enim
1145 3065 1349 3106 corona
1395 3056 1579 3104 restat.

621 3142 738 3196 Nec
766 3141 934 3196 dilata
963 3141 1054 3195 diu
1085 3139 1274 3212 fatigat
1307 3153 1442 3210 ergo

551 3230 763 3285 Merces
793 3229 1116 3296 stemmatis,
1147 3243 1274 3283 ecce
1305 3227 1616 3280 laurearum

550 3320 864 3389 Pugnantes
893 3317 1056 3372 hodie
1087 3325 1292 3387 tropzea
1320 3323 1530 3371 vosmet

551 3407 607 3462 Si
638 3407 867 3463 vincatis
897 3406 1043 3477 apud
1077 3407 1250 3462 Deum
1282 3404 1598 3458 manebunt.

626 3497 876 3550 Perstant
906 3494 1180 3566 intrepidi,
1212 3495 1510 3566 loquuntur
1539 3508 1631 3549 ore

551 3587 672 3642 Uno
706 3603 720 3640 :
752 3584 994 3656 Praecipe
1019 3585 1202 3639 Caesar
1231 3583 1514 3654 expeditos

555 3685 658 3740 Pro
689 3684 949 3738 tutamine
977 3682 1320 3754 publicisque
1350 3682 1514 3737 rebus

553 3775 885 3846 Depugnare
916 3771 1084 3837 viros,
1118 3771 1456 3826 obediemus.

625 3863 692 3916 At
722 3861 767 3916 si
796 3860 935 3916 forte
967 3862 1082 3916 Deo
1115 3860 1269 3931 cupis
1301 3859 1490 3914 relicto

553 3951 670 4005 Nos
700 3949 906 4006 servire
935 3949 1058 4013 tuis,
1094 3947 1342 4019 profane,
1389 3946 1548 4013 divis,

559 4039 634 4093 Te
663 4037 1063 4093 contemnimus
1094 4044 1145 4091 et
1177 4036 1485 4092 severitatis

561 4128 918 4182 Tentamenta
949 4133 1052 4179 tuae
1091 4125 1378 4196 minasque
1421 4124 1583 4179 viles.

561 4216 684 4270 Jam
714 4229 857 4268 nunc
889 4229 1078 4283 rumpe
1107 4228 1314 4278 moras,
1347 4212 1436 4266 abi
1467 4211 1706 4282 satelles,

561 4304 690 4358 Haec
718 4302 1009 4358 conamina
1037 4300 1226 4355 nuntia
1267 4309 1521 4370 tyranno,

559 4393 785 4458 Exurat,
820 4390 1057 4462 perimat
1084 4389 1210 4444 licet
1256 4396 1522 4459 necetque

561 4481 804 4551 Lympha
831 4479 1086 4545 ﬂuminis,
1118 4485 1212 4533 aut
1241 4486 1390 4533 secet
1439 4477 1659 4548 lapillis.

631 4569 785 4624 Stant
811 4568 1136 4623 intlexibiles
1172 4574 1502 4638 manentque
1545 4565 1658 4633 fixi,

560 4659 683 4713 Non
713 4658 843 4712 dant
874 4657 984 4711 liba
1015 4657 1137 4724 diis,
1171 4671 1386 4727 genuve
1435 4663 1663 4726 ponunt,

562 4747 676 4802 Rex
707 4753 758 4801 et
789 4745 1037 4800 conditor
1065 4752 1117 4799 et
1145 4744 1342 4816 quibus
1372 4760 1470 4815 per
1499 4759 1677 4799 aevum

563 4836 805 4890 Christus
835 4834 1020 4891 vivere
1053 4832 1425 4904 commorique
1470 4831 1700 4888 lucrum.

634 4926 763 4980 H330
795 4931 1086 4995 postquam
1111 4921 1257 4978 ferus
1282 4921 1591 4993 impiusque
1621 4920 1778 4976 lictor

565 5014 783 5068 Crudeli
814 5013 1034 5067 domino
1065 5011 1236 5066 relata
1265 5009 1488 5082 perfert,

565 5104 906 5157 Commotum
937 5101 1116 5157 scelus
1145 5100 1304 5154 ardet
1332 5099 1388 5154 in
1427 5098 1672 5154 cruentis

567 5190 755 5246 Statim
785 5190 1118 5261 pectoribus,
1153 5188 1439 5261 magisque
1479 5195 1667 5243 totum.

641 5279 790 5334 Hanc
819 5278 992 5349 inquit
1023 5278 1286 5349 gravibus
1313 5285 1497 5332 notam
1524 5275 1762 5348 querelis

568 5369 779 5423 Mecum
808 5367 897 5420 vix
929 5367 1145 5422 tulerim
1174 5365 1320 5438 quod
1353 5365 1491 5421 ordo
1520 5364 1692 5420 nostri

570 5457 729 5511 Tales
764 5454 926 5511 ofﬁcii
957 5455 1238 5511 remandat
1267 5471 1454 5520 ausus,

575 5545 898 5617 Exemplum
926 5544 1070 5600 dabo
1095 5544 1210 5613 jam
1239 5560 1335 5614 per
1364 5545 1463 5598 hos
1495 5541 1708 5597 futuris.

478 5757 496 5780 ι
518 5752 680 5802 Deum,
711 5744 912 5803 Hanck.,
932 5745 1034 5792 not.
1065 5753 1156 5791 ms.

2024 459 2083 519 Α,

2310 457 2484 525 Miles,
2515 470 2707 527 perge,
2741 469 2878 508 neca
2908 452 3057 507 viros
3100 457 3392 522 protervos

2234 546 2302 602 Et
2330 545 2506 617 primo
2537 544 2808 598 decimum
2838 541 3018 596 recide
3075 555 3351 612 quemque

2237 635 2325 690 Sic
2353 635 2530 689 saltim
2561 649 2680 688 mea
2704 633 2852 700 jussa
2889 629 3296 701 pertimescent.

2236 724 2332 779 His
2360 723 2490 779 actis
2520 721 2673 777 calor
2700 720 2974 776 invenitur
3003 718 3168 773 idem.

2309 813 2575 868 Instaurat
2601 826 2730 865 reus
2759 809 3106 882 integratque
3135 807 3344 863 cadem

2239 912 2299 967 In
2329 919 2609 982 totumque
2636 917 2816 965 movet
2845 923 3074 980 gregem
3104 906 3458 970 machaeram,

2242 1011 2430 1065 Certat.
2449 1025 2509 1064 se
2539 1008 2630 1079 pia
2657 1006 2963 1079 praevenire
2995 1005 3173 1072 turba,

2243 1099 2435 1154 Serum
2466 1102 2697 1170 quisque
2727 1096 2830 1150 sibi
2858 1102 3028 1166 putat,
3073 1093 3220 1166 quod
3248 1092 3433 1147 instat.

2313 1187 2602 1242 Cmduntur
2628 1184 2844 1258 gladiis,
2879 1183 3159 1254 replentur
3188 1182 3322 1253 ipsa:

2245 1276 2425 1332 Valles
2453 1275 2796 1345 corporibus,
2832 1273 3110 1344 ﬂuuntque
3142 1270 3244 1326 rivi

2245 1365 2398 1422 Sacri
2428 1363 2733 1436 sanguinis,
2764 1363 2881 1434 ipse
2911 1378 3011 1433 per
3042 1376 3291 1416 cruorem

2245 1456 2586 1519 Sanctorum,
2618 1437 2913 1508 Rhodanus
2944 1458 3188 1506 sacratus
3217 1448 3344 1504 exit.

2316 1543 2454 1599 Hinc
2476 1543 2590 1612 jam
2616 1541 2873 1606 nobilior,
2906 1555 3114 1610 suoque
3145 1538 3319 1608 major

2243 1635 2510 1697 Excursu,
2543 1646 2693 1686 mare
2722 1646 2845 1686 cum
2874 1629 3074 1684 decore
3104 1642 3362 1699 magnum

2246 1721 2436 1791 Majori
2465 1720 2616 1792 petit,
2651 1735 2810 1774 omne
2842 1717 3140 1772 Galliarum

2249 1813 2497 1882 Regnum
2525 1810 2593 1864 de
2623 1825 2759 1864 nece
2789 1816 3088 1878 martyrum
3127 1819 3419 1861 coronans.

2317 1899 2363 1955 Ο
2394 1914 2558 1972 quam
2589 1897 2786 1952 nobilis
2815 1896 2977 1964 unda,
3010 1911 3132 1968 quae
3163 1894 3349 1949 beatas

2247 1988 2477 2044 Solvcns
2503 1985 2811 2058 exsequias,
2842 1985 3024 2039 lavare
3057 1983 3250 2056 plagas

2246 2079 2315 2133 Et
2343 2093 2529 2133 secum
2553 2075 2752 2131 meruit
2782 2081 2996 2129 sacrata
3040 2071 3182 2128 ferre

2141 2158 2146 2162 ⁷
2248 2169 2316 2222 Et
2343 2183 2402 2222 se
2433 2181 2662 2237 corpora
2691 2164 2974 2235 possidere
3017 2162 3180 2217 circa.

2321 2255 2452 2324 Qua:
2482 2254 2696 2325 pridem
2723 2253 2844 2308 leve
2873 2268 3074 2307 nomen
3111 2249 3427 2306 indicabant

2249 2344 2444 2401 Felicis
2472 2343 2591 2399 loca
2614 2343 2727 2411 jam
2759 2342 2973 2413 placent
3021 2338 3252 2412 Agauni,

2249 2437 2526 2506 Angustos
2556 2432 2729 2487 aditus
2758 2429 2992 2501 refulget
3037 2428 3178 2484 inter

2252 2522 2409 2591 Quod
2438 2521 2661 2576 miratur
2686 2536 2878 2575 amans
2909 2518 3203 2591 quadratus
3249 2515 3424 2572 orbis.

2323 2612 2617 2682 Postquam
2647 2607 2936 2665 carnifices
2977 2607 3157 2663 scelus
3184 2612 3475 2678 peractum

2253 2700 2592 2764 Clauserunt,
2626 2697 2800 2770 epulis
2830 2697 3035 2753 dedere
3067 2712 3210 2765 sese,

2251 2791 2400 2846 Inter
2429 2789 2621 2844 funera
2648 2803 2746 2860 pro
2775 2787 2967 2842 dolore
3008 2785 3183 2842 luctus

2252 2879 2384 2934 Ausi
2416 2878 2654 2933 laetitiam
2685 2876 2840 2949 sequi
2871 2876 3140 2946 jocosam.

2323 2967 2407 3022 Ad
2438 2966 2688 3022 convivia
2716 2973 2900 3021 mente
2931 2962 3132 3019 saniori

2249 3055 2499 3112 Pervenit
2529 3053 2758 3126 stupidis
2789 3069 2957 3109 senex
3001 3051 3258 3106 medullis

2249 3145 2454 3213 Victor,
2489 3160 2588 3200 cur
2617 3143 2788 3217 geris,
2831 3141 3106 3214 inquiens,
3137 3140 3399 3214 maligna,

2246 3235 2422 3300 Miles,
2453 3234 2657 3306 gaudia
2687 3231 2892 3304 stragis
2922 3231 2979 3285 in
3009 3229 3249 3286 cruore?

2319 3323 2485 3379 Jussit
2513 3321 2776 3394 providus
2806 3321 3118 3392 imperator,
3163 3319 3313 3373 aiunt

2251 3413 2483 3468 Omnem
2515 3411 2762 3466 militiam
2791 3410 2924 3464 deos
2953 3408 3184 3464 colendo

2252 3501 2605 3572 Complacare
2637 3499 2758 3566 sibi,
2795 3498 2964 3571 quod,
2987 3499 3103 3554 haec
3155 3496 3380 3552 rebellis

2251 3590 2460 3646 Nolens
2488 3590 2644 3644 turba
2671 3588 2769 3642 luit
2799 3587 2980 3643 furore
3007 3602 3219 3657 ptenas.

2325 3679 2622 3751 Suspiraus
2653 3677 2854 3743 senior,
2889 3676 3040 3749 quid,
3092 3676 3284 3748 inquit,
3317 3675 3482 3731 istam

2253 3777 2445 3834 ditatis
2476 3776 2671 3832 seriem
2702 3775 2870 3830 miser
2900 3774 3132 3846 peregi?

2257 3865 2434 3935 Quam
2463 3865 2682 3932 vellem,
2713 3865 2860 3936 optio
2889 3863 2935 3918 si
2963 3863 3209 3928 daretur,
3256 3862 3401 3919 inter

2259 3966 2370 4020 Hos
2401 3962 2557 4018 finire
2586 3963 2706 4034 pios
2737 3977 2966 4033 gravem
3003 3969 3299 4018 senectam.

2330 4063 2610 4119 Dicentem
2639 4063 2870 4134 rapiunt,
2907 4077 3094 4116 senem
3126 4061 3419 4128 trucidant,

2263 4161 2341 4216 Fit
2370 4168 2573 4232 martyr
2601 4160 2892 4231 sociusque
2922 4157 3197 4214 candidati

2263 4259 2469 4324 Coetus,
2505 4264 2558 4313 et
2586 4256 2782 4329 quibus
2813 4263 2935 4310 ante
2980 4253 3287 4325 concupivit

2261 4355 2443 4429 Jungi,
2477 4355 2717 4426 protinus
2747 4353 2964 4408 additur
2992 4351 3265 4422 maniplis.

2336 4453 2383 4509 Ο
2415 4451 2642 4508 summis
2670 4451 2757 4523 pia
2788 4449 3040 4505 laudibus
3071 4449 3299 4506 colenda

2265 4552 2587 4607 Sanctorum
2618 4549 2785 4622 legio,
2821 4563 3019 4604 cruore
3047 4549 3158 4604 lota

2267 4649 2442 4719 Quam
2471 4647 2763 4720 perfectior
2791 4647 3046 4702 omnibus
3084 4644 3295 4719 figuris,

2269 4751 2384 4805 Hoc
2413 4748 2657 4804 senarius
2687 4748 2905 4803 ordinat
2937 4747 3154 4802 decore.

2339 4849 2480 4902 Nam
2514 4863 2609 4902 sex
2640 4845 2812 4901 millia
2843 4845 3130 4917 sexiesque
3158 4852 3374 4900 centum

2272 4945 2401 5002 Seni
2430 4953 2541 4999 tum
2570 4943 2753 4999 decies
2785 4942 3062 5014 semelque
3109 4942 3226 4996 seni

2271 5043 2551 5108 Dicuntur,
2584 5056 2813 5096 numero
2843 5039 3012 5095 fuisse
3045 5040 3227 5112 pleno.

2270 5132 2361 5186 Nil
2393 5139 2610 5187 sanctos
2641 5129 2833 5185 melius
2860 5137 3036 5200 potest
3084 5129 3300 5184 decere.

2344 5231 2517 5285 Tanto
2546 5243 2773 5283 munere
2801 5227 3139 5300 gaudeamus
3187 5241 3381 5282 omnes

2275 5327 2378 5397 Qui
2407 5325 2533 5384 caeli
2563 5342 2729 5398 super
2757 5333 2905 5380 astra
2935 5340 3035 5380 nos
3068 5332 3324 5394 patronos

2273 5429 2372 5484 Tot
2403 5423 2726 5482 confidimus
2752 5423 2988 5495 inclytos
3031 5423 3235 5477 habere

2277 5525 2515 5597 Quorum
2545 5523 2720 5580 oratio
2751 5522 2899 5595 quod
2927 5520 3062 5595 petit
3091 5528 3348 5576 meretur.

2347 5623 2443 5680 His
2474 5623 2520 5678 si
2551 5621 2833 5680 servitium
2861 5619 3023 5694 ﬁdele
3048 5636 3209 5677 cures

2278 5722 2324 5779 Ο
2359 5723 2605 5780 Conrado
2633 5730 2792 5794 pater
2819 5721 2952 5778 mihi
2983 5719 3232 5786 colende,

3575 327 3709 379 1088
