4024 6194
352 265 488 317 1089

635 385 784 441 Totis
813 385 1020 440 viribus
1050 384 1330 450 exhibere,
1357 384 1526 455 jugis.

632 476 707 530 Te
737 491 838 545 per
866 473 1100 547 grandia
1130 473 1274 529 facta
1295 490 1398 544 pax
1421 480 1700 543 sequetur.

706 565 844 618 Nam
875 563 1122 635 quamvis
1151 562 1316 618 miser
1337 570 1498 632 atque
1521 559 1847 616 criminosus

635 654 766 719 Sim,
799 653 966 708 credo
997 662 1175 707 tamen
1209 653 1310 708 hoc
1341 651 1530 705 labore
1565 664 1735 722 parvo

635 742 958 798 Sanctorum
986 741 1195 796 meritis
1225 741 1317 794 diu
1347 739 1572 811 petitam

602 831 924 886 Strabonem
967 830 1181 886 veniam
1210 846 1239 883 a
1268 830 1382 884 Deo
1411 827 1632 883 mereri.

1292 254 1566 314 VERSUS
1596 257 1668 312 IN
1699 246 2133 324 AQUISGRANI
2180 251 2477 308 PALATIO
2519 243 2726 308 EDITI.

1983 382 2038 442 A

3511 247 3648 304 1090

2339 379 2550 434 Sancta:
2579 377 2754 449 gloria
2785 392 2983 446 magna
3016 375 3261 430 Trinitati

2270 468 2346 524 Sit
2377 484 2474 538 per
2503 466 2704 522 saecula
2749 472 2962 531 cuncta,
2997 465 3132 531 laus,
3165 471 3429 534 potestas,

2269 565 2451 622 Virtus
2491 582 2619 632 una,
2651 565 2798 620 salus
2845 563 3122 635 perennis,
3155 562 3297 633 ipsa,

2266 655 2495 727 Semper
2521 671 2622 711 nos
2651 669 2812 726 prece
2841 660 3137 724 martyrum
3168 658 3410 707 coronet.

2789 763 2982 816 Amen.

371 931 3659 978 _________________.____.__.___a_————————-

1567 1035 1675 1094 DE
1732 1029 1993 1092 MARIA
2048 1021 2412 1087 VIRGINE.

355 1197 432 1255 Sit
461 1198 726 1256 Dominus
756 1207 956 1268 tecum,
991 1216 1208 1270 semper
1251 1207 1343 1253 tua
1372 1196 1544 1270 gratia
1570 1211 1782 1251 mecum

424 1299 579 1354 Pacis
608 1307 660 1354 et
690 1298 968 1367 indicium,
1001 1298 1220 1370 porrige
1251 1299 1429 1369 daque
1460 1311 1698 1370 manum.

353 1396 440 1451 Ad
467 1405 520 1452 te
548 1397 844 1453 clamantes
873 1396 1130 1466 lacrylnis
1161 1404 1212 1450 et
1246 1411 1378 1450 voce
1409 1365 1700 1464 precantes

2279 1179 2492 1237 Auxilio
2522 1185 2684 1243 tutos,
2719 1175 2958 1245 undique
3001 1172 3166 1227 redde
3199 1180 3338 1227 tuos.

2135 1279 2391 1338 Exhilara
2422 1276 2625 1341 tristes,
2661 1273 2841 1329 solare
2885 1271 3126 1342 piissima
3157 1270 3372 1334 ﬂentes,

2206 1381 2516 1449 Nostraque
2548 1374 2754 1430 turbata
2786 1371 2984 1444 tergito
3010 1385 3144 1440 pace
3195 1377 3305 1423 tua.
3367 1420 3370 1422 ,

403 1491 3586 1544 _______________________-________———

1158 1599 1485 1663 VERSUS
1542 1599 1624 1658 IN
1681 1588 2190 1667 AQUISGRANI
2245 1581 2602 1646 PALATIO
2662 1572 2895 1641 EDITI.

1440 1689 1620 1768 Αηὶιο
1653 1702 1737 1764 16
1768 1698 2072 1763 Ludovicx
2098 1693 2532 1775 imperatoris.

822 1915 893 1954 DE
924 1913 1158 1955 IMAGI‘NE
1186 1909 1422 1951 TETRICI.

998 1988 1250 2045 Strabus.

359 2101 467 2157 Cur
496 2115 605 2154 non
635 2097 790 2152 dulce
821 2097 988 2150 decus
1019 2094 1236 2166 quando
1270 2109 1327 2147 se
1359 2091 1584 2148 contulit
1614 2091 1752 2145 hora

359 2191 428 2245 Et
457 2205 555 2245 ver
583 2186 838 2242 ﬂoriferis
868 2185 1047 2240 laetum
1081 2200 1140 2238 se
1171 2181 1402 2252 subrigit
1451 2180 1684 2244 Austris,
1871 2237 1874 2242 _

357 2280 592 2348 Magnus
621 2285 673 2332 et
693 2276 976 2330 ardentem
1005 2272 1269 2344 gradibus
1299 2270 1431 2343 legit
1461 2270 1666 2325 aethera
1687 2265 1966 2322 Phtnbus?

357 2376 478 2430 Jam
508 2373 692 2445 spatiis
723 2387 949 2428 crevere
993 2369 1132 2434 dies,
1165 2366 1426 2422 dulcescit
1457 2374 1508 2420 et
1539 2365 1748 2430 umbra,

361 2465 421 2518 In
453 2463 617 2518 ﬂores
646 2468 948 2533 partusque
979 2473 1170 2522 novos,
1208 2464 1260 2510 et
1289 2454 1483 2528 gaudia
1516 2453 1722 2508 fructus

361 2553 546 2607 Herba
576 2566 770 2606 recens
795 2550 956 2604 arbos
979 2547 1218 2616 datur,et
1239 2561 1412 2615 genus
1434 2559 1594 2598 omne
1609 2542 1960 2606 animantum,

361 2642 519 2711 Quod
548 2639 869 2711 mare.quod
901 2637 1086 2705 silvas,
1112 2635 1258 2706 quod
1281 2649 1426 2700 rura,
1455 2632 1601 2704 quod
1623 2647 1753 2686 aera
1770 2635 1962 2694 tranat,

363 2731 622 2800 Quarere
649 2743 738 2783 me
767 2726 996 2799 pateris,
1030 2734 1081 2780 te
1112 2723 1442 2795 respondere
1488 2720 1672 2792 petitis
1691 2719 1718 2772 ?

363 2821 590 2876 Discere
621 2833 856 2888 namque
887 2815 1019 2870 mihi
1049 2822 1253 2881 votum,
1287 2811 1381 2866 tibi
1420 2810 1604 2866 dicere
1632 2815 1961 2881 promptum.

1027 2920 1315 2978 Scintilla.

366 3035 482 3090 Nec
515 3041 566 3088 te
598 3031 764 3089 credo
794 3027 921 3085 latet
947 3036 1160 3084 veteres
1192 3043 1298 3099 quo
1329 3040 1480 3082 more
1509 3031 1684 3096 poeta:-

363 3123 544 3196 Digna
573 3121 676 3176 diis
709 3120 976 3190 terrisque
1007 3116 1274 3173 canebant
1317 3113 1555 3170 carmina
1585 3111 1820 3184 magnis,

364 3215 466 3267 Aut
498 3211 696 3266 etenim
729 3207 948 3278 abrupti
985 3206 1189 3261 montis
1212 3205 1341 3277 juga
1360 3203 1473 3257 sola
1506 3209 1821 3272 sequentes,

363 3303 480 3355 Aut
511 3299 802 3371 specubus,
834 3296 1021 3361 fossis,
1047 3304 1142 3349 aut
1190 3293 1359 3348 saltus
1388 3291 1526 3346 valle
1572 3289 1785 3354 remoti,

359 3399 384 3424 ⁸
416 3389 463 3445 Ο
492 3405 750 3461 magnum
781 3387 1087 3457 pharetrata
1118 3385 1382 3438 echonem
1413 3396 1545 3436 voce
1576 3378 1807 3434 ciebant.

363 3479 510 3533 Hirta
541 3477 652 3532 suis
678 3475 898 3532 hederis
929 3474 1132 3530 circum
1163 3473 1301 3528 bene
1363 3479 1610 3541 tempora
1641 3467 1821 3532 cincti,

364 3569 525 3623 Teste
554 3583 771 3634 nemus,
797 3573 1072 3635 testesque
1104 3562 1251 3630 ferae,
1279 3560 1592 3631 timidaeque
1624 3557 1893 3621 volucres,

369 3657 522 3712 Mens
553 3671 769 3722 secura,
800 3652 987 3724 procul
1019 3647 1326 3706 furibunda:
1368 3647 1590 3719 crapula
1621 3661 1786 3702 curre.

367 3748 436 3800 At
466 3760 566 3800 nos
597 3760 697 3815 pro
728 3743 914 3815 sylvis,
948 3740 1187 3804 hederis,
1242 3739 1470 3802 echone,
1504 3744 1751 3800 coturno,

366 3835 635 3889 Immanes
663 3832 809 3888 omni
840 3831 1064 3886 ferimus
1091 3830 1159 3884 de
1190 3836 1339 3900 parte
1365 3826 1647 3890 tumultus,

363 3923 430 3977 Et
459 3923 548 3977 vix
570 3922 690 3992 ipsa
716 3921 827 3975 luto
859 3918 1110 3975 subducit
1153 3916 1364 3988 pupula
1396 3931 1540 3982 sese,

367 4011 818 4082 Stercoribusque
850 4008 1147 4063 novissima
1177 4022 1279 4077 pro
1313 4004 1491 4076 pudor
1511 4002 1685 4058 omnis
1702 4002 1966 4067 inhorret,

365 4101 500 4156 Hinc
531 4101 890 4154 detractorum
922 4106 1094 4161 sonat,
1140 4095 1287 4150 illinc
1333 4095 1540 4150 clamor
1571 4100 1826 4163 egentum

365 4189 634 4261 Nudaque
666 4187 977 4260 tergeribus
1005 4185 1330 4240 sordescunt
1361 4197 1521 4237 crura
1550 4178 1786 4253 nigellis,

370 4279 481 4332 Has
519 4292 760 4348 unquam
792 4277 958 4330 Musa:
991 4274 1033 4328 si
1073 4271 1580 4344 dilexerenigellas,

367 4367 640 4436 Stercora,
674 4366 944 4422 clamores
991 4377 1216 4418 caenosa
1257 4361 1478 4424 ﬂuenta,
1508 4358 1789 4414 tumultus.

368 4455 723 4526 Respondere
752 4453 847 4508 tibi
877 4467 1219 4524 nequaquam
1246 4447 1455 4514 diﬂ‘ero,
1491 4448 1589 4502 sed
1617 4447 1663 4503 si

369 4546 548 4600 Pauca
576 4544 786 4616 loquar,
818 4542 940 4615 quia
971 4541 1126 4596 deest
1155 4540 1326 4605 locus,
1363 4553 1530 4608 argue
1559 4535 1733 4591 lenius
1763 4549 1879 4591 oro.

1029 4644 1260 4699 Strabu:
1273 4683 1286 4696 .

369 4754 609 4810 Primum
634 4769 797 4810 nosse
829 4751 1014 4818 velim,
1040 4751 1192 4821 juxta
1240 4765 1404 4821 quam
1437 4764 1586 4818 saepe
1616 4745 1830 4802 v'iamus

370 4844 479 4900 Cur
509 4843 587 4899 sic
618 4842 820 4914 imago,
846 4842 960 4897 suis
991 4841 1057 4894 sit
1105 4838 1340 4910 effigiata
1371 4836 1579 4910 ﬁguris.

1044 4947 1330 5004 Scintilla.

368 5057 616 5114 Tetricus
645 5056 844 5112 Italicis
872 5055 1143 5128 quondam
1175 5060 1431 5126 regnator
1457 5052 1512 5107 in
1541 5051 1650 5106 oris

372 5146 551 5201 Multis
582 5164 647 5201 ex
678 5146 875 5218 opibus
906 5152 1112 5200 tantum
1146 5143 1248 5198 sibi
1279 5150 1458 5197 servat
1501 5155 1716 5208 avarus,

369 5245 438 5298 At
467 5260 653 5300 secum
683 5241 888 5307 infelix,
924 5241 1080 5312 piceo
1121 5240 1397 5311 spaciatur
1425 5252 1647 5293 averno.

370 5343 468 5398 Cui
499 5343 631 5396 nihil
660 5342 716 5396 in
742 5341 964 5406 mundo,
1000 5339 1104 5393 nisi
1134 5339 1221 5394 vix
1248 5337 1392 5392 fama
1420 5335 1571 5390 arida
1601 5340 1787 5389 restat.

367 5431 711 5504 Quamquam
742 5433 1076 5485 thermarum
1105 5428 1299 5498 vulgus
1329 5427 1463 5481 vada
1481 5430 1752 5495 praeparat
1779 5420 1889 5488 olli,

365 5521 482 5578 Hoc
511 5522 629 5576 sine
659 5537 761 5576 nec
792 5534 973 5589 causa,
1004 5535 1129 5573 nam
1163 5516 1312 5572 omni
1342 5514 1678 5570 maledicitur
1702 5530 1819 5579 ore,

421 5663 447 5690 ι
474 5648 659 5691 Versus
680 5646 960 5700 corruptus.

1999 4617 2051 4676 D

1991 1887 2044 1946 B
2077 1883 2574 1954 Blasphemumque
2604 1876 2704 1932 Dei
2735 1875 2904 1947 ipsius
2934 1871 3197 1928 sententia
3227 1867 3416 1925 mundi

2072 1973 2298 2046 Ignibus
2329 1968 2570 2033 aternis,
2604 1979 2926 2037 magnaeque
2958 1961 3160 2017 addicit
3188 1960 3407 2030 abysso.

2069 2062 2247 2130 Quam
2278 2068 2504 2114 statuam
2536 2056 2660 2112 vivo
2689 2052 2924 2108 artifices
2951 2051 2996 2105 si
3028 2051 3170 2105 forte
3202 2049 3488 2114 dederunt,

2067 2150 2283 2206 Credito
2310 2147 2582 2202 blanditos
2612 2145 2806 2198 insano
2839 2142 2940 2196 hac
2971 2149 3085 2194 arte
3113 2138 3276 2206 leoni,

2067 2243 2172 2296 Aut
2199 2239 2360 2294 etiam
2389 2235 2533 2308 quod
2563 2233 2727 2289 credo
2759 2231 2950 2302 magis,
3002 2229 3171 2283 miser
3202 2228 3317 2297 ipse
3342 2223 3567 2294 jubebat

2066 2330 2195 2384 Hanc
2222 2325 2514 2382 simulacra
2545 2322 2663 2378 dari
2695 2320 2839 2392 quod
2871 2335 3016 2388 saepe
3048 2316 3304 2388 superbia
3332 2314 3513 2383 dictat,

2067 2416 2256 2471 Infelix
2288 2432 2413 2470 nam
2445 2413 2623 2467 nullus
2645 2410 2770 2474 erit,
2801 2408 2904 2462 nisi
2949 2405 3154 2462 deserit
3201 2405 3318 2475 ipse

2069 2506 2222 2562 Scire
2253 2504 2400 2576 quod
2431 2511 2533 2568 est,
2567 2501 2774 2555 audens
2802 2514 2924 2552 sese
2956 2495 3101 2568 quod
3131 2493 3352 2551 credere
3384 2506 3494 2546 non
3537 2496 3620 2545 est
3646 2505 3672 2543 δ

2068 2594 2325 2649 Curribus
2356 2600 2516 2663 atque
2549 2590 2602 2643 in
2634 2587 2788 2660 equis
2821 2586 2970 2640 noris
2994 2585 3038 2638 si
3071 2592 3216 2638 stare
3245 2581 3511 2652 superbos

2071 2684 2192 2739 Non
2223 2681 2368 2756 quod
2398 2680 2538 2736 sedit
2568 2695 2728 2750 equo,
2762 2685 2941 2732 tecum
2980 2671 3269 2728 miraberis
3297 2685 3555 2742 unquam.

2706 2783 2961 2839 Strabax.

2068 2879 2352 2934 Cernimus
2380 2875 2559 2932 aerias
2589 2873 2748 2928 simul
2779 2873 3077 2927 adventare
3109 2867 3390 2924 columbas

2067 2970 2282 3040 Terque
2315 2967 2423 3032 die,
2457 2971 2661 3026 exorta,
2693 2960 2891 3027 media,
2927 2968 2977 3014 et
3006 2964 3267 3032 vergente
3324 2954 3532 3022 venire,

2068 3051 2228 3107 Talia
2255 3067 2365 3106 non
2395 3049 2552 3104 vanis
2583 3045 2784 3102 addam
2815 3043 3128 3116 spectacula
3171 3041 3352 3096 rebus.

2736 3152 3029 3210 Scintilla.

1996 3253 2044 3316 Ο
2064 3249 2258 3302 Nonne
2288 3245 2441 3302 vides
2471 3243 2702 3300 humiles
2743 3257 2919 3297 saevos
2959 3237 3114 3311 quasi
3144 3253 3329 3293 amare
3360 3245 3625 3307 tyrannos
3647 3233 3676 3289 ?

2068 3336 2192 3391 Non
2219 3351 2286 3390 ex
2314 3335 2478 3390 corde
2511 3343 2709 3398 tamen,
2745 3331 2842 3386 sed
2870 3330 3014 3385 enim
3045 3344 3146 3400 pro
3175 3324 3438 3396 temporis
3483 3322 3640 3392 hujus

2068 3425 2229 3490 Pace,
2262 3431 2450 3494 petunt
2478 3430 2713 3493 pastum,
2745 3436 2852 3475 non
2884 3417 3216 3474 nidificando
3246 3414 3552 3486 quiescunt.

2736 3527 2986 3581 Strabus.

2070 3637 2176 3692 Cur
2201 3636 2390 3692 dextra
2421 3633 2490 3690 de
2517 3641 2690 3704 parte,
2723 3631 2905 3686 nolam
2939 3637 3158 3701 gestare
3188 3627 3402 3682 videtur

2069 3725 2259 3782 Nudus
2288 3723 2358 3779 ob
2388 3723 2490 3778 hoc
2521 3721 2716 3788 solum,
2741 3726 2870 3791 puto
2897 3726 2955 3773 ut
2985 3726 3106 3773 atra
3129 3715 3272 3787 pelle
3304 3714 3530 3769 fruatur.

2749 3827 3035 3883 Scintilla.

2070 3939 2136 3995 Et
2166 3938 2213 3994 si
2241 3954 2351 3994 non
2381 3943 2623 4000 caneret,
2659 3947 3010 4005 nequaquam
3052 3928 3194 4002 pelle
3229 3935 3463 3994 careret,

2072 4029 2249 4098 Quam
2278 4026 2448 4083 semel
2494 4025 2765 4090 induerat,
2808 4021 2908 4077 sed
2949 4021 3050 4076 erit
3090 4015 3234 4092 quod
3265 4019 3448 4074 dicere
3476 4015 3677 4090 possis,

2033 4178 2040 4183 ,
2073 4117 2490 4191 Flagitiosorum
2520 4122 2666 4170 certe
2693 4110 2983 4184 praeconia,
3018 4109 3246 4164 summis

2071 4207 2345 4262 Laudibus
2375 4203 2769 4268 accelebarant,
2803 4199 2980 4255 omnis
3009 4199 3221 4253 virtutis
3251 4203 3499 4268 egentes,

2072 4296 2270 4352 Verius
2299 4302 2356 4350 ut
2385 4293 2582 4363 dicam,
2615 4292 2708 4346 dat
2736 4288 2883 4345 nudo
2913 4287 3208 4361 opprobria
3263 4285 3460 4341 nudus.

2748 4397 3001 4453 Strabus.

2075 4509 2131 4565 Si
2162 4509 2293 4582 quid
2320 4507 2375 4564 in
2404 4508 2489 4563 his
2519 4505 2683 4572 aliud,
2717 4503 2876 4560 nobis
2901 4501 3121 4569 edicito,
3152 4500 3315 4557 nosti.

2789 4611 3077 4667 Scintilla.

2073 4713 2262 4786 Fulget
2291 4711 2536 4780 avaritia,
2571 4709 2844 4764 exornatis
2876 4725 3039 4763 aurea
3068 4705 3350 4772 membris,

2073 4801 2288 4874 Spicula
2317 4800 2421 4856 fert
2449 4816 2568 4871 quin
2597 4815 2743 4869 saepe
2772 4798 2927 4852 laetus
2957 4797 3175 4867 pulsare
3213 4795 3534 4868 pigrescens

2073 4890 2370 4953 Suﬁiciant,
2404 4888 2701 4959 solidisque
2730 4884 3026 4941 accendant
3055 4885 3220 4938 corda
3249 4884 3485 4954 rapinis;

2074 4982 2256 5035 Aureo
2287 4978 2433 5051 quod
2462 4985 2651 5050 regnat
2680 4975 2874 5045 stipata
2904 4972 3134 5027 satellite
3163 4971 3343 5044 nigro,

2074 5069 2198 5124 Non
2229 5067 2374 5123 aliud
2405 5066 2680 5138 portendit
2707 5063 2870 5127 enim,
2905 5055 3066 5132 quam
3087 5059 3232 5132 quod
3254 5059 3396 5114 mala
3417 5066 3674 5131 quantum

2070 5156 2334 5212 Luxuries
2363 5155 2648 5227 quosdam,
2682 5169 2845 5208 sensu
2873 5148 3132 5205 distendit
3158 5163 3320 5202 avaro

2069 5247 2299 5302 Tantum
2327 5244 2616 5316 pauperies
2645 5242 2778 5296 alios
2821 5241 3064 5295 devastat
3093 5237 3350 5304 adurens,

2069 5334 2240 5404 Quam
2273 5335 2457 5389 subter
2485 5333 2740 5387 labuntur
2770 5346 2947 5402 aquae,
2981 5326 3107 5400 quia
3136 5334 3271 5381 teste
3297 5333 3477 5398 poeta,

2067 5425 2294 5494 Semper
2324 5439 2520 5478 avarus
2548 5429 2671 5492 eget
2695 5439 2708 5480 :
2742 5419 2886 5491 quod
2917 5418 3111 5472 desunt
3140 5415 3296 5472 frena
3325 5411 3554 5477 notabis,

2065 5512 2330 5584 Quodque
2352 5528 2516 5583 super
2531 5511 2738 5581 lapides
2755 5508 3142 5580 plumbumque
3154 5515 3207 5562 et
3218 5506 3376 5560 inane
3391 5500 3664 5557 metallum

417 5722 444 5759 ι)
475 5726 668 5775 Clarius
695 5741 706 5774 :
738 5725 934 5774 audens
958 5721 1095 5783 quod
1114 5733 1221 5769 non
1241 5722 1314 5769 est
1334 5719 1531 5768 credere
1558 5729 1680 5768 me.
1700 5716 1902 5774 Hanck.,
1934 5719 2037 5765 not.
2061 5727 2156 5766 ms.
