4024 6194
438 276 566 328 1091
785 264 787 266 ’
1014 259 1415 318 \VALAFRIDI
1466 255 1708 310 STRABI
1768 251 1968 308 FULD.
1992 246 2164 303 MON.
2196 241 2348 300 OPP.
2381 209 2555 296 PARS
2586 239 2679 294 III.
2699 268 2767 278 —
2795 235 3129 292 CARMINA.
3618 231 3751 283 1092

443 396 620 451 Currit
652 408 812 466 equo,
847 390 1028 462 signat
1054 405 1113 442 se
1143 393 1365 458 pectore
1396 382 1573 436 bellua
1597 380 1752 446 duro,
2070 373 2125 432 A
2147 367 2330 424 Sortiti
2361 381 2649 422 commune
2681 363 2954 431 boumque
2979 359 3270 428 oviumque
3300 355 3585 410 virectum.

447 484 624 540 Corde
652 449 830 554 pigro,
862 449 1136 548 sensuque
1182 490 1319 530 cavo
1352 487 1586 544 regnare
1616 465 1929 539 superbam.
2140 456 2339 514 Omnia
2366 455 2573 527 pacatis
2603 450 2858 508 animalia
2885 449 3069 504 litibus
3111 454 3315 512 assunt,

454 534 543 540 ν’·
561 534 621 538 τ’
653 534 704 553 r-
755 534 762 535 ί
787 534 796 536 ε
820 534 830 547 ι
1051 534 1065 548 ι
1415 534 1448 544 ν
1683 534 1698 539 -

447 574 493 629 Ο
525 572 695 644 pestis
711 534 840 625 zsine
869 567 973 623 fine
1003 581 1227 631 nocens,
1255 578 1362 618 non
1403 559 1596 616 sufﬁcit
1627 573 1846 614 omnem
2142 546 2314 602 Aerias
2343 559 2555 599 summo
2585 556 2820 614 quercus
2849 539 2918 594 de
2948 536 3154 592 vertice
3184 534 3322 590 laetis

449 627 806 718 Pervolitasse
835 657 1025 714 orbem
1055 627 1232 720 bellis,
1267 660 1320 708 et
1348 650 1496 706 caede
1525 655 1824 720 potentum,
2143 633 2625 719 Commodulantur
2668 645 2797 684 aves
2842 627 3032 683 rostris
3054 669 3066 692 ,
3094 633 3147 680 et
3178 638 3341 678 suave
3375 629 3679 677 susurrant.

449 750 592 818 Quin
622 749 778 804 etiam
809 746 1003 802 faciem
1032 710 1297 815 praeclara
1326 710 1542 811 palatia.
1570 744 1759 793 contra
1813 710 1819 713 ’
2143 728 2243 780 Ast
2270 723 2376 778 alia
2399 710 2648 792 de'parte
2678 719 2855 786 nitens
2885 715 3100 814 fulgore
3129 728 3360 769 corusco

453 836 913 907 Christicolasque
940 800 1164 906 greges,
1197 831 1384 885 videas
1412 827 1662 899 posuisse
1693 820 2004 878 nefandam.
2146 816 2383 868 Auratus
2410 808 2665 866 discurrit
2694 822 2883 878 eques,
2915 803 3202 861 comitante
3220 800 3461 872 pedestri

450 930 588 984 Ante
616 924 785 997 pedes
814 887 1002 979 ternas
1030 887 1348 993 parentibus
1394 887 1635 987 undique
1664 911 1864 978 nervis,
2145 900 2400 974 Agmine,
2434 899 2723 954 tintinnum
2741 895 2979 968 quidam,
3013 893 3233 964 quidam
3263 903 3469 962 organa
3487 887 3726 960 pulsant

452 1015 546 1071 Ille
578 982 700 1070 tuus
729 1012 969 1084 sonipes,
1004 982 1236 1065 vacuum
1268 1023 1433 1077 super
1462 982 1589 1060 aera
1619 1003 1797 1057 nando
2147 991 2318 1046 Dulce
2348 989 2522 1044 melos
2551 995 2762 1042 tantum
2783 1000 2948 1039 vanas
2977 982 3236 1036 deludere
3261 987 3468 1033 mentes

448 1102 642 1170 Tollet,
674 1110 726 1158 et
755 1067 1003 1157 albentes
1033 1067 1418 1154 monstrabitur
1456 1094 1598 1149 inter
1627 1091 1832 1154 olores,
2151 1079 2342 1170 Empit,
2378 1087 2434 1132 ut
2467 1092 2572 1131 una
2607 1075 2720 1129 suis
2749 1072 3034 1170 decedens
3055 1067 3512 1168 sensibusipsam

449 1192 625 1262 Quam
654 1191 746 1263 pia
776 1189 942 1248 corda
974 1187 1080 1243 tuis
1108 1185 1351 1242 maculas
1381 1184 1464 1240 vis
1496 1182 1730 1254 pessima
1760 1178 1903 1234 telis.
2149 1167 2372 1222 Femina
2402 1163 2699 1236 perdiderit
2728 1177 2922 1217 vocum
2945 1158 3234 1214 dalcedinc
3281 1156 3465 1212 Vitam-

448 1282 568 1336 Jam
601 1244 780 1336 tamen
808 1279 927 1350 ipsa
955 1278 1155 1349 pedem
1185 1274 1340 1330 vanis
1372 1272 1652 1328 conatibus
1682 1284 1865 1335 unum,
2153 1256 2361 1311 Cedant
2391 1269 2592 1326 magna
2624 1251 2698 1306 tui
2730 1266 2894 1322 super
2921 1257 3002 1304 est
3034 1247 3296 1320 figmenta
3324 1244 3525 1301 colossi

451 1370 671 1443 Optima
697 1335 1046 1440 nequaquam
1077 1374 1267 1421 contra
1311 1360 1560 1418 consulta
1588 1357 1803 1425 levasti,
2151 1345 2326 1400 Roma
2355 1342 2486 1398 velit
2519 1344 2705 1398 Camer
2726 1356 2964 1410 magnus
2984 1335 3245 1409 migrabit
3273 1335 3343 1389 ad
3362 1349 3540 1432 arces,

2154 1435 2483 1489 Francorum
2515 1430 2881 1502 quodcunque
2910 1427 3081 1481 miser
3125 1421 3447 1480 conﬂaverit
3477 1420 3630 1478 orbis

2153 1523 2237 1579 En
2269 1521 2423 1594 queis
2455 1519 2732 1590 precipue
2757 1515 2997 1587 jactabat
3028 1513 3239 1569 Graecia
3267 1528 3408 1576 sese,

2157 1610 2378 1681 Organa
2406 1609 2521 1664 Rex
2551 1623 2782 1680 magnus
2804 1621 2914 1660 non
2942 1605 3082 1658 inter
3124 1601 3362 1657 maxima
3404 1599 3574 1670 ponit.

2083 1735 2134 1793 B
2159 1698 2295 1768 Quae
2323 1707 2506 1753 tamen
2537 1696 2786 1766 inceptos
2818 1701 3039 1748 servent
3072 1691 3117 1745 si
3146 1692 3342 1744 intacta
3371 1704 3619 1756 canores,

2155 1790 2329 1845 Deses
2360 1788 2463 1842 erit
2493 1787 2583 1858 qui
2615 1800 2759 1856 saepe
2791 1799 2891 1838 suo
2923 1781 3093 1855 quatit
3123 1796 3250 1835 aera
3291 1778 3516 1849 plectro.

2154 1881 2292 1933 Ante
2312 1885 2493 1930 tamen
2516 1881 2698 1946 spreta
2735 1871 2954 1942 jactabit
2997 1869 3139 1940 pelle
3175 1869 3473 1933 lacernam,

2153 1965 2221 2018 Et
2251 1962 2378 2017 ferri
2409 1969 2564 2032 rapta
2593 1959 2888 2014 bacchatus
2919 1956 3060 2010 male
3104 1969 3332 2010 sonoros

2157 2050 2499 2106 Commiuuet
2533 2056 2783 2112 truncos,
2816 2053 2866 2101 et
2899 2045 3112 2116 iniquas
3155 2057 3290 2098 voce
3319 2041 3545 2106 cicutas,

2156 2141 2270 2195 Nec
2302 2139 2516 2202 frustra,
2542 2136 2671 2209 quia
2699 2135 2848 2190 nulla
2880 2151 2978 2188 suo
3009 2149 3112 2203 pro
3134 2131 3376 2187 carmine
3405 2129 3551 2183 dona

2156 2227 2419 2291 Emeruit,
2454 2226 2634 2281 saltim
2664 2232 2719 2279 ut
2749 2223 2881 2279 fulvi
2911 2238 3038 2294 pars
3067 2220 3268 2276 extima
3297 2218 3489 2290 nigros

448 1469 591 1524 Nam
622 1465 877 1541 quotiens
907 1478 1202 1537 procerum
1235 1459 1445 1516 tibimet
1491 1456 1824 1528 conjungere
1855 1466 2050 1524 quem-

1865 1549 2051 1623 [quam

375 1725 378 1727 ,
453 1657 527 1713 Es
555 1661 768 1722 conata,
805 1652 901 1708 tibi
931 1650 1129 1708 totiens
1160 1656 1252 1704 aut
1280 1645 1441 1727 obvia
1469 1644 1663 1702 mortis

449 1746 532 1802 Ex
561 1745 839 1816 insperato
869 1757 1067 1797 vcnere
1098 1737 1365 1811 repagula
1394 1723 1588 1808 nigrae,

451 1837 558 1890 Aut
580 1831 790 1889 cautela
818 1831 1056 1896 Patrum,
1090 1844 1228 1901 quos
1258 1842 1351 1881 arx
1397 1821 1736 1879 sanctissima
1767 1834 1982 1891 semper

451 1921 757 1987 Substituit,
790 1927 1000 1990 pestem
1031 1917 1254 1972 monitis
1284 1910 1616 1985 compescuit
1645 1920 1835 1965 atram.

454 2008 683 2066 Deficiat
713 2023 946 2080 quorum
977 2013 1252 2075 sceptrum
1273 2003 1342 2058 de
1373 2002 1579 2057 semine
1609 2014 1908 2070 nunquam,

454 2099 642 2154 Donec
673 2096 728 2152 in
756 2096 1033 2169 ignivoma
1063 2092 1243 2148 veniet
1273 2093 1386 2146 Rex
1416 2092 1559 2144 nube
1587 2103 1905 2145 coruscans.

1134 2200 1386 2257 Strabus.

455 2295 693 2391 Ρίὲἓυω
724 2299 924 2391 (εἶδίζυί
947 2290 1127 2391 Vidfw’
1152 2287 1472 2391 .pmmiSSiS,
1503 2283 1750 2340 “imbus
1781 2297 1912 2356 ergo
2156 2283 2286 2371 Auri
2314 2283 2527 2371 collatis
2557 2313 2766 2368 meritis
2809 2283 3132 2383 depingeret
3166 2316 3331 2363 artus.

451 2385 647 2442 Debita
675 2380 1014 2456 principibus
1042 2379 1263 2434 laudum
1290 2375 1605 2448 persolvere
1635 2383 1778 2431 vota.
2157 2406 2368 2460 Interea
2394 2403 2614 2476 magnis
2644 2375 2913 2472 crepitat],
2944 2375 3183 2454 ,a'bulam
3222 2394 3476 2460 catervis,

1129 2485 1416 2541 SCintillﬂo
2159 2493 2294 2562 Quae
2320 2493 2529 2549 clarum
2551 2491 2797 2565 sequitur
2824 2488 3190 2560 pulcherrima
3227 2485 3383 2540 turba
3410 2486 3655 2555 Moysen.

450 2580 592 2638 Novi
624 2577 900 2651 equidem,
932 2575 1032 2632 sed
1064 2573 1212 2630 felici
1243 2587 1524 2644 nunquam
1567 2569 1737 2626 obfuit
1767 2567 1845 2623 illi
2158 2581 2427 2654 οδεωρυί
2457 2580 2630 2637 fateor
2660 2579 2892 2653 gemmis
2923 2593 3165 2648 auroque
3195 2576 3474 2633 decorum.

455 2668 713 2724 Adversis
745 2666 968 2722 firmare
997 2663 1254 2729 animum,
1289 2677 1466 2732 neque
1487 2659 1750 2732 contingit
1780 2657 1950 2712 ullum
2157 2673 2225 2730 Ει
2259 2671 2369 2727 vidi
2402 2679 2456 2726 ει
2485 2685 2699 2726 mecum
2730 2669 2975 2732 volvens,
3012 2675 3128 2720 tum
3157 2663 3374 2737 singula
3402 2661 3566 2724 volvi.

456 2762 596 2814 Ante
627 2757 829 2814 bonum
858 2771 968 2811 non
999 2769 1120 2808 esse
1165 2752 1403 2818 malum;
1437 2749 1516 2805 sic
1544 2747 1763 2803 numina
1791 2754 1991 2803 nerunt
2159 2763 2241 2817 Αη
2273 2760 2560 2816 Salomona
2588 2758 2759 2830 pium,
2792 2773 2860 2812 an
2889 2770 3148 2828 magnum
3177 2753 3387 2809 pavida
3428 2751 3688 2813 viderem,

459 2850 640 2902 Aurea
673 2862 794 2918 quae
825 2843 990 2916 prisci
1023 2843 1276 2898 dixerunt
1302 2839 1502 2895 saecula
1528 2845 1702 2894 vates.
2160 2850 2436 2905 Herodem
2465 2864 2572 2918 non
2605 2863 2728 2902 esse
2759 2846 2959 2918 sciens,
2992 2861 3091 2900 nec
3121 2843 3246 2918 talis
3290 2841 3515 2918 honoris

457 2936 726 3006 Tempore
755 2948 956 3007 magne
985 2939 1079 2987 tuo
1112 2932 1296 2987 Cazsar
1334 2928 1548 2984 venisse
1579 2927 1846 2989 videmus,
2161 2920 2506 2992 Participem,
2543 2917 2701 2974 faciat
2727 2917 2850 2973 cceli
2881 2917 2994 2970 Rex
3023 2915 3260 2986 optimus
3304 2913 3473 2967 illum.

458 3026 537 3079 Tu
568 2999 768 3095 pietate
800 2999 1000 3094 reples,
1055 3018 1314 3092 quidquid
1362 3018 1541 3071 minus
1569 3032 1692 3071 esse
1721 3020 1986 3084 potestur,
2159 3008 2387 3081 Percepi
2419 3007 2662 3076 tandem,
2695 3013 2984 3077 postquam
3016 3003 3168 3075 rigor
3198 3017 3327 3056 ossa
3369 2999 3609 3072 reliquit,

458 3092 752 3169 Thesauris
780 3092 879 3166 alii
917 3109 1126 3164 meritis
1164 3115 1221 3162 tu
1263 3105 1530 3176 comptior
1561 3113 1698 3172 esto,
2079 3096 2126 3158 Ο
2161 3098 2303 3154 Ossa
2331 3095 2474 3153 sacri
2505 3103 2758 3165 corrupta
2786 3094 2981 3159 Patris,
3014 3092 3307 3163 splendore
3336 3103 3589 3156 corusco,

457 3203 538 3257 Tu
569 3201 810 3256 bonitate
838 3199 1043 3269 places,
1077 3195 1276 3264 aliique
1323 3192 1610 3263 tyrannide
1655 3191 1913 3264 gaudent,
2160 3188 2314 3243 Hunc
2335 3186 2421 3241 cui
2451 3185 2724 3258 fulgorem
2756 3183 2866 3238 divi
2894 3181 3171 3238 consortia
3219 3178 3372 3234 verbi

461 3290 620 3345 Solus
649 3288 716 3343 ad
765 3285 1089 3356 omnigenos
1133 3281 1329 3336 transis
1377 3285 1495 3338 Rex
1523 3297 1724 3354 magne
1757 3281 2059 3351 triumphos
2158 3275 2474 3342 Ediderant,
2507 3273 2598 3347 qui
2629 3273 2683 3328 in
2705 3271 2995 3345 terrigenis
3025 3269 3342 3325 mitissimus
3371 3273 3564 3323 exstat.

463 3377 640 3446 Quem
671 3383 722 3431 te
750 3389 988 3446 namque
1017 3387 1228 3439 vocem,
1249 3371 1353 3426 nisi
1374 3385 1633 3443 magnum
1661 3371 1716 3424 in
1737 3370 1900 3441 plebe
1916 3371 2060 3442 Moy-
2444 3433 2516 3475 DE
2541 3433 2702 3473 uno
2731 3431 3162 3473 nummo“!
3205 3429 3409 3470 ",0"

1846 3459 1984 3531 [sen,

465 3553 570 3623 Qui
594 3553 827 3626 populos
855 3551 1094 3609 tenebris
1122 3567 1222 3622 per
1251 3550 1435 3615 lumen
1484 3549 1639 3605 ducis
1663 3547 1948 3626 ademptis,
2515 3551 2828 3608 Machabzeo
2858 3549 3142 3604 minitante
3190 3548 3303 3604 suis

461 3642 565 3713 Qui
592 3621 806 3698 morum
836 3656 976 3698 nova
1003 3621 1202 3712 templa
1234 3639 1420 3708 struis,
1453 3638 1544 3711 qui
1574 3654 1799 3694 munera
1828 3621 2025 3692 Christi
2443 3640 2724 3708 Hostibus,
2757 3655 3020 3712 armaque
3051 3637 3294 3707 terribili,

463 3732 598 3801 Quae
625 3731 828 3788 collata
853 3729 948 3786 tibi
975 3730 1184 3786 cunctis
1229 3727 1538 3785 communia
1567 3735 1807 3798 praestas.
2442 3729 2645 3786 Bellica
2666 3728 3012 3785 consociante
3047 3743 3229 3795 manu,

463 3821 560 3877 Ille
587 3821 859 3889 umbram,
895 3827 953 3874 tu
982 3834 1180 3891 corpus
1223 3817 1412 3882 habes,
1445 3833 1628 3872 eremo
1657 3815 1749 3871 ille
1778 3823 1990 3872 remota
2444 3817 2616 3874 Fulsit
2642 3819 2699 3874 in
2729 3816 2986 3888 aureolis,
3012 3816 3232 3889 rapidus

461 3913 587 3966 Arte
617 3907 1030 3965 tabernaculum
1079 3915 1131 3962 et
1173 3913 1488 3977 saerpentes
1517 3904 1687 3961 vinxit
1715 3920 1883 3961 aenos
2445 3905 2537 3964 Sol
2565 3907 2791 3979 clypeis,
2843 3905 3085 3978 fulgente
3115 3911 3139 3938 ⁸
3167 3905 3327 3960 chao.

462 3999 542 4054 De
570 3999 723 4055 silice
752 3998 936 4054 hausit
966 4013 1182 4069 aquam,
1204 4012 1426 4051 sumens
1456 3995 1524 4049 de
1553 4009 1754 4050 manna
1792 3993 2019 4066 pruinis,
2117 4033 2123 4046 κ
2534 3995 2784 4051 Obtinuit
2816 3993 2963 4066 legio
3007 4009 3296 4049 numerum

458 4087 536 4143 Tu
569 4103 701 4143 vero
730 4087 784 4141 in
814 4086 1029 4160 pepulis
1045 4085 1286 4158 paradisi
1315 4085 1384 4140 ad
1431 4100 1647 4139 ammna
1676 4083 1879 4140 vocatis
2444 4082 2616 4140 Israel
2647 4100 2982 4156 exsuperans
3013 4081 3175 4138 cunei

461 4176 689 4250 Templa
721 4176 893 4250 regis,
927 4175 1148 4230 fundata
1177 4173 1343 4230 sacris
1385 4175 1500 4230 Rex
1538 4189 1738 4246 magne
1767 4171 1984 4244 lapillis,
2443 4181 2619 4252 Quem
2648 4179 2844 4237 validis
2865 4179 3083 4235 inimica
3103 4180 3304 4236 cohors

462 4264 710 4333 Quorum
739 4281 910 4337 pensa
935 4271 1090 4336 pater
1119 4262 1391 4334 quondam
1439 4261 1535 4317 tibi
1581 4277 1816 4334 magnus
1845 4261 2060 4318 adauxit
2442 4269 2674 4327 Instituit
2698 4269 2849 4342 prius
2890 4268 3200 4342 agminibus

460 4357 637 4410 Aurea
667 4353 753 4411 cui
782 4353 976 4408 ludunt
1000 4351 1226 4407 summis
1257 4349 1552 4407 simulacra
1579 4351 1846 4406 columnis
2443 4360 2512 4416 Ui
2531 4358 2793 4432 ρσρυιωη
2823 4365 3075 4431 quateret
3108 4356 3347 4413 Domini.

464 4443 629 4514 Cujus
656 4443 726 4498 ad
756 4441 1036 4514 ingenium
1065 4455 1175 4497 non
1204 4439 1426 4496 confero
1447 4439 1647 4513 dogma
1677 4439 1914 4497 Platonis
2085 4458 2137 4518 D
2509 4449 2619 4504 Res
2647 4455 2826 4502 manet
2851 4447 2973 4503 haec
2999 4445 3262 4502 imitanda
3292 4444 3397 4518 piis

461 4534 622 4589 Lacte
639 4532 765 4587 fluis
796 4538 849 4586 et
876 4530 1036 4586 melle
1067 4529 1248 4596 simul,
1269 4537 1543 4602 petraque
1565 4530 1842 4600 sequentis
2438 4537 2590 4606 Quos
2617 4535 2769 4593 furor
2796 4534 3076 4609 exagitare
3108 4534 3210 4590 feri

463 4621 704 4696 Largiris
734 4620 941 4690 latices,
977 4619 1136 4675 undis
1182 4620 1462 4675 Pharaone
1491 4626 1705 4676 necato.
2439 4626 2717 4682 Damonis
2745 4624 2983 4691 invidus,
3031 4633 3123 4679 aut
3155 4623 3397 4678 retrahit.

464 4710 742 4768 Laudibus
762 4708 1116 4766 altithronum
1149 4708 1398 4765 celebras
1427 4724 1528 4781 per
1550 4709 1752 4766 saecula
1780 4708 2018 4775 Patrem,
2443 4713 2701 4787 Quosque
2730 4712 2976 4785 pericula
2996 4727 3142 4768 saeva
3172 4720 3411 4768 movent.

463 4800 641 4874 Digna
671 4799 794 4858 loco
825 4799 911 4856 cui
943 4815 1163 4871 semper
1193 4805 1349 4854 erunt
1377 4798 1692 4870 spectacula
1720 4812 1938 4853 amoeno
1972 4816 1985 4852 :
2443 4803 2637 4857 Martis
2665 4801 2844 4858 adhuc
2890 4801 3176 4857 terebrare
3205 4800 3401 4856 minas.

462 4889 599 4947 Hinc
616 4905 880 4964 magnum
896 4888 1204 4945 Salomonis
1220 4902 1378 4958 opus,
1398 4887 1523 4944 hinc
1547 4887 1748 4959 templa
1768 4887 2058 4958 supremis.
2519 4890 2752 4964 Agmina
2781 4891 2908 4945 dum
2954 4899 3042 4944 tua
3067 4891 3188 4960 jura
3211 4889 3347 4945 velis

463 4962 756 5036 Structuris
783 4976 1051 5050 aequanda
1079 4977 1296 5044 micant,
1330 4976 1637 5048 specularia
1665 4977 1854 5033 subter
2449 4962 2593 5048 Qqu
2612 4979 2710 5035 tibi
2739 4979 2906 5035 nutrit
2937 4962 3134 5035 alendo
3176 4978 3411 5046 animus,

462 5069 606 5123 Dant
634 5069 850 5142 insigne
870 5083 1084 5134 nemus,
1107 5065 1376 5137 viridique
1406 5066 1642 5122 volantia
1669 5073 1848 5137 prato,
2447 5069 2701 5125 Sternere
2721 5068 2967 5124 subsidio
3015 5067 3236 5124 Domini

466 5157 742 5212 Murmura
772 5155 1016 5214 rivorum
1042 5155 1233 5212 ludunt
1259 5154 1608 5228 pecudesque
1647 5153 1885 5228 feraeque
2447 5158 2641 5213 Castra
2671 5157 2906 5214 volatilis
2948 5155 3095 5213 exitii

467 5245 561 5302 Uri
589 5261 713 5301 cum
744 5246 938 5313 servis,
973 5244 1173 5300 timidis
1203 5261 1329 5302 cum
1358 5260 1553 5316 caprea
1582 5244 1777 5315 damis,
2447 5247 2669 5302 Hostica
2697 5246 2955 5319 providus
2981 5261 3129 5302 arma
3157 5253 3302 5302 nota.

467 5335 524 5391 Si
557 5349 775 5407 quoque
805 5333 1002 5389 deinde
1030 5334 1184 5403 velis,
1222 5334 1495 5389 saltabunt
1524 5334 1624 5389 rite
1653 5333 1862 5404 leones,
2515 5335 2758 5391 Luminis
2786 5336 2976 5408 accipe
3015 5335 3116 5390 rite
3143 5334 3339 5391 ducem

467 5425 658 5492 Ursus,
682 5439 835 5496 aper,
868 5423 1149 5494 panthera,
1182 5424 1359 5495 lupus,
1393 5423 1602 5494 lynces,
1632 5423 1924 5494 elephanti,
2447 5424 2516 5481 Et
2547 5425 2667 5482 loca
2695 5424 2860 5498 plana
2917 5425 3098 5496 quiete
3143 5433 3270 5495 pete

467 5512 826 5579 Rhinoceros,
858 5513 1026 5584 tigres
1054 5512 1292 5582 venient,
1324 5512 1620 5585 domitique
1650 5513 1919 5569 dracones
2447 5516 2681 5584 Campus
2711 5529 2899 5569 amore
2925 5513 3076 5582 juvet
3123 5512 3342 5584 patulus

525 5671 547 5701 ει
565 5666 818 5722 Fugiente,
842 5663 1048 5728 Hanck.,
1073 5665 1176 5712 not.
1211 5673 1306 5710 ms.
