4024 6194
410 215 548 267 1093

704 335 786 390 Ne
817 349 1044 390 maneas
1073 334 1234 407 piger
1260 334 1512 403 insolitis,

699 423 873 478 Nocte
904 423 1101 479 teraris
1129 423 1222 478 ubi
1250 424 1413 479 vitiis.

766 512 1001 568 Justitiae
1030 512 1126 566 tibi
1156 513 1249 568 Sol
1277 513 1467 568 oritur.

697 603 756 656 In
788 601 1108 672 clypeisque
1137 601 1244 655 tuis
1275 601 1452 656 rutilat

697 689 834 758 Quae
863 698 982 744 rata
1013 698 1136 744 sunt
1162 691 1489 746 documenta
1520 691 1761 756 Patrum,

697 778 834 846 Quis
864 786 954 833 tua
982 779 1093 834 vita
1123 780 1360 852 tegenda
1385 779 1480 834 tibi
1511 787 1594 834 est

698 868 780 922 Ne
813 869 1085 939 supereris
1114 869 1184 922 ab
1214 870 1370 924 hoste
1400 877 1511 924 tuo.

766 956 948 1012 Eﬂicis
978 958 1083 1013 hoc
1112 958 1252 1014 duce
1283 958 1594 1014 Machabaeo

696 1045 801 1114 Qui
834 1046 1105 1102 vocitatur
1136 1055 1187 1102 et
1220 1047 1337 1117 ipse
1366 1047 1532 1102 Judas

699 1136 838 1190 Dum
869 1142 959 1189 tua
988 1135 1128 1191 facta
1157 1137 1246 1206 pio
1275 1136 1508 1192 Domino

696 1224 942 1280 Pandere
973 1241 1084 1280 non
1113 1226 1352 1296 trepidas
1383 1234 1436 1281 et
1467 1241 1603 1296 opus

698 1312 930 1384 Semper
957 1314 1078 1384 agis
1107 1315 1202 1369 tibi
1235 1314 1561 1385 proficuum.

696 1401 926 1472 Respice
957 1419 1158 1473 magne
1187 1420 1386 1474 parens
1415 1403 1692 1459 hominum

696 1491 890 1563 Meque
921 1499 1096 1557 tuere,
1131 1493 1257 1548 licet
1284 1491 1533 1565 fragilem

699 1580 932 1636 Brachia
961 1598 1030 1636 ne
1060 1597 1184 1636 mea
1213 1581 1354 1636 forte
1386 1588 1588 1653 queant

699 1668 898 1725 Praelia
928 1671 1243 1741 quotidiana
1275 1671 1403 1726 dolo

703 1760 1003 1832 Frangere,
1037 1777 1242 1831 quaeso,
1274 1760 1411 1828 fave,
1446 1759 1826 1831 Omnipotens.

933 1880 1004 1919 DE
1039 1880 1253 1920 SANCTO
1293 1881 1492 1923 GALLO.

414 1967 684 2040 Vepribus
713 1966 953 2023 offensus
982 1969 1200 2041 requies
1232 1970 1306 2024 ait
1341 1971 1456 2026 haec
1482 1987 1604 2026 mea
1635 1979 1878 2038 sanctus,

413 2057 555 2112 Dum
585 2057 767 2111 Levita
800 2058 1025 2111 studens
1058 2058 1220 2113 vellet
1254 2059 1542 2115 sustollere
1574 2061 1809 2132 lapsum,

413 2146 534 2200 Mox
566 2162 724 2201 cruce
751 2144 927 2200 deﬁxa
959 2155 1202 2202 sanctum
1236 2148 1487 2204 cecinere
1517 2165 1715 2220 poema

413 2234 737 2306 Auxilioque
769 2235 890 2302 sibi,
925 2245 1176 2299 quaerunt
1200 2237 1391 2292 solatia
1424 2239 1626 2293 Christi

413 2324 497 2378 En
527 2324 638 2378 ursi
668 2323 826 2379 Gallo
859 2324 1189 2380 famulantur
1219 2342 1361 2396 pane
1392 2335 1616 2398 recepto

415 2413 556 2467 Dum
605 2413 822 2467 simulat
866 2430 1115 2469 somnum
1165 2415 1349 2470 Levita
1393 2417 1646 2472 cubando
1675 2433 1774 2490 per
1803 2434 2012 2487 arvum,

419 2502 602 2557 Sancti
630 2502 912 2558 ductorem
942 2503 1121 2574 pisces
1146 2512 1370 2574 captare
1399 2505 1672 2562 volentem

418 2591 672 2646 Feminea
701 2591 754 2645 in
787 2591 970 2662 specie
1003 2593 1279 2648 terrebant
1307 2594 1572 2650 daemonis
1605 2596 1720 2664 irae,

416 2679 652 2735 Henrico
681 2680 816 2752 Regi
849 2680 916 2734 sit
949 2689 1151 2751 praesto
1182 2682 1361 2754 gratia
1391 2684 1606 2754 Christi,

418 2766 552 2837 Quae
580 2767 729 2842 fuget
759 2785 919 2824 omne
950 2770 1170 2835 malum,
1195 2772 1392 2843 jungat
1420 2781 1470 2827 et
1501 2790 1661 2830 omne
1689 2774 1912 2830 bonum.

808 2867 880 2932 nn
918 2886 1196 2934 LOTBARIO
1249 2895 1620 2936 iMPERATORR.

416 2985 483 3038 At
513 2982 681 3040 latere
711 2999 741 3040 e
768 2983 960 3041 dextro
990 2985 1162 3042 sancti
1193 3002 1320 3057 spes
1350 2987 1550 3058 optima
1582 2987 1741 3060 regni

414 3072 664 3129 Procedit
692 3074 876 3129 Josuae
906 3075 1144 3148 praesagi
1175 3075 1410 3131 nominis
1441 3077 1638 3146 haeres,

417 3161 512 3216 Cui
541 3161 617 3218 nil
643 3162 877 3219 defuerit
907 3180 1138 3229 morum,
1170 3165 1403 3232 virtutis,
1436 3165 1662 3221 honoris

419 3249 520 3319 Qui
549 3251 595 3305 si
627 3268 818 3324 sospes
850 3253 972 3319 erit,
1004 3262 1292 3325 postquam
1324 3262 1374 3309 te
1406 3271 1578 3326 regna
1607 3254 1856 3328 polorum

419 3339 761 3410 Sustulerint,
795 3342 1022 3414 visoque
1052 3343 1152 3399 Dei
1181 3343 1437 3399 laetabere
1467 3345 1636 3411 vultu,

417 3426 666 3500 Principe
697 3430 796 3484 sub
831 3431 1066 3501 Christo,
1099 3433 1261 3487 terris
1290 3433 1542 3506 cmloque
1575 3442 1803 3491 canetur

418 3515 772 3592 Perﬁcietque
803 3519 978 3575 bonus
1007 3521 1305 3592 primordia
1326 3522 1448 3577 talia
1478 3521 1620 3579 finis.

911 3651 984 3691 DE
1022 3651 1301 3694 LUDOVICO
1340 3654 1509 3694 REGE.

420 3735 548 3790 Inde
579 3742 700 3792 tuos
726 3736 988 3793 Jonathas
1016 3736 1125 3794 laeti
1153 3739 1467 3796 dulcissime
1497 3740 1677 3796 vultus

418 3824 872 3896 Contemplamur,
907 3827 1063 3882 adest
1091 3828 1301 3883 tibimet
1329 3845 1428 3899 par
1458 3830 1630 3902 gratia
1663 3830 1831 3900 pacis,

417 3913 520 3967 Par
549 3928 760 3969 morum
790 3915 1053 3986 probitas,
1087 3932 1303 3988 semper
1329 3918 1557 3974 victoria
1587 3933 1831 3990 compar,

317 4019 324 4028 ·
419 4002 599 4074 Digna
627 4003 881 4075 equidem
912 4004 1116 4060 referes
1146 4022 1344 4062 nomen
1376 4007 1571 4063 virtute
1601 4015 1906 4078 paternum,

417 4089 755 4164 Quamquam
786 4108 918 4148 cura
963 4094 1162 4164 minor,
1214 4103 1395 4151 tamen
1424 4104 1507 4152 est
1537 4097 1632 4151 tibi
1663 4097 1842 4170 gloria
1874 4112 2010 4153 con-

1869 4185 2012 4259 [sors
2054 4227 2072 4242 .

419 4266 533 4325 Nec
562 4268 752 4325 doleas
782 4270 927 4342 quod
955 4285 1092 4342 gaza
1120 4280 1302 4345 negat,
1335 4274 1626 4331 concordia
1653 4283 1890 4346 praestat.

946 4428 1020 4470 DE
1057 4427 1280 4470 PIPPINO
1319 4429 1484 4472 REGE.

419 4527 602 4583 Tertia
626 4543 844 4600 gemma
873 4545 1002 4585 suos
1030 4547 1268 4602 unquam
1297 4547 1406 4588 non
1435 4531 1625 4604 perdat
1655 4533 1913 4606 honores,

420 4615 500 4670 De
529 4617 681 4685 cujus
712 4617 916 4672 meritis
945 4620 1089 4690 quod
1119 4635 1227 4674 non
1257 4621 1390 4675 mihi
1421 4621 1569 4677 visus
1599 4621 1792 4678 inussit

419 4703 619 4759 Haurio
646 4706 910 4778 ﬂorigena
941 4707 1075 4762 laatre
1104 4709 1392 4765 dulcedine
1423 4709 1597 4767 fama).

456 4807 529 4848 DE
566 4809 764 4849 JUDITH
803 4810 1191 4868 IMPERATRICE,
1233 4813 1306 4853 ET
1341 4813 1555 4855 ωηοιο
1606 4814 1979 4858 Αυϐυετοιωκ

1140 4919 1304 4960 Ριιιο.

421 5014 666 5072 Occurrit
696 5017 920 5088 trepida
949 5019 1130 5091 pelagi
1161 5021 1472 5078 vastissima
1501 5038 1679 5094 prorae

421 5103 658 5175 Illuvies,
691 5106 780 5162 via
809 5123 974 5178 quam
1004 5110 1196 5165 suadet
1225 5111 1388 5167 modo
1417 5121 1594 5183 carpta
1622 5115 1938 5181 secandam,

421 5194 528 5250 Sed
554 5195 732 5252 moles
762 5196 1034 5254 absterret
1061 5215 1239 5271 aquae,
1269 5208 1430 5274 atque
1463 5201 1714 5259 volubilis
1745 5204 1905 5262 obex.

473 5421 497 5449 ι
517 5407 631 5454 Fuit
667 5410 843 5464 postea
877 5410 1034 5457 abbas
1054 5411 1506 5470 Sandionysianus.
1550 5416 1761 5472 Scripsit
1783 5417 1939 5466 vitam
1963 5423 2011 5468 S.

421 5478 648 5534 Dionysii
682 5481 1002 5536 Areopagitae
1026 5485 1131 5529 tum
1159 5486 1382 5532 carmine
1404 5488 1510 5532 tum
1551 5498 1716 5543 prosa.
1758 5490 2011 5538 Hincmari

416 5550 649 5597 nutritor
668 5554 717 5597 et
739 5553 883 5599 sacri
898 5554 1096 5612 palatii
1114 5555 1418 5604 clericorum
1436 5569 1682 5612 summus,
1714 5562 1770 5606 ut
1793 5561 2015 5618 loquitur

421 5620 719 5670 Bincmarus
753 5623 862 5679 ipso
899 5627 1004 5685 (Bp.
1039 5626 1104 5670 ad
1141 5628 1327 5682 Carol.,
1371 5629 1514 5677 Anal.
1556 5633 1590 5686 l,
1636 5642 1711 5691 ep.
1739 5633 1836 5688 60);
1885 5633 2013 5681 illud

1460 211 1730 267 VERSUS
1787 211 1860 266 IN
1918 209 2351 280 AQUISGRANI
2410 209 2705 266 PALATIO
2764 210 2972 265 EDlTI.

2043 337 2098 397 A
2121 336 2241 390 Vidi
2269 335 2520 408 equidem
2563 351 2686 392 cum
2716 335 2944 406 pulchra
2974 334 3180 390 Rachel
3225 335 3472 391 solamen
3500 350 3727 392 avorum

2040 4429 2092 4489 D

3586 212 3722 266 1094

2111 425 2391 494 Benjamin
2419 425 2610 480 dextro
2640 425 2967 496 produceret
2995 424 3207 489 ordine,
3242 424 3396 493 cujus

2112 515 2292 585 Larga
2322 513 2470 568 salus
2499 522 2741 569 sanctam
2772 512 2981 568 refovet
3010 529 3110 584 per
3137 513 3303 569 saecla
3327 521 3628 582 senectam,

2114 602 2291 671 Quem
2336 619 2465 674 pars
2509 603 2697 674 quinta
2739 619 2908 674 super
2952 619 3114 675 quam
3145 602 3298 657 laetus
3329 602 3560 672 percipit
3589 603 3730 660 alter

2113 691 2290 747 Credo
2329 700 2531 757 manet,
2575 708 2808 763 namque
2853 692 2970 762 ipse
3017 706 3116 746 suo
3149 691 3455 762 splendebit
3488 693 3718 758 honore,

2113 781 2234 851 Ipse
2266 781 2578 852 tribumque
2609 797 2894 853 genusque
2924 781 3015 851 pia
3044 780 3238 836 virtute
3269 779 3496 847 creabit,

2114 871 2173 923 In
2203 887 2310 941 quo
2339 878 2514 924 mater
2543 886 2729 934 ovans,
2766 870 3014 940 quamvis
3044 868 3174 941 quid
3205 884 3368 940 passa
3399 869 3646 937 doleret,

2113 957 2324 1013 Gaudia
2355 959 2520 1014 totius
2546 959 2812 1029 prompsit
2842 958 3020 1013 felicia
3049 959 3255 1014 mundi.

2113 1047 2296 1101 Gratia
2326 1064 2448 1118 quae
2476 1055 2716 1102 teneram
2748 1047 2907 1102 vestit
2936 1047 3185 1102 miranda
3209 1047 3511 1117 juventam,

2111 1137 2349 1190 Maturos
2372 1136 2484 1205 jam
2515 1135 2714 1191 format
2742 1137 2972 1192 honesto
3001 1136 3057 1190 in
3088 1145 3308 1207 pectore
3341 1153 3557 1207 sensus,

2114 1225 2260 1279 Felix
2290 1225 2604 1298 progenies,
2639 1226 2732 1280 tali
2762 1243 3016 1280 mansura
3047 1234 3264 1296 nepote,

2112 1313 2348 1368 Nomine
2396 1331 2559 1386 quem
2609 1315 2872 1386 sequitur,
2907 1314 3062 1371 factis
3091 1315 3162 1370 da
3193 1315 3403 1371 Christe
3445 1323 3723 1388 sequatur,

2114 1402 2371 1466 Moribus,
2406 1402 2648 1476 ingenio,
2683 1403 2807 1469 vita,
2842 1404 3059 1473 virtute,
3093 1404 3402 1474 triumphis,

2114 1492 2275 1556 Pace,
2307 1490 2434 1560 fide,
2467 1492 2686 1562 pietate,
2721 1493 2922 1558 animo,
2956 1493 3321 1559 sermonibus,
3355 1510 3516 1564 ausu,

2114 1581 2402 1654 Dogmate,
2435 1581 2698 1650 consiliis,
2731 1597 2988 1638 successu
3021 1591 3073 1637 et
3102 1583 3258 1652 prole
3291 1581 3457 1638 fideli.

2044 1697 2097 1756 B
2119 1671 2186 1724 Et
2216 1670 2262 1724 si
2292 1670 2605 1740 perspicitis
2633 1687 2743 1725 non
2774 1670 2973 1726 frustra
3003 1671 3221 1726 nomine
3247 1672 3452 1741 Judith,

2119 1761 2188 1813 At
2213 1759 2398 1813 Judith
2429 1759 2624 1814 virtute
2659 1758 2824 1815 refert
2855 1769 2907 1815 et
2936 1759 3241 1833 relligione,

2119 1847 2378 1920 Assyrius
2409 1847 2497 1903 cui
2525 1849 2713 1918 praedo
2742 1856 2905 1918 caput
2935 1849 3185 1903 submisit
3217 1850 3496 1922 acerbum,

2120 1935 2217 1990 Illa
2249 1937 2435 2007 gulam
2464 1937 2674 2002 mortis,
2706 1936 2834 1992 fidei
2861 1953 3124 1992 mucrone
3155 1939 3454 2007 trucidans,

2120 2024 2408 2080 Libertatis
2437 2041 2600 2096 Opem
2631 2026 2859 2081 salvatis
2887 2026 3096 2081 civibus
3116 2036 3300 2098 auget.

2117 2113 2392 2186 Tympana
2422 2114 2716 2170 raucisona
2744 2115 2978 2186 pulsavit
3008 2115 3150 2186 pelle
3172 2116 3360 2182 Maria,

2120 2203 2342 2274 Organa
2372 2203 2659 2260 dulcisono
2688 2204 2958 2274 percurrit
2987 2205 3201 2274 pectine
3229 2205 3433 2260 Judith.

2119 2291 2166 2347 Ο
2198 2292 2242 2346 si
2275 2292 2495 2363 Sappho
2529 2292 2747 2364 loquax,
2783 2293 2872 2347 vel
2901 2308 3002 2348 nos
3029 2293 3286 2348 inviseret
3315 2294 3510 2362 Holda,

2117 2380 2326 2436 Ludere
2350 2383 2460 2450 jam
2491 2381 2740 2452 pedibus,
2776 2381 2862 2436 vel
2892 2381 3036 2438 ferre
3065 2380 3240 2436 futura
3272 2382 3502 2450 valeres,

2118 2467 2397 2542 Quidquid
2430 2470 2572 2525 enim
2605 2470 2814 2525 tibimet
2843 2487 3006 2526 sexus
3035 2470 3302 2526 subtraxit
3333 2480 3572 2544 egestas,

2115 2557 2373 2614 Reddidit
2402 2559 2658 2632 ingeniis,
2691 2559 2836 2614 culta
2865 2568 3028 2632 atque
3059 2561 3293 2616 exercita
3323 2561 3449 2629 vita,

2116 2648 2177 2702 In
2209 2663 2313 2719 qua
2343 2649 2512 2703 multa
2544 2648 2705 2703 simul
2734 2649 2894 2704 nobis
2922 2648 3166 2704 miranda
3197 2650 3464 2718 videmus,

2119 2736 2336 2791 Semine
2366 2745 2470 2792 stat
2498 2737 2762 2807 locuples,
2795 2746 3022 2808 apparet
3052 2739 3310 2812 dogmate
3337 2739 3512 2807 dives,

2115 2825 2211 2880 Est
2241 2825 2446 2882 ratione
2475 2834 2690 2897 potens,
2722 2835 2804 2882 est
2832 2842 2958 2883 cum
2988 2827 3190 2898 pietate
3219 2829 3436 2899 pudica,

2115 2913 2300 2970 Dulcis
2329 2930 2539 2985 amore,
2572 2915 2758 2971 valens
2787 2916 2988 2983 animo,
3022 2933 3276 2973 sermone
3305 2917 3498 2984 facela,

2115 3003 2258 3059 Laeta
2287 3005 2514 3075 cubans,
2547 3004 2617 3060 sit
2645 3004 2768 3060 laeta
2799 3005 3018 3071 sedens,
3045 3006 3113 3060 sit
3140 3005 3264 3063 laeta
3293 3023 3613 3081 resurgens,

2038 3063 2087 3127 Ο
2117 3092 2463 3165 Laeteturque
2494 3063 2605 3164 poli
2635 3093 2763 3149 felix
2792 3094 2848 3148 in
2878 3063 3018 3150 sede,
3038 3094 3228 3151 locata.

2424 3231 2498 3272 DE
2536 3232 2808 3274 HILDUINO
2839 3227 2864 3253 ³
2893 3233 3405 3276 ARCHICAPELLANO.

2116 3324 2368 3379 Protinus
2396 3324 2450 3378 in
2480 3341 2684 3396 magno
2713 3342 2947 3399 magnus
2977 3327 3224 3397 procedit
3253 3330 3435 3384 Aaron

2118 3411 2324 3468 Ordine
2353 3413 2606 3480 mirifico,
2639 3415 2807 3470 vestis
2837 3415 3114 3470 redimitus
3144 3418 3374 3484 honore,

2116 3501 2318 3558 Punica
2348 3501 2594 3556 tintinnis
2623 3503 2956 3573 respondent
2982 3505 3124 3559 mala
3156 3507 3394 3577 sonoris,

2116 3589 2258 3645 Mala
2287 3588 2473 3655 fidem,
2509 3590 2738 3646 tintinna
2768 3599 2963 3647 sonant
2991 3593 3315 3649 documenta
3346 3594 3553 3663 salutis,

2117 3677 2252 3747 Quis
2281 3679 2526 3751 utrisque
2555 3679 2696 3751 pius,
2729 3679 2881 3735 vario
2903 3689 3057 3752 pater
3086 3682 3278 3737 ordine
3309 3682 3501 3754 fulget,

2115 3767 2182 3822 Et
2209 3767 2391 3822 divina
2419 3784 2597 3833 sacro,
2632 3767 2872 3824 celebrat
2902 3769 3047 3824 celer
3075 3769 3233 3843 orgia
3263 3770 3428 3828 cultu.

2115 3858 2255 3912 Ante
2284 3857 2380 3912 tibi
2400 3857 2666 3930 contingit
2694 3857 2870 3930 aquis,
2897 3858 3084 3913 Thetis
3114 3860 3217 3914 uda
3249 3875 3458 3930 carere,

2115 3944 2268 4000 Idola
2297 3960 2461 4017 quam
2489 3955 2668 4001 tantus
2695 3955 2890 4019 coquat
2919 3947 3254 4003 exsecranda
3286 3949 3578 4007 Sacerdos.

2115 4033 2265 4089 Idola
2294 4051 2414 4106 quae
2443 4034 2659 4105 plebem
2688 4045 2932 4092 stravere
2963 4037 3248 4092 securibus
3280 4037 3501 4109 almam,

2114 4121 2264 4177 Idola
2291 4138 2489 4178 avarus
2517 4124 2697 4189 habet,
2732 4132 2788 4179 tu
2819 4125 2954 4181 dicis
2985 4125 3232 4196 apostole
3263 4127 3484 4184 Christi.

2115 4209 2138 4265 Ι
2165 4209 2350 4278 decus,
2383 4211 2401 4266 i
2429 4212 2617 4268 mundi
2645 4213 2962 4268 melioribus
2993 4221 3144 4270 utere
3175 4215 3319 4271 fatis.

2115 4298 2247 4356 Vive
2276 4301 2391 4357 Deo
2420 4300 2567 4368 felix,
2601 4301 2744 4358 felici
2775 4300 2882 4358 fine
2911 4303 3108 4375 potire.

2404 4449 2477 4490 DE
2514 4448 2798 4490 EINHARTO
2836 4449 3032 4491 MAGNO
3070 4450 3422 4493 EGINHARDO.

2182 4539 2300 4596 Nec
2341 4539 2521 4595 minor
2563 4549 2647 4596 est
2675 4542 2863 4612 magni
2902 4543 3208 4598 reverentia
3235 4544 3407 4615 patris
3436 4543 3709 4612 habenda,

2113 4628 2356 4684 Beseleel
2382 4627 2534 4685 fabre
2563 4630 2796 4700 primum
2828 4631 2917 4703 qui
2947 4631 3176 4702 percipit
3204 4648 3366 4689 omne

2112 4715 2396 4774 Artificum
2424 4726 2734 4790 praecautus
2764 4735 2920 4790 Opus,
2955 4720 3035 4777 sic
3065 4721 3303 4793 denique
3335 4738 3598 4794 summus,

2112 4805 2235 4876 Ipse
2265 4805 2457 4878 legens
2486 4805 2700 4863 infirma
2729 4809 2894 4875 Deus,
2930 4809 3008 4864 sic
3040 4810 3198 4866 fortia
3229 4811 3438 4867 temnit.

2112 4893 2432 4967 Magnorum
2464 4895 2585 4967 quis
2614 4897 2759 4952 enim
2787 4901 2997 4966 majora
3027 4908 3309 4970 receperat
3339 4917 3579 4973 unquam

2113 4981 2288 5051 Quam
2316 4983 2526 5040 radiare
2558 4985 2706 5040 brevi
2738 4986 2963 5042 nimium
2992 4987 3257 5044 miramur
3287 4989 3550 5049 homullo.

2517 5115 2592 5156 ne
2631 5116 2915 5158 GRIMALDO
2943 5100 2969 5137 δ
3000 5117 3300 5162 morsrao.

2183 5213 2444 5283 Quamvis
2473 5216 2658 5274 subter
2687 5233 2824 5291 agas
2849 5219 3062 5294 Regum
3091 5221 3364 5281 tabularia
3392 5224 3576 5295 vitam,

2112 5427 2248 5474 enim
2289 5430 2398 5475 erat
2434 5427 2950 5488 archicapellanorum
2981 5446 3166 5484 munus
3206 5441 3260 5484 ut
3297 5435 3497 5482 clericis
3533 5435 3704 5491 palatii

2113 5501 2401 5555 praeessent.
2423 5502 2568 5547 BASN.

2167 5575 2192 5611 b
2219 5572 2328 5618 Fuit
2354 5572 2676 5629 imperatoris
2707 5579 3013 5634 capellanus,
3052 5579 3252 5626 Wettlni
3273 5579 3431 5625 frater
3451 5578 3530 5626 cui
3558 5578 3713 5625 visio-

2114 5652 2205 5689 nes
2236 5642 2374 5692 illius
2407 5645 2611 5694 abbatis
2633 5647 3165 5698 dicavitWalarridus.
3193 5651 3340 5696 BASN.
