4024 6194
397 228 536 283 1095

399 354 524 409 Non
557 361 608 408 te
637 357 924 422 praetereo,
960 348 1306 418 specubusne
1335 333 1530 400 latebis
1561 343 1818 406 Homere,

400 441 540 498 Novi
569 455 801 510 namque
830 437 1025 493 Sicana
1055 435 1151 489 tibi
1181 434 1382 506 spelaea
1412 432 1648 503 placere,

403 528 563 585 Solus
593 527 685 584 ubi
713 525 918 582 mensis
946 526 1216 580 Musarum
1246 530 1298 578 et
1327 536 1517 576 amore
1548 519 1760 584 fruaris,

401 619 557 690 Saepe
588 624 770 672 tamen
796 615 1012 687 magnis
1041 612 1339 668 victoribus
1370 610 1572 681 Optima
1605 607 1792 664 crudis
1822 615 1846 642 ⁸

399 706 667 770 Carmina,
702 714 911 774 tempus
941 703 1040 758 erit
1070 701 1230 756 rutilo
1264 710 1314 754 te
1346 699 1473 754 Sole
1503 713 1717 754 carere.
1763 697 1800 724 '

399 795 649 866 Corporis
679 801 734 848 at
763 791 931 846 nostri
963 791 1009 844 si
1041 788 1258 863 singula
1285 788 1528 843 membra
1559 787 1820 858 loquaces

396 883 459 939 In
482 883 696 956 linguas
728 881 878 936 vario
908 896 1091 934 rerum
1122 886 1402 934 vertuntur
1431 877 1498 930 ab
1529 893 1646 941 usu,

396 976 616 1044 Argutae
646 979 736 1026 aut
767 970 900 1025 setis
930 968 1140 1040 possint
1170 967 1414 1023 crevisse
1445 966 1634 1021 cicutae

400 1059 664 1115 Omnibus
693 1059 870 1129 impar
900 1073 996 1113 ero
1027 1071 1349 1128 magnorum
1379 1069 1632 1124 promere
1661 1051 1869 1115 laudes,

401 1150 468 1205 Ut
498 1149 723 1221 dignum
752 1155 836 1202 est
864 1161 1156 1217 procerum
1187 1144 1381 1198 melius
1410 1141 1651 1196 miranda
1680 1149 1940 1203 tacemus,

399 1237 573 1306 Quam
602 1245 708 1292 tam
732 1251 989 1308 magnum
1010 1235 1197 1288 humili
1219 1232 1433 1304 pondus
1457 1246 1706 1286 sermone
1727 1229 1992 1284 levemus.

397 1328 539 1383 Cura
567 1327 699 1381 mihi
727 1326 900 1380 fuerat
931 1325 1064 1379 tales
1095 1339 1428 1396 cOgnoscere
1459 1322 1655 1376 fasces.

395 1417 764 1487 Rimabarque
795 1430 963 1487 sagax
996 1420 1257 1467 tantarum
1287 1411 1475 1465 munia
1505 1425 1706 1472 rerum,

396 1505 646 1577 Dumque
675 1505 818 1558 sitim
843 1503 953 1572 jam
983 1518 1122 1572 pene
1152 1516 1310 1556 sacro
1353 1499 1728 1554 restrinximus
1779 1497 1991 1564 haustu,

393 1593 462 1649 Et
491 1594 608 1648 sitis
639 1600 720 1648 est
749 1593 946 1665 ingens
977 1600 1086 1645 tam
1119 1589 1324 1644 fervida
1355 1604 1484 1644 cura
1504 1587 1530 1624 δ
1564 1585 1800 1649 videndi,

397 1683 669 1752 Quaeritur
697 1682 839 1737 unde
869 1697 1070 1746 essem,
1104 1687 1156 1734 et
1184 1679 1354 1733 missu
1384 1676 1570 1745 cujatis
1599 1675 1884 1739 adessem;

396 1771 666 1842 Obstupui
696 1779 747 1826 et
775 1778 938 1825 totam
969 1769 1214 1840 pavitans
1258 1783 1374 1822 rem
1417 1782 1510 1820 rex
1553 1765 1742 1819 ordine
1790 1761 1993 1834 pando,

400 1859 640 1916 Sufﬁciat
667 1859 870 1914 vidisse
903 1858 1093 1923 semel,
1128 1857 1352 1911 laudare
1383 1854 1640 1924 perennis

404 1951 571 2004 Instat
600 1963 772 2013 amor,
807 1947 985 2001 divina
1014 1962 1234 1999 manum
1264 1943 1547 1998 clementia
1578 1950 1813 1996 vestram

400 2037 672 2092 Omnibus
702 2036 758 2089 in
785 2035 1003 2105 p0pulis
1032 2033 1189 2088 faciat
1221 2032 1453 2086 retinere
1484 2032 1747 2100 trophaea,

402 2125 746 2196 Felicemque
776 2131 989 2194 patrum
1021 2122 1216 2176 famam
1246 2136 1366 2175 cum
1400 2119 1550 2190 prole
1581 2126 1843 2190 togatam,

399 2216 465 2270 Et
496 2213 613 2268 ﬁeri
642 2214 694 2267 in
728 2227 926 2285 magno
958 2211 1182 2266 allectos
1212 2225 1310 2280 per
1339 2209 1496 2264 swcla
1526 2215 1715 2262 senatu

397 2306 575 2375 thue
605 2303 792 2356 timent
824 2309 1037 2356 vestros
1067 2299 1204 2354 laetis
1234 2299 1290 2352 in
1321 2297 1552 2352 saltibus
1581 2311 1742 2352 arcus

397 2394 591 2457 Ursus,
625 2407 776 2462 aper,
809 2389 1138 2461 timidusque
1167 2388 1341 2459 lepus,
1376 2387 1634 2457 cervique
1665 2384 1908 2456 fugaces,

395 2484 641 2547 Damma,
667 2480 846 2551 lupus,
871 2479 1107 2533 immane
1132 2477 1407 2549 boumque
1438 2490 1666 2530 examen
1694 2481 1993 2544 agrestum.

397 2571 486 2628 Sic
515 2570 719 2642 Vulgar
747 2567 985 2642 [Bulgar]
1024 2583 1300 2638 sameque
1353 2565 1532 2636 Cynos
1578 2563 1753 2618 malus
1798 2562 1997 2631 hospes

1741 2649 1996 2723 [Hyberis

397 2750 595 2806 Brutus
626 2747 812 2814 Britto,
847 2747 1035 2802 Danus
1065 2751 1336 2809 versutus,
1370 2751 1423 2798 et
1454 2741 1708 2797 horridus
1739 2739 1886 2794 Afer.

399 2839 606 2896 Subdat
634 2836 971 2893 bonorandis
1002 2852 1098 2890 sua
1129 2835 1266 2890 colla
1299 2832 1550 2888 exterrita
1579 2829 1805 2886 dextris.

400 2927 801 3000 Nuncltandem
831 2925 1002 2981 crevit
1035 2923 1159 2979 felix
1191 2921 1520 2994 respublica,
1553 2935 1676 2977 cum
1705 2927 1786 2974 sat

397 3017 466 3072 Et
496 3032 658 3090 reges
689 3015 923 3086 sapiunt,
958 3012 1117 3068 simul
1146 3021 1201 3067 et
1230 3019 1461 3084 regnant
1489 3009 1780 3080 sapientes.

393 3107 604 3163 Tetrice
634 3105 794 3160 stulte
822 3104 962 3172 vale,
993 3103 1120 3174 quia
1149 3110 1200 3156 te
1229 3101 1488 3155 suadente
1516 3097 1796 3159 canebam,

392 3196 518 3250 Non
546 3195 742 3248 mirum
773 3201 854 3248 est
881 3191 1024 3247 vitiis
1052 3198 1292 3244 nostram
1323 3188 1549 3242 sordere
1579 3200 1881 3240 cammnam

394 3285 511 3339 Nec
539 3283 670 3336 mihi
699 3280 998 3345 materiem,
1033 3293 1136 3332 nec
1164 3277 1332 3332 verba
1361 3275 1649 3330 ostendere
1685 3273 1846 3341 nosti,

397 3372 526 3427 Haec
555 3369 654 3424 tibi
687 3368 734 3422 si
765 3384 869 3438 qua
897 3365 1032 3422 ferat
1062 3365 1199 3420 ratio
1233 3373 1345 3420 tum
1373 3365 1521 3418 Musa
1552 3362 1748 3418 nitebis

395 3459 496 3514 Hic
527 3457 798 3513 calamum
825 3455 1028 3527 placuit
1058 3471 1258 3525 vesper
1280 3454 1389 3523 jam
1421 3453 1592 3525 ﬁgere
1624 3450 1813 3523 surgit.

397 3546 582 3602 Edidit
610 3547 728 3601 haec
759 3545 1005 3610 Strabus,
1038 3543 1358 3615 parvissima
1387 3542 1562 3614 portio
1593 3541 1836 3606 fratrum,

467 3635 642 3710 Augia
674 3651 810 3707 quos
842 3634 1037 3689 vestris
1068 3633 1240 3688 insula
1273 3633 1367 3687 alit
1396 3632 1672 3704 precibus.

395 3726 713 3782 Strabonem
747 3740 1067 3797 quamquam
1098 3723 1388 3778 dicendum
1420 3721 1608 3794 regula
1640 3719 1856 3782 clamet,

462 3814 715 3870 Strabum
745 3829 832 3868 me
864 3813 983 3884 ipse
1012 3812 1137 3868 volo
1167 3812 1372 3877 dicere,
1407 3811 1631 3866 Strabus
1658 3824 1775 3864 ero.

392 3902 757 3974 Quodfactor
788 3902 991 3957 vitiavit
1021 3917 1177 3973 opus,
1212 3901 1257 3956 si
1288 3900 1472 3955 dicere
1502 3898 1584 3953 fas
1617 3905 1718 3964 est,

459 3993 574 4049 Hoc
606 3991 789 4047 vitiato
820 3991 977 4046 edam
1009 3991 1246 4056 nomine,
1281 4005 1444 4060 parce
1473 3989 1638 4044 Deus.

821 4131 894 4170 AD
927 4131 1123 4171 JUDITH
1160 4128 1592 4170 IMPERATRICEM.

460 4243 655 4300 Omnia
686 4243 778 4316 qui
810 4241 960 4300 solus
991 4256 1174 4298 rerum
1201 4246 1413 4296 secreta
1442 4245 1642 4307 tuetur,

389 4333 615 4389 Praemia
647 4333 738 4405 qui
768 4333 894 4388 ﬁdei
923 4331 1134 4386 devotis
1163 4329 1434 4384 mentibus
1465 4325 1643 4394 offert,

390 4420 539 4477 Illius
572 4422 796 4477 arbitrio
824 4421 1044 4490 factum,
1075 4428 1317 4490 nutuque
1351 4417 1563 4473 fatebor

388 4512 458 4568 Ut
486 4511 578 4584 qui
609 4511 776 4566 corde
806 4509 994 4566 humili
1019 4509 1174 4565 vobis
1203 4507 1500 4563 ﬁdissimus
1533 4521 1674 4571 esse,

387 4600 504 4654 Jam
535 4600 749 4671 pridem
781 4599 958 4669 statui,
994 4599 1208 4654 tandem
1238 4614 1345 4670 quo
1373 4596 1559 4652 nescio
1590 4611 1736 4662 casu,

390 4689 624 4744 Servitio
651 4691 918 4745 attrahere
949 4698 1152 4752 vestro,
1181 4688 1461 4760 prolisque
1493 4686 1685 4751 beatae,

391 4777 565 4847 Quam
596 4780 789 4834 vestris
818 4778 1086 4852 regnique
1116 4777 1276 4832 simul
1303 4775 1638 4847 profectibus
1664 4773 1843 4843 hujus,

387 4867 549 4922 Alma
576 4869 677 4924 Dei
706 4868 878 4939 pietas
908 4867 1180 4923 concessit
1209 4881 1438 4937 surgere
1467 4862 1668 4935 magni,

384 4956 498 5012 Vos
527 4965 850 5028 vestrosque
880 4957 981 5013 Dei
1010 4972 1229 5028 semper
1257 4955 1511 5011 miserata
1540 4963 1784 5028 potestas

384 5045 658 5116 Protegat,
692 5047 909 5111 exaltet,
942 5045 1136 5114 ﬁrmet,
1172 5053 1346 5118 regat,
1381 5053 1574 5111 armet,
1607 5045 1837 5100 adornet

385 5137 646 5206 Augustae
677 5136 793 5191 haec
822 5135 1040 5192 humilis
1070 5135 1231 5190 mittit
1260 5135 1584 5190 munuscula
1616 5134 1846 5190 Strabus

384 5223 623 5296 Pignora
649 5224 939 5279 multorum
969 5226 1192 5281 domino
1223 5224 1541 5280 transmissa
1571 5233 1857 5297 sequestro

383 5312 541 5368 Pacis
570 5313 818 5378 amatrix,
851 5313 988 5370 lucis
1020 5315 1212 5384 amica,
1243 5331 1363 5388 quas
1393 5315 1536 5370 bona
1564 5322 1775 5381 cuncta,

385 5403 564 5458 Mente
595 5401 784 5469 tueris,
819 5402 935 5459 haec
967 5419 1090 5460 mea
1118 5405 1380 5475 clemens,
1411 5404 1631 5476 percipe
1659 5404 1874 5475 scripta.

437 5583 456 5608 ι
485 5577 636 5624 cudi:
660 5578 874 5636 aanck”
897 5581 999 5627 not.
1022 5589 1114 5627 ms.

491 5638 644 5689 Iura,
671 5633 740 5680 id.

904 216 1310 278 WALAFRIDI
1341 215 1584 274 STRABI
1611 216 1812 272 FULD.
1846 213 2016 269 MON.

2051 211 2203 266 OPP.
2238 211 2414 267 PARS
2435 209 2527 265 IlI.
2559 240 2629 250 —
2657 207 2992 265 CARMINA.
3589 205 3702 256 109

2035 339 2093 398 Α
2408 351 2481 390 AD
2517 350 2752 390 sanna!
2786 349 2859 388 na
2894 346 3127 396 Quonu
3159 345 3390 386 somno.

2173 447 2457 518 Temporis
2486 445 2724 502 infausta
2753 445 2854 499 sub
2886 451 3156 515 potestate
3182 439 3403 496 dolendi

2102 537 2242 592 Dum
2271 535 2477 591 fraudis
2505 543 2818 591 commenta
2831 534 2953 605 pios
2981 531 3352 604 p0puiumque
3384 535 3718 600 patremque

2103 625 2506 696 Opprimerent,
2541 632 2888 694 sanctamque
2915 621 3078 677 ﬁdem
3109 620 3297 675 delere
3325 625 3590 689 pararent

2100 715 2443 785 Praescripta,
2477 713 2703 774 exsiliis,
2736 713 2883 777 odio,
2917 711 2990 776 vi,
3024 725 3264 776 carcere,
3295 707 3456 775 ferro,

2100 804 2270 868 Tunc,
2298 803 2520 870 jacuere
2552 802 2680 856 boni
2711 801 2910 855 nebula
2939 800 3192 855 mceroris
3221 795 3400 868 opaci,

2104 892 2344 963 Solaque
2376 907 2474 961 per
2503 890 2774 963 gremium
2805 889 2960 961 regni
2990 888 3226 942 nutantis
3254 886 3469 956 ineptos

2100 979 2311 1036 Perﬁda
2343 979 2554 1034 exeruit
2583 987 2792 1035 terrore
2825 977 3126 1049 tyrannidis
3157 991 3340 1039 ausus,

2101 1071 2242 1123 Dum
2276 1069 2407 1122 mihi
2439 1068 2693 1136 sollicito,
2727 1075 2781 1123 et
2814 1068 2946 1122 recti
2976 1083 3074 1137 pro
3103 1073 3258 1137 parte
3290 1063 3531 1136 gementi

2101 1158 2312 1228 Saepius
2341 1159 2592 1228 ingentes
2621 1157 2828 1212 ﬂuxere
2861 1157 2915 1210 in
2946 1165 3169 1226 pectora
3197 1169 3344 1210 curae

2097 1247 2211 1302 Nec
2243 1247 2455 1318 requies
2485 1263 2732 1318 prmsaga
2761 1245 2893 1299 mihi
2925 1261 3026 1315 per
3055 1244 3286 1306 somnia,
3318 1242 3492 1296 donec

2102 1335 2254 1390 Haud
2285 1334 2452 1390 dubia
2482 1335 2672 1390 virtute
2706 1336 2870 1398 Deus,
2905 1333 3074 1404 prisci
3104 1342 3219 1388 atra
3251 1331 3461 1386 timoris

2098 1423 2294 1478 Nubila
2325 1423 2626 1491 decutiens,
2663 1423 2892 1477 nitidum
2924 1438 3149 1494 sperare
3178 1437 3432 1478 serenum

2098 1513 2349 1582 Edocuit,
2382 1512 2626 1567 tenebris
2655 1512 2783 1566 dum
2814 1528 2921 1567 uox
2952 1511 3254 1567 includeret
3283 1510 3409 1564 altis

2100 1601 2320 1668 Pallida,
2345 1601 2491 1674 quod
2521 1610 2726 1656 terram
2760 1609 2813 1656 et
2833 1601 3058 1672 longum
3081 1599 3224 1671 quod
3247 1600 3409 1655 inane
3426 1615 3702 1658 vocamus.

2017 1702 2070 1762 Β
2102 1691 2240 1745 Dum
2271 1707 2434 1760 sopor
2462 1691 2690 1746 internis
2721 1690 2978 1744 animalia
3005 1689 3152 1745 fessa
3181 1689 3430 1745 medullis

2104 1780 2292 1844 Solvit,
2327 1787 2378 1834 et
2405 1795 2644 1851 angores
2675 1780 2826 1852 longi
2856 1795 3128 1850 curasque
3156 1779 3267 1834 diei

2101 1869 2321 1924 Munere
2352 1870 2555 1934 divino,
2589 1869 2962 1924 moderamine
2992 1877 3260 1939 temperat
3289 1885 3443 1940 aequo

2101 1958 2228 2012 Visa
2256 1958 2382 2013 libri
2414 1959 2587 2014 series
2617 1974 2804 2013 coram
2834 1958 3206 2028 pulcherrima
3234 1958 3382 2029 longi

2101 2050 2240 2101 Ante
2272 2064 2423 2102 meos
2455 2048 2651 2114 vultus,
2687 2048 2926 2102 metricis
2958 2047 3048 2118 qui
3082 2047 3348 2116 versibus,
3382 2063 3601 2104 omnem

2101 2136 2220 2190 Rite
2251 2135 2614 2207 superﬁciem,
2649 2137 2896 2207 gestabat
2927 2137 2982 2190 in
3015 2137 3203 2191 ordine
3234 2137 3470 2207 plenam,

2101 2225 2351 2296 Dumque
2381 2226 2573 2281 avidus
2603 2242 2804 2292 rerum,
2836 2233 3023 2280 cautus
3049 2242 3148 2296 per
3181 2226 3395 2296 singula
3430 2227 3600 2284 lector

2100 2315 2262 2379 lrem,
2297 2314 2654 2370 animadverti
2684 2315 2885 2369 seriem
2914 2315 2984 2368 de
3009 2315 3226 2368 casibus
3255 2315 3450 2385 ipsam,

2099 2403 2167 2458 Et
2197 2404 2355 2475 regni
2384 2412 2436 2458 et
2467 2404 2636 2476 regis,
2668 2411 2814 2458 textu
2842 2419 3099 2458 resonare
3131 2405 3394 2474 pedestri,

2101 2493 2332 2548 Caesaris
2363 2493 2449 2546 hic
2479 2509 2677 2548 nomen
2707 2493 2940 2564 quadam
2975 2493 3074 2546 sub
3102 2493 3343 2564 imagine
3374 2510 3615 2561 versum,

2100 2581 2317 2652 Proque
2348 2597 2504 2636 sacro
2535 2597 2754 2652 semper
2785 2581 3042 2637 Ludovici
3069 2581 3369 2653 Equitatius
3401 2583 3510 2638 illic

2097 2671 2330 2726 Nomine
2356 2671 2587 2741 scriptus
2616 2678 2754 2737 erat,
2787 2686 2965 2742 neque
3004 2686 3092 2726 me
3131 2671 3474 2742 cognominis
3511 2673 3691 2742 hujus,

2098 2759 2370 2814 Turbabat
2398 2760 2630 2825 novitas,
2663 2776 2786 2815 cum
2813 2775 2973 2814 causa
3004 2758 3258 2815 videlicet
3285 2760 3403 2830 ipsa

2098 2847 2399 2903 Personam
2435 2849 2782 2919 exprimeret,
2816 2849 2956 2903 notis
2985 2848 3267 2903 notissima
3297 2849 3468 2921 gestis
3543 2835 3548 2838 ’

2097 2937 2344 3009 Namque
2372 2936 2674 3009 legebatur,
2711 2938 2944 3007 geminae
2974 2937 3240 2993 discessio
3269 2937 3475 2992 fraudis

2039 3025 2372 3126 CImpietas,
2406 3034 2702 3096 raptusque
2734 3025 2950 3096 duplex,
2981 3025 3235 3097 patientia
3265 3026 3476 3092 victrix,

2107 3115 2373 3181 Rectoris,
2407 3131 2699 3186 rerumque
2729 3115 2896 3170 decus
2927 3115 3235 3185 reparabile
3265 3132 3501 3187 semper.

2106 3203 2346 3276 Cumque
2376 3204 2539 3269 oculi,
2575 3220 2786 3268 sensus,
2821 3220 2999 3268 aures,
3034 3213 3195 3276 atque
3225 3205 3412 3259 intima
3441 3204 3620 3260 cordis

2102 3295 2270 3348 Antra
2297 3293 2401 3347 sibi
2429 3293 2681 3348 arderent
2705 3293 3006 3365 relegendo
3037 3294 3150 3348 sive
3183 3292 3415 3366 legendo

2101 3381 2294 3436 Frater
2321 3382 2390 3436 ab
2421 3391 2642 3452 aspectu
2670 3381 2886 3447 librum,
2920 3381 3178 3437 miracula
3206 3383 3355 3450 cujus

2100 3469 2333 3524 Praebuit
2365 3469 2618 3541 eripiens,
2651 3470 2880 3525 memori
2912 3470 3286 3541 superaddidit
3314 3485 3410 3528 ore
3442 3489 3455 3526 :

2097 3566 2118 3592 ο
2149 3558 2374 3615 Tristior
2402 3577 2468 3614 ex
2496 3560 2668 3615 oculis
2699 3561 2952 3615 humeros
2969 3559 3014 3628 ἀ,
3050 3575 3211 3632 quam
3242 3569 3352 3615 tota
3382 3560 3609 3616 decebat

2096 3648 2340 3718 Pectora,
2374 3665 2483 3704 non
2516 3649 2680 3722 longe
2709 3649 2926 3720 passuri
2954 3649 3149 3704 damna
3178 3649 3378 3706 ruinae.

2093 3736 2394 3808 Evigilans,
2431 3738 2746 3809 pariterque
2775 3738 2964 3794 volens
2995 3738 3230 3792 retinere
3260 3738 3405 3809 quod
3436 3739 3614 3804 hausi,

2093 3825 2196 3880 Vix
2224 3843 2418 3882 versus
2445 3827 2498 3880 in
2531 3825 2636 3882 ﬁne
2666 3827 2826 3893 duos,
2861 3835 2909 3882 et
2942 3843 3140 3882 nomen
3169 3827 3456 3884 adauctum

2091 3915 2270 3969 Mente
2296 3915 2642 3981 recordabar,
2673 3915 3007 3986 reliquorum
3038 3916 3240 3972 oblivia
3268 3932 3463 3987 passus

2087 4003 2337 4059 Nominis
2365 4004 2608 4074 auspicio
2637 4005 2827 4075 paucis
2858 4021 3011 4075 spem
3040 4005 3284 4075 protinus
3313 4004 3437 4059 auxi

2090 4091 2318 4149 Veloces
2347 4092 2562 4147 virtutis
2590 4109 2725 4164 opes
2755 4093 3058 4165 Equitatius
3087 4094 3178 4150 ille

2086 4181 2462 4244 Portendebat,
2497 4181 2752 4253 idemque
2782 4199 3020 4253 sequens
3049 4183 3278 4239 assertio
3308 4182 3482 4238 firmat

2085 4269 2306 4325 Tristari
2336 4269 2581 4336 nimium,
2614 4270 2938 4327 tolerantem
2965 4271 3210 4342 pondera
3238 4272 3372 4327 dura

2082 4359 2206 4414 Non
2235 4359 2456 4429 debere,
2490 4361 2628 4416 citos
2656 4360 2921 4416 facturum
2951 4361 3006 4414 in
3034 4359 3154 4416 lata
3182 4377 3454 4418 recursus.

2001 4429 2052 4489 D
2084 4448 2213 4504 Haec
2239 4465 2345 4521 ego
2375 4464 2499 4504 cum
2529 4448 2742 4505 videam
2771 4448 2930 4505 factis
2959 4449 3202 4519 impleta,
3237 4450 3366 4522 quid
3395 4450 3526 4506 ultra

2085 4536 2428 4606 Occulerem,
2463 4537 2660 4609 placuit
2692 4539 2845 4593 vobis
2876 4537 3069 4594 eﬂerre
3099 4539 3380 4609 probanda

2085 4624 2220 4694 Qum
2248 4626 2405 4682 nobis
2435 4626 2584 4699 longi
2615 4628 2893 4682 nutribant
2922 4627 3121 4700 gaudia
3146 4628 3272 4683 voti.

2083 4717 2362 4787 Augustae,
2394 4731 2603 4787 pauper
2629 4715 2816 4772 decies
2844 4717 2937 4771 dat
2966 4733 3193 4772 munera
3220 4717 3386 4790 quina

2083 4805 2299 4872 Strabo,
2332 4814 2524 4878 petens
2555 4806 2786 4872 veniam,
2824 4806 3002 4878 signat
3033 4823 3198 4878 quam
3237 4805 3478 4863 calculus
3509 4806 3674 4863 idem.

2537 4937 3211 5008 wnovxcoﬁwraanoat.

2084 5045 2222 5101 Vilia
2247 5061 2344 5118 pro
2373 5045 2578 5100 meritis
2609 5053 2734 5100 sunt
2764 5046 2878 5102 haec
2909 5045 3231 5102 munuscula
3263 5046 3478 5121 vestris,

2153 5135 2262 5190 Sed
2290 5142 2472 5190 tamen
2502 5151 2565 5190 ex
2597 5134 2758 5205 pleno
2788 5151 2910 5208 quae
2936 5135 3026 5190 dat
3055 5150 3245 5191 amore
3287 5133 3441 5201 ﬁdes,

2083 5223 2255 5291 Quam
2284 5224 2440 5280 vobis
2469 5240 2686 5280 servare
2715 5224 2824 5291 diu,
2858 5233 3134 5296 totumque
3166 5240 3268 5295 per
3298 5239 3472 5280 aevum

2153 5313 2300 5368 Hanc
2328 5314 2562 5368 animam
2593 5314 2758 5368 veluti
2787 5313 2924 5366 nitar
2954 5315 3023 5367 ad
3056 5330 3226 5384 usque
3257 5313 3481 5368 obitum.

2082 5401 2224 5470 Quid
2257 5402 2387 5459 mihi
2416 5404 2547 5474 quid
2575 5403 2744 5474 possit
2773 5402 3070 5458 consistere
3099 5403 3299 5459 clarius
3331 5417 3586 5474 unquam,

2134 5590 2152 5613 σ
2175 5582 2380 5629 Videtur
2409 5591 2590 5628 sensus
2616 5581 2948 5629 imperfectus.
2976 5585 3114 5629 Cass.

2134 5637 2154 5667 ⁴
2177 5643 2365 5684 Humor
2388 5635 2594 5691 Baucis,
2616 5635 2720 5684 not.
2747 5646 2845 5683 ms.
