  <div class='ocr_page' id='page_1' title='image "/cluster/home/n/w/nwhite01/storage/ocr_20150623/114/hvd.32044052819893/554.png"; bbox 0 0 3996 6184; ppageno 0'>
   <div class='ocr_carea' id='block_1_1' title="bbox 310 224 448 277">
    <p class='ocr_par' dir='ltr' id='par_1_1' title="bbox 310 224 448 277">
     <span class='ocr_line' id='line_1_1' title="bbox 310 224 448 277; baseline 0 -1"><span class='ocrx_word' id='word_1_1' title='bbox 310 226 331 276; x_wconf 77' lang='grc' dir='ltr'><strong>Ι</strong></span> <span class='ocrx_word' id='word_1_2' title='bbox 343 224 448 277; x_wconf 82' lang='lat'>097</span> 
     </span>
    </p>
   </div>
   <div class='ocr_carea' id='block_1_2' title="bbox 392 343 1492 415">
    <p class='ocr_par' dir='ltr' id='par_1_2' title="bbox 392 343 1492 415">
     <span class='ocr_line' id='line_1_2' title="bbox 392 343 1492 415; baseline -0.002 -16"><span class='ocrx_word' id='word_1_3' title='bbox 392 343 758 415; x_wconf 86' lang='lat' dir='ltr'>Gloriaquam</span> <span class='ocrx_word' id='word_1_4' title='bbox 781 343 997 397; x_wconf 85' lang='lat' dir='ltr'>Domini</span> <span class='ocrx_word' id='word_1_5' title='bbox 1027 343 1340 398; x_wconf 89' lang='lat' dir='ltr'>continuata</span> <span class='ocrx_word' id='word_1_6' title='bbox 1370 343 1443 414; x_wconf 90' lang='lat' dir='ltr'>pii</span> <span class='ocrx_word' id='word_1_7' title='bbox 1463 344 1492 397; x_wconf 84' lang='lat'><strong>?</strong></span> 
     </span>
    </p>
   </div>
   <div class='ocr_carea' id='block_1_3' title="bbox 318 431 1641 501">
    <p class='ocr_par' dir='ltr' id='par_1_3' title="bbox 318 431 1641 501">
     <span class='ocr_line' id='line_1_3' title="bbox 318 431 1641 501; baseline -0.003 -13"><span class='ocrx_word' id='word_1_8' title='bbox 318 435 471 488; x_wconf 86' lang='lat' dir='ltr'>Hanc</span> <span class='ocrx_word' id='word_1_9' title='bbox 485 447 644 488; x_wconf 85' lang='lat' dir='ltr'>sacer</span> <span class='ocrx_word' id='word_1_10' title='bbox 672 431 938 487; x_wconf 76' lang='lat' dir='ltr'>adventus</span> <span class='ocrx_word' id='word_1_11' title='bbox 967 431 1168 486; x_wconf 88' lang='lat' dir='ltr'>Christi</span> <span class='ocrx_word' id='word_1_12' title='bbox 1189 431 1386 486; x_wconf 80' lang='lat' dir='ltr'>virtute</span> <span class='ocrx_word' id='word_1_13' title='bbox 1419 431 1641 501; x_wconf 89' lang='lat' dir='ltr'>potenti,</span> 
     </span>
    </p>
   </div>
   <div class='ocr_carea' id='block_1_4' title="bbox 390 519 1546 590">
    <p class='ocr_par' dir='ltr' id='par_1_4' title="bbox 390 519 1546 590">
     <span class='ocr_line' id='line_1_4' title="bbox 390 519 1546 590; baseline -0.003 -14"><span class='ocrx_word' id='word_1_14' title='bbox 390 520 553 576; x_wconf 81' lang='lat' dir='ltr'>Auxit</span> <span class='ocrx_word' id='word_1_15' title='bbox 578 521 633 574; x_wconf 93' lang='lat' dir='ltr'>in</span> <span class='ocrx_word' id='word_1_16' title='bbox 663 519 916 575; x_wconf 84' lang='lat' dir='ltr'>affectum</span> <span class='ocrx_word' id='word_1_17' title='bbox 948 519 1296 590; x_wconf 79' lang='lat' dir='ltr'>laetitiamque</span> <span class='ocrx_word' id='word_1_18' title='bbox 1330 535 1546 574; x_wconf 87' lang='lat' dir='ltr'>novam.</span> 
     </span>
    </p>
   </div>
   <div class='ocr_carea' id='block_1_5' title="bbox 321 608 1690 680">
    <p class='ocr_par' dir='ltr' id='par_1_5' title="bbox 321 608 1690 680">
     <span class='ocr_line' id='line_1_5' title="bbox 321 608 1690 680; baseline -0.003 -16"><span class='ocrx_word' id='word_1_19' title='bbox 321 609 592 664; x_wconf 89' lang='lat' dir='ltr'>Parvulus</span> <span class='ocrx_word' id='word_1_20' title='bbox 622 608 714 663; x_wconf 90' lang='lat' dir='ltr'>ille</span> <span class='ocrx_word' id='word_1_21' title='bbox 727 609 948 680; x_wconf 87' lang='lat' dir='ltr'>quidem</span> <span class='ocrx_word' id='word_1_22' title='bbox 975 608 1150 663; x_wconf 90' lang='lat' dir='ltr'>carnis</span> <span class='ocrx_word' id='word_1_23' title='bbox 1181 608 1250 661; x_wconf 91' lang='lat' dir='ltr'>de</span> <span class='ocrx_word' id='word_1_24' title='bbox 1280 615 1433 678; x_wconf 89' lang='lat' dir='ltr'>parte</span> <span class='ocrx_word' id='word_1_25' title='bbox 1466 616 1690 662; x_wconf 88' lang='lat' dir='ltr'>vocatus</span> 
     </span>
    </p>
   </div>
   <div class='ocr_carea' id='block_1_6' title="bbox 401 695 1598 767">
    <p class='ocr_par' dir='ltr' id='par_1_6' title="bbox 401 695 1598 767">
     <span class='ocr_line' id='line_1_6' title="bbox 401 695 1598 767; baseline -0.002 -15"><span class='ocrx_word' id='word_1_26' title='bbox 401 697 645 753; x_wconf 88' lang='lat' dir='ltr'>Grandia</span> <span class='ocrx_word' id='word_1_27' title='bbox 673 697 986 752; x_wconf 86' lang='lat' dir='ltr'>nominibus</span> <span class='ocrx_word' id='word_1_28' title='bbox 1017 713 1111 752; x_wconf 85' lang='lat' dir='ltr'>sex</span> <span class='ocrx_word' id='word_1_29' title='bbox 1141 704 1191 750; x_wconf 89' lang='lat' dir='ltr'>et</span> <span class='ocrx_word' id='word_1_30' title='bbox 1214 695 1396 767; x_wconf 90' lang='lat' dir='ltr'>opima</span> <span class='ocrx_word' id='word_1_31' title='bbox 1433 703 1598 751; x_wconf 90' lang='lat' dir='ltr'>tenet.</span> 
     </span>
    </p>
   </div>
   <div class='ocr_carea' id='block_1_7' title="bbox 330 784 1710 857">
    <p class='ocr_par' dir='ltr' id='par_1_7' title="bbox 330 784 1710 857">
     <span class='ocr_line' id='line_1_7' title="bbox 330 784 1710 857; baseline -0.004 -14"><span class='ocrx_word' id='word_1_32' title='bbox 330 786 511 843; x_wconf 82' lang='lat' dir='ltr'>Fortis</span> <span class='ocrx_word' id='word_1_33' title='bbox 541 794 594 842; x_wconf 89' lang='lat' dir='ltr'>et</span> <span class='ocrx_word' id='word_1_34' title='bbox 615 786 732 857; x_wconf 88' lang='lat' dir='ltr'>ipse</span> <span class='ocrx_word' id='word_1_35' title='bbox 761 786 930 850; x_wconf 88' lang='lat' dir='ltr'>Deus,</span> <span class='ocrx_word' id='word_1_36' title='bbox 959 784 1222 839; x_wconf 84' lang='lat' dir='ltr'>mirabilis</span> <span class='ocrx_word' id='word_1_37' title='bbox 1251 791 1302 838; x_wconf 89' lang='lat' dir='ltr'>et</span> <span class='ocrx_word' id='word_1_38' title='bbox 1320 792 1471 854; x_wconf 87' lang='lat' dir='ltr'>pater</span> <span class='ocrx_word' id='word_1_39' title='bbox 1495 784 1598 839; x_wconf 83' lang='lat' dir='ltr'>avi</span> <span class='ocrx_word' id='word_1_40' title='bbox 1627 792 1710 839; x_wconf 90' lang='lat' dir='ltr'>est</span> 
     </span>
    </p>
   </div>
   <div class='ocr_carea' id='block_1_8' title="bbox 387 873 1446 945">
    <p class='ocr_par' dir='ltr' id='par_1_8' title="bbox 387 873 1446 945">
     <span class='ocr_line' id='line_1_8' title="bbox 387 873 1446 945; baseline -0.003 -15"><span class='ocrx_word' id='word_1_41' title='bbox 387 875 644 940; x_wconf 78' lang='lat' dir='ltr'>Alterius,</span> <span class='ocrx_word' id='word_1_42' title='bbox 669 874 839 945; x_wconf 86' lang='lat' dir='ltr'>pacis,</span> <span class='ocrx_word' id='word_1_43' title='bbox 873 873 1200 944; x_wconf 83' lang='lat' dir='ltr'>consiliique</span> <span class='ocrx_word' id='word_1_44' title='bbox 1232 881 1446 943; x_wconf 86' lang='lat' dir='ltr'>potens.</span> 
     </span>
    </p>
   </div>
   <div class='ocr_carea' id='block_1_9' title="bbox 322 961 1462 1034">
    <p class='ocr_par' dir='ltr' id='par_1_9' title="bbox 322 961 1462 1034">
     <span class='ocr_line' id='line_1_9' title="bbox 322 961 1462 1034; baseline -0.004 -16"><span class='ocrx_word' id='word_1_45' title='bbox 322 964 451 1034; x_wconf 89' lang='lat' dir='ltr'>Ipse</span> <span class='ocrx_word' id='word_1_46' title='bbox 482 963 572 1034; x_wconf 90' lang='lat' dir='ltr'>pio</span> <span class='ocrx_word' id='word_1_47' title='bbox 593 962 740 1017; x_wconf 90' lang='lat' dir='ltr'>vires</span> <span class='ocrx_word' id='word_1_48' title='bbox 767 961 1059 1033; x_wconf 80' lang='lat' dir='ltr'>divinaque</span> <span class='ocrx_word' id='word_1_49' title='bbox 1091 975 1316 1016; x_wconf 87' lang='lat' dir='ltr'>munera</span> <span class='ocrx_word' id='word_1_50' title='bbox 1346 961 1462 1032; x_wconf 86' lang='lat' dir='ltr'>regi</span> 
     </span>
    </p>
   </div>
   <div class='ocr_carea' id='block_1_10' title="bbox 392 1049 1740 1120">
    <p class='ocr_par' dir='ltr' id='par_1_10' title="bbox 392 1049 1740 1120">
     <span class='ocr_line' id='line_1_10' title="bbox 392 1049 1740 1120; baseline -0.003 -15"><span class='ocrx_word' id='word_1_51' title='bbox 392 1052 458 1105; x_wconf 87' lang='lat' dir='ltr'>Et</span> <span class='ocrx_word' id='word_1_52' title='bbox 489 1051 702 1106; x_wconf 88' lang='lat' dir='ltr'>clarum</span> <span class='ocrx_word' id='word_1_53' title='bbox 739 1057 953 1105; x_wconf 84' lang='lat' dir='ltr'>aterno</span> <span class='ocrx_word' id='word_1_54' title='bbox 982 1058 1227 1120; x_wconf 90' lang='lat' dir='ltr'>tempore</span> <span class='ocrx_word' id='word_1_55' title='bbox 1240 1049 1333 1103; x_wconf 91' lang='lat' dir='ltr'>det</span> <span class='ocrx_word' id='word_1_56' title='bbox 1361 1049 1633 1104; x_wconf 85' lang='lat' dir='ltr'>columen.</span> <span class='ocrx_word' id='word_1_57' title='bbox 1733 1089 1740 1108; x_wconf 80' lang='grc'><strong><em>,</em></strong></span> 
     </span>
    </p>
   </div>
   <div class='ocr_carea' id='block_1_11' title="bbox 321 1136 1467 1194">
    <p class='ocr_par' dir='ltr' id='par_1_11' title="bbox 321 1136 1467 1194">
     <span class='ocr_line' id='line_1_11' title="bbox 321 1136 1467 1194; baseline -0.004 0"><span class='ocrx_word' id='word_1_58' title='bbox 321 1139 521 1194; x_wconf 87' lang='lat' dir='ltr'>Pacem</span> <span class='ocrx_word' id='word_1_59' title='bbox 550 1137 777 1193; x_wconf 91' lang='lat' dir='ltr'>consilio</span> <span class='ocrx_word' id='word_1_60' title='bbox 808 1137 964 1193; x_wconf 81' lang='lat' dir='ltr'>faciat</span> <span class='ocrx_word' id='word_1_61' title='bbox 992 1137 1227 1192; x_wconf 89' lang='lat' dir='ltr'>retinere</span> <span class='ocrx_word' id='word_1_62' title='bbox 1258 1136 1467 1191; x_wconf 82' lang='lat' dir='ltr'>salubri</span> 
     </span>
    </p>
   </div>
   <div class='ocr_carea' id='block_1_12' title="bbox 396 1225 1634 1296">
    <p class='ocr_par' dir='ltr' id='par_1_12' title="bbox 396 1225 1634 1296">
     <span class='ocr_line' id='line_1_12' title="bbox 396 1225 1634 1296; baseline -0.003 -15"><span class='ocrx_word' id='word_1_63' title='bbox 396 1226 573 1295; x_wconf 87' lang='lat' dir='ltr'>Quem</span> <span class='ocrx_word' id='word_1_64' title='bbox 604 1225 726 1296; x_wconf 82' lang='lat' dir='ltr'>paci</span> <span class='ocrx_word' id='word_1_65' title='bbox 755 1234 974 1281; x_wconf 83' lang='lat' dir='ltr'>aterna</span> <span class='ocrx_word' id='word_1_66' title='bbox 1004 1225 1430 1296; x_wconf 81' lang='lat' dir='ltr'>muneribusque</span> <span class='ocrx_word' id='word_1_67' title='bbox 1460 1233 1634 1295; x_wconf 88' lang='lat' dir='ltr'>parat.</span> 
     </span>
    </p>
   </div>
   <div class='ocr_carea' id='block_1_13' title="bbox 323 1313 1592 1384">
    <p class='ocr_par' dir='ltr' id='par_1_13' title="bbox 323 1313 1592 1384">
     <span class='ocr_line' id='line_1_13' title="bbox 323 1313 1592 1384; baseline -0.004 -14"><span class='ocrx_word' id='word_1_68' title='bbox 323 1315 425 1371; x_wconf 83' lang='lat' dir='ltr'>Hic</span> <span class='ocrx_word' id='word_1_69' title='bbox 453 1330 551 1369; x_wconf 89' lang='lat' dir='ltr'>vos</span> <span class='ocrx_word' id='word_1_70' title='bbox 582 1313 916 1370; x_wconf 89' lang='lat' dir='ltr'>cumvestris</span> <span class='ocrx_word' id='word_1_71' title='bbox 933 1313 1179 1384; x_wconf 80' lang='lat' dir='ltr'>repetitis</span> <span class='ocrx_word' id='word_1_72' title='bbox 1211 1313 1407 1383; x_wconf 81' lang='lat' dir='ltr'>sapius</span> <span class='ocrx_word' id='word_1_73' title='bbox 1437 1313 1592 1366; x_wconf 88' lang='lat' dir='ltr'>annis</span> 
     </span>
    </p>
   </div>
   <div class='ocr_carea' id='block_1_14' title="bbox 385 1400 1628 1472">
    <p class='ocr_par' dir='ltr' id='par_1_14' title="bbox 385 1400 1628 1472">
     <span class='ocr_line' id='line_1_14' title="bbox 385 1400 1628 1472; baseline -0.002 -14"><span class='ocrx_word' id='word_1_74' title='bbox 385 1404 513 1458; x_wconf 83' lang='lat' dir='ltr'>Hac</span> <span class='ocrx_word' id='word_1_75' title='bbox 544 1403 615 1458; x_wconf 87' lang='lat' dir='ltr'>ad</span> <span class='ocrx_word' id='word_1_76' title='bbox 644 1403 784 1458; x_wconf 88' lang='lat' dir='ltr'>festa</span> <span class='ocrx_word' id='word_1_77' title='bbox 825 1404 972 1458; x_wconf 91' lang='lat' dir='ltr'>Deus</span> <span class='ocrx_word' id='word_1_78' title='bbox 1001 1403 1263 1472; x_wconf 74' lang='lat' dir='ltr'>provehat</span> <span class='ocrx_word' id='word_1_79' title='bbox 1301 1400 1628 1456; x_wconf 87' lang='lat' dir='ltr'>incolumes.</span> 
     </span>
    </p>
   </div>
   <div class='ocr_carea' id='block_1_15' title="bbox 843 1522 1355 1563">
    <p class='ocr_par' dir='ltr' id='par_1_15' title="bbox 843 1522 1355 1563">
     <span class='ocr_line' id='line_1_15' title="bbox 843 1522 1355 1563; baseline -0.002 -1"><span class='ocrx_word' id='word_1_80' title='bbox 843 1524 865 1562; x_wconf 86' lang='lat' dir='ltr'><strong>J</strong></span> <span class='ocrx_word' id='word_1_81' title='bbox 874 1523 1040 1563; x_wconf 79' lang='lat' dir='ltr'>UDITH</span> <span class='ocrx_word' id='word_1_82' title='bbox 1069 1522 1355 1562; x_wconf 73' lang='lat' dir='ltr'>AUGUST.E.</span> 
     </span>
    </p>
   </div>
   <div class='ocr_carea' id='block_1_16' title="bbox 320 1612 1924 1688">
    <p class='ocr_par' dir='ltr' id='par_1_16' title="bbox 320 1612 1924 1688">
     <span class='ocr_line' id='line_1_16' title="bbox 320 1612 1924 1688; baseline -0.001 -17"><span class='ocrx_word' id='word_1_83' title='bbox 320 1616 490 1672; x_wconf 80' lang='lat' dir='ltr'>Multa</span> <span class='ocrx_word' id='word_1_84' title='bbox 544 1613 765 1688; x_wconf 86' lang='lat' dir='ltr'>quidem</span> <span class='ocrx_word' id='word_1_85' title='bbox 819 1614 1042 1670; x_wconf 90' lang='lat' dir='ltr'>veniunt</span> <span class='ocrx_word' id='word_1_86' title='bbox 1076 1613 1281 1670; x_wconf 89' lang='lat' dir='ltr'>meritis</span> <span class='ocrx_word' id='word_1_87' title='bbox 1311 1629 1419 1668; x_wconf 91' lang='lat' dir='ltr'>non</span> <span class='ocrx_word' id='word_1_88' title='bbox 1479 1612 1660 1668; x_wconf 89' lang='lat' dir='ltr'>debita</span> <span class='ocrx_word' id='word_1_89' title='bbox 1717 1613 1924 1669; x_wconf 83' lang='lat' dir='ltr'>nostris</span> 
     </span>
    </p>
   </div>
   <div class='ocr_carea' id='block_1_17' title="bbox 396 1702 1596 1775">
    <p class='ocr_par' dir='ltr' id='par_1_17' title="bbox 396 1702 1596 1775">
     <span class='ocr_line' id='line_1_17' title="bbox 396 1702 1596 1775; baseline -0.003 -15"><span class='ocrx_word' id='word_1_90' title='bbox 396 1702 531 1773; x_wconf 85' lang='lat' dir='ltr'>Qua</span> <span class='ocrx_word' id='word_1_91' title='bbox 561 1703 829 1775; x_wconf 79' lang='lat' dir='ltr'>probitate</span> <span class='ocrx_word' id='word_1_92' title='bbox 858 1717 958 1758; x_wconf 89' lang='lat' dir='ltr'>sua</span> <span class='ocrx_word' id='word_1_93' title='bbox 985 1718 1086 1758; x_wconf 92' lang='lat' dir='ltr'>nos</span> <span class='ocrx_word' id='word_1_94' title='bbox 1114 1702 1344 1757; x_wconf 89' lang='lat' dir='ltr'>hilarare</span> <span class='ocrx_word' id='word_1_95' title='bbox 1374 1710 1596 1773; x_wconf 82' lang='lat' dir='ltr'>queant.</span> 
     </span>
    </p>
   </div>
   <div class='ocr_carea' id='block_1_18' title="bbox 322 1789 1728 1864">
    <p class='ocr_par' dir='ltr' id='par_1_18' title="bbox 322 1789 1728 1864">
     <span class='ocr_line' id='line_1_18' title="bbox 322 1789 1728 1864; baseline -0.003 -16"><span class='ocrx_word' id='word_1_96' title='bbox 322 1793 500 1849; x_wconf 86' lang='lat' dir='ltr'>Pauca</span> <span class='ocrx_word' id='word_1_97' title='bbox 524 1791 826 1847; x_wconf 87' lang='lat' dir='ltr'>sinisterius</span> <span class='ocrx_word' id='word_1_98' title='bbox 855 1798 1108 1864; x_wconf 88' lang='lat' dir='ltr'>torquent</span> <span class='ocrx_word' id='word_1_99' title='bbox 1137 1799 1322 1846; x_wconf 90' lang='lat' dir='ltr'>tamen</span> <span class='ocrx_word' id='word_1_100' title='bbox 1354 1791 1517 1846; x_wconf 92' lang='lat' dir='ltr'>obvia</span> <span class='ocrx_word' id='word_1_101' title='bbox 1538 1789 1728 1845; x_wconf 85' lang='lat' dir='ltr'>ﬂatum</span> 
     </span>
    </p>
   </div>
   <div class='ocr_carea' id='block_1_19' title="bbox 398 1878 1606 1952">
    <p class='ocr_par' dir='ltr' id='par_1_19' title="bbox 398 1878 1606 1952">
     <span class='ocr_line' id='line_1_19' title="bbox 398 1878 1606 1952; baseline -0.001 -17"><span class='ocrx_word' id='word_1_102' title='bbox 398 1878 566 1950; x_wconf 89' lang='lat' dir='ltr'>Queis</span> <span class='ocrx_word' id='word_1_103' title='bbox 597 1881 798 1952; x_wconf 87' lang='lat' dir='ltr'>aliquot</span> <span class='ocrx_word' id='word_1_104' title='bbox 828 1879 984 1934; x_wconf 89' lang='lat' dir='ltr'>vobis</span> <span class='ocrx_word' id='word_1_105' title='bbox 1013 1896 1102 1934; x_wconf 88' lang='lat' dir='ltr'>me</span> <span class='ocrx_word' id='word_1_106' title='bbox 1124 1879 1381 1935; x_wconf 90' lang='lat' dir='ltr'>reticente</span> <span class='ocrx_word' id='word_1_107' title='bbox 1405 1886 1606 1949; x_wconf 90' lang='lat' dir='ltr'>patent.</span> 
     </span>
    </p>
   </div>
   <div class='ocr_carea' id='block_1_20' title="bbox 321 1965 1923 2040">
    <p class='ocr_par' dir='ltr' id='par_1_20' title="bbox 321 1965 1923 2040">
     <span class='ocr_line' id='line_1_20' title="bbox 321 1965 1923 2040; baseline -0.002 -16"><span class='ocrx_word' id='word_1_108' title='bbox 321 1968 447 2024; x_wconf 87' lang='lat' dir='ltr'>Non</span> <span class='ocrx_word' id='word_1_109' title='bbox 477 1969 674 2024; x_wconf 89' lang='lat' dir='ltr'>horum</span> <span class='ocrx_word' id='word_1_110' title='bbox 705 1976 1010 2023; x_wconf 84' lang='lat' dir='ltr'>extremum</span> <span class='ocrx_word' id='word_1_111' title='bbox 1041 1976 1141 2032; x_wconf 90' lang='lat' dir='ltr'>est,</span> <span class='ocrx_word' id='word_1_112' title='bbox 1167 1967 1312 2040; x_wconf 91' lang='lat' dir='ltr'>quod</span> <span class='ocrx_word' id='word_1_113' title='bbox 1343 1965 1690 2036; x_wconf 87' lang='lat' dir='ltr'>nullisjussio</span> <span class='ocrx_word' id='word_1_114' title='bbox 1720 1973 1923 2022; x_wconf 86' lang='lat' dir='ltr'>memet</span> 
     </span>
    </p>
   </div>
   <div class='ocr_carea' id='block_1_21' title="bbox 391 2055 1626 2128">
    <p class='ocr_par' dir='ltr' id='par_1_21' title="bbox 391 2055 1626 2128">
     <span class='ocr_line' id='line_1_21' title="bbox 391 2055 1626 2128; baseline -0.002 -16"><span class='ocrx_word' id='word_1_115' title='bbox 391 2057 584 2112; x_wconf 84' lang='lat' dir='ltr'>Vestra</span> <span class='ocrx_word' id='word_1_116' title='bbox 613 2056 749 2128; x_wconf 89' lang='lat' dir='ltr'>ligat</span> <span class='ocrx_word' id='word_1_117' title='bbox 762 2056 942 2111; x_wconf 88' lang='lat' dir='ltr'>causis</span> <span class='ocrx_word' id='word_1_118' title='bbox 977 2057 1030 2110; x_wconf 90' lang='lat' dir='ltr'>in</span> <span class='ocrx_word' id='word_1_119' title='bbox 1044 2056 1189 2127; x_wconf 91' lang='lat' dir='ltr'>quod</span> <span class='ocrx_word' id='word_1_120' title='bbox 1219 2056 1416 2110; x_wconf 88' lang='lat' dir='ltr'>adesse</span> <span class='ocrx_word' id='word_1_121' title='bbox 1443 2055 1626 2110; x_wconf 88' lang='lat' dir='ltr'>datur.</span> 
     </span>
    </p>
   </div>
   <div class='ocr_carea' id='block_1_22' title="bbox 323 2142 1728 2209">
    <p class='ocr_par' dir='ltr' id='par_1_22' title="bbox 323 2142 1728 2209">
     <span class='ocr_line' id='line_1_22' title="bbox 323 2142 1728 2209; baseline -0.001 -9"><span class='ocrx_word' id='word_1_122' title='bbox 323 2145 450 2200; x_wconf 89' lang='lat' dir='ltr'>Non</span> <span class='ocrx_word' id='word_1_123' title='bbox 464 2144 658 2200; x_wconf 90' lang='lat' dir='ltr'>faciem</span> <span class='ocrx_word' id='word_1_124' title='bbox 674 2145 852 2209; x_wconf 92' lang='lat' dir='ltr'>video,</span> <span class='ocrx_word' id='word_1_125' title='bbox 887 2160 994 2199; x_wconf 93' lang='lat' dir='ltr'>non</span> <span class='ocrx_word' id='word_1_126' title='bbox 1012 2143 1202 2198; x_wconf 89' lang='lat' dir='ltr'>haurio</span> <span class='ocrx_word' id='word_1_127' title='bbox 1231 2144 1421 2208; x_wconf 89' lang='lat' dir='ltr'>verba,</span> <span class='ocrx_word' id='word_1_128' title='bbox 1457 2143 1555 2197; x_wconf 89' lang='lat' dir='ltr'>sed</span> <span class='ocrx_word' id='word_1_129' title='bbox 1586 2142 1728 2198; x_wconf 87' lang='lat' dir='ltr'>inter</span> 
     </span>
    </p>
   </div>
   <div class='ocr_carea' id='block_1_23' title="bbox 397 2230 1924 2303">
    <p class='ocr_par' dir='ltr' id='par_1_23' title="bbox 397 2230 1924 2303">
     <span class='ocr_line' id='line_1_23' title="bbox 397 2230 1924 2303; baseline -0.001 -16"><span class='ocrx_word' id='word_1_130' title='bbox 397 2233 562 2303; x_wconf 90' lang='lat' dir='ltr'>Spem</span> <span class='ocrx_word' id='word_1_131' title='bbox 583 2233 772 2288; x_wconf 92' lang='lat' dir='ltr'>dubito</span> <span class='ocrx_word' id='word_1_132' title='bbox 788 2239 951 2302; x_wconf 89' lang='lat' dir='ltr'>atque</span> <span class='ocrx_word' id='word_1_133' title='bbox 972 2241 1195 2296; x_wconf 86' lang='lat' dir='ltr'>metum,</span> <span class='ocrx_word' id='word_1_134' title='bbox 1211 2231 1529 2301; x_wconf 88' lang='lat' dir='ltr'>displiceam</span> <span class='ocrx_word' id='word_1_135' title='bbox 1541 2247 1612 2286; x_wconf 90' lang='lat' dir='ltr'>an</span> <span class='ocrx_word' id='word_1_136' title='bbox 1629 2230 1872 2302; x_wconf 88' lang='lat' dir='ltr'>placeam</span> <span class='ocrx_word' id='word_1_137' title='bbox 1894 2233 1924 2286; x_wconf 82' lang='lat'><strong>?</strong></span> 
     </span>
    </p>
   </div>
   <div class='ocr_carea' id='block_1_24' title="bbox 326 2317 1611 2390">
    <p class='ocr_par' dir='ltr' id='par_1_24' title="bbox 326 2317 1611 2390">
     <span class='ocr_line' id='line_1_24' title="bbox 326 2317 1611 2390; baseline -0.002 -14"><span class='ocrx_word' id='word_1_138' title='bbox 326 2321 568 2377; x_wconf 90' lang='lat' dir='ltr'>Gonscia</span> <span class='ocrx_word' id='word_1_139' title='bbox 599 2320 766 2376; x_wconf 89' lang='lat' dir='ltr'>corda</span> <span class='ocrx_word' id='word_1_140' title='bbox 793 2328 977 2375; x_wconf 89' lang='lat' dir='ltr'>tamen</span> <span class='ocrx_word' id='word_1_141' title='bbox 1007 2319 1153 2385; x_wconf 86' lang='lat' dir='ltr'>ﬁdei,</span> <span class='ocrx_word' id='word_1_142' title='bbox 1189 2321 1410 2390; x_wconf 89' lang='lat' dir='ltr'>votique</span> <span class='ocrx_word' id='word_1_143' title='bbox 1432 2317 1611 2374; x_wconf 88' lang='lat' dir='ltr'>ﬁdelis</span> 
     </span>
    </p>
   </div>
   <div class='ocr_carea' id='block_1_25' title="bbox 397 2408 1443 2480">
    <p class='ocr_par' dir='ltr' id='par_1_25' title="bbox 397 2408 1443 2480">
     <span class='ocr_line' id='line_1_25' title="bbox 397 2408 1443 2480; baseline -0.004 -15"><span class='ocrx_word' id='word_1_144' title='bbox 397 2411 521 2465; x_wconf 86' lang='lat' dir='ltr'>Non</span> <span class='ocrx_word' id='word_1_145' title='bbox 549 2409 849 2480; x_wconf 89' lang='lat' dir='ltr'>desperare</span> <span class='ocrx_word' id='word_1_146' title='bbox 863 2425 950 2463; x_wconf 90' lang='lat' dir='ltr'>me</span> <span class='ocrx_word' id='word_1_147' title='bbox 979 2408 1205 2463; x_wconf 87' lang='lat' dir='ltr'>meliora</span> <span class='ocrx_word' id='word_1_148' title='bbox 1228 2409 1443 2463; x_wconf 91' lang='lat' dir='ltr'>docent.</span> 
     </span>
    </p>
   </div>
   <div class='ocr_carea' id='block_1_26' title="bbox 329 2495 1509 2568">
    <p class='ocr_par' dir='ltr' id='par_1_26' title="bbox 329 2495 1509 2568">
     <span class='ocr_line' id='line_1_26' title="bbox 329 2495 1509 2568; baseline -0.005 -13"><span class='ocrx_word' id='word_1_149' title='bbox 329 2497 572 2555; x_wconf 80' lang='lat' dir='ltr'>Sufﬁciat</span> <span class='ocrx_word' id='word_1_150' title='bbox 601 2496 821 2568; x_wconf 82' lang='lat' dir='ltr'>prafixa</span> <span class='ocrx_word' id='word_1_151' title='bbox 838 2495 994 2564; x_wconf 85' lang='lat' dir='ltr'>fides,</span> <span class='ocrx_word' id='word_1_152' title='bbox 1029 2497 1194 2551; x_wconf 89' lang='lat' dir='ltr'>orabo</span> <span class='ocrx_word' id='word_1_153' title='bbox 1225 2496 1370 2567; x_wconf 92' lang='lat' dir='ltr'>quod</span> <span class='ocrx_word' id='word_1_154' title='bbox 1391 2495 1509 2566; x_wconf 92' lang='lat' dir='ltr'>ipse</span> 
     </span>
    </p>
   </div>
   <div class='ocr_carea' id='block_1_27' title="bbox 398 2584 1643 2655">
    <p class='ocr_par' dir='ltr' id='par_1_27' title="bbox 398 2584 1643 2655">
     <span class='ocr_line' id='line_1_27' title="bbox 398 2584 1643 2655; baseline -0.003 -15"><span class='ocrx_word' id='word_1_155' title='bbox 398 2587 672 2641; x_wconf 87' lang='lat' dir='ltr'>Hactenus</span> <span class='ocrx_word' id='word_1_156' title='bbox 699 2585 945 2649; x_wconf 88' lang='lat' dir='ltr'>orabam,</span> <span class='ocrx_word' id='word_1_157' title='bbox 980 2599 1210 2655; x_wconf 87' lang='lat' dir='ltr'>quaeque</span> <span class='ocrx_word' id='word_1_158' title='bbox 1237 2584 1471 2654; x_wconf 90' lang='lat' dir='ltr'>petenda</span> <span class='ocrx_word' id='word_1_159' title='bbox 1500 2599 1643 2639; x_wconf 90' lang='lat' dir='ltr'>reor.</span> 
     </span>
    </p>
   </div>
   <div class='ocr_carea' id='block_1_28' title="bbox 327 2671 1553 2746">
    <p class='ocr_par' dir='ltr' id='par_1_28' title="bbox 327 2671 1553 2746">
     <span class='ocr_line' id='line_1_28' title="bbox 327 2671 1553 2746; baseline -0.004 -17"><span class='ocrx_word' id='word_1_160' title='bbox 327 2673 470 2740; x_wconf 89' lang='lat' dir='ltr'>Vita,</span> <span class='ocrx_word' id='word_1_161' title='bbox 502 2673 776 2746; x_wconf 84' lang='lat' dir='ltr'>prasidio,</span> <span class='ocrx_word' id='word_1_162' title='bbox 799 2687 937 2743; x_wconf 88' lang='lat' dir='ltr'>pace</span> <span class='ocrx_word' id='word_1_163' title='bbox 959 2679 1009 2726; x_wconf 89' lang='lat' dir='ltr'>et</span> <span class='ocrx_word' id='word_1_164' title='bbox 1040 2671 1300 2726; x_wconf 89' lang='lat' dir='ltr'>solamine</span> <span class='ocrx_word' id='word_1_165' title='bbox 1333 2672 1553 2738; x_wconf 81' lang='lat' dir='ltr'>Christi,</span> 
     </span>
    </p>
   </div>
   <div class='ocr_carea' id='block_1_29' title="bbox 398 2758 1700 2831">
    <p class='ocr_par' dir='ltr' id='par_1_29' title="bbox 398 2758 1700 2831">
     <span class='ocr_line' id='line_1_29' title="bbox 398 2758 1700 2831; baseline -0.003 -15"><span class='ocrx_word' id='word_1_166' title='bbox 398 2763 508 2816; x_wconf 87' lang='lat' dir='ltr'>Vos</span> <span class='ocrx_word' id='word_1_167' title='bbox 533 2770 852 2831; x_wconf 89' lang='lat' dir='ltr'>vestrosque</span> <span class='ocrx_word' id='word_1_168' title='bbox 874 2760 1035 2814; x_wconf 89' lang='lat' dir='ltr'>simul</span> <span class='ocrx_word' id='word_1_169' title='bbox 1067 2767 1282 2830; x_wconf 90' lang='lat' dir='ltr'>tempus</span> <span class='ocrx_word' id='word_1_170' title='bbox 1300 2759 1354 2813; x_wconf 91' lang='lat' dir='ltr'>in</span> <span class='ocrx_word' id='word_1_171' title='bbox 1388 2775 1550 2814; x_wconf 89' lang='lat' dir='ltr'>omne</span> <span class='ocrx_word' id='word_1_172' title='bbox 1575 2758 1700 2813; x_wconf 91' lang='lat' dir='ltr'>frui.</span> 
     </span>
    </p>
   </div>
   <div class='ocr_carea' id='block_1_30' title="bbox 333 2846 1742 2920">
    <p class='ocr_par' dir='ltr' id='par_1_30' title="bbox 333 2846 1742 2920">
     <span class='ocr_line' id='line_1_30' title="bbox 333 2846 1742 2920; baseline -0.004 -14"><span class='ocrx_word' id='word_1_173' title='bbox 333 2850 586 2906; x_wconf 82' lang='lat' dir='ltr'>Proxima</span> <span class='ocrx_word' id='word_1_174' title='bbox 616 2857 929 2904; x_wconf 89' lang='lat' dir='ltr'>sanctorum</span> <span class='ocrx_word' id='word_1_175' title='bbox 958 2847 1106 2920; x_wconf 90' lang='lat' dir='ltr'>quod</span> <span class='ocrx_word' id='word_1_176' title='bbox 1135 2863 1236 2902; x_wconf 87' lang='lat' dir='ltr'>nos</span> <span class='ocrx_word' id='word_1_177' title='bbox 1251 2846 1503 2918; x_wconf 89' lang='lat' dir='ltr'>perfesta</span> <span class='ocrx_word' id='word_1_178' title='bbox 1533 2847 1742 2902; x_wconf 89' lang='lat' dir='ltr'>dierum</span> 
     </span>
    </p>
   </div>
   <div class='ocr_carea' id='block_1_31' title="bbox 400 2935 1527 2994">
    <p class='ocr_par' dir='ltr' id='par_1_31' title="bbox 400 2935 1527 2994">
     <span class='ocr_line' id='line_1_31' title="bbox 400 2935 1527 2994; baseline -0.004 -1"><span class='ocrx_word' id='word_1_179' title='bbox 400 2938 616 2994; x_wconf 89' lang='lat' dir='ltr'>Plenius</span> <span class='ocrx_word' id='word_1_180' title='bbox 646 2946 864 2992; x_wconf 90' lang='lat' dir='ltr'>acturos</span> <span class='ocrx_word' id='word_1_181' title='bbox 893 2936 1171 2992; x_wconf 90' lang='lat' dir='ltr'>credimus</span> <span class='ocrx_word' id='word_1_182' title='bbox 1191 2945 1244 2990; x_wconf 91' lang='lat' dir='ltr'>et</span> <span class='ocrx_word' id='word_1_183' title='bbox 1262 2935 1527 2991; x_wconf 90' lang='lat' dir='ltr'>volumus.</span> 
     </span>
    </p>
   </div>
   <div class='ocr_carea' id='block_1_32' title="bbox 423 3083 1804 3136">
    <p class='ocr_par' dir='ltr' id='par_1_32' title="bbox 423 3083 1804 3136">
     <span class='ocr_line' id='line_1_32' title="bbox 423 3083 1804 3136; baseline -0.001 -10"><span class='ocrx_word' id='word_1_184' title='bbox 423 3085 496 3126; x_wconf 76' lang='lat' dir='ltr'>DE</span> <span class='ocrx_word' id='word_1_185' title='bbox 517 3085 651 3126; x_wconf 77' lang='lat' dir='ltr'>OSSE</span> <span class='ocrx_word' id='word_1_186' title='bbox 672 3085 911 3125; x_wconf 71' lang='grc' dir='ltr'>υΑκυωε</span> <span class='ocrx_word' id='word_1_187' title='bbox 942 3085 1046 3123; x_wconf 74' lang='lat' dir='ltr'>PER</span> <span class='ocrx_word' id='word_1_188' title='bbox 1068 3084 1219 3132; x_wconf 86' lang='lat' dir='ltr'>QUOD</span> <span class='ocrx_word' id='word_1_189' title='bbox 1235 3083 1552 3124; x_wconf 71' lang='lat' dir='ltr'>ARBUSCULA</span> <span class='ocrx_word' id='word_1_190' title='bbox 1582 3083 1804 3136; x_wconf 73' lang='grc' dir='ltr'>ωιενιτ,</span> 
     </span>
    </p>
   </div>
   <div class='ocr_carea' id='block_1_33' title="bbox 687 3154 1532 3195">
    <p class='ocr_par' dir='ltr' id='par_1_33' title="bbox 687 3154 1532 3195">
     <span class='ocr_line' id='line_1_33' title="bbox 687 3154 1532 3195; baseline -0.002 -1"><span class='ocrx_word' id='word_1_191' title='bbox 687 3155 744 3194; x_wconf 89' lang='lat' dir='ltr'>D.</span> <span class='ocrx_word' id='word_1_192' title='bbox 777 3154 1174 3195; x_wconf 69' lang='lat' dir='ltr'>IMPERATOREM</span> <span class='ocrx_word' id='word_1_193' title='bbox 1195 3154 1532 3194; x_wconf 70' lang='lat' dir='ltr'>LUDOVICUM.</span> 
     </span>
    </p>
   </div>
   <div class='ocr_carea' id='block_1_34' title="bbox 325 3243 1680 3317">
    <p class='ocr_par' dir='ltr' id='par_1_34' title="bbox 325 3243 1680 3317">
     <span class='ocr_line' id='line_1_34' title="bbox 325 3243 1680 3317; baseline -0.003 -13"><span class='ocrx_word' id='word_1_194' title='bbox 325 3245 556 3304; x_wconf 77' lang='lat' dir='ltr'>Arboris</span> <span class='ocrx_word' id='word_1_195' title='bbox 585 3254 667 3302; x_wconf 92' lang='lat' dir='ltr'>est</span> <span class='ocrx_word' id='word_1_196' title='bbox 681 3245 840 3301; x_wconf 85' lang='lat' dir='ltr'>altrix</span> <span class='ocrx_word' id='word_1_197' title='bbox 863 3245 1140 3316; x_wconf 90' lang='lat' dir='ltr'>quondam</span> <span class='ocrx_word' id='word_1_198' title='bbox 1169 3245 1388 3317; x_wconf 81' lang='lat' dir='ltr'>vagina,</span> <span class='ocrx_word' id='word_1_199' title='bbox 1428 3243 1680 3300; x_wconf 88' lang='lat' dir='ltr'>medulla</span> 
     </span>
    </p>
   </div>
   <div class='ocr_carea' id='block_1_35' title="bbox 394 3332 1845 3406">
    <p class='ocr_par' dir='ltr' id='par_1_35' title="bbox 394 3332 1845 3406">
     <span class='ocr_line' id='line_1_35' title="bbox 394 3332 1845 3406; baseline -0.001 -17"><span class='ocrx_word' id='word_1_200' title='bbox 394 3334 546 3389; x_wconf 90' lang='lat' dir='ltr'>Tibia</span> <span class='ocrx_word' id='word_1_201' title='bbox 573 3350 803 3406; x_wconf 90' lang='lat' dir='ltr'>germen</span> <span class='ocrx_word' id='word_1_202' title='bbox 832 3333 1015 3399; x_wconf 86' lang='lat' dir='ltr'>habet,</span> <span class='ocrx_word' id='word_1_203' title='bbox 1049 3349 1284 3405; x_wconf 88' lang='lat' dir='ltr'>nemque</span> <span class='ocrx_word' id='word_1_204' title='bbox 1310 3333 1512 3387; x_wconf 91' lang='lat' dir='ltr'>bonum</span> <span class='ocrx_word' id='word_1_205' title='bbox 1535 3347 1698 3388; x_wconf 92' lang='lat' dir='ltr'>omen</span> <span class='ocrx_word' id='word_1_206' title='bbox 1727 3332 1845 3388; x_wconf 91' lang='lat' dir='ltr'>erit.</span> 
     </span>
    </p>
   </div>
   <div class='ocr_carea' id='block_1_36' title="bbox 327 3420 1802 3492">
    <p class='ocr_par' dir='ltr' id='par_1_36' title="bbox 327 3420 1802 3492">
     <span class='ocr_line' id='line_1_36' title="bbox 327 3420 1802 3492; baseline -0.001 -15"><span class='ocrx_word' id='word_1_207' title='bbox 327 3422 488 3492; x_wconf 87' lang='lat' dir='ltr'>Quod</span> <span class='ocrx_word' id='word_1_208' title='bbox 516 3430 703 3478; x_wconf 84' lang='lat' dir='ltr'>cortex</span> <span class='ocrx_word' id='word_1_209' title='bbox 732 3423 958 3478; x_wconf 90' lang='lat' dir='ltr'>humore</span> <span class='ocrx_word' id='word_1_210' title='bbox 989 3429 1156 3492; x_wconf 87' lang='lat' dir='ltr'>caret,</span> <span class='ocrx_word' id='word_1_211' title='bbox 1190 3421 1336 3492; x_wconf 90' lang='lat' dir='ltr'>quod</span> <span class='ocrx_word' id='word_1_212' title='bbox 1367 3420 1554 3475; x_wconf 91' lang='lat' dir='ltr'>durior</span> <span class='ocrx_word' id='word_1_213' title='bbox 1575 3420 1691 3492; x_wconf 90' lang='lat' dir='ltr'>ipse</span> <span class='ocrx_word' id='word_1_214' title='bbox 1721 3428 1802 3475; x_wconf 90' lang='lat' dir='ltr'>est</span> 
     </span>
    </p>
   </div>
   <div class='ocr_carea' id='block_1_37' title="bbox 271 3505 1514 3580">
    <p class='ocr_par' dir='ltr' id='par_1_37' title="bbox 271 3505 1514 3580">
     <span class='ocr_line' id='line_1_37' title="bbox 271 3505 1514 3580; baseline -0.004 -13"><span class='ocrx_word' id='word_1_215' title='bbox 271 3505 273 3507; x_wconf 62' lang='grc'><strong>’</strong></span> <span class='ocrx_word' id='word_1_216' title='bbox 398 3510 610 3567; x_wconf 82' lang='lat' dir='ltr'>Robere</span> <span class='ocrx_word' id='word_1_217' title='bbox 631 3510 910 3579; x_wconf 87' lang='lat' dir='ltr'>miramur,</span> <span class='ocrx_word' id='word_1_218' title='bbox 943 3510 1067 3564; x_wconf 89' lang='lat' dir='ltr'>talis</span> <span class='ocrx_word' id='word_1_219' title='bbox 1095 3509 1152 3564; x_wconf 91' lang='lat' dir='ltr'>in</span> <span class='ocrx_word' id='word_1_220' title='bbox 1179 3525 1306 3564; x_wconf 91' lang='lat' dir='ltr'>osse</span> <span class='ocrx_word' id='word_1_221' title='bbox 1336 3508 1514 3580; x_wconf 86' lang='lat' dir='ltr'>vigor.</span> 
     </span>
    </p>
   </div>
   <div class='ocr_carea' id='block_1_38' title="bbox 321 3596 1772 3669">
    <p class='ocr_par' dir='ltr' id='par_1_38' title="bbox 321 3596 1772 3669">
     <span class='ocr_line' id='line_1_38' title="bbox 321 3596 1772 3669; baseline -0.003 -15"><span class='ocrx_word' id='word_1_222' title='bbox 321 3598 432 3663; x_wconf 88' lang='lat' dir='ltr'>Nil,</span> <span class='ocrx_word' id='word_1_223' title='bbox 467 3599 670 3668; x_wconf 65' lang='lat' dir='ltr'>Caesar,</span> <span class='ocrx_word' id='word_1_224' title='bbox 701 3598 1006 3669; x_wconf 90' lang='lat' dir='ltr'>tibimagne</span> <span class='ocrx_word' id='word_1_225' title='bbox 1034 3605 1190 3653; x_wconf 90' lang='lat' dir='ltr'>vacat</span> <span class='ocrx_word' id='word_1_226' title='bbox 1221 3596 1494 3652; x_wconf 86' lang='lat' dir='ltr'>venabere</span> <span class='ocrx_word' id='word_1_227' title='bbox 1511 3597 1772 3651; x_wconf 86' lang='lat' dir='ltr'>Dammas</span> 
     </span>
    </p>
   </div>
   <div class='ocr_carea' id='block_1_39' title="bbox 399 3684 1574 3758">
    <p class='ocr_par' dir='ltr' id='par_1_39' title="bbox 399 3684 1574 3758">
     <span class='ocr_line' id='line_1_39' title="bbox 399 3684 1574 3758; baseline -0.002 -16"><span class='ocrx_word' id='word_1_228' title='bbox 399 3685 628 3742; x_wconf 87' lang='lat' dir='ltr'>Ossibus</span> <span class='ocrx_word' id='word_1_229' title='bbox 657 3701 724 3742; x_wconf 77' lang='lat' dir='ltr'>ex</span> <span class='ocrx_word' id='word_1_230' title='bbox 745 3701 975 3758; x_wconf 88' lang='lat' dir='ltr'>quarum</span> <span class='ocrx_word' id='word_1_231' title='bbox 1023 3684 1164 3740; x_wconf 89' lang='lat' dir='ltr'>silva</span> <span class='ocrx_word' id='word_1_232' title='bbox 1191 3685 1417 3752; x_wconf 74' lang='lat' dir='ltr'>orietur,</span> <span class='ocrx_word' id='word_1_233' title='bbox 1452 3699 1574 3740; x_wconf 90' lang='lat' dir='ltr'>ave.</span> 
     </span>
    </p>
   </div>
   <div class='ocr_carea' id='block_1_40' title="bbox 803 3805 1467 3847">
    <p class='ocr_par' dir='ltr' id='par_1_40' title="bbox 803 3805 1467 3847">
     <span class='ocr_line' id='line_1_40' title="bbox 803 3805 1467 3847; baseline -0.005 0"><span class='ocrx_word' id='word_1_234' title='bbox 803 3806 876 3847; x_wconf 78' lang='lat' dir='ltr'>AD</span> <span class='ocrx_word' id='word_1_235' title='bbox 903 3805 1159 3846; x_wconf 75' lang='grc' dir='ltr'>οΑιιοιωι</span> <span class='ocrx_word' id='word_1_236' title='bbox 1193 3805 1467 3845; x_wconf 67' lang='grc' dir='ltr'>ιυνΕΝΕΜ.</span> 
     </span>
    </p>
   </div>
   <div class='ocr_carea' id='block_1_41' title="bbox 325 3896 1557 3970">
    <p class='ocr_par' dir='ltr' id='par_1_41' title="bbox 325 3896 1557 3970">
     <span class='ocr_line' id='line_1_41' title="bbox 325 3896 1557 3970; baseline -0.004 -15"><span class='ocrx_word' id='word_1_237' title='bbox 325 3899 495 3955; x_wconf 85' lang='lat' dir='ltr'>Natus</span> <span class='ocrx_word' id='word_1_238' title='bbox 514 3905 568 3954; x_wconf 90' lang='lat' dir='ltr'>et</span> <span class='ocrx_word' id='word_1_239' title='bbox 588 3897 828 3970; x_wconf 81' lang='lat' dir='ltr'>egregie,</span> <span class='ocrx_word' id='word_1_240' title='bbox 861 3905 915 3953; x_wconf 88' lang='lat' dir='ltr'>et</span> <span class='ocrx_word' id='word_1_241' title='bbox 943 3897 1092 3954; x_wconf 90' lang='lat' dir='ltr'>cultu</span> <span class='ocrx_word' id='word_1_242' title='bbox 1127 3896 1360 3952; x_wconf 90' lang='lat' dir='ltr'>nutritus</span> <span class='ocrx_word' id='word_1_243' title='bbox 1379 3896 1557 3961; x_wconf 85' lang='lat' dir='ltr'>herili,</span> 
     </span>
    </p>
   </div>
   <div class='ocr_carea' id='block_1_42' title="bbox 403 3985 1524 4058">
    <p class='ocr_par' dir='ltr' id='par_1_42' title="bbox 403 3985 1524 4058">
     <span class='ocr_line' id='line_1_42' title="bbox 403 3985 1524 4058; baseline -0.002 -15"><span class='ocrx_word' id='word_1_244' title='bbox 403 3987 565 4044; x_wconf 92' lang='lat' dir='ltr'>Disce</span> <span class='ocrx_word' id='word_1_245' title='bbox 591 3986 721 4058; x_wconf 90' lang='lat' dir='ltr'>quid</span> <span class='ocrx_word' id='word_1_246' title='bbox 746 3985 952 4042; x_wconf 88' lang='lat' dir='ltr'>auctori</span> <span class='ocrx_word' id='word_1_247' title='bbox 981 3986 1246 4042; x_wconf 91' lang='lat' dir='ltr'>retribuas</span> <span class='ocrx_word' id='word_1_248' title='bbox 1276 3985 1524 4042; x_wconf 89' lang='lat' dir='ltr'>Domino.</span> 
     </span>
    </p>
   </div>
   <div class='ocr_carea' id='block_1_43' title="bbox 325 4073 1587 4146">
    <p class='ocr_par' dir='ltr' id='par_1_43' title="bbox 325 4073 1587 4146">
     <span class='ocr_line' id='line_1_43' title="bbox 325 4073 1587 4146; baseline -0.002 -15"><span class='ocrx_word' id='word_1_249' title='bbox 325 4075 554 4132; x_wconf 79' lang='lat' dir='ltr'>Iustitia</span> <span class='ocrx_word' id='word_1_250' title='bbox 581 4075 753 4130; x_wconf 86' lang='lat' dir='ltr'>virtus</span> <span class='ocrx_word' id='word_1_251' title='bbox 781 4074 972 4146; x_wconf 89' lang='lat' dir='ltr'>primis</span> <span class='ocrx_word' id='word_1_252' title='bbox 1003 4074 1278 4130; x_wconf 89' lang='lat' dir='ltr'>adolescat</span> <span class='ocrx_word' id='word_1_253' title='bbox 1306 4073 1377 4129; x_wconf 90' lang='lat' dir='ltr'>ab</span> <span class='ocrx_word' id='word_1_254' title='bbox 1409 4073 1587 4138; x_wconf 90' lang='lat' dir='ltr'>annis,</span> 
     </span>
    </p>
   </div>
   <div class='ocr_carea' id='block_1_44' title="bbox 401 4163 1654 4236">
    <p class='ocr_par' dir='ltr' id='par_1_44' title="bbox 401 4163 1654 4236">
     <span class='ocr_line' id='line_1_44' title="bbox 401 4163 1654 4236; baseline -0.002 -17"><span class='ocrx_word' id='word_1_255' title='bbox 401 4165 714 4236; x_wconf 88' lang='lat' dir='ltr'>Tecumque</span> <span class='ocrx_word' id='word_1_256' title='bbox 731 4163 834 4219; x_wconf 92' lang='lat' dir='ltr'>hoc</span> <span class='ocrx_word' id='word_1_257' title='bbox 863 4178 993 4217; x_wconf 87' lang='lat' dir='ltr'>sana</span> <span class='ocrx_word' id='word_1_258' title='bbox 1023 4170 1203 4218; x_wconf 89' lang='lat' dir='ltr'>mente</span> <span class='ocrx_word' id='word_1_259' title='bbox 1235 4170 1486 4219; x_wconf 85' lang='lat' dir='ltr'>senescat</span> <span class='ocrx_word' id='word_1_260' title='bbox 1516 4177 1654 4234; x_wconf 88' lang='lat' dir='ltr'>opus</span> 
     </span>
    </p>
   </div>
   <div class='ocr_carea' id='block_1_45' title="bbox 329 4250 1759 4324">
    <p class='ocr_par' dir='ltr' id='par_1_45' title="bbox 329 4250 1759 4324">
     <span class='ocr_line' id='line_1_45' title="bbox 329 4250 1759 4324; baseline -0.002 -15"><span class='ocrx_word' id='word_1_261' title='bbox 329 4253 412 4309; x_wconf 90' lang='lat' dir='ltr'>De</span> <span class='ocrx_word' id='word_1_262' title='bbox 439 4252 638 4324; x_wconf 89' lang='lat' dir='ltr'>pietate</span> <span class='ocrx_word' id='word_1_263' title='bbox 667 4251 834 4322; x_wconf 88' lang='lat' dir='ltr'>patris</span> <span class='ocrx_word' id='word_1_264' title='bbox 863 4250 1060 4322; x_wconf 88' lang='lat' dir='ltr'>potius,</span> <span class='ocrx_word' id='word_1_265' title='bbox 1094 4267 1262 4322; x_wconf 89' lang='lat' dir='ltr'>quam</span> <span class='ocrx_word' id='word_1_266' title='bbox 1287 4257 1572 4306; x_wconf 90' lang='lat' dir='ltr'>stemmate</span> <span class='ocrx_word' id='word_1_267' title='bbox 1603 4250 1759 4324; x_wconf 83' lang='lat' dir='ltr'>regni</span> 
     </span>
    </p>
   </div>
   <div class='ocr_carea' id='block_1_46' title="bbox 401 4338 1372 4411">
    <p class='ocr_par' dir='ltr' id='par_1_46' title="bbox 401 4338 1372 4411">
     <span class='ocr_line' id='line_1_46' title="bbox 401 4338 1372 4411; baseline -0.002 -15"><span class='ocrx_word' id='word_1_268' title='bbox 401 4341 746 4411; x_wconf 86' lang='lat' dir='ltr'>Degenerare</span> <span class='ocrx_word' id='word_1_269' title='bbox 777 4339 885 4394; x_wconf 91' lang='lat' dir='ltr'>ulla</span> <span class='ocrx_word' id='word_1_270' title='bbox 897 4338 1205 4395; x_wconf 91' lang='lat' dir='ltr'>conditione</span> <span class='ocrx_word' id='word_1_271' title='bbox 1227 4339 1372 4394; x_wconf 88' lang='lat' dir='ltr'>time.</span> 
     </span>
    </p>
   </div>
   <div class='ocr_carea' id='block_1_47' title="bbox 330 4425 1784 4500">
    <p class='ocr_par' dir='ltr' id='par_1_47' title="bbox 330 4425 1784 4500">
     <span class='ocr_line' id='line_1_47' title="bbox 330 4425 1784 4500; baseline -0.003 -14"><span class='ocrx_word' id='word_1_272' title='bbox 330 4429 389 4486; x_wconf 92' lang='lat' dir='ltr'>Si</span> <span class='ocrx_word' id='word_1_273' title='bbox 419 4427 728 4485; x_wconf 90' lang='lat' dir='ltr'>recolamus</span> <span class='ocrx_word' id='word_1_274' title='bbox 755 4443 886 4484; x_wconf 88' lang='lat' dir='ltr'>avos</span> <span class='ocrx_word' id='word_1_275' title='bbox 902 4436 1195 4500; x_wconf 87' lang='lat' dir='ltr'>atavosque</span> <span class='ocrx_word' id='word_1_276' title='bbox 1217 4435 1272 4482; x_wconf 91' lang='lat' dir='ltr'>et</span> <span class='ocrx_word' id='word_1_277' title='bbox 1301 4442 1507 4499; x_wconf 88' lang='lat' dir='ltr'>magna</span> <span class='ocrx_word' id='word_1_278' title='bbox 1536 4425 1784 4498; x_wconf 88' lang='lat' dir='ltr'>priorum</span> 
     </span>
    </p>
   </div>
   <div class='ocr_carea' id='block_1_48' title="bbox 400 4515 1639 4588">
    <p class='ocr_par' dir='ltr' id='par_1_48' title="bbox 400 4515 1639 4588">
     <span class='ocr_line' id='line_1_48' title="bbox 400 4515 1639 4588; baseline -0.002 -15"><span class='ocrx_word' id='word_1_279' title='bbox 400 4515 654 4584; x_wconf 87' lang='lat' dir='ltr'>Nomina,</span> <span class='ocrx_word' id='word_1_280' title='bbox 685 4525 798 4571; x_wconf 89' lang='lat' dir='ltr'>tum</span> <span class='ocrx_word' id='word_1_281' title='bbox 828 4516 1004 4572; x_wconf 89' lang='lat' dir='ltr'>solum</span> <span class='ocrx_word' id='word_1_282' title='bbox 1033 4515 1277 4588; x_wconf 91' lang='lat' dir='ltr'>proderit</span> <span class='ocrx_word' id='word_1_283' title='bbox 1305 4515 1421 4572; x_wconf 83' lang='lat' dir='ltr'>hac</span> <span class='ocrx_word' id='word_1_284' title='bbox 1449 4515 1639 4572; x_wconf 91' lang='lat' dir='ltr'>series.</span> 
     </span>
    </p>
   </div>
   <div class='ocr_carea' id='block_1_49' title="bbox 329 4604 1716 4677">
    <p class='ocr_par' dir='ltr' id='par_1_49' title="bbox 329 4604 1716 4677">
     <span class='ocr_line' id='line_1_49' title="bbox 329 4604 1716 4677; baseline -0.003 -15"><span class='ocrx_word' id='word_1_285' title='bbox 329 4605 389 4662; x_wconf 90' lang='lat' dir='ltr'>Si</span> <span class='ocrx_word' id='word_1_286' title='bbox 409 4621 566 4661; x_wconf 90' lang='lat' dir='ltr'>sacra</span> <span class='ocrx_word' id='word_1_287' title='bbox 594 4604 850 4661; x_wconf 86' lang='lat' dir='ltr'>nobilitas</span> <span class='ocrx_word' id='word_1_288' title='bbox 879 4605 1106 4675; x_wconf 89' lang='lat' dir='ltr'>pulchro</span> <span class='ocrx_word' id='word_1_289' title='bbox 1137 4605 1475 4677; x_wconf 88' lang='lat' dir='ltr'>spectamine</span> <span class='ocrx_word' id='word_1_290' title='bbox 1504 4619 1716 4660; x_wconf 87' lang='lat' dir='ltr'>morum</span> 
     </span>
    </p>
   </div>
   <div class='ocr_carea' id='block_1_50' title="bbox 404 4692 1406 4765">
    <p class='ocr_par' dir='ltr' id='par_1_50' title="bbox 404 4692 1406 4765">
     <span class='ocr_line' id='line_1_50' title="bbox 404 4692 1406 4765; baseline 0.002 -17"><span class='ocrx_word' id='word_1_291' title='bbox 404 4693 632 4765; x_wconf 88' lang='lat' dir='ltr'>Fulgeat</span> <span class='ocrx_word' id='word_1_292' title='bbox 651 4692 888 4748; x_wconf 87' lang='lat' dir='ltr'>exclusis</span> <span class='ocrx_word' id='word_1_293' title='bbox 918 4692 1145 4749; x_wconf 80' lang='lat' dir='ltr'>inscitia</span> <span class='ocrx_word' id='word_1_294' title='bbox 1171 4692 1406 4750; x_wconf 88' lang='lat' dir='ltr'>nebulis.</span> 
     </span>
    </p>
   </div>
   <div class='ocr_carea' id='block_1_51' title="bbox 328 4780 1766 4854">
    <p class='ocr_par' dir='ltr' id='par_1_51' title="bbox 328 4780 1766 4854">
     <span class='ocr_line' id='line_1_51' title="bbox 328 4780 1766 4854; baseline -0.002 -16"><span class='ocrx_word' id='word_1_295' title='bbox 328 4782 582 4838; x_wconf 87' lang='lat' dir='ltr'>Gaudeat</span> <span class='ocrx_word' id='word_1_296' title='bbox 605 4797 740 4852; x_wconf 85' lang='lat' dir='ltr'>ergo</span> <span class='ocrx_word' id='word_1_297' title='bbox 757 4796 961 4854; x_wconf 83' lang='lat' dir='ltr'>sequax</span> <span class='ocrx_word' id='word_1_298' title='bbox 996 4780 1325 4837; x_wconf 90' lang='lat' dir='ltr'>famulorum</span> <span class='ocrx_word' id='word_1_299' title='bbox 1355 4781 1517 4836; x_wconf 91' lang='lat' dir='ltr'>turba</span> <span class='ocrx_word' id='word_1_300' title='bbox 1549 4789 1766 4837; x_wconf 80' lang='lat' dir='ltr'>tuorum</span> 
     </span>
    </p>
   </div>
   <div class='ocr_carea' id='block_1_52' title="bbox 399 4868 1512 4941">
    <p class='ocr_par' dir='ltr' id='par_1_52' title="bbox 399 4868 1512 4941">
     <span class='ocr_line' id='line_1_52' title="bbox 399 4868 1512 4941; baseline -0.002 -15"><span class='ocrx_word' id='word_1_301' title='bbox 399 4868 550 4940; x_wconf 89' lang='lat' dir='ltr'>Quos</span> <span class='ocrx_word' id='word_1_302' title='bbox 578 4878 740 4926; x_wconf 86' lang='lat' dir='ltr'>tanta</span> <span class='ocrx_word' id='word_1_303' title='bbox 765 4869 934 4926; x_wconf 87' lang='lat' dir='ltr'>reficit</span> <span class='ocrx_word' id='word_1_304' title='bbox 956 4869 1157 4925; x_wconf 89' lang='lat' dir='ltr'>indolis</span> <span class='ocrx_word' id='word_1_305' title='bbox 1187 4869 1512 4941; x_wconf 84' lang='lat' dir='ltr'>auspicium.</span> 
     </span>
    </p>
   </div>
   <div class='ocr_carea' id='block_1_53' title="bbox 330 4953 1800 5031">
    <p class='ocr_par' dir='ltr' id='par_1_53' title="bbox 330 4953 1800 5031">
     <span class='ocr_line' id='line_1_53' title="bbox 330 4953 1800 5031; baseline 0 -17"><span class='ocrx_word' id='word_1_306' title='bbox 330 4959 474 5014; x_wconf 88' lang='lat' dir='ltr'>Nam</span> <span class='ocrx_word' id='word_1_307' title='bbox 501 4958 635 5013; x_wconf 88' lang='lat' dir='ltr'>nihil</span> <span class='ocrx_word' id='word_1_308' title='bbox 651 4965 732 5014; x_wconf 92' lang='lat' dir='ltr'>est</span> <span class='ocrx_word' id='word_1_309' title='bbox 762 4958 905 5031; x_wconf 90' lang='lat' dir='ltr'>quod</span> <span class='ocrx_word' id='word_1_310' title='bbox 935 4958 1108 5013; x_wconf 89' lang='lat' dir='ltr'>adhuc</span> <span class='ocrx_word' id='word_1_311' title='bbox 1138 4957 1389 5014; x_wconf 80' lang='lat' dir='ltr'>felicibus</span> <span class='ocrx_word' id='word_1_312' title='bbox 1410 4953 1600 5015; x_wconf 87' lang='lat' dir='ltr'>avocet</span> <span class='ocrx_word' id='word_1_313' title='bbox 1621 4957 1800 5024; x_wconf 89' lang='lat' dir='ltr'>annis,</span> 
     </span>
    </p>
   </div>
   <div class='ocr_carea' id='block_1_54' title="bbox 402 5046 1725 5120">
    <p class='ocr_par' dir='ltr' id='par_1_54' title="bbox 402 5046 1725 5120">
     <span class='ocr_line' id='line_1_54' title="bbox 402 5046 1725 5120; baseline -0.002 -16"><span class='ocrx_word' id='word_1_314' title='bbox 402 5046 595 5104; x_wconf 87' lang='lat' dir='ltr'>Omnia</span> <span class='ocrx_word' id='word_1_315' title='bbox 623 5064 852 5120; x_wconf 87' lang='lat' dir='ltr'>quaque</span> <span class='ocrx_word' id='word_1_316' title='bbox 880 5047 1235 5120; x_wconf 76' lang='lat' dir='ltr'>geris,-spem</span> <span class='ocrx_word' id='word_1_317' title='bbox 1264 5046 1464 5103; x_wconf 88' lang='lat' dir='ltr'>faciunt</span> <span class='ocrx_word' id='word_1_318' title='bbox 1509 5046 1725 5103; x_wconf 90' lang='lat' dir='ltr'>animis.</span> 
     </span>
    </p>
   </div>
   <div class='ocr_carea' id='block_1_55' title="bbox 330 5135 1770 5208">
    <p class='ocr_par' dir='ltr' id='par_1_55' title="bbox 330 5135 1770 5208">
     <span class='ocr_line' id='line_1_55' title="bbox 330 5135 1770 5208; baseline -0.001 -16"><span class='ocrx_word' id='word_1_319' title='bbox 330 5136 535 5192; x_wconf 83' lang='lat' dir='ltr'>Forma</span> <span class='ocrx_word' id='word_1_320' title='bbox 549 5137 743 5192; x_wconf 91' lang='lat' dir='ltr'>decore</span> <span class='ocrx_word' id='word_1_321' title='bbox 772 5136 970 5201; x_wconf 86' lang='lat' dir='ltr'>nitens,</span> <span class='ocrx_word' id='word_1_322' title='bbox 1004 5135 1321 5208; x_wconf 89' lang='lat' dir='ltr'>animusque</span> <span class='ocrx_word' id='word_1_323' title='bbox 1351 5136 1605 5206; x_wconf 87' lang='lat' dir='ltr'>capacior</span> <span class='ocrx_word' id='word_1_324' title='bbox 1633 5151 1770 5202; x_wconf 88' lang='lat' dir='ltr'>avo,</span> 
     </span>
    </p>
   </div>
   <div class='ocr_carea' id='block_1_56' title="bbox 406 5223 1742 5298">
    <p class='ocr_par' dir='ltr' id='par_1_56' title="bbox 406 5223 1742 5298">
     <span class='ocr_line' id='line_1_56' title="bbox 406 5223 1742 5298; baseline -0.001 -18"><span class='ocrx_word' id='word_1_325' title='bbox 406 5225 476 5280; x_wconf 89' lang='lat' dir='ltr'>Et</span> <span class='ocrx_word' id='word_1_326' title='bbox 503 5225 648 5298; x_wconf 88' lang='lat' dir='ltr'>quod</span> <span class='ocrx_word' id='word_1_327' title='bbox 674 5224 1000 5297; x_wconf 89' lang='lat' dir='ltr'>precipuum</span> <span class='ocrx_word' id='word_1_328' title='bbox 1024 5231 1126 5290; x_wconf 91' lang='lat' dir='ltr'>est,</span> <span class='ocrx_word' id='word_1_329' title='bbox 1157 5224 1306 5280; x_wconf 85' lang='lat' dir='ltr'>zelus</span> <span class='ocrx_word' id='word_1_330' title='bbox 1333 5239 1590 5296; x_wconf 88' lang='lat' dir='ltr'>amorque</span> <span class='ocrx_word' id='word_1_331' title='bbox 1622 5223 1742 5281; x_wconf 88' lang='lat' dir='ltr'>Dei.</span> 
     </span>
    </p>
   </div>
   <div class='ocr_carea' id='block_1_57' title="bbox 336 5510 487 5556">
    <p class='ocr_par' dir='ltr' id='par_1_57' title="bbox 336 5510 487 5556">
     <span class='ocr_line' id='line_1_57' title="bbox 336 5510 487 5556; baseline 0.013 -2"><span class='ocrx_word' id='word_1_332' title='bbox 336 5510 487 5556; x_wconf 67' lang='grc' dir='ltr'>Βλειτ.</span> 
     </span>
    </p>
   </div>
   <div class='ocr_carea' id='block_1_58' title="bbox 694 5671 1174 5730">
    <p class='ocr_par' dir='ltr' id='par_1_58' title="bbox 694 5671 1174 5730">
     <span class='ocr_line' id='line_1_58' title="bbox 694 5671 1174 5730; baseline 0.006 -3"><span class='ocrx_word' id='word_1_333' title='bbox 694 5672 930 5729; x_wconf 74' lang='grc' dir='ltr'>ΡΑΤιιοι.</span> <span class='ocrx_word' id='word_1_334' title='bbox 973 5671 1174 5730; x_wconf 80' lang='lat' dir='ltr'>CXIV.</span> 
     </span>
    </p>
   </div>
   <div class='ocr_carea' id='block_1_59' title="bbox 1159 218 2656 287">
    <p class='ocr_par' dir='ltr' id='par_1_59' title="bbox 1159 218 2656 287">
     <span class='ocr_line' id='line_1_59' title="bbox 1159 218 2656 287; baseline -0.001 -14"><span class='ocrx_word' id='word_1_335' title='bbox 1159 221 1425 276; x_wconf 79' lang='lat' dir='ltr'>VERSUS</span> <span class='ocrx_word' id='word_1_336' title='bbox 1483 220 1554 273; x_wconf 80' lang='lat' dir='ltr'>IN</span> <span class='ocrx_word' id='word_1_337' title='bbox 1609 219 2041 287; x_wconf 79' lang='lat' dir='ltr'>AQUISGRANI</span> <span class='ocrx_word' id='word_1_338' title='bbox 2090 219 2387 275; x_wconf 81' lang='lat' dir='ltr'>PALATIO</span> <span class='ocrx_word' id='word_1_339' title='bbox 2442 218 2656 274; x_wconf 82' lang='lat' dir='ltr'>EDITI.</span> 
     </span>
    </p>
   </div>
   <div class='ocr_carea' id='block_1_60' title="bbox 1957 4397 2010 4459">
    <p class='ocr_par' dir='ltr' id='par_1_60' title="bbox 1957 4397 2010 4459">
     <span class='ocr_line' id='line_1_60' title="bbox 1957 4397 2010 4459; baseline 0 0"><span class='ocrx_word' id='word_1_340' title='bbox 1957 4397 2010 4459; x_wconf 93' lang='lat' dir='ltr'>D</span> 
     </span>
    </p>
   </div>
   <div class='ocr_carea' id='block_1_61' title="bbox 3470 223 3607 275">
    <p class='ocr_par' dir='ltr' id='par_1_61' title="bbox 3470 223 3607 275">
     <span class='ocr_line' id='line_1_61' title="bbox 3470 223 3607 275; baseline 0.015 -2"><span class='ocrx_word' id='word_1_341' title='bbox 3470 223 3607 275; x_wconf 68' lang='grc'>1098</span> 
     </span>
    </p>
   </div>
   <div class='ocr_carea' id='block_1_62' title="bbox 1943 341 3328 414">
    <p class='ocr_par' dir='ltr' id='par_1_62' title="bbox 1943 341 3328 414">
     <span class='ocr_line' id='line_1_62' title="bbox 1943 341 3328 414; baseline -0.004 -13"><span class='ocrx_word' id='word_1_342' title='bbox 1943 343 2000 401; x_wconf 86' lang='grc' dir='ltr'><strong>Α</strong></span> <span class='ocrx_word' id='word_1_343' title='bbox 2025 341 2208 413; x_wconf 90' lang='lat' dir='ltr'>Incipe</span> <span class='ocrx_word' id='word_1_344' title='bbox 2237 341 2382 414; x_wconf 91' lang='lat' dir='ltr'>quod</span> <span class='ocrx_word' id='word_1_345' title='bbox 2415 341 2635 397; x_wconf 87' lang='lat' dir='ltr'>tandem</span> <span class='ocrx_word' id='word_1_346' title='bbox 2663 341 2927 396; x_wconf 88' lang='lat' dir='ltr'>maturior</span> <span class='ocrx_word' id='word_1_347' title='bbox 2954 341 3168 411; x_wconf 82' lang='lat' dir='ltr'>expleat</span> <span class='ocrx_word' id='word_1_348' title='bbox 3198 350 3328 397; x_wconf 84' lang='lat' dir='ltr'>atas</span> 
     </span>
    </p>
   </div>
   <div class='ocr_carea' id='block_1_63' title="bbox 2095 429 3252 501">
    <p class='ocr_par' dir='ltr' id='par_1_63' title="bbox 2095 429 3252 501">
     <span class='ocr_line' id='line_1_63' title="bbox 2095 429 3252 501; baseline -0.002 -16"><span class='ocrx_word' id='word_1_349' title='bbox 2095 429 2255 498; x_wconf 86' lang='lat' dir='ltr'>Quod</span> <span class='ocrx_word' id='word_1_350' title='bbox 2285 430 2464 501; x_wconf 91' lang='lat' dir='ltr'>primo</span> <span class='ocrx_word' id='word_1_351' title='bbox 2493 429 2806 485; x_wconf 90' lang='lat' dir='ltr'>imbiberint</span> <span class='ocrx_word' id='word_1_352' title='bbox 2837 445 2987 499; x_wconf 89' lang='lat' dir='ltr'>vasa,</span> <span class='ocrx_word' id='word_1_353' title='bbox 3020 429 3252 500; x_wconf 89' lang='lat' dir='ltr'>sapiunt.</span> 
     </span>
    </p>
   </div>
   <div class='ocr_carea' id='block_1_64' title="bbox 2021 518 3416 590">
    <p class='ocr_par' dir='ltr' id='par_1_64' title="bbox 2021 518 3416 590">
     <span class='ocr_line' id='line_1_64' title="bbox 2021 518 3416 590; baseline 0.001 -18"><span class='ocrx_word' id='word_1_354' title='bbox 2021 519 2272 588; x_wconf 86' lang='lat' dir='ltr'>Majestas</span> <span class='ocrx_word' id='word_1_355' title='bbox 2301 518 2394 572; x_wconf 90' lang='lat' dir='ltr'>tibi</span> <span class='ocrx_word' id='word_1_356' title='bbox 2426 527 2616 574; x_wconf 88' lang='lat' dir='ltr'>cuncta</span> <span class='ocrx_word' id='word_1_357' title='bbox 2649 518 2747 574; x_wconf 90' lang='lat' dir='ltr'>Dei</span> <span class='ocrx_word' id='word_1_358' title='bbox 2779 519 2871 573; x_wconf 90' lang='lat' dir='ltr'>det</span> <span class='ocrx_word' id='word_1_359' title='bbox 2899 533 3170 588; x_wconf 88' lang='lat' dir='ltr'>prospera</span> <span class='ocrx_word' id='word_1_360' title='bbox 3197 535 3416 590; x_wconf 86' lang='lat' dir='ltr'>semper</span> 
     </span>
    </p>
   </div>
   <div class='ocr_carea' id='block_1_65' title="bbox 2094 605 3126 662">
    <p class='ocr_par' dir='ltr' id='par_1_65' title="bbox 2094 605 3126 662">
     <span class='ocr_line' id='line_1_65' title="bbox 2094 605 3126 662; baseline -0.001 -1"><span class='ocrx_word' id='word_1_361' title='bbox 2094 608 2160 661; x_wconf 82' lang='lat' dir='ltr'>Et</span> <span class='ocrx_word' id='word_1_362' title='bbox 2186 607 2309 662; x_wconf 87' lang='lat' dir='ltr'>vita</span> <span class='ocrx_word' id='word_1_363' title='bbox 2337 616 2557 662; x_wconf 78' lang='lat' dir='ltr'>aeterna</span> <span class='ocrx_word' id='word_1_364' title='bbox 2583 606 2766 662; x_wconf 87' lang='lat' dir='ltr'>dulcia</span> <span class='ocrx_word' id='word_1_365' title='bbox 2785 606 2929 662; x_wconf 88' lang='lat' dir='ltr'>dona</span> <span class='ocrx_word' id='word_1_366' title='bbox 2968 605 3126 662; x_wconf 85' lang='lat' dir='ltr'>ferat.</span> 
     </span>
    </p>
   </div>
   <div class='ocr_carea' id='block_1_66' title="bbox 2360 719 3264 793">
    <p class='ocr_par' dir='ltr' id='par_1_66' title="bbox 2360 719 3264 793">
     <span class='ocr_line' id='line_1_66' title="bbox 2360 719 3264 793; baseline 0.003 -19"><span class='ocrx_word' id='word_1_367' title='bbox 2360 735 2661 775; x_wconf 76' lang='lat' dir='ltr'>HILTUUINO</span> <span class='ocrx_word' id='word_1_368' title='bbox 2692 719 3001 793; x_wconf 79' lang='lat' dir='ltr'>[HILDUINO]</span> <span class='ocrx_word' id='word_1_369' title='bbox 3021 735 3264 777; x_wconf 76' lang='lat' dir='ltr'>SENIOBI.</span> 
     </span>
    </p>
   </div>
   <div class='ocr_carea' id='block_1_67' title="bbox 2023 825 3270 892">
    <p class='ocr_par' dir='ltr' id='par_1_67' title="bbox 2023 825 3270 892">
     <span class='ocr_line' id='line_1_67' title="bbox 2023 825 3270 892; baseline 0 -10"><span class='ocrx_word' id='word_1_370' title='bbox 2023 826 2078 882; x_wconf 92' lang='lat' dir='ltr'>Si</span> <span class='ocrx_word' id='word_1_371' title='bbox 2108 825 2330 882; x_wconf 90' lang='lat' dir='ltr'>condire</span> <span class='ocrx_word' id='word_1_372' title='bbox 2358 841 2510 880; x_wconf 87' lang='lat' dir='ltr'>meos</span> <span class='ocrx_word' id='word_1_373' title='bbox 2529 825 2709 880; x_wconf 89' lang='lat' dir='ltr'>mellis</span> <span class='ocrx_word' id='word_1_374' title='bbox 2737 825 3025 882; x_wconf 88' lang='lat' dir='ltr'>dulcedine</span> <span class='ocrx_word' id='word_1_375' title='bbox 3057 843 3270 892; x_wconf 87' lang='lat' dir='ltr'>versus,</span> 
     </span>
    </p>
   </div>
   <div class='ocr_carea' id='block_1_68' title="bbox 2095 914 3366 985">
    <p class='ocr_par' dir='ltr' id='par_1_68' title="bbox 2095 914 3366 985">
     <span class='ocr_line' id='line_1_68' title="bbox 2095 914 3366 985; baseline 0.002 -17"><span class='ocrx_word' id='word_1_376' title='bbox 2095 914 2294 969; x_wconf 84' lang='lat' dir='ltr'>Sancte</span> <span class='ocrx_word' id='word_1_377' title='bbox 2325 921 2495 985; x_wconf 90' lang='lat' dir='ltr'>pater,</span> <span class='ocrx_word' id='word_1_378' title='bbox 2528 930 2771 985; x_wconf 90' lang='lat' dir='ltr'>possem,</span> <span class='ocrx_word' id='word_1_379' title='bbox 2805 915 2890 969; x_wconf 86' lang='lat' dir='ltr'>vel</span> <span class='ocrx_word' id='word_1_380' title='bbox 2922 914 3180 970; x_wconf 89' lang='lat' dir='ltr'>decorare</span> <span class='ocrx_word' id='word_1_381' title='bbox 3204 915 3366 984; x_wconf 88' lang='lat' dir='ltr'>rosis,</span> 
     </span>
    </p>
   </div>
   <div class='ocr_carea' id='block_1_69' title="bbox 2023 1001 3513 1075">
    <p class='ocr_par' dir='ltr' id='par_1_69' title="bbox 2023 1001 3513 1075">
     <span class='ocr_line' id='line_1_69' title="bbox 2023 1001 3513 1075; baseline 0.004 -21"><span class='ocrx_word' id='word_1_382' title='bbox 2023 1001 2144 1057; x_wconf 88' lang='lat' dir='ltr'>Non</span> <span class='ocrx_word' id='word_1_383' title='bbox 2174 1002 2292 1058; x_wconf 84' lang='lat' dir='ltr'>hac</span> <span class='ocrx_word' id='word_1_384' title='bbox 2321 1017 2517 1073; x_wconf 88' lang='lat' dir='ltr'>pompa</span> <span class='ocrx_word' id='word_1_385' title='bbox 2548 1010 2727 1056; x_wconf 90' lang='lat' dir='ltr'>tamen</span> <span class='ocrx_word' id='word_1_386' title='bbox 2750 1002 3022 1075; x_wconf 86' lang='lat' dir='ltr'>condigna</span> <span class='ocrx_word' id='word_1_387' title='bbox 3052 1003 3318 1058; x_wconf 91' lang='lat' dir='ltr'>nitoribus</span> <span class='ocrx_word' id='word_1_388' title='bbox 3350 1013 3513 1075; x_wconf 88' lang='lat' dir='ltr'>esset,</span> 
     </span>
    </p>
   </div>
   <div class='ocr_carea' id='block_1_70' title="bbox 2095 1089 3442 1164">
    <p class='ocr_par' dir='ltr' id='par_1_70' title="bbox 2095 1089 3442 1164">
     <span class='ocr_line' id='line_1_70' title="bbox 2095 1089 3442 1164; baseline 0.003 -20"><span class='ocrx_word' id='word_1_389' title='bbox 2095 1089 2248 1158; x_wconf 88' lang='lat' dir='ltr'>Quos</span> <span class='ocrx_word' id='word_1_390' title='bbox 2274 1106 2486 1145; x_wconf 90' lang='lat' dir='ltr'>morum</span> <span class='ocrx_word' id='word_1_391' title='bbox 2518 1099 2568 1145; x_wconf 85' lang='lat' dir='ltr'>et</span> <span class='ocrx_word' id='word_1_392' title='bbox 2601 1099 2795 1145; x_wconf 84' lang='lat' dir='ltr'>sensus</span> <span class='ocrx_word' id='word_1_393' title='bbox 2824 1106 2946 1146; x_wconf 92' lang='lat' dir='ltr'>cum</span> <span class='ocrx_word' id='word_1_394' title='bbox 2977 1091 3243 1162; x_wconf 87' lang='lat' dir='ltr'>probitate</span> <span class='ocrx_word' id='word_1_395' title='bbox 3274 1093 3442 1164; x_wconf 83' lang='lat' dir='ltr'>geris.</span> 
     </span>
    </p>
   </div>
   <div class='ocr_carea' id='block_1_71' title="bbox 2024 1187 3332 1259">
    <p class='ocr_par' dir='ltr' id='par_1_71' title="bbox 2024 1187 3332 1259">
     <span class='ocr_line' id='line_1_71' title="bbox 2024 1187 3332 1259; baseline 0.002 -17"><span class='ocrx_word' id='word_1_396' title='bbox 2024 1187 2090 1242; x_wconf 86' lang='lat' dir='ltr'>Et</span> <span class='ocrx_word' id='word_1_397' title='bbox 2117 1195 2264 1242; x_wconf 88' lang='lat' dir='ltr'>tanto</span> <span class='ocrx_word' id='word_1_398' title='bbox 2291 1204 2378 1242; x_wconf 90' lang='lat' dir='ltr'>me</span> <span class='ocrx_word' id='word_1_399' title='bbox 2410 1197 2590 1242; x_wconf 88' lang='lat' dir='ltr'>vestra</span> <span class='ocrx_word' id='word_1_400' title='bbox 2619 1188 2837 1259; x_wconf 88' lang='lat' dir='ltr'>quidem</span> <span class='ocrx_word' id='word_1_401' title='bbox 2871 1188 3153 1244; x_wconf 88' lang='lat' dir='ltr'>clementia</span> <span class='ocrx_word' id='word_1_402' title='bbox 3183 1189 3332 1245; x_wconf 92' lang='lat' dir='ltr'>cultu</span> 
     </span>
    </p>
   </div>
   <div class='ocr_carea' id='block_1_72' title="bbox 2097 1275 3282 1347">
    <p class='ocr_par' dir='ltr' id='par_1_72' title="bbox 2097 1275 3282 1347">
     <span class='ocr_line' id='line_1_72' title="bbox 2097 1275 3282 1347; baseline 0.003 -18"><span class='ocrx_word' id='word_1_403' title='bbox 2097 1275 2366 1346; x_wconf 86' lang='lat' dir='ltr'>Suscepit,</span> <span class='ocrx_word' id='word_1_404' title='bbox 2401 1285 2662 1347; x_wconf 89' lang='lat' dir='ltr'>quantum</span> <span class='ocrx_word' id='word_1_405' title='bbox 2693 1277 3062 1347; x_wconf 73' lang='lat' dir='ltr'>promeruisse</span> <span class='ocrx_word' id='word_1_406' title='bbox 3102 1277 3282 1334; x_wconf 86' lang='lat' dir='ltr'>velim.</span> 
     </span>
    </p>
   </div>
   <div class='ocr_carea' id='block_1_73' title="bbox 2025 1363 3312 1437">
    <p class='ocr_par' dir='ltr' id='par_1_73' title="bbox 2025 1363 3312 1437">
     <span class='ocr_line' id='line_1_73' title="bbox 2025 1363 3312 1437; baseline 0.002 -19"><span class='ocrx_word' id='word_1_407' title='bbox 2025 1363 2112 1418; x_wconf 89' lang='lat' dir='ltr'>Nil</span> <span class='ocrx_word' id='word_1_408' title='bbox 2132 1364 2351 1429; x_wconf 83' lang='lat' dir='ltr'>servivi,</span> <span class='ocrx_word' id='word_1_409' title='bbox 2385 1365 2458 1418; x_wconf 90' lang='lat' dir='ltr'>nil</span> <span class='ocrx_word' id='word_1_410' title='bbox 2492 1366 2685 1429; x_wconf 89' lang='lat' dir='ltr'>merui,</span> <span class='ocrx_word' id='word_1_411' title='bbox 2712 1373 2888 1420; x_wconf 84' lang='lat' dir='ltr'>tamen</span> <span class='ocrx_word' id='word_1_412' title='bbox 2921 1382 3050 1422; x_wconf 86' lang='lat' dir='ltr'>ecce</span> <span class='ocrx_word' id='word_1_413' title='bbox 3090 1375 3312 1437; x_wconf 87' lang='lat' dir='ltr'>repente</span> 
     </span>
    </p>
   </div>
   <div class='ocr_carea' id='block_1_74' title="bbox 2096 1452 3402 1526">
    <p class='ocr_par' dir='ltr' id='par_1_74' title="bbox 2096 1452 3402 1526">
     <span class='ocr_line' id='line_1_74' title="bbox 2096 1452 3402 1526; baseline 0.001 -19"><span class='ocrx_word' id='word_1_414' title='bbox 2096 1452 2372 1507; x_wconf 86' lang='lat' dir='ltr'>Immerito</span> <span class='ocrx_word' id='word_1_415' title='bbox 2394 1461 2702 1524; x_wconf 86' lang='lat' dir='ltr'>assumptus</span> <span class='ocrx_word' id='word_1_416' title='bbox 2734 1471 2955 1526; x_wconf 89' lang='lat' dir='ltr'>pauper,</span> <span class='ocrx_word' id='word_1_417' title='bbox 2992 1456 3199 1510; x_wconf 90' lang='lat' dir='ltr'>honore</span> <span class='ocrx_word' id='word_1_418' title='bbox 3230 1455 3402 1511; x_wconf 88' lang='lat' dir='ltr'>fruor.</span> 
     </span>
    </p>
   </div>
   <div class='ocr_carea' id='block_1_75' title="bbox 2025 1539 3377 1614">
    <p class='ocr_par' dir='ltr' id='par_1_75' title="bbox 2025 1539 3377 1614">
     <span class='ocr_line' id='line_1_75' title="bbox 2025 1539 3377 1614; baseline 0.004 -20"><span class='ocrx_word' id='word_1_419' title='bbox 2025 1540 2094 1595; x_wconf 90' lang='lat' dir='ltr'>Et</span> <span class='ocrx_word' id='word_1_420' title='bbox 2121 1539 2286 1607; x_wconf 90' lang='lat' dir='ltr'>fruar,</span> <span class='ocrx_word' id='word_1_421' title='bbox 2310 1556 2373 1596; x_wconf 87' lang='lat' dir='ltr'>ac</span> <span class='ocrx_word' id='word_1_422' title='bbox 2404 1550 2582 1596; x_wconf 87' lang='lat' dir='ltr'>vestra</span> <span class='ocrx_word' id='word_1_423' title='bbox 2606 1543 2874 1610; x_wconf 89' lang='lat' dir='ltr'>jucunder</span> <span class='ocrx_word' id='word_1_424' title='bbox 2902 1558 3035 1613; x_wconf 87' lang='lat' dir='ltr'>pace</span> <span class='ocrx_word' id='word_1_425' title='bbox 3063 1560 3162 1614; x_wconf 89' lang='lat' dir='ltr'>per</span> <span class='ocrx_word' id='word_1_426' title='bbox 3181 1560 3377 1611; x_wconf 77' lang='lat' dir='ltr'>avum,</span> 
     </span>
    </p>
   </div>
   <div class='ocr_carea' id='block_1_76' title="bbox 2095 1629 3240 1702">
    <p class='ocr_par' dir='ltr' id='par_1_76' title="bbox 2095 1629 3240 1702">
     <span class='ocr_line' id='line_1_76' title="bbox 2095 1629 3240 1702; baseline 0.003 -18"><span class='ocrx_word' id='word_1_427' title='bbox 2095 1631 2161 1684; x_wconf 88' lang='lat' dir='ltr'>Et</span> <span class='ocrx_word' id='word_1_428' title='bbox 2191 1629 2296 1685; x_wconf 87' lang='lat' dir='ltr'>vita</span> <span class='ocrx_word' id='word_1_429' title='bbox 2319 1639 2370 1684; x_wconf 91' lang='lat' dir='ltr'>et</span> <span class='ocrx_word' id='word_1_430' title='bbox 2398 1630 2627 1697; x_wconf 89' lang='lat' dir='ltr'>meritis,</span> <span class='ocrx_word' id='word_1_431' title='bbox 2663 1638 2827 1702; x_wconf 90' lang='lat' dir='ltr'>atque</span> <span class='ocrx_word' id='word_1_432' title='bbox 2858 1630 3032 1686; x_wconf 90' lang='lat' dir='ltr'>salute</span> <span class='ocrx_word' id='word_1_433' title='bbox 3063 1647 3240 1694; x_wconf 83' lang='lat' dir='ltr'>sacra.</span> 
     </span>
    </p>
   </div>
   <div class='ocr_carea' id='block_1_77' title="bbox 1935 1694 3514 1793">
    <p class='ocr_par' dir='ltr' id='par_1_77' title="bbox 1935 1694 3514 1793">
     <span class='ocr_line' id='line_1_77' title="bbox 1935 1694 3514 1793; baseline 0.003 -21"><span class='ocrx_word' id='word_1_434' title='bbox 1935 1694 1991 1754; x_wconf 79' lang='grc' dir='ltr'>Β</span> <span class='ocrx_word' id='word_1_435' title='bbox 2023 1717 2386 1788; x_wconf 88' lang='lat' dir='ltr'>Compensare</span> <span class='ocrx_word' id='word_1_436' title='bbox 2417 1716 2514 1772; x_wconf 89' lang='lat' dir='ltr'>tibi</span> <span class='ocrx_word' id='word_1_437' title='bbox 2547 1694 2696 1773; x_wconf 86' lang='lat' dir='ltr'>nulla</span> <span class='ocrx_word' id='word_1_438' title='bbox 2725 1694 2824 1790; x_wconf 75' lang='lat' dir='ltr'>pro</span> <span class='ocrx_word' id='word_1_439' title='bbox 2852 1727 3005 1791; x_wconf 90' lang='lat' dir='ltr'>parte</span> <span class='ocrx_word' id='word_1_440' title='bbox 3035 1720 3180 1793; x_wconf 90' lang='lat' dir='ltr'>quod</span> <span class='ocrx_word' id='word_1_441' title='bbox 3209 1729 3389 1778; x_wconf 90' lang='lat' dir='ltr'>actum</span> <span class='ocrx_word' id='word_1_442' title='bbox 3414 1721 3514 1793; x_wconf 38' lang='lat' dir='ltr'>Lest</span> 
     </span>
    </p>
   </div>
   <div class='ocr_carea' id='block_1_78' title="bbox 2094 1804 3227 1872">
    <p class='ocr_par' dir='ltr' id='par_1_78' title="bbox 2094 1804 3227 1872">
     <span class='ocr_line' id='line_1_78' title="bbox 2094 1804 3227 1872; baseline 0.003 -11"><span class='ocrx_word' id='word_1_443' title='bbox 2094 1804 2331 1872; x_wconf 76' lang='lat' dir='ltr'>Sufiicio,</span> <span class='ocrx_word' id='word_1_444' title='bbox 2365 1807 2629 1862; x_wconf 90' lang='lat' dir='ltr'>Dominus</span> <span class='ocrx_word' id='word_1_445' title='bbox 2659 1807 2757 1864; x_wconf 92' lang='lat' dir='ltr'>sed</span> <span class='ocrx_word' id='word_1_446' title='bbox 2788 1807 3078 1864; x_wconf 88' lang='lat' dir='ltr'>retributor</span> <span class='ocrx_word' id='word_1_447' title='bbox 3105 1809 3227 1864; x_wconf 90' lang='lat' dir='ltr'>erit.</span> 
     </span>
    </p>
   </div>
   <div class='ocr_carea' id='block_1_79' title="bbox 2024 1893 3456 1962">
    <p class='ocr_par' dir='ltr' id='par_1_79' title="bbox 2024 1893 3456 1962">
     <span class='ocr_line' id='line_1_79' title="bbox 2024 1893 3456 1962; baseline 0.001 -12"><span class='ocrx_word' id='word_1_448' title='bbox 2024 1893 2188 1962; x_wconf 89' lang='lat' dir='ltr'>Cujus</span> <span class='ocrx_word' id='word_1_449' title='bbox 2216 1894 2285 1950; x_wconf 94' lang='lat' dir='ltr'>ob</span> <span class='ocrx_word' id='word_1_450' title='bbox 2315 1894 2562 1950; x_wconf 89' lang='lat' dir='ltr'>intuitum</span> <span class='ocrx_word' id='word_1_451' title='bbox 2592 1912 2712 1962; x_wconf 91' lang='lat' dir='ltr'>nec,</span> <span class='ocrx_word' id='word_1_452' title='bbox 2747 1912 2867 1962; x_wconf 90' lang='lat' dir='ltr'>nos,</span> <span class='ocrx_word' id='word_1_453' title='bbox 2900 1913 3004 1953; x_wconf 91' lang='lat' dir='ltr'>nec</span> <span class='ocrx_word' id='word_1_454' title='bbox 3035 1906 3219 1953; x_wconf 90' lang='lat' dir='ltr'>nostra</span> <span class='ocrx_word' id='word_1_455' title='bbox 3249 1897 3456 1954; x_wconf 84' lang='lat' dir='ltr'>videris</span> 
     </span>
    </p>
   </div>
   <div class='ocr_carea' id='block_1_80' title="bbox 2092 1982 3142 2056">
    <p class='ocr_par' dir='ltr' id='par_1_80' title="bbox 2092 1982 3142 2056">
     <span class='ocr_line' id='line_1_80' title="bbox 2092 1982 3142 2056; baseline 0.002 -19"><span class='ocrx_word' id='word_1_456' title='bbox 2092 1982 2409 2054; x_wconf 90' lang='lat' dir='ltr'>Despicere,</span> <span class='ocrx_word' id='word_1_457' title='bbox 2437 1983 2633 2039; x_wconf 86' lang='lat' dir='ltr'>affectu</span> <span class='ocrx_word' id='word_1_458' title='bbox 2650 1984 2745 2040; x_wconf 91' lang='lat' dir='ltr'>sed</span> <span class='ocrx_word' id='word_1_459' title='bbox 2769 1985 3012 2041; x_wconf 89' lang='lat' dir='ltr'>tolerare</span> <span class='ocrx_word' id='word_1_460' title='bbox 3033 1985 3142 2056; x_wconf 92' lang='lat' dir='ltr'>pio.</span> 
     </span>
    </p>
   </div>
   <div class='ocr_carea' id='block_1_81' title="bbox 2023 2071 3409 2144">
    <p class='ocr_par' dir='ltr' id='par_1_81' title="bbox 2023 2071 3409 2144">
     <span class='ocr_line' id='line_1_81' title="bbox 2023 2071 3409 2144; baseline 0.004 -18"><span class='ocrx_word' id='word_1_461' title='bbox 2023 2071 2157 2126; x_wconf 90' lang='lat' dir='ltr'>Sum</span> <span class='ocrx_word' id='word_1_462' title='bbox 2185 2080 2535 2143; x_wconf 86' lang='lat' dir='ltr'>quapropter,</span> <span class='ocrx_word' id='word_1_463' title='bbox 2571 2088 2741 2144; x_wconf 90' lang='lat' dir='ltr'>eroqu</span> <span class='ocrx_word' id='word_1_464' title='bbox 2765 2089 2837 2129; x_wconf 76' lang='lat' dir='ltr'>ex</span> <span class='ocrx_word' id='word_1_465' title='bbox 2891 2081 3004 2130; x_wconf 89' lang='lat' dir='ltr'>toto</span> <span class='ocrx_word' id='word_1_466' title='bbox 3029 2074 3198 2131; x_wconf 89' lang='lat' dir='ltr'>corde</span> <span class='ocrx_word' id='word_1_467' title='bbox 3232 2073 3409 2132; x_wconf 81' lang='lat' dir='ltr'>ﬁdelis</span> 
     </span>
    </p>
   </div>
   <div class='ocr_carea' id='block_1_82' title="bbox 2093 2159 3272 2231">
    <p class='ocr_par' dir='ltr' id='par_1_82' title="bbox 2093 2159 3272 2231">
     <span class='ocr_line' id='line_1_82' title="bbox 2093 2159 3272 2231; baseline 0.004 -18"><span class='ocrx_word' id='word_1_468' title='bbox 2093 2159 2264 2214; x_wconf 85' lang='lat' dir='ltr'>Vobis</span> <span class='ocrx_word' id='word_1_469' title='bbox 2295 2169 2349 2215; x_wconf 88' lang='lat' dir='ltr'>et</span> <span class='ocrx_word' id='word_1_470' title='bbox 2377 2160 2574 2215; x_wconf 90' lang='lat' dir='ltr'>vestris</span> <span class='ocrx_word' id='word_1_471' title='bbox 2605 2170 2817 2231; x_wconf 88' lang='lat' dir='ltr'>tempus</span> <span class='ocrx_word' id='word_1_472' title='bbox 2847 2161 2900 2216; x_wconf 91' lang='lat' dir='ltr'>in</span> <span class='ocrx_word' id='word_1_473' title='bbox 2930 2178 3092 2217; x_wconf 89' lang='lat' dir='ltr'>omne</span> <span class='ocrx_word' id='word_1_474' title='bbox 3123 2163 3272 2218; x_wconf 90' lang='lat' dir='ltr'>satis.</span> 
     </span>
    </p>
   </div>
   <div class='ocr_carea' id='block_1_83' title="bbox 2023 2247 3529 2320">
    <p class='ocr_par' dir='ltr' id='par_1_83' title="bbox 2023 2247 3529 2320">
     <span class='ocr_line' id='line_1_83' title="bbox 2023 2247 3529 2320; baseline 0.004 -18"><span class='ocrx_word' id='word_1_475' title='bbox 2023 2247 2287 2315; x_wconf 91' lang='lat' dir='ltr'>Obsecro,</span> <span class='ocrx_word' id='word_1_476' title='bbox 2320 2263 2508 2318; x_wconf 89' lang='lat' dir='ltr'>posco,</span> <span class='ocrx_word' id='word_1_477' title='bbox 2539 2264 2752 2318; x_wconf 89' lang='lat' dir='ltr'>precor,</span> <span class='ocrx_word' id='word_1_478' title='bbox 2777 2249 2991 2304; x_wconf 91' lang='lat' dir='ltr'>Domini</span> <span class='ocrx_word' id='word_1_479' title='bbox 3023 2252 3289 2320; x_wconf 90' lang='lat' dir='ltr'>protectio</span> <span class='ocrx_word' id='word_1_480' title='bbox 3318 2261 3529 2308; x_wconf 85' lang='lat' dir='ltr'>vosmet</span> 
     </span>
    </p>
   </div>
   <div class='ocr_carea' id='block_1_84' title="bbox 2093 2335 3422 2408">
    <p class='ocr_par' dir='ltr' id='par_1_84' title="bbox 2093 2335 3422 2408">
     <span class='ocr_line' id='line_1_84' title="bbox 2093 2335 3422 2408; baseline 0.004 -18"><span class='ocrx_word' id='word_1_481' title='bbox 2093 2335 2161 2390; x_wconf 86' lang='lat' dir='ltr'>Ut</span> <span class='ocrx_word' id='word_1_482' title='bbox 2190 2343 2357 2408; x_wconf 89' lang='lat' dir='ltr'>tegat,</span> <span class='ocrx_word' id='word_1_483' title='bbox 2381 2343 2542 2407; x_wconf 92' lang='lat' dir='ltr'>atque</span> <span class='ocrx_word' id='word_1_484' title='bbox 2574 2344 2746 2406; x_wconf 87' lang='lat' dir='ltr'>regat,</span> <span class='ocrx_word' id='word_1_485' title='bbox 2781 2336 2980 2403; x_wconf 88' lang='lat' dir='ltr'>firmet,</span> <span class='ocrx_word' id='word_1_486' title='bbox 3015 2338 3222 2404; x_wconf 89' lang='lat' dir='ltr'>inaltet,</span> <span class='ocrx_word' id='word_1_487' title='bbox 3255 2347 3422 2395; x_wconf 84' lang='lat' dir='ltr'>amet.</span> 
     </span>
    </p>
   </div>
   <div class='ocr_carea' id='block_1_85' title="bbox 2173 2483 3437 2527">
    <p class='ocr_par' dir='ltr' id='par_1_85' title="bbox 2173 2483 3437 2527">
     <span class='ocr_line' id='line_1_85' title="bbox 2173 2483 3437 2527; baseline 0.004 -5"><span class='ocrx_word' id='word_1_488' title='bbox 2173 2483 2486 2523; x_wconf 75' lang='lat' dir='ltr'>BERIBALDO</span> <span class='ocrx_word' id='word_1_489' title='bbox 2512 2486 2536 2512; x_wconf 73' lang='grc' dir='ltr'>ι</span> <span class='ocrx_word' id='word_1_490' title='bbox 2561 2483 2825 2525; x_wconf 78' lang='lat' dir='ltr'>EPISCOPO</span> <span class='ocrx_word' id='word_1_491' title='bbox 2857 2485 2916 2525; x_wconf 76' lang='lat' dir='ltr'>IN</span> <span class='ocrx_word' id='word_1_492' title='bbox 2945 2485 3196 2526; x_wconf 72' lang='lat' dir='ltr'>PERSONA</span> <span class='ocrx_word' id='word_1_493' title='bbox 3219 2486 3437 2527; x_wconf 73' lang='grc' dir='ltr'>σΑιιοιι.</span> 
     </span>
    </p>
   </div>
   <div class='ocr_carea' id='block_1_86' title="bbox 2021 2574 3492 2648">
    <p class='ocr_par' dir='ltr' id='par_1_86' title="bbox 2021 2574 3492 2648">
     <span class='ocr_line' id='line_1_86' title="bbox 2021 2574 3492 2648; baseline 0.005 -21"><span class='ocrx_word' id='word_1_494' title='bbox 2021 2574 2143 2629; x_wconf 87' lang='lat' dir='ltr'>Non</span> <span class='ocrx_word' id='word_1_495' title='bbox 2172 2574 2424 2629; x_wconf 89' lang='lat' dir='ltr'>minimas</span> <span class='ocrx_word' id='word_1_496' title='bbox 2443 2585 2644 2646; x_wconf 86' lang='lat' dir='ltr'>grates,</span> <span class='ocrx_word' id='word_1_497' title='bbox 2665 2592 2774 2630; x_wconf 88' lang='lat' dir='ltr'>non</span> <span class='ocrx_word' id='word_1_498' title='bbox 2801 2592 2967 2646; x_wconf 88' lang='lat' dir='ltr'>parva</span> <span class='ocrx_word' id='word_1_499' title='bbox 2993 2577 3300 2648; x_wconf 84' lang='lat' dir='ltr'>rependere</span> <span class='ocrx_word' id='word_1_500' title='bbox 3331 2577 3492 2635; x_wconf 89' lang='lat' dir='ltr'>tantis</span> 
     </span>
    </p>
   </div>
   <div class='ocr_carea' id='block_1_87' title="bbox 2092 2661 3425 2736">
    <p class='ocr_par' dir='ltr' id='par_1_87' title="bbox 2092 2661 3425 2736">
     <span class='ocr_line' id='line_1_87' title="bbox 2092 2661 3425 2736; baseline 0.004 -21"><span class='ocrx_word' id='word_1_501' title='bbox 2092 2661 2323 2716; x_wconf 83' lang='lat' dir='ltr'>Pramia</span> <span class='ocrx_word' id='word_1_502' title='bbox 2353 2679 2452 2717; x_wconf 93' lang='lat' dir='ltr'>nos</span> <span class='ocrx_word' id='word_1_503' title='bbox 2481 2663 2689 2719; x_wconf 92' lang='lat' dir='ltr'>meritis</span> <span class='ocrx_word' id='word_1_504' title='bbox 2719 2663 2877 2729; x_wconf 89' lang='lat' dir='ltr'>velle,</span> <span class='ocrx_word' id='word_1_505' title='bbox 2911 2665 3224 2735; x_wconf 84' lang='lat' dir='ltr'>Heribalde,</span> <span class='ocrx_word' id='word_1_506' title='bbox 3247 2674 3425 2736; x_wconf 87' lang='lat' dir='ltr'>putes.</span> 
     </span>
    </p>
   </div>
   <div class='ocr_carea' id='block_1_88' title="bbox 2021 2749 3604 2826">
    <p class='ocr_par' dir='ltr' id='par_1_88' title="bbox 2021 2749 3604 2826">
     <span class='ocr_line' id='line_1_88' title="bbox 2021 2749 3604 2826; baseline 0.004 -22"><span class='ocrx_word' id='word_1_507' title='bbox 2021 2749 2181 2818; x_wconf 90' lang='lat' dir='ltr'>Quod</span> <span class='ocrx_word' id='word_1_508' title='bbox 2211 2750 2594 2805; x_wconf 90' lang='lat' dir='ltr'>tremebundus</span> <span class='ocrx_word' id='word_1_509' title='bbox 2623 2753 2692 2806; x_wconf 87' lang='lat' dir='ltr'>ad</span> <span class='ocrx_word' id='word_1_510' title='bbox 2721 2752 2825 2809; x_wconf 92' lang='lat' dir='ltr'>hoc</span> <span class='ocrx_word' id='word_1_511' title='bbox 2854 2763 3039 2809; x_wconf 91' lang='lat' dir='ltr'>nostro</span> <span class='ocrx_word' id='word_1_512' title='bbox 3069 2770 3177 2809; x_wconf 93' lang='lat' dir='ltr'>non</span> <span class='ocrx_word' id='word_1_513' title='bbox 3207 2753 3394 2826; x_wconf 85' lang='lat' dir='ltr'>segnis</span> <span class='ocrx_word' id='word_1_514' title='bbox 3417 2755 3604 2812; x_wconf 86' lang='lat' dir='ltr'>honori</span> 
     </span>
    </p>
   </div>
   <div class='ocr_carea' id='block_1_89' title="bbox 2091 2837 3143 2910">
    <p class='ocr_par' dir='ltr' id='par_1_89' title="bbox 2091 2837 3143 2910">
     <span class='ocr_line' id='line_1_89' title="bbox 2091 2837 3143 2910; baseline 0.005 -19"><span class='ocrx_word' id='word_1_515' title='bbox 2091 2837 2379 2893; x_wconf 89' lang='lat' dir='ltr'>Litterulas</span> <span class='ocrx_word' id='word_1_516' title='bbox 2407 2839 2570 2910; x_wconf 90' lang='lat' dir='ltr'>pleno</span> <span class='ocrx_word' id='word_1_517' title='bbox 2598 2839 2762 2894; x_wconf 87' lang='lat' dir='ltr'>mittis</span> <span class='ocrx_word' id='word_1_518' title='bbox 2791 2857 2973 2898; x_wconf 90' lang='lat' dir='ltr'>amore</span> <span class='ocrx_word' id='word_1_519' title='bbox 3002 2841 3143 2896; x_wconf 89' lang='lat' dir='ltr'>litas.</span> 
     </span>
    </p>
   </div>
   <div class='ocr_carea' id='block_1_90' title="bbox 2019 2925 3458 3002">
    <p class='ocr_par' dir='ltr' id='par_1_90' title="bbox 2019 2925 3458 3002">
     <span class='ocr_line' id='line_1_90' title="bbox 2019 2925 3458 3002; baseline 0.006 -24"><span class='ocrx_word' id='word_1_520' title='bbox 2019 2925 2136 2979; x_wconf 84' lang='lat' dir='ltr'>Jam</span> <span class='ocrx_word' id='word_1_521' title='bbox 2163 2926 2431 2996; x_wconf 88' lang='lat' dir='ltr'>completa</span> <span class='ocrx_word' id='word_1_522' title='bbox 2462 2927 2679 2998; x_wconf 90' lang='lat' dir='ltr'>quidem</span> <span class='ocrx_word' id='word_1_523' title='bbox 2701 2929 2947 2984; x_wconf 89' lang='lat' dir='ltr'>testantis</span> <span class='ocrx_word' id='word_1_524' title='bbox 2977 2930 3145 2984; x_wconf 90' lang='lat' dir='ltr'>verba</span> <span class='ocrx_word' id='word_1_525' title='bbox 3169 2929 3458 3002; x_wconf 87' lang='lat' dir='ltr'>Propheta</span> 
     </span>
    </p>
   </div>
   <div class='ocr_carea' id='block_1_91' title="bbox 1949 3013 3168 3110">
    <p class='ocr_par' dir='ltr' id='par_1_91' title="bbox 1949 3013 3168 3110">
     <span class='ocr_line' id='line_1_91' title="bbox 1949 3013 3168 3110; baseline 0.005 -43"><span class='ocrx_word' id='word_1_526' title='bbox 1949 3048 1998 3110; x_wconf 68' lang='grc' dir='ltr'>Ο</span> <span class='ocrx_word' id='word_1_527' title='bbox 2026 3101 2070 3110; x_wconf 43' lang='grc'>.-</span> <span class='ocrx_word' id='word_1_528' title='bbox 2089 3013 2373 3110; x_wconf 41' lang='lat' dir='ltr'>Novit-nus,</span> <span class='ocrx_word' id='word_1_529' title='bbox 2389 3013 2602 3110; x_wconf 57' lang='lat' dir='ltr'>fﬁectu</span> <span class='ocrx_word' id='word_1_530' title='bbox 2623 3017 2728 3110; x_wconf 78' lang='lat' dir='ltr'>sed</span> <span class='ocrx_word' id='word_1_531' title='bbox 2751 3017 2976 3088; x_wconf 90' lang='lat' dir='ltr'>repetita</span> <span class='ocrx_word' id='word_1_532' title='bbox 3007 3033 3168 3075; x_wconf 90' lang='lat' dir='ltr'>novo.</span> 
     </span>
    </p>
   </div>
   <div class='ocr_carea' id='block_1_92' title="bbox 2024 3097 3394 3177">
    <p class='ocr_par' dir='ltr' id='par_1_92' title="bbox 2024 3097 3394 3177">
     <span class='ocr_line' id='line_1_92' title="bbox 2024 3097 3394 3177; baseline 0.004 -21"><span class='ocrx_word' id='word_1_533' title='bbox 2024 3101 2096 3156; x_wconf 90' lang='lat' dir='ltr'>Et</span> <span class='ocrx_word' id='word_1_534' title='bbox 2131 3101 2277 3158; x_wconf 91' lang='lat' dir='ltr'>venit</span> <span class='ocrx_word' id='word_1_535' title='bbox 2301 3102 2368 3156; x_wconf 89' lang='lat' dir='ltr'>ad</span> <span class='ocrx_word' id='word_1_536' title='bbox 2389 3103 2676 3158; x_wconf 90' lang='lat' dir='ltr'>Dominum</span> <span class='ocrx_word' id='word_1_537' title='bbox 2715 3103 2952 3161; x_wconf 88' lang='lat' dir='ltr'>laudatio</span> <span class='ocrx_word' id='word_1_538' title='bbox 2981 3105 3146 3177; x_wconf 91' lang='lat' dir='ltr'>plena</span> <span class='ocrx_word' id='word_1_539' title='bbox 3165 3097 3394 3174; x_wconf 83' lang='lat' dir='ltr'>timoris,</span> 
     </span>
    </p>
   </div>
   <div class='ocr_carea' id='block_1_93' title="bbox 2094 3190 3452 3266">
    <p class='ocr_par' dir='ltr' id='par_1_93' title="bbox 2094 3190 3452 3266">
     <span class='ocr_line' id='line_1_93' title="bbox 2094 3190 3452 3266; baseline 0.004 -20"><span class='ocrx_word' id='word_1_540' title='bbox 2094 3193 2300 3246; x_wconf 87' lang='lat' dir='ltr'>Aurum</span> <span class='ocrx_word' id='word_1_541' title='bbox 2329 3190 2430 3247; x_wconf 85' lang='lat' dir='ltr'>fert</span> <span class='ocrx_word' id='word_1_542' title='bbox 2453 3191 2668 3264; x_wconf 84' lang='lat' dir='ltr'>Aquilo,</span> <span class='ocrx_word' id='word_1_543' title='bbox 2703 3191 2907 3264; x_wconf 88' lang='lat' dir='ltr'>frigore</span> <span class='ocrx_word' id='word_1_544' title='bbox 2930 3209 3077 3265; x_wconf 86' lang='lat' dir='ltr'>sape</span> <span class='ocrx_word' id='word_1_545' title='bbox 3105 3195 3310 3266; x_wconf 89' lang='lat' dir='ltr'>rigens.</span> <span class='ocrx_word' id='word_1_546' title='bbox 3445 3195 3452 3202; x_wconf 90' lang='grc'><em>’</em></span> 
     </span>
    </p>
   </div>
   <div class='ocr_carea' id='block_1_94' title="bbox 2025 3278 3368 3354">
    <p class='ocr_par' dir='ltr' id='par_1_94' title="bbox 2025 3278 3368 3354">
     <span class='ocr_line' id='line_1_94' title="bbox 2025 3278 3368 3354; baseline 0.004 -22"><span class='ocrx_word' id='word_1_547' title='bbox 2025 3278 2252 3335; x_wconf 88' lang='lat' dir='ltr'>Pectore</span> <span class='ocrx_word' id='word_1_548' title='bbox 2281 3279 2483 3350; x_wconf 87' lang='lat' dir='ltr'>quippe</span> <span class='ocrx_word' id='word_1_549' title='bbox 2514 3287 2626 3346; x_wconf 91' lang='lat' dir='ltr'>tuo,</span> <span class='ocrx_word' id='word_1_550' title='bbox 2660 3280 2906 3336; x_wconf 80' lang='lat' dir='ltr'>flammas</span> <span class='ocrx_word' id='word_1_551' title='bbox 2936 3282 3133 3338; x_wconf 89' lang='lat' dir='ltr'>ardere</span> <span class='ocrx_word' id='word_1_552' title='bbox 3153 3282 3368 3354; x_wconf 84' lang='lat' dir='ltr'>priores</span> 
     </span>
    </p>
   </div>
   <div class='ocr_carea' id='block_1_95' title="bbox 2094 3366 3404 3444">
    <p class='ocr_par' dir='ltr' id='par_1_95' title="bbox 2094 3366 3404 3444">
     <span class='ocr_line' id='line_1_95' title="bbox 2094 3366 3404 3444; baseline 0.005 -24"><span class='ocrx_word' id='word_1_553' title='bbox 2094 3366 2301 3422; x_wconf 88' lang='lat' dir='ltr'>Iudicat</span> <span class='ocrx_word' id='word_1_554' title='bbox 2330 3367 2622 3439; x_wconf 84' lang='lat' dir='ltr'>igniculus,</span> <span class='ocrx_word' id='word_1_555' title='bbox 2654 3385 2818 3439; x_wconf 89' lang='lat' dir='ltr'>quem</span> <span class='ocrx_word' id='word_1_556' title='bbox 2834 3377 2923 3424; x_wconf 91' lang='lat' dir='ltr'>tua</span> <span class='ocrx_word' id='word_1_557' title='bbox 2953 3370 3157 3440; x_wconf 89' lang='lat' dir='ltr'>scripta</span> <span class='ocrx_word' id='word_1_558' title='bbox 3183 3377 3404 3444; x_wconf 87' lang='lat' dir='ltr'>gerunt.</span> 
     </span>
    </p>
   </div>
   <div class='ocr_carea' id='block_1_96' title="bbox 2023 3453 3403 3525">
    <p class='ocr_par' dir='ltr' id='par_1_96' title="bbox 2023 3453 3403 3525">
     <span class='ocr_line' id='line_1_96' title="bbox 2023 3453 3403 3525; baseline 0.005 -18"><span class='ocrx_word' id='word_1_559' title='bbox 2023 3453 2093 3507; x_wconf 87' lang='lat' dir='ltr'>Et</span> <span class='ocrx_word' id='word_1_560' title='bbox 2111 3453 2240 3525; x_wconf 88' lang='lat' dir='ltr'>quia</span> <span class='ocrx_word' id='word_1_561' title='bbox 2269 3455 2378 3510; x_wconf 90' lang='lat' dir='ltr'>scis</span> <span class='ocrx_word' id='word_1_562' title='bbox 2406 3463 2646 3509; x_wconf 88' lang='lat' dir='ltr'>nostrum</span> <span class='ocrx_word' id='word_1_563' title='bbox 2669 3456 2819 3524; x_wconf 89' lang='lat' dir='ltr'>justo</span> <span class='ocrx_word' id='word_1_564' title='bbox 2847 3457 3220 3514; x_wconf 88' lang='lat' dir='ltr'>moderamine</span> <span class='ocrx_word' id='word_1_565' title='bbox 3249 3475 3403 3515; x_wconf 86' lang='lat' dir='ltr'>more</span> 
     </span>
    </p>
   </div>
   <div class='ocr_carea' id='block_1_97' title="bbox 2096 3542 3196 3609">
    <p class='ocr_par' dir='ltr' id='par_1_97' title="bbox 2096 3542 3196 3609">
     <span class='ocr_line' id='line_1_97' title="bbox 2096 3542 3196 3609; baseline 0.005 -14"><span class='ocrx_word' id='word_1_566' title='bbox 2096 3542 2325 3597; x_wconf 89' lang='lat' dir='ltr'>Parcere</span> <span class='ocrx_word' id='word_1_567' title='bbox 2356 3542 2633 3609; x_wconf 87' lang='lat' dir='ltr'>subjectis,</span> <span class='ocrx_word' id='word_1_568' title='bbox 2668 3551 2722 3598; x_wconf 94' lang='lat' dir='ltr'>et</span> <span class='ocrx_word' id='word_1_569' title='bbox 2742 3543 2977 3599; x_wconf 77' lang='lat' dir='ltr'>tolerare</span> <span class='ocrx_word' id='word_1_570' title='bbox 3002 3546 3196 3601; x_wconf 91' lang='lat' dir='ltr'>malos.</span> 
     </span>
    </p>
   </div>
   <div class='ocr_carea' id='block_1_98' title="bbox 2026 3629 3334 3703">
    <p class='ocr_par' dir='ltr' id='par_1_98' title="bbox 2026 3629 3334 3703">
     <span class='ocr_line' id='line_1_98' title="bbox 2026 3629 3334 3703; baseline 0.003 -20"><span class='ocrx_word' id='word_1_571' title='bbox 2026 3629 2121 3684; x_wconf 88' lang='lat' dir='ltr'>His</span> <span class='ocrx_word' id='word_1_572' title='bbox 2150 3629 2244 3683; x_wconf 87' lang='lat' dir='ltr'>tibi</span> <span class='ocrx_word' id='word_1_573' title='bbox 2263 3645 2362 3700; x_wconf 87' lang='lat' dir='ltr'>pro</span> <span class='ocrx_word' id='word_1_574' title='bbox 2383 3629 2561 3694; x_wconf 90' lang='lat' dir='ltr'>donis,</span> <span class='ocrx_word' id='word_1_575' title='bbox 2595 3631 2895 3686; x_wconf 86' lang='lat' dir='ltr'>reddentur</span> <span class='ocrx_word' id='word_1_576' title='bbox 2923 3647 3153 3687; x_wconf 88' lang='lat' dir='ltr'>munera</span> <span class='ocrx_word' id='word_1_577' title='bbox 3183 3633 3334 3703; x_wconf 86' lang='lat' dir='ltr'>plura</span> 
     </span>
    </p>
   </div>
   <div class='ocr_carea' id='block_1_99' title="bbox 2092 3716 3262 3789">
    <p class='ocr_par' dir='ltr' id='par_1_99' title="bbox 2092 3716 3262 3789">
     <span class='ocr_line' id='line_1_99' title="bbox 2092 3716 3262 3789; baseline 0.003 -18"><span class='ocrx_word' id='word_1_578' title='bbox 2092 3716 2267 3786; x_wconf 89' lang='lat' dir='ltr'>Quam</span> <span class='ocrx_word' id='word_1_579' title='bbox 2295 3717 2390 3772; x_wconf 89' lang='lat' dir='ltr'>tibi</span> <span class='ocrx_word' id='word_1_580' title='bbox 2418 3717 2661 3789; x_wconf 89' lang='lat' dir='ltr'>perfidia</span> <span class='ocrx_word' id='word_1_581' title='bbox 2690 3719 2839 3775; x_wconf 90' lang='lat' dir='ltr'>lucra</span> <span class='ocrx_word' id='word_1_582' title='bbox 2869 3718 3082 3774; x_wconf 88' lang='lat' dir='ltr'>tulisset</span> <span class='ocrx_word' id='word_1_583' title='bbox 3110 3734 3262 3775; x_wconf 90' lang='lat' dir='ltr'>amor</span> 
     </span>
    </p>
   </div>
   <div class='ocr_carea' id='block_1_100' title="bbox 2028 3805 3514 3878">
    <p class='ocr_par' dir='ltr' id='par_1_100' title="bbox 2028 3805 3514 3878">
     <span class='ocr_line' id='line_1_100' title="bbox 2028 3805 3514 3878; baseline 0.001 -17"><span class='ocrx_word' id='word_1_584' title='bbox 2028 3805 2085 3862; x_wconf 89' lang='lat' dir='ltr'>Si</span> <span class='ocrx_word' id='word_1_585' title='bbox 2116 3821 2279 3878; x_wconf 86' lang='lat' dir='ltr'>quam</span> <span class='ocrx_word' id='word_1_586' title='bbox 2306 3806 2478 3862; x_wconf 88' lang='lat' dir='ltr'>dulcis</span> <span class='ocrx_word' id='word_1_587' title='bbox 2507 3806 2631 3876; x_wconf 78' lang='lat' dir='ltr'>inis,</span> <span class='ocrx_word' id='word_1_588' title='bbox 2663 3815 2773 3862; x_wconf 88' lang='lat' dir='ltr'>tam</span> <span class='ocrx_word' id='word_1_589' title='bbox 2794 3807 2969 3862; x_wconf 88' lang='lat' dir='ltr'>dulcis</span> <span class='ocrx_word' id='word_1_590' title='bbox 2991 3807 3046 3863; x_wconf 90' lang='lat' dir='ltr'>in</span> <span class='ocrx_word' id='word_1_591' title='bbox 3079 3807 3277 3862; x_wconf 79' lang='lat' dir='ltr'>extima</span> <span class='ocrx_word' id='word_1_592' title='bbox 3321 3807 3514 3864; x_wconf 79' lang='lat' dir='ltr'>tendes</span> 
     </span>
    </p>
   </div>
   <div class='ocr_carea' id='block_1_101' title="bbox 2098 3894 3248 3968">
    <p class='ocr_par' dir='ltr' id='par_1_101' title="bbox 2098 3894 3248 3968">
     <span class='ocr_line' id='line_1_101' title="bbox 2098 3894 3248 3968; baseline 0.003 -20"><span class='ocrx_word' id='word_1_593' title='bbox 2098 3894 2168 3948; x_wconf 82' lang='lat' dir='ltr'>Mi</span> <span class='ocrx_word' id='word_1_594' title='bbox 2195 3894 2428 3951; x_wconf 91' lang='lat' dir='ltr'>dulcedo</span> <span class='ocrx_word' id='word_1_595' title='bbox 2459 3903 2567 3960; x_wconf 90' lang='lat' dir='ltr'>tua,</span> <span class='ocrx_word' id='word_1_596' title='bbox 2600 3895 2814 3952; x_wconf 89' lang='lat' dir='ltr'>dulcior</span> <span class='ocrx_word' id='word_1_597' title='bbox 2840 3912 3015 3968; x_wconf 88' lang='lat' dir='ltr'>usque</span> <span class='ocrx_word' id='word_1_598' title='bbox 3045 3905 3248 3952; x_wconf 88' lang='lat' dir='ltr'>manet.</span> 
     </span>
    </p>
   </div>
   <div class='ocr_carea' id='block_1_102' title="bbox 2027 3981 3441 4056">
    <p class='ocr_par' dir='ltr' id='par_1_102' title="bbox 2027 3981 3441 4056">
     <span class='ocr_line' id='line_1_102' title="bbox 2027 3981 3441 4056; baseline 0.001 -19"><span class='ocrx_word' id='word_1_599' title='bbox 2027 3981 2190 4038; x_wconf 89' lang='lat' dir='ltr'>Disce</span> <span class='ocrx_word' id='word_1_600' title='bbox 2217 3983 2422 4056; x_wconf 86' lang='lat' dir='ltr'>gradus</span> <span class='ocrx_word' id='word_1_601' title='bbox 2451 3983 2694 4040; x_wconf 89' lang='lat' dir='ltr'>stabilire</span> <span class='ocrx_word' id='word_1_602' title='bbox 2717 3993 2858 4050; x_wconf 91' lang='lat' dir='ltr'>tuos,</span> <span class='ocrx_word' id='word_1_603' title='bbox 2888 4000 2958 4040; x_wconf 90' lang='lat' dir='ltr'>ne</span> <span class='ocrx_word' id='word_1_604' title='bbox 2987 3984 3223 4056; x_wconf 85' lang='lat' dir='ltr'>pendula</span> <span class='ocrx_word' id='word_1_605' title='bbox 3254 3999 3441 4042; x_wconf 78' lang='lat' dir='ltr'>rursus</span> 
     </span>
    </p>
   </div>
   <div class='ocr_carea' id='block_1_103' title="bbox 2095 4071 3118 4146">
    <p class='ocr_par' dir='ltr' id='par_1_103' title="bbox 2095 4071 3118 4146">
     <span class='ocr_line' id='line_1_103' title="bbox 2095 4071 3118 4146; baseline 0.002 -20"><span class='ocrx_word' id='word_1_606' title='bbox 2095 4071 2318 4137; x_wconf 88' lang='lat' dir='ltr'>Semita,</span> <span class='ocrx_word' id='word_1_607' title='bbox 2354 4086 2611 4127; x_wconf 84' lang='lat' dir='ltr'>saxosum</span> <span class='ocrx_word' id='word_1_608' title='bbox 2641 4072 2984 4146; x_wconf 75' lang='lat' dir='ltr'>digredietur</span> <span class='ocrx_word' id='word_1_609' title='bbox 3015 4073 3118 4129; x_wconf 89' lang='lat' dir='ltr'>iter</span> 
     </span>
    </p>
   </div>
   <div class='ocr_carea' id='block_1_104' title="bbox 2029 4160 3387 4233">
    <p class='ocr_par' dir='ltr' id='par_1_104' title="bbox 2029 4160 3387 4233">
     <span class='ocr_line' id='line_1_104' title="bbox 2029 4160 3387 4233; baseline 0.003 -19"><span class='ocrx_word' id='word_1_610' title='bbox 2029 4160 2254 4215; x_wconf 83' lang='lat' dir='ltr'>Faustus</span> <span class='ocrx_word' id='word_1_611' title='bbox 2273 4160 2328 4216; x_wconf 92' lang='lat' dir='ltr'>in</span> <span class='ocrx_word' id='word_1_612' title='bbox 2357 4161 2580 4233; x_wconf 89' lang='lat' dir='ltr'>antiquo</span> <span class='ocrx_word' id='word_1_613' title='bbox 2603 4160 2719 4230; x_wconf 87' lang='lat' dir='ltr'>jam</span> <span class='ocrx_word' id='word_1_614' title='bbox 2749 4161 2902 4218; x_wconf 89' lang='lat' dir='ltr'>disce</span> <span class='ocrx_word' id='word_1_615' title='bbox 2932 4177 3226 4218; x_wconf 79' lang='lat' dir='ltr'>senescere</span> <span class='ocrx_word' id='word_1_616' title='bbox 3255 4162 3387 4218; x_wconf 90' lang='lat' dir='ltr'>nido</span> 
     </span>
    </p>
   </div>
   <div class='ocr_carea' id='block_1_105' title="bbox 2097 4247 3276 4323">
    <p class='ocr_par' dir='ltr' id='par_1_105' title="bbox 2097 4247 3276 4323">
     <span class='ocr_line' id='line_1_105' title="bbox 2097 4247 3276 4323; baseline 0.003 -20"><span class='ocrx_word' id='word_1_617' title='bbox 2097 4249 2287 4304; x_wconf 90' lang='lat' dir='ltr'>Donec</span> <span class='ocrx_word' id='word_1_618' title='bbox 2315 4247 2420 4305; x_wconf 89' lang='lat' dir='ltr'>vile</span> <span class='ocrx_word' id='word_1_619' title='bbox 2448 4255 2596 4321; x_wconf 87' lang='lat' dir='ltr'>tegat</span> <span class='ocrx_word' id='word_1_620' title='bbox 2624 4249 2860 4306; x_wconf 89' lang='lat' dir='ltr'>candida</span> <span class='ocrx_word' id='word_1_621' title='bbox 2887 4250 3075 4323; x_wconf 86' lang='lat' dir='ltr'>pluma</span> <span class='ocrx_word' id='word_1_622' title='bbox 3095 4258 3276 4322; x_wconf 87' lang='lat' dir='ltr'>caput.</span> 
     </span>
    </p>
   </div>
   <div class='ocr_carea' id='block_1_106' title="bbox 2029 4330 3532 4414">
    <p class='ocr_par' dir='ltr' id='par_1_106' title="bbox 2029 4330 3532 4414">
     <span class='ocr_line' id='line_1_106' title="bbox 2029 4330 3532 4414; baseline 0.003 -22"><span class='ocrx_word' id='word_1_623' title='bbox 2029 4337 2166 4394; x_wconf 87' lang='lat' dir='ltr'>Tum</span> <span class='ocrx_word' id='word_1_624' title='bbox 2191 4335 2374 4394; x_wconf 85' lang='lat' dir='ltr'>febres</span> <span class='ocrx_word' id='word_1_625' title='bbox 2401 4337 2702 4411; x_wconf 88' lang='lat' dir='ltr'>tussimque</span> <span class='ocrx_word' id='word_1_626' title='bbox 2727 4355 2976 4411; x_wconf 88' lang='lat' dir='ltr'>gravem.</span> <span class='ocrx_word' id='word_1_627' title='bbox 3005 4330 3331 4412; x_wconf 81' lang='lat' dir='ltr'>turpemque</span> <span class='ocrx_word' id='word_1_628' title='bbox 3351 4340 3532 4414; x_wconf 83' lang='lat' dir='ltr'>poda—</span> 
     </span>
    </p>
   </div>
   <div class='ocr_carea' id='block_1_107' title="bbox 3371 4427 3552 4502">
    <p class='ocr_par' dir='ltr' id='par_1_107' title="bbox 3371 4427 3552 4502">
     <span class='ocr_line' id='line_1_107' title="bbox 3371 4427 3552 4502; baseline 0 0"><span class='ocrx_word' id='word_1_629' title='bbox 3371 4427 3552 4502; x_wconf 64' lang='lat' dir='ltr'>[sum</span> 
     </span>
    </p>
   </div>
   <div class='ocr_carea' id='block_1_108' title="bbox 2098 4514 3166 4587">
    <p class='ocr_par' dir='ltr' id='par_1_108' title="bbox 2098 4514 3166 4587">
     <span class='ocr_line' id='line_1_108' title="bbox 2098 4514 3166 4587; baseline 0.003 -18"><span class='ocrx_word' id='word_1_630' title='bbox 2098 4514 2434 4587; x_wconf 90' lang='lat' dir='ltr'>Perpetiens,</span> <span class='ocrx_word' id='word_1_631' title='bbox 2468 4515 2669 4571; x_wconf 88' lang='lat' dir='ltr'>laribus</span> <span class='ocrx_word' id='word_1_632' title='bbox 2698 4516 3010 4574; x_wconf 88' lang='lat' dir='ltr'>immoriere</span> <span class='ocrx_word' id='word_1_633' title='bbox 3040 4516 3166 4573; x_wconf 89' lang='lat' dir='ltr'>tuis.</span> 
     </span>
    </p>
   </div>
   <div class='ocr_carea' id='block_1_109' title="bbox 2027 4603 3438 4676">
    <p class='ocr_par' dir='ltr' id='par_1_109' title="bbox 2027 4603 3438 4676">
     <span class='ocr_line' id='line_1_109' title="bbox 2027 4603 3438 4676; baseline 0.002 -16"><span class='ocrx_word' id='word_1_634' title='bbox 2027 4603 2156 4660; x_wconf 83' lang='lat' dir='ltr'>Hac</span> <span class='ocrx_word' id='word_1_635' title='bbox 2194 4612 2410 4675; x_wconf 90' lang='lat' dir='ltr'>optasse</span> <span class='ocrx_word' id='word_1_636' title='bbox 2438 4603 2533 4658; x_wconf 91' lang='lat' dir='ltr'>tibi</span> <span class='ocrx_word' id='word_1_637' title='bbox 2563 4605 2780 4676; x_wconf 87' lang='lat' dir='ltr'>signum</span> <span class='ocrx_word' id='word_1_638' title='bbox 2799 4612 2884 4660; x_wconf 91' lang='lat' dir='ltr'>est</span> <span class='ocrx_word' id='word_1_639' title='bbox 2915 4603 3248 4662; x_wconf 77' lang='lat' dir='ltr'>reclamantis</span> <span class='ocrx_word' id='word_1_640' title='bbox 3277 4605 3438 4663; x_wconf 84' lang='lat' dir='ltr'>amici</span> 
     </span>
    </p>
   </div>
   <div class='ocr_carea' id='block_1_110' title="bbox 2097 4691 3196 4765">
    <p class='ocr_par' dir='ltr' id='par_1_110' title="bbox 2097 4691 3196 4765">
     <span class='ocr_line' id='line_1_110' title="bbox 2097 4691 3196 4765; baseline 0.002 -17"><span class='ocrx_word' id='word_1_641' title='bbox 2097 4691 2198 4749; x_wconf 86' lang='lat' dir='ltr'>Vel</span> <span class='ocrx_word' id='word_1_642' title='bbox 2225 4692 2371 4748; x_wconf 89' lang='lat' dir='ltr'>mitis</span> <span class='ocrx_word' id='word_1_643' title='bbox 2398 4691 2621 4763; x_wconf 88' lang='lat' dir='ltr'>domini,</span> <span class='ocrx_word' id='word_1_644' title='bbox 2654 4693 2742 4749; x_wconf 89' lang='lat' dir='ltr'>vel</span> <span class='ocrx_word' id='word_1_645' title='bbox 2769 4693 3027 4765; x_wconf 89' lang='lat' dir='ltr'>patientis</span> <span class='ocrx_word' id='word_1_646' title='bbox 3058 4693 3196 4750; x_wconf 90' lang='lat' dir='ltr'>heri.</span> 
     </span>
    </p>
   </div>
   <div class='ocr_carea' id='block_1_111' title="bbox 2027 4779 3324 4854">
    <p class='ocr_par' dir='ltr' id='par_1_111' title="bbox 2027 4779 3324 4854">
     <span class='ocr_line' id='line_1_111' title="bbox 2027 4779 3324 4854; baseline 0.002 -18"><span class='ocrx_word' id='word_1_647' title='bbox 2027 4780 2114 4836; x_wconf 89' lang='lat' dir='ltr'>Sis</span> <span class='ocrx_word' id='word_1_648' title='bbox 2135 4779 2259 4837; x_wconf 82' lang='lat' dir='ltr'>felix</span> <span class='ocrx_word' id='word_1_649' title='bbox 2289 4781 2598 4852; x_wconf 90' lang='lat' dir='ltr'>nostrisque</span> <span class='ocrx_word' id='word_1_650' title='bbox 2627 4781 2769 4838; x_wconf 89' lang='lat' dir='ltr'>scias</span> <span class='ocrx_word' id='word_1_651' title='bbox 2797 4790 2886 4838; x_wconf 90' lang='lat' dir='ltr'>tua</span> <span class='ocrx_word' id='word_1_652' title='bbox 2915 4781 3172 4838; x_wconf 91' lang='lat' dir='ltr'>cordibus</span> <span class='ocrx_word' id='word_1_653' title='bbox 3199 4790 3324 4854; x_wconf 87' lang='lat' dir='ltr'>apte</span> 
     </span>
    </p>
   </div>
   <div class='ocr_carea' id='block_1_112' title="bbox 2095 4869 3153 4942">
    <p class='ocr_par' dir='ltr' id='par_1_112' title="bbox 2095 4869 3153 4942">
     <span class='ocr_line' id='line_1_112' title="bbox 2095 4869 3153 4942; baseline -0.001 -15"><span class='ocrx_word' id='word_1_654' title='bbox 2095 4869 2248 4927; x_wconf 89' lang='lat' dir='ltr'>Seria</span> <span class='ocrx_word' id='word_1_655' title='bbox 2266 4869 2543 4941; x_wconf 87' lang='lat' dir='ltr'>permistis</span> <span class='ocrx_word' id='word_1_656' title='bbox 2573 4869 2967 4942; x_wconf 88' lang='lat' dir='ltr'>complacuisse</span> <span class='ocrx_word' id='word_1_657' title='bbox 2992 4871 3153 4941; x_wconf 89' lang='lat' dir='ltr'>jocis.</span> 
     </span>
    </p>
   </div>
   <div class='ocr_carea' id='block_1_113' title="bbox 2026 4957 3488 5031">
    <p class='ocr_par' dir='ltr' id='par_1_113' title="bbox 2026 4957 3488 5031">
     <span class='ocr_line' id='line_1_113' title="bbox 2026 4957 3488 5031; baseline 0.002 -15"><span class='ocrx_word' id='word_1_658' title='bbox 2026 4959 2235 5030; x_wconf 85' lang='lat' dir='ltr'>Sapius</span> <span class='ocrx_word' id='word_1_659' title='bbox 2264 4959 2434 5015; x_wconf 88' lang='lat' dir='ltr'>hocce</span> <span class='ocrx_word' id='word_1_660' title='bbox 2454 4974 2673 5030; x_wconf 88' lang='lat' dir='ltr'>gerens,</span> <span class='ocrx_word' id='word_1_661' title='bbox 2703 4959 2914 5015; x_wconf 88' lang='lat' dir='ltr'>animos</span> <span class='ocrx_word' id='word_1_662' title='bbox 2941 4959 3218 5031; x_wconf 88' lang='lat' dir='ltr'>perpende</span> <span class='ocrx_word' id='word_1_663' title='bbox 3276 4957 3488 5029; x_wconf 81' lang='lat' dir='ltr'>fideles,</span> 
     </span>
    </p>
   </div>
   <div class='ocr_carea' id='block_1_114' title="bbox 2095 5047 3146 5119">
    <p class='ocr_par' dir='ltr' id='par_1_114' title="bbox 2095 5047 3146 5119">
     <span class='ocr_line' id='line_1_114' title="bbox 2095 5047 3146 5119; baseline 0.001 -16"><span class='ocrx_word' id='word_1_664' title='bbox 2095 5050 2270 5119; x_wconf 81' lang='lat' dir='ltr'>Atque</span> <span class='ocrx_word' id='word_1_665' title='bbox 2290 5047 2576 5103; x_wconf 88' lang='lat' dir='ltr'>voluntatis</span> <span class='ocrx_word' id='word_1_666' title='bbox 2607 5055 2794 5104; x_wconf 88' lang='lat' dir='ltr'>mutua</span> <span class='ocrx_word' id='word_1_667' title='bbox 2810 5048 2960 5104; x_wconf 90' lang='lat' dir='ltr'>disce</span> <span class='ocrx_word' id='word_1_668' title='bbox 2990 5063 3146 5104; x_wconf 85' lang='lat' dir='ltr'>mea.</span> 
     </span>
    </p>
   </div>
   <div class='ocr_carea' id='block_1_115' title="bbox 2026 5135 3296 5208">
    <p class='ocr_par' dir='ltr' id='par_1_115' title="bbox 2026 5135 3296 5208">
     <span class='ocr_line' id='line_1_115' title="bbox 2026 5135 3296 5208; baseline 0.006 -18"><span class='ocrx_word' id='word_1_669' title='bbox 2026 5135 2280 5208; x_wconf 83' lang='lat' dir='ltr'>Indigeas</span> <span class='ocrx_word' id='word_1_670' title='bbox 2310 5136 2578 5208; x_wconf 89' lang='lat' dir='ltr'>quotiens,</span> <span class='ocrx_word' id='word_1_671' title='bbox 2612 5136 2769 5192; x_wconf 87' lang='lat' dir='ltr'>toties</span> <span class='ocrx_word' id='word_1_672' title='bbox 2797 5153 2895 5208; x_wconf 90' lang='lat' dir='ltr'>per</span> <span class='ocrx_word' id='word_1_673' title='bbox 2922 5137 3086 5194; x_wconf 69' lang='lat' dir='ltr'>saecla</span> <span class='ocrx_word' id='word_1_674' title='bbox 3115 5137 3296 5197; x_wconf 89' lang='lat' dir='ltr'>valeto</span> 
     </span>
    </p>
   </div>
   <div class='ocr_carea' id='block_1_116' title="bbox 2099 5223 3354 5298">
    <p class='ocr_par' dir='ltr' id='par_1_116' title="bbox 2099 5223 3354 5298">
     <span class='ocr_line' id='line_1_116' title="bbox 2099 5223 3354 5298; baseline 0.004 -19"><span class='ocrx_word' id='word_1_675' title='bbox 2099 5223 2206 5279; x_wconf 90' lang='lat' dir='ltr'>Sed</span> <span class='ocrx_word' id='word_1_676' title='bbox 2237 5240 2512 5298; x_wconf 91' lang='lat' dir='ltr'>nunquam</span> <span class='ocrx_word' id='word_1_677' title='bbox 2543 5225 2715 5281; x_wconf 87' lang='lat' dir='ltr'>nostri</span> <span class='ocrx_word' id='word_1_678' title='bbox 2743 5225 3030 5284; x_wconf 87' lang='lat' dir='ltr'>immemor</span> <span class='ocrx_word' id='word_1_679' title='bbox 3049 5242 3172 5283; x_wconf 88' lang='lat' dir='ltr'>esse</span> <span class='ocrx_word' id='word_1_680' title='bbox 3198 5227 3354 5285; x_wconf 83' lang='lat' dir='ltr'>velis.</span> 
     </span>
    </p>
   </div>
   <div class='ocr_carea' id='block_1_117' title="bbox 385 5426 3618 5487">
    <p class='ocr_par' dir='ltr' id='par_1_117' title="bbox 385 5426 3618 5487">
     <span class='ocr_line' id='line_1_117' title="bbox 385 5426 3618 5487; baseline 0 -12"><span class='ocrx_word' id='word_1_681' title='bbox 385 5447 411 5475; x_wconf 83' lang='grc' dir='ltr'>ι</span> <span class='ocrx_word' id='word_1_682' title='bbox 447 5427 559 5476; x_wconf 72' lang='lat' dir='ltr'>Fuit</span> <span class='ocrx_word' id='word_1_683' title='bbox 595 5427 864 5487; x_wconf 86' lang='lat' dir='ltr'>episcopus</span> <span class='ocrx_word' id='word_1_684' title='bbox 922 5426 1398 5479; x_wconf 72' lang='lat' dir='ltr'>Antissidiorensis;</span> <span class='ocrx_word' id='word_1_685' title='bbox 1448 5426 1512 5474; x_wconf 88' lang='lat' dir='ltr'>ad</span> <span class='ocrx_word' id='word_1_686' title='bbox 1563 5437 1713 5485; x_wconf 88' lang='lat' dir='ltr'>quem</span> <span class='ocrx_word' id='word_1_687' title='bbox 1770 5426 1972 5485; x_wconf 71' lang='lat' dir='ltr'>sci-ipsis</span> <span class='ocrx_word' id='word_1_688' title='bbox 2029 5426 2274 5484; x_wconf 75' lang='lat' dir='ltr'>ltabauus,</span> <span class='ocrx_word' id='word_1_689' title='bbox 2333 5439 2448 5477; x_wconf 87' lang='lat' dir='ltr'>cum</span> <span class='ocrx_word' id='word_1_690' title='bbox 2511 5441 2610 5487; x_wconf 88' lang='lat' dir='ltr'>quo</span> <span class='ocrx_word' id='word_1_691' title='bbox 2667 5433 2960 5480; x_wconf 84' lang='lat' dir='ltr'>recensetur</span> <span class='ocrx_word' id='word_1_692' title='bbox 3017 5432 3150 5480; x_wconf 85' lang='lat' dir='ltr'>inter</span> <span class='ocrx_word' id='word_1_693' title='bbox 3203 5431 3618 5481; x_wconf 74' lang='lat' dir='ltr'>Stercoranistas.</span> 
     </span>
    </p>
   </div>
   <div class='ocr_carea' id='block_1_118' title="bbox 3173 5673 3241 5726">
    <p class='ocr_par' dir='ltr' id='par_1_118' title="bbox 3173 5673 3241 5726">
     <span class='ocr_line' id='line_1_118' title="bbox 3173 5673 3241 5726; baseline -0.015 0"><span class='ocrx_word' id='word_1_694' title='bbox 3173 5673 3241 5726; x_wconf 76' lang='grc'>35</span> 
     </span>
    </p>
   </div>
  </div>
