3996 6184
355 227 496 280 1099
895 216 1300 273 WALAFRIDI
1336 211 1582 271 STRABI
1620 206 1820 266 FULD.
1896 207 1922 260 Β

2030 200 2072 259 1.
2112 200 2266 259 OPP.
2307 200 2484 259 PARS
2521 197 2613 256 Ill.
2655 227 2724 241 -—
2761 193 3096 253 CARMINA.
3523 189 3682 244 1100

789 359 864 400 an
882 353 1199 399 ιυιτθκιωί
1229 351 1522 394 αιειιιοωι.
1979 329 2037 388 Α
2127 326 2427 395 Strabonis,
2459 339 2674 381 memor
2696 331 2780 380 est
2809 336 3030 392 semper
3057 327 3113 374 et
3138 317 3258 388 ipse
3277 314 3372 372 tui.

2057 416 2216 485 Quod
2247 415 2480 472 Domino
2503 421 2718 470 sectare
2745 411 2946 483 placet,
2981 407 3130 481 quod
3150 405 3335 475 jussit,
3359 409 3544 460 amato
3569 418 3585 458 :

2129 505 2288 574 Quod
2316 503 2568 575 spondet,
2603 517 2815 573 speres,
2839 499 2987 572 quod
3007 495 3282 569 prohibet,
3311 492 3522 565 fugias.

362 632 539 688 Parva
549 587 694 686 iicei
720 628 880 684 fuerit
897 587 1096 682 ηοέιπεε
1117 622 1338 680 dilectio
1367 619 1558 692 partis,
2056 593 2237 692 Diljse
2257 592 2508 691 virtutes,
2541 591 2692 692 vitiis
2703 589 2894 661 procul
2912 587 3164 692 manibus
3197 589 3336 688 εξιο-

429 721 608 775 Credo
640 727 819 774 tamen
839 731 1142 772 memorem
1174 721 1226 768 te
1253 678 1386 766 satis
1417 724 1540 764 esse
1566 705 1695 762 mei.
2078 773 2083 775 Α
2123 682 2355 775 “milia
2385 689 2535 736 θεῖαι
2569 679 2745 775 δρηίεν
2778 694 2943 749 Poena
2971 678 3135 733 datur
3176 678 3416 734 miseri!-

359 808 636 880 Quidquid
666 807 835 863 habes
865 806 1138 870 dextrum,
1169 801 1420 876 gaudens
1444 796 1604 853 volo:
1628 807 1796 867 porro
1826 791 1958 848 sini-
2057 770 2400 880 Αάῇξηξλὲφτα
2429 778 2551 880 ῑυοξ
2579 769 2740 824 ducat
2771 769 2918 823 Deus
2937 767 3348 880 0111113559115“!

357 454 622 512 Dulcibus
658 450 849 508 omciis
879 458 932 506 et
961 449 1133 504 amica
1162 453 1346 502 mente
1361 442 1594 499 colendo

427 542 684 614 Luitgero
715 540 944 596 Strabus
969 535 1200 610 paucula
1218 534 1389 590 verba
1416 530 1584 586 dedit.

1765 880 1960 956 [suum
2066 944 2099 956 Α
2130 859 2323 956 tibi
2354 867 2879 956 perpetuo‘mnnera
2908 872 3113 950 magna
3133 856 3290 924 ferat,

428 970 484 1028 Si
513 961 640 1042 quid
672 962 825 1023 adest
855 964 1037 1034 doleo,
1073 961 1255 1020 cordis
1285 960 1342 1014 in
1373 955 1652 1029 oppidulo.
1767 939 1785 956 ⁵
2061 943 2322 1042 Candide,
2357 944 2522 1042 Chare
2552 941 2695 1042 vale,
2718 940 3275 1042 charissime'semper
3301 939 3531 1012 ubique,

362 1029 567 1116 Unicus
593 1065 651 1113 ut
688 1055 870 1120 matri,
894 1029 1056 1110 terris
1077 1060 1135 1106 ut
1161 1049 1366 1105 lumina
1403 1044 1594 1101 Phoebi
2132 1032 2295 1088 Pusio
2324 1031 2636 1096 candidule,
2667 1030 2903 1087 candide
2930 1029 3158 1108 pusiole.

429 1147 498 1204 Ut
519 1161 607 1202 ros
621 1145 979 1219 graminibus,
1014 1141 1255 1214 piscibus
1284 1137 1430 1192 unda
1460 1133 1610 1189 fretri
1638 1150 1650 1185 :
1722 1177 1734 1193 ,

365 1239 477 1292 Aer
502 1234 578 1290 uti
599 1233 893 1297 oscinibus,
927 1231 1168 1285 rivorum
1197 1235 1250 1283 et
1287 1238 1568 1280 murmura
1615 1220 1807 1294 pratis,

439 1324 529 1380 Sic
559 1331 670 1390 tua,
696 1321 928 1394 pusiole,
962 1321 1128 1375 chara
1155 1317 1286 1371 mihi
1313 1313 1502 1370 facies.

368 1413 426 1470 Si
463 1411 581 1469 fieri
610 1411 802 1484 possit,
826 1409 946 1465 fieri
977 1408 1120 1480 quod
1150 1421 1314 1478 posse
1345 1409 1618 1474 putamus,

438 1504 632 1574 Ingere
661 1508 714 1556 te
740 1499 940 1555 nostris
998 1496 1226 1561 visibus,
1250 1509 1369 1558 oro,
1402 1489 1570 1545 celer.

367 1593 505 1648 Nam
536 1589 659 1663 quia
683 1597 735 1644 te
763 1587 989 1662 propius
1015 1584 1178 1641 didici
1210 1580 1509 1638 consistere
1537 1574 1697 1631 nobis

437 1681 562 1754 Non
592 1678 898 1752 requiesco,
932 1675 1036 1730 nisi
1066 1674 1258 1729 videro
1278 1680 1327 1726 te
1358 1667 1534 1726 citius.

372 1767 620 1825 Excedat
649 1782 910 1822 numeros
939 1773 1230 1831 astrorum,
1274 1759 1436 1826 roris,
1461 1773 1663 1822 arenas,

439 1856 645 1925 Gloria,
679 1856 809 1925 vita,
837 1855 1001 1922 salus,
1036 1861 1203 1925 atque
1229 1849 1415 1905 valere
1446 1854 1616 1903 tuum.

2481 1179 2553 1218 ΑΙ)
2575 1179 2945 1219 GOTABEBTUM
2967 1178 3248 1219 ITALICUM.

2064 1272 2186 1328 Non
2214 1271 2393 1342 magis
2425 1277 2506 1326 est
2526 1278 2654 1327 nato
2684 1270 2864 1326 laetata
2893 1271 3110 1327 Verona
3131 1267 3347 1326 Catullo

2135 1361 2355 1415 Mantua
2384 1376 2486 1416 nec
2503 1367 2712 1416 tantum
2729 1360 2851 1431 ipsa
2879 1361 3107 1415 Marone
3135 1375 3254 1427 suo,

2065 1449 2259 1507 Laetior
2287 1458 2380 1504 aut
2408 1449 2594 1503 Hellas
2621 1464 2882 1520 magnum
2912 1447 3169 1503 fundebat
3213 1449 3534 1510 Homerum,

2133 1538 2386 1594 Corduba
2405 1537 2492 1593 vel
2522 1538 2761 1593 Senecas
2783 1535 2927 1591 misit
2956 1544 3011 1592 et
3038 1536 3158 1606 ipsa
3186 1536 3346 1605 duos,

2067 1627 2244 1698 Quam
2272 1636 2344 1693 te,
2389 1627 2434 1682 si
2462 1626 2671 1691 valeas,
2705 1634 2918 1682 crescet
2947 1625 3172 1682 doctore
3201 1624 3470 1693 Ticinum,

1994 1687 2051 1748 Β
2077 1687 2117 1698 ἡ
2140 1687 2430 1772 Fortunate
2457 1731 2614 1786 puer,
2645 1687 2853 1769 ’l‘ullius
2877 1714 3016 1769 alter
3045 1713 3172 1769 eris.

2071 1805 2156 1860 Sis
2187 1803 2495 1876 quicunque
2522 1803 2664 1870 vale,
2690 1802 2775 1859 vel
2803 1802 2879 1856 sis
2911 1802 3217 1874 quicunque
3249 1801 3467 1857 futurus

2141 1892 2340 1948 Noster
2365 1891 2494 1959 eris,
2525 1891 2713 1947 valeas
2741 1890 3020 1962 poscimus
3049 1890 3105 1944 in
3131 1889 3387 1946 Domino.

958 1983 1090 2024 ITEM
1113 1983 1184 2022 AD
1215 1979 1398 2022 ιρευιί.

375 2087 552 2146 Chare
572 2085 727 2144 venis
756 2082 954 2153 subito,
989 2083 1168 2138 subito
1209 2095 1425 2152 quoque
1455 2080 1620 2134 chare
1651 2074 1886 2138 recedis,

378 2177 554 2234 Audio
581 2192 693 2232 non
713 2173 892 2240 video,
935 2172 1096 2228 video
1116 2177 1300 2224 tamen
1331 2169 1494 2234 intus,
1529 2175 1582 2222 et
1613 2165 1758 2219 intus

377 2265 694 2337 Amplector
722 2263 1022 2336 fugientem
1055 2268 1108 2315 et
1137 2273 1365 2329 corpore
1396 2272 1504 2312 non
1543 2255 1762 2326 pietate.

380 2355 574 2412 Certus
604 2352 751 2409 enim
779 2359 838 2406 ut
866 2349 1095 2415 fueram,
1130 2363 1367 2418 semper,
1399 2359 1605 2416 eroque
1636 2340 1806 2397 foveri

387 2443 565 2500 Corde
593 2450 687 2497 tuo
716 2457 824 2504 me.
850 2439 1013 2496 corde
1035 2453 1157 2494 meo
1178 2444 1248 2491 te.
1282 2436 1397 2490 Nec
1427 2433 1557 2487 mihi
1589 2440 1801 2502 tempus

384 2532 622 2589 Suadeat
651 2530 838 2596 ullum,
871 2527 1017 2583 aliud
1045 2526 1161 2593 tibi,
1196 2541 1298 2579 nec
1316 2521 1644 2594 persuadeat
1666 2511 1834 2575 ullum

389 2621 574 2678 Visere
597 2619 642 2674 si
667 2618 892 2690 poteris,
926 2624 1008 2671 sat
1039 2614 1160 2681 erit,
1181 2613 1229 2668 si
1258 2611 1445 2668 videro
1466 2617 1701 2683 gratum,

385 2709 482 2766 Sin
512 2709 664 2777 alias,
700 2705 943 2763 rescribe
965 2703 1188 2776 aliquid,
1224 2710 1314 2756 tua
1344 2699 1516 2754 tristia
1541 2697 1668 2753 novi

385 2800 560 2870 Atque
587 2796 778 2852 dolens
808 2793 1011 2859 recolo,
1044 2792 1202 2848 dolor
1231 2799 1313 2845 est
1328 2786 1606 2861 possessio
1635 2783 1843 2851 mundi,

389 2885 633 2960 Quinque
692 2899 888 2942 serena
932 2891 1111 2954 putas,
1146 2879 1322 2952 magis
1353 2879 1468 2933 haec
1491 2877 1544 2930 in
1579 2874 1762 2930 nubila
1794 2872 1978 2929 tristes

386 2975 457 3031 Et
483 2973 736 3030 tenebras
764 2971 996 3046 fugiunt,
1021 2969 1234 3026 volucri
1255 2968 1345 3040 qui
1375 2965 1576 3038 pendet
1614 2964 1668 3018 in
1703 2962 1835 3018 orbe

387 3064 544 3120 Nunc
575 3061 803 3130 scandit,
830 3042 977 3115 nunc
1008 3057 1307 3118 descendit.
1342 3063 1455 3110 rota
1478 3053 1556 3109 sic
1585 3051 1742 3107 trahit
1764 3049 1931 3106 orbis.
1954 3057 1980 3084 ⁸

2301 2020 2374 2061 AD
2397 2020 2632 2061 ΤΗΟΜΑΜ
2687 2019 3102 2062 ΡΒΞΟΕΡΤΟΚΕΠ
3127 2019 3345 2062 ΡΑιΑτιι
3363 2017 3411 2061 b.

2069 2115 2296 2170 Culmen
2325 2113 2607 2184 apostolici
2627 2112 2840 2184 coepisti
2860 2112 3094 2168 nominis
3125 2113 3304 2168 haeres

2142 2202 2368 2258 Actibus
2397 2209 2452 2257 et
2479 2201 2683 2271 verbis,
2715 2201 3088 2272 promeruisse
3118 2200 3236 2268 tibi,

2075 2291 2179 2362 Qui
2207 2290 2294 2345 bis
2325 2307 2459 2346 sena
2502 2306 2601 2345 suo
2626 2289 3117 2361 praelegitpectora
3131 2288 3276 2344 dono

2145 2379 2308 2435 Novit
2336 2378 2660 2433 Strabonem
2688 2387 2740 2434 te
2769 2378 3006 2433 retinere
3035 2376 3238 2432 animo.

2077 2468 2304 2524 Gaudeo
2335 2483 2444 2522 non
2472 2475 2674 2522 tantum
2696 2466 2882 2520 mundi
2898 2466 3046 2538 quod
3087 2479 3354 2536 prospera
3379 2463 3570 2520 rident
3592 2504 3611 2532 ,

2147 2555 2424 2636 Quantum
2449 2555 2596 2626 quod
2621 2555 2831 2612 cunctis
2855 2570 2957 2624 pro
2987 2553 3227 2610 bonitate
3257 2552 3468 2623 places.

2076 2645 2192 2702 Hoc
2219 2659 2510 2700 commune
2537 2644 2698 2699 malis
2725 2643 2846 2700 ﬁeri
2868 2643 3000 2714 quia
3027 2659 3174 2714 saepe
3204 2641 3458 2699 videmus

2149 2733 2289 2789 Illud
2317 2734 2519 2790 habent
2547 2733 2669 2800 soli,
2702 2732 2796 2805 qui
2822 2733 3078 2803 placuere
3113 2733 3249 2788 Deo.

2078 2823 2200 2878 Non
2233 2823 2324 2878 dat
2353 2823 2528 2877 honor
2561 2822 2833 2887 meritum,
2866 2820 3077 2877 meritis
3106 2821 3204 2876 sed
3232 2819 3480 2876 redditus
3529 2818 3690 2892 ipse,

2147 2911 2264 2968 Nec
2293 2912 2535 2982 peritura
2562 2909 2733 2981 ligant
2762 2917 2989 2981 pectora
3017 2909 3178 2980 plena
3207 2911 3344 2965 Deo.

2080 3002 2147 3058 Ut
2174 2999 2308 3065 sale,
2342 3015 2490 3068 rore,
2513 2999 2712 3054 ducum
2743 2997 2915 3065 facie;
2940 3014 3088 3065 caro,
3113 2997 3382 3069 gramina,
3416 2996 3594 3067 bella,

2146 3089 2270 3144 Non
2299 3087 2416 3142 ine
2437 3087 2561 3142 labe
2590 3093 2794 3153 carent,
2829 3085 2908 3142 sic
2939 3101 3042 3158 ego
3074 3093 3152 3152 te,
3181 3084 3327 3140 alme
3360 3093 3550 3156 pater,

802 3190 877 3232 AD
905 3188 1222 3231 LUDOVICUM
1241 3183 1533 3225 GLERICUM-
2077 3178 2139 3231 In
2167 3177 2401 3232 Domino
2431 3176 2546 3231 sine
2578 3174 2684 3230 fine
2713 3175 2853 3244 vale,
2889 3175 3171 3247 nostrique
3198 3182 3474 3230 memento

391 3286 509 3354 Cui,
541 3281 834 3349 Ludovice,
875 3279 952 3334 tui
977 3277 1193 3335 donasti
1221 3292 1420 3331 munus
1443 3273 1648 3330 amoris
2147 3265 2319 3322 Unius
2347 3265 2619 3338 siquidem
2637 3250 2885 3319 membra
2911 3279 3099 3319 sumus
3129 3262 3339 3335 capitis.

463 3373 594 3428 Hac
611 3371 710 3426 tibi
730 3369 821 3426 dat
846 3367 1042 3423 Strabo
1072 3366 1236 3422 verba
1265 3364 1470 3430 salutis,
1503 3378 1626 3418 ave.
2505 3397 2580 3438 ιω
2609 3396 2914 3437 conum,“
2943 3395 3210 3438 com-rm,

397 3461 594 3516 Vestra
621 3459 748 3515 licet
767 3457 928 3514 vilem
956 3455 1082 3512 fecit
1107 3453 1395 3525 promissio
1425 3458 1628 3507 memet

463 3547 723 3604 Versibus
752 3545 957 3602 audere
987 3559 1084 3600 vos
1111 3543 1388 3598 monuisse
1408 3540 1567 3596 meis.

391 3637 532 3694 Nam
561 3635 808 3709 quamvis
834 3649 1064 3706 magnos
1091 3632 1277 3688 mundi
1303 3629 1535 3686 teneatis
1562 3628 1820 3684 honores.

459 3725 584 3782 Non
612 3741 711 3780 vos
739 3724 905 3780 credo
933 3729 1117 3778 tamen
1136 3735 1399 3792 spernere
1425 3734 1526 3774 nos
1554 3715 1826 3771 minimos.

391 3811 621 3872 Divitias
647 3829 760 3870 non
777 3812 902 3868 dico
932 3811 1232 3875 hominum,
1264 3809 1392 3863 dum
1423 3822 1658 3878 spesque
1685 3803 1929 3877 fidesque

461 3901 734 3972 Amerint,
767 3901 918 3957 solus
945 3909 1056 3955 tum
1085 3896 1366 3970 superabit
1390 3911 1562 3951 amor.

389 3992 516 4050 Non
543 3992 731 4058 vestis,
763 4006 874 4047 non
893 3989 1005 4045 ulla
1035 3987 1155 4044 fero
1180 3986 1282 4042 tibi
1297 3987 1442 4041 dona
1465 3981 1671 4040 metalli

457 4079 588 4138 Solo
617 4079 823 4135 servire
853 4093 1040 4150 quaero
1071 4077 1125 4132 in
1140 4091 1325 4131 amore
1354 4074 1471 4129 tibi.

391 4171 558 4227 Totus
588 4169 736 4226 enim
767 4183 955 4232 sensu,
989 4167 1182 4231 verbo,
1214 4163 1480 4234 factisque
1509 4160 1736 4216 studebo

455 4257 761 4316 Pomissum
791 4255 1002 4312 tibimet
1031 4253 1270 4310 reddere
1290 4251 1494 4308 amoris
1515 4266 1654 4322 Opus
1689 4267 1704 4304 :

387 4348 522 4405 Esto
541 4362 754 4403 memor
778 4343 1061 4411 memoris,
1093 4343 1434 4412 Dominoque
1463 4339 1678 4394 favente
1708 4336 1906 4404 valeto,

453 4436 556 4494 Tot
581 4436 725 4493 bona
749 4433 1080 4507 percipiens,
1106 4438 1236 4503 quot
1266 4429 1536 4486 meruisse
1557 4437 1641 4484 sat
1662 4435 1764 4483 est.

2077 3492 2160 3548 EX
2188 3515 2295 3572 quo
2323 3498 2636 3571 percipiens
2657 3497 3146 3569 vestraprteconia
3175 3495 3336 3552 fama

2149 3589 2220 3644 Et
2247 3587 2445 3645 crebra
2475 3596 2530 3644 et
2557 3604 2707 3654 vera,
2740 3588 2882 3643 hanc
2909 3586 3123 3642 ratione
3153 3584 3288 3641 bibi.

2081 3676 2342 3734 Obscuris
2369 3677 2496 3734 licet
2521 3677 2765 3747 ingenio,
2788 3675 3063 3731 natalibus
3093 3683 3275 3747 atque,

2149 3766 2506 3839 Congaudere
2535 3765 2740 3831 animo,
2775 3764 3029 3822 laudibus
3060 3763 3146 3820 his
3171 3760 3377 3819 studui.

2077 3854 2305 3928 Egimus
2319 3856 2442 3924 hoc,
2473 3854 2685 3928 agimus
2715 3869 2860 3911 nunc
2907 3853 3108 3925 ipsum,
3141 3866 3362 3926 semper
3413 3864 3678 3926 agemus,

2147 3945 2288 4000 Dum
2314 3943 2491 4000 vitalis
2520 3943 2628 4000 alet
2645 3951 2870 4014 pectora
2897 3949 3084 3999 nostra
3113 3941 3287 3999 calor.

2082 4032 2356 4105 Quidquid
2398 4031 2542 4089 enim
2572 4048 2798 4104 possum
2830 4031 2990 4101 facto,
3022 4045 3207 4103 prece,
3236 4029 3426 4095 corde,
3459 4026 3692 4104 ﬁdeque

2150 4121 2267 4178 Hoc
2293 4128 2462 4176 totum
2485 4128 2665 4177 vestro
2696 4119 2950 4190 mancipo
2980 4119 3204 4176 servitio

2079 4211 2150 4267 Et
2176 4209 2223 4264 si
2250 4225 2360 4268 non
2387 4207 2550 4265 fuerit
2574 4225 2823 4276 vacuum,
2849 4207 3145 4280 praesentia
3176 4223 3282 4280 quo
3303 4223 3394 4264 me

2150 4298 2348 4354 Vestra
2377 4297 2592 4364 hilaret,
2624 4305 2806 4354 mente
2832 4313 2930 4354 vos
2958 4305 3141 4352 tamen
3171 4295 3408 4353 intueor.

2006 4400 2060 4464 D
2080 4387 2288 4445 Vilibus
2319 4386 2568 4458 experiar
2595 4385 2775 4452 dictis,
2797 4385 3028 4442 liceatne
3060 4383 3262 4441 volenti

2155 4476 2292 4532 Hinc
2322 4475 2452 4530 mihi
2484 4475 2643 4546 plura
2676 4474 2849 4530 sacris
2875 4473 3100 4530 credere
3138 4473 3284 4529 dicta
3311 4471 3471 4529 velis.

759 4575 833 4616 AD
862 4573 1127 4616 DODONEM
1156 4569 1613 4612 HYPODIACONUM.

2083 4567 2224 4622 Nam
2253 4565 2378 4620 data
2402 4563 2448 4620 si
2485 4562 2646 4619 fuerit
2674 4564 2896 4619 tandem
2926 4560 3129 4618 ﬁducia
3153 4560 3305 4618 fandi

384 4679 516 4739 Haec
542 4677 643 4734 tibi
672 4677 764 4733 dat
794 4675 1008 4743 Strabo,
1042 4672 1357 4732 charissime
1377 4672 1535 4744 pusio
1563 4669 1733 4736 Bodo,
2156 4655 2266 4744 Y9}
2295 4669 2464 4744 ptines
2491 4652 2637 4744 halld
2665 4661 2791 4744 apto
2823 4661 3068 4723 tempore
3092 4658 3272 4705 mutus
3294 4664 3411 4706 ero.

456 4767 692 4825 Paucula
717 4781 890 4838 parva
912 4740 1039 4820 licet
1067 4762 1236 4820 verba
1263 4740 1503 4835 legenda
1529 4769 1670 4814 tuus.

2082 4740 2392 4799 Nobilitatis
2408 4740 2867 4813 apex,hominum
2904 4748 3060 4812 pater
3098 4755 3240 4794 unus
3270 4745 3323 4794 et
3367 4752 3479 4794 una

390 4856 567 4928 Quem
594 4826 811 4913 fervore
841 4853 961 4926 pari
989 4851 1195 4907 dudum
1224 4826 1510 4905 deﬁirimus
1538 4847 1706 4914 arvis,
2086 4829 2493 4928 ___P8uperibus
2520 4843 2782 4900 proceres
2814 4828 3126 4885 conditione
3151 4826 3333 4900 ligans

460 4946 736 5010 Surculus,
759 4943 826 5000 ad
841 4915 1084 5014 Osuperos
1114 4940 1342 5012 prodeat
1371 4938 1462 4993 ille
1493 4938 1687 4993 Notos.

2086 4920 2570 4986 Virtutem,vitam,
2597 4932 2897 4990 pacemque
2927 4918 2982 4972 in
3013 4915 3216 4973 saecula
3247 4922 3488 4972 vestram

393 5035 535 5091 Pura
561 5049 660 5103 per
697 5005 948 5089 assiduos
978 5005 1172 5104 surgat
1212 5028 1432 5084 dilectio
1469 5034 1669 5095 motus,

2155 5007 2481 5082 Ampliﬁcet,
2512 5007 2712 5076 firmet,
2746 5005 3087 5078 multiplicat,
3130 5005 3334 5063 foveat.

462 5123 650 5176 Donec
679 5119 835 5176 ﬁrma
863 5121 1038 5192 polos,
1072 5126 1330 5191 astraque
1361 5116 1509 5171 adire
1534 5121 1714 5186 queat.
2543 5121 2618 5163 an
2644 5117 3020 5161 amnsme
3051 5117 3275 5159 manu.

389 5209 479 5268 Sis
531 5223 740 5264 memor
767 5208 822 5262 in
847 5209 1121 5281 precibus,
1152 5207 1340 5264 reddis
1388 5206 1517 5261 dum
1559 5211 1685 5261 vota
1758 5200 1985 5259 Tonanti
2084 5207 2168 5263 Ex
2187 5219 2294 5280 quo
2321 5204 2467 5262 fama
2496 5203 2572 5261 tui
2588 5203 2866 5262 celebrem
2891 5201 3024 5261 mihi
3041 5201 3278 5259 nominis
3306 5215 3497 5257 auram

445 5414 466 5440 ι
489 5404 686 5457 Mallem
702 5401 889 5452 orbem.
915 5401 1120 5458 Hanck.,
1148 5404 1251 5451 not.
1277 5413 1372 5450 ms.
1964 5431 1967 5433 -
2086 5401 2482 5462 Fueruntigitur
2493 5403 2835 5462 praceptores
2860 5397 3017 5450 iidem
3041 5409 3097 5448 ac
3118 5397 3331 5455 comites
3353 5393 3526 5457 palatii
3565 5403 3691 5446 veno

443 5487 474 5527 ι)
504 5476 626 5537 Quis
645 5475 713 5524 sit
731 5473 1012 5534 praeceptor
1039 5474 1211 5529 Palatii
1233 5474 1450 5530 explicat
1479 5472 1603 5520 alibi
1654 5471 1982 5519 Walafridus:
2087 5474 2295 5522 tllandis
2326 5473 2493 5521 causis
2521 5472 2760 5520 civilibus
2788 5472 3074 5521 demandati
3113 5481 3142 5519 ι
3162 5469 3406 5528 principe.
3456 5470 3603 5534 Basia

394 5564 417 5589 ι
450 5527 913 5603 οιῖθωδᾱωόάιιωξ
937 5527 1126 5600 inquit,
1152 5542 1270 5586 sunt
1297 5527 1360 5586 in
1395 5540 1600 5598 palatiis
1648 5541 1985 5596 praeceptores
3525 5527 3532 5534 ’
3655 5528 3664 5533 “

393 5616 478 5666 vel
505 5614 720 5672 comites
742 5613 911 5676 palatii
928 5611 1014 5670 qui
1057 5610 1380 5663 scecularium
1400 5622 1579 5662 causas
1597 5610 1861 5658 ventilant.
1893 5624 1914 5651 ›
