3996 6184
305 247 435 301 11οί

304 367 513 437 Attulit,
542 374 597 424 et
624 366 753 425 fidei
783 367 969 433 robur,
1004 383 1296 438 rerumque
1334 375 1552 424 tuarum

308 457 558 530 Cognovi
586 456 803 525 seriem,
836 471 1040 529 magno
1071 465 1123 511 te
1151 472 1355 527 pronus
1385 471 1573 514 amore

306 546 680 617 Amplectens,
705 545 826 618 jugi
852 561 1070 602 mecum
1116 545 1418 605 venerabar
1463 545 1691 605 honore.

304 634 374 689 Et
403 634 533 708 quia
562 633 847 707 quaesitum
868 633 1044 688 merui
1074 649 1413 704 cognoscere
1438 633 1660 687 tandem

304 721 483 778 Crevit
511 736 685 786 amor,
721 729 921 793 quanto
952 722 1177 793 propius
1207 720 1295 792 pia
1325 722 1474 776 notio
1540 720 1725 776 crevit.

307 810 444 879 Quis
472 810 783 865 numerabit
815 810 981 873 enim,
1015 818 1247 881 quantos
1271 825 1522 880 persaepe
1552 809 1772 881 labores

308 908 604 963 Sustuleris
628 909 658 963 τ’
686 906 1012 979 quantisque
1041 915 1211 972 tuam,
1244 907 1547 974 Rodberne,
1579 905 1803 977 periclis

309 1005 619 1061 Credideris
647 1005 812 1061 vitam
841 1004 1184 1060 dominorum
1214 1005 1407 1058 damna
1438 1003 1710 1077 gemendo
1738 1004 1768 1057 2

282 1101 448 1167 Dum
479 1099 631 1154 fraus
663 1115 806 1155 saeva
844 1099 993 1170 pium
1022 1107 1295 1169 premeret
1344 1098 1448 1153 sibi
1492 1098 1655 1153 noxia
1701 1114 1906 1173 regem.

310 1188 685 1260 Reginamque
703 1188 979 1253 humilem,
1006 1186 1263 1259 Ligurum
1311 1186 1597 1242 clausisset
1633 1186 1689 1240 in
1719 1187 1910 1241 urbem

309 1279 371 1333 in
396 1276 648 1333 manibus
667 1276 895 1347 posuisti
925 1275 1181 1343 animam,
1216 1291 1317 1330 nec
1349 1275 1557 1347 grande
1604 1274 1833 1346 putabas

305 1375 538 1431 Exilium
568 1389 836 1446 citatisque
866 1373 940 1431 tui
966 1372 1298 1435 discrimina,
1332 1373 1379 1431 si
1410 1389 1570 1446 quem

309 1462 485 1518 Moliri
511 1478 708 1534 posses
732 1461 871 1535 juris
901 1476 1003 1531 pro
1055 1473 1208 1537 parte
1283 1460 1549 1533 vigorem.

312 1550 540 1620 Quando
562 1551 761 1606 horum
787 1556 941 1605 cauta
970 1564 1184 1604 mecum
1216 1547 1316 1602 sub
1345 1555 1525 1603 mente
1550 1547 1809 1603 recordor

311 1639 500 1705 Miror,
533 1647 585 1693 et
609 1637 667 1692 in
698 1637 972 1709 lacrymas
1001 1645 1273 1692 commoto
1303 1644 1526 1707 pectore
1559 1635 1767 1703 solvor,

304 1728 375 1783 Et
402 1736 667 1800 quantum
694 1726 920 1797 accipio,
952 1724 1170 1786 Domini
1186 1723 1391 1783 solatia
1420 1724 1566 1779 vires

309 1817 416 1872 Has
445 1815 700 1870 tribuisse
728 1814 842 1884 tibi,
876 1822 1026 1868 certo
1054 1828 1154 1885 pro
1181 1828 1410 1868 munere
1441 1813 1626 1869 credo.

319 1905 439 1961 Heu
469 1903 666 1975 quibus
697 1901 928 1969 insidiis,
960 1901 1261 1957 arctissima
1293 1910 1447 1972 septa
1494 1901 1703 1956 viarum

304 1992 531 2064 Alpibus
560 1991 616 2046 in
646 1990 840 2046 mediis
870 1990 1043 2046 solers
1073 1989 1325 2046 custodia
1357 1989 1523 2045 cinxit
1578 1988 1591 2043 l

309 2080 522 2151 Quanta
550 2096 652 2151 per
682 2079 937 2153 ingentes
994 2078 1281 2137 ﬂuviorum
1317 2078 1571 2151 angustia
1616 2094 1809 2135 cursus

309 2168 540 2240 Terruit,
574 2177 626 2224 et
654 2176 904 2242 quotiens
934 2167 1203 2241 trepidum
1232 2175 1458 2225 tenuere
1517 2166 1766 2232 latebrae,

309 2257 603 2330 Pauperies
630 2258 844 2328 pressit,
878 2272 1125 2327 praesens
1153 2263 1348 2322 metus,
1384 2255 1564 2310 omnia
1609 2255 1766 2323 dura,

308 2347 528 2402 Nullum
558 2354 770 2417 tempus
799 2352 911 2401 erat
942 2360 1137 2399 securo
1162 2360 1391 2399 munere
1422 2343 1664 2418 plenum,

307 2437 427 2491 Nox
456 2435 691 2490 obscura
720 2433 883 2500 diem,
917 2440 1132 2489 noctem
1161 2433 1259 2487 lux
1286 2431 1405 2504 ipsa
1434 2432 1653 2487 timebat
1682 2450 1697 2491 :
1736 2454 1743 2457 ·

307 2523 471 2580 Nulla
499 2524 662 2579 domo
689 2537 951 2593 campove
982 2520 1158 2592 quies,
1194 2521 1355 2575 timor
1383 2520 1621 2592 undique
1668 2518 1908 2590 pulsans.

311 2613 439 2670 Sola
469 2610 605 2667 fides
634 2612 871 2682 rectique
903 2609 1007 2664 sibi
1036 2625 1192 2665 mens
1222 2609 1443 2664 conscia
1494 2616 1698 2663 tantum

305 2701 491 2763 Suasit
513 2714 669 2773 opus.
699 2698 990 2775 docuitque
1022 2697 1254 2770 aliquam
1286 2713 1507 2767 sperare
1549 2696 1801 2756 salutem.

313 2791 527 2846 Caetera
556 2788 653 2843 sed
684 2786 850 2847 nimio
882 2795 1096 2845 terrore
1126 2784 1333 2859 pericla
1364 2783 1563 2842 furenti

310 2877 541 2933 Saevitiae
569 2892 788 2937 cessere
817 2874 1134 2941 hominum;
1167 2890 1270 2946 qua
1300 2889 1445 2943 saepe
1475 2880 1698 2931 coactus

312 2965 669 3023 Commutasti
694 2964 936 3025 habitum
968 2961 1262 3033 famulique
1294 2961 1412 3019 vice
1439 2970 1566 3033 apta
1593 2978 1694 3035 per
1734 2969 1907 3021 artem

309 3053 544 3110 Servitia
569 3052 797 3123 explesti
826 3051 1075 3121 supplex,
1108 3058 1164 3115 et
1191 3049 1337 3103 mille
1359 3050 1589 3122 gerebas

308 3142 548 3215 [ngeniis
578 3142 723 3213 quod
744 3139 1017 3211 praecipua
1044 3138 1239 3193 virtute
1270 3136 1525 3208 nequires
1552 3156 1565 3202 ;

309 3231 416 3286 Sed
446 3246 601 3285 mens
632 3229 793 3299 plena
821 3226 928 3281 iide
954 3226 1102 3281 nullo
1131 3224 1348 3283 defessa
1384 3225 1572 3279 labore

305 3321 429 3375 Non
460 3326 585 3374 ante
613 3324 970 3387 assumptum,
1004 3314 1129 3386 quia
1157 3314 1267 3368 vim
1306 3312 1608 3368 formidinis
1653 3328 1798 3366 unus

306 3407 578 3472 Deseruit,
608 3406 920 3476 requiemve
950 3403 1154 3469 habuit,
1207 3416 1371 3474 quam
1408 3401 1579 3472 prima
1623 3408 1900 3470 potentum

306 3497 482 3553 Corda
510 3510 612 3566 per
640 3492 963 3564 Hesperiam
992 3491 1209 3562 scriptis
1239 3490 1517 3561 verboque
1544 3488 1729 3559 coegit

1108 232 1111 235 ’
1216 242 1487 299 VERSUS
1537 242 1607 296 IN
1638 236 2079 310 AQUISGRANI
2107 240 2405 296 PALATIO
2434 240 2642 297 EDITI.

3430 296 3442 305 .
3477 243 3617 306 itm

1938 365 1993 426 A
2013 364 2359 423 Concordare
2390 365 2513 436 sibi,
2546 364 2738 423 reddet
2768 363 2864 426 tibi
2891 364 3117 439 prtemia
3152 380 3280 429 vera

2010 453 2165 507 Haud
2198 454 2373 511 dubiae
2402 452 2548 523 ﬁdei,
2583 469 2705 525 quae
2734 469 2843 511 non
2870 469 2995 517 cum
3020 451 3185 519 lands
3233 452 3464 527 volantis

2008 553 2289 622 Temporis
2319 551 2609 616 intereant,
2643 551 2743 607 sed
2769 551 2826 605 in
2873 550 3058 611 omnia
3079 549 3241 613 saecla
3276 550 3604 616 redundent.

2010 641 2136 695 Haec
2166 646 2323 694 aetate
2354 640 2576 711 quidem
2613 638 2850 697 invalida
2895 638 3024 699 dum
3092 646 3341 712 tempora
3367 637 3608 700 nendum

2007 728 2157 782 Pube
2187 743 2288 782 sua
2317 728 2516 783 teneris
2544 728 2805 783 ﬂorerent
2835 727 3002 789 tincta
3028 727 3133 789 sub
3195 726 3356 789 anuis

2007 816 2214 871 Emula
2243 823 2556 887 paupertas,
2587 815 2715 875 dum
2743 816 2972 888 grandia
3002 814 3138 879 facta
3187 823 3395 879 vetaret

2010 906 2069 958 In
2097 905 2360 975 probitate
2390 921 2507 969 sua,
2540 912 2707 961 temet
2738 904 2980 974 potuisse
3011 904 3283 969 volentem

2009 991 2283 1058 Miramur,
2318 1008 2440 1063 quae
2466 1007 2628 1062 posse
2653 991 2802 1049 dedit
2830 992 2976 1053 Deus
3005 991 3199 1053 ordine
3257 999 3427 1057 certe.

2008 1081 2157 1151 Ergo
2187 1081 2310 1152 quis
2340 1080 2394 1134 in
2424 1081 2693 1151 reliquum
2723 1080 2793 1137 de
2820 1087 2872 1137 te
2902 1079 3151 1141 dubitare
3163 1079 3371 1145 sinetur

2009 1167 2285 1236 Quantum
2314 1184 2414 1239 pro
2442 1168 2697 1235 dominis,
2732 1175 2992 1239 quantum
3022 1184 3121 1240 pro
3146 1168 3273 1242 jure
3318 1167 3537 1242 ﬁdeque

2012 1257 2068 1311 Si
2096 1256 2247 1312 locus
2276 1256 2491 1313 atiuerit
2521 1257 2736 1324 melior,
2770 1257 3056 1328 majorque
3087 1256 3323 1321 facaitas

2011 1345 2295 1400 Desudare
2325 1345 2461 1400 velis
2480 1346 2507 1400 ‘l
2536 1345 2628 1416 qui
2657 1344 2832 1415 prima
2862 1344 3210 1411 incommoda
3265 1345 3394 1412 forti

2012 1432 2320 1489 Sustinuisti
2349 1432 2552 1499 animo,
2587 1433 2752 1489 rebus
2780 1448 2890 1492 non
2920 1433 3093 1494 victus
3139 1434 3359 1509 amaris,

2012 1521 2285 1593 Spemque
2315 1530 2626 1592 metumque
2656 1522 2800 1577 inter
2829 1521 2997 1579 dubio
3028 1522 3342 1587 discriminc
3362 1525 3610 1598 pendens

2012 1612 2151 1665 Ante
2180 1610 2369 1666 oculos
2398 1611 2535 1665 duro
2566 1610 2831 1665 versabas
2858 1611 3099 1681 pondere
3140 1620 3392 1667 mortem.

1941 1718 1995 1778 Β
2016 1699 2165 1770 Ergo
2194 1714 2316 1771 age,
2348 1697 2688 1753 fer—Domino
2715 1706 2921 1770 grates,
2953 1707 3006 1753 et
3033 1714 3259 1756 numera
3286 1700 3506 1757 laudum

1939 3069 1989 3131 Ο

2015 1786 2391 1858 Justitiamque
2420 1787 2581 1845 simul
2623 1786 2962 1845 dominorum
3006 1788 3225 1845 attende
3286 1797 3611 1856 merentum,

2016 1875 2211 1929 Tristia
2243 1875 2518 1941 deserere,
2554 1890 2742 1929 rursus
2769 1874 2825 1928 in
2869 1875 2991 1930 ista
3017 1876 3216 1943 redire,

2015 1963 2154 2017 Nam
2182 1962 2274 2035 qui
2301 1972 2415 2017 erat
2443 1972 2639 2018 moesto
2658 1970 2769 2017 tam
2798 1963 3147 2034 desparsbila
3203 1980 3397 2038 regno,

2017 2050 2194 2120 Quam
2223 2066 2322 2106 sua
2352 2051 2614 2122 depositis
2643 2050 2834 2109 iterato
2863 2064 3028 2122 posse
3073 2052 3260 2109 venire

2015 2141 2258 2212 Sceptra,
2294 2148 2605 2211 statumque
2636 2140 2762 2199 illos
2790 2140 3020 2210 adipisci
3048 2156 3214 2211 posse
3234 2142 3503 2213 priorem?

2015 2229 2124 2285 Sed
2152 2230 2299 2284 Deus
2327 2229 2521 2285 occulti
2545 2228 2730 2297 judex,
2764 2237 2925 2299 atque
2954 2229 3158 2285 arbiter
3184 2246 3394 2302 equus,

2016 2318 2128 2372 Hos
2157 2316 2388 2388 illosque
2420 2332 2514 2371 sua
2538 2316 2676 2387 juvit
2706 2316 2904 2371 virtute
2938 2315 3150 2384 ﬁdeles,

2014 2405 2236 2469 Laetare,
2269 2404 2473 2459 exsulta
2504 2420 2737 2461 mecum.
2767 2406 2907 2461 Nam
2935 2405 3153 2477 gaudeo
3195 2413 3396 2475 tecum,

2008 2494 2124 2549 Hoc
2153 2493 2279 2564 quia
2306 2492 2568 2567 compleri
2597 2500 2650 2551 et
2676 2492 3007 2567 completum
3036 2502 3193 2573 parte
3222 2494 3520 2565 videmus,

2014 2582 2135 2652 Ipse
2167 2581 2311 2653 quod
2342 2581 2543 2654 optavi.
2575 2580 2861 2657 saltimque
2890 2581 3081 2637 audire
3127 2582 3324 2657 cupivi,

2014 2668 2281 2745 Quodque
2311 2686 2410 2743 per
2438 2669 2716 2745 ingentem
2751 2670 2991 2747 quaesisti
3021 2670 3123 2726 rite
3154 2670 3397 2728 laborem

2013 2758 2164 2814 Felix
2190 2757 2513 2833 participem
2542 2758 2632 2830 qui
2663 2774 2723 2812 se
2752 2758 3037 2831 cognoscit
3077 2759 3291 2821 honesti

2012 2847 2081 2901 Et
2111 2854 2418 2905 consortem
2449 2846 2650 2919 cperis,
2687 2854 2943 2921 quantum
2977 2845 3079 2901 sibi
3107 2846 3359 2909 conscius
3413 2847 3504 2907 ille

2011 2932 2257 3017 Perfidize
2283 2933 2511 2992 confusa
2540 2933 2720 3009 globis
2749 2950 2850 3013 per
2879 2943 3105 3011 pectora
3132 2935 3278 2993 tabet
3307 2955 3322 3011 ε

2012 3023 2259 3093 Tantum,
2293 3022 2383 3082 vel
2411 3021 2591 3099 potius
2622 3023 2790 3083 multo
2819 3023 3019 3101 magis,
3053 3023 3233 3078 omnia
3282 3039 3470 3086 secum

2013 3111 2231 3167 Laetitiae
2260 3110 2495 3167 fomenta
2524 3110 2776 3180 habeant,
2810 3111 2901 3183 qui
2928 3109 3038 3165 iida
3081 3120 3360 3175 reservant

2010 3199 2181 3255 Corda
2213 3200 2326 3254 suis
2354 3198 2589 3253 dominis
2617 3214 2884 3272 casusque
2912 3197 3112 3258 invicta
3156 3216 3254 3277 per
3282 3216 3492 3258 omnes.

2005 3287 2125 3341 Jam
2156 3287 2346 3342 videor
2373 3287 2600 3342 nimium
2630 3285 2859 3342 fortasse
2887 3285 3204 3363 loquacibus
3264 3305 3396 3349 usus

2004 3374 2367 3442 Hexametris,
2397 3374 2529 3429 dum
2559 3391 2757 3447 magna
2784 3391 2936 3429 meos
2972 3375 3211 3435 extendit
3242 3392 3459 3437 amores

2005 3462 2272 3528 Materies,
2308 3462 2650 3532 breviterque
2682 3462 2848 3531 pudet
2875 3462 3097 3528 dixisse,
3129 3464 3276 3535 quod
3317 3466 3428 3523 alto

307 3549 643 3656 Sacrilegum
673 3549 931 3654 genuisse
960 3549 1119 3635 nefas
1132 3597 1148 3647 ;
1179 3578 1266 3634 his
1291 3549 1489 3635 deinde
1515 3549 1799 3648 peractum
1818 3583 1904 3631 est

2006 3550 2083 3605 Sit
2110 3550 2335 3623 dignum
2365 3549 2606 3621 ingenio,
2638 3549 2977 3621 dignumque
3005 3560 3256 3619 poemate
3304 3553 3490 3629 longe.

306 3671 577 3738 Consiliis,
607 3679 665 3725 ut
710 3669 859 3729 fessa
901 3668 995 3727 diu
1041 3676 1096 3727 et
1132 3682 1451 3738 compressa
1489 3665 1758 3720 malorum

306 3759 646 3818 Ponderibus
675 3758 883 3829 regina,
918 3755 1048 3812 feris
1074 3756 1275 3811 educta
1304 3754 1548 3810 tenebris

303 3851 428 3906 Non
455 3848 573 3909 sine
602 3848 809 3903 honore
842 3844 1017 3911 foret;
1052 3844 1374 3914 tandemque
1403 3841 1666 3906 occultus,
1715 3848 1766 3895 et
1786 3848 1900 3895 arte

306 3940 450 3995 Usus
477 3936 810 4003 adumbrata,
843 3932 1037 3989 venisti
1066 3940 1117 3988 et
1147 3931 1325 3988 dulcia
1362 3946 1547 3986 coram

306 4025 619 4097 Suscipiens
646 4023 901 4079 mandata
929 4022 1019 4097 pio
1048 4022 1196 4078 celer
1221 4020 1339 4095 ipse
1368 4020 1652 4091 libensque

307 4114 526 4181 Caesari,
561 4122 613 4169 et
640 4111 908 4182 adjunctis
952 4110 1176 4182 portasti
1218 4109 1427 4181 primus
1475 4107 1685 4164 amicis.

305 4205 419 4260 Nec
444 4203 625 4258 minus
649 4201 779 4256 illud
811 4200 913 4256 iter
941 4199 1181 4255 recidivo
1231 4200 1458 4253 horrore
1505 4196 1796 4251 molestum

308 4292 633 4363 Insidiisque
665 4289 916 4360 dolisque
944 4287 1043 4342 tibi
1072 4286 1168 4342 fuit
1199 4286 1438 4356 undique
1467 4284 1694 4356 plenum

306 4382 608 4438 Cumanum
636 4378 851 4451 quando
881 4386 1027 4433 arcta
1054 4376 1231 4432 lacum
1261 4374 1507 4431 custodia
1538 4373 1658 4428 nisa
1715 4381 1797 4428 est

304 4469 656 4526 Praeclusisse
684 4466 818 4537 tibi;
844 4465 1060 4522 Domini
1091 4464 1188 4520 sed
1217 4465 1405 4519 dextra
1453 4461 1725 4519 secundos

307 4559 607 4615 Immittens
635 4564 826 4613 ventos
852 4555 1072 4610 inimico
1100 4570 1130 4608 a
1158 4552 1337 4609 littore
1382 4552 1545 4607 vexit.

304 4648 515 4704 Rursus
544 4647 598 4702 in
628 4644 811 4711 aeriis,
847 4643 1053 4700 nivium
1084 4643 1164 4697 vis
1196 4641 1421 4713 Alpibus
1455 4641 1589 4695 altas

308 4743 455 4801 Fecit
482 4744 682 4800 habere
712 4758 907 4807 moras,
942 4741 1148 4813 requiei
1178 4738 1469 4794 inamabile
1520 4746 1757 4809 tempus,

306 4833 419 4887 llas
449 4848 662 4907 quoque
691 4832 970 4889 decutiens
1003 4829 1194 4885 studiis
1220 4829 1461 4897 injuncta
1504 4826 1761 4899 benignis

302 4922 519 4987 Nuntia,
544 4920 775 4978 sollicito
804 4919 1031 4975 retulisti
1063 4935 1127 4973 ex
1153 4917 1343 4973 ordine
1401 4916 1543 4986 regi,

305 5019 404 5076 His
432 5019 526 5074 tibi
555 5035 656 5093 pro
686 5017 865 5076 causis
895 5026 948 5073 et
977 5025 1090 5072 tam
1118 5015 1367 5071 felicibus
1417 5014 1654 5089 inquam.

304 5118 546 5175 Ausibus
575 5117 668 5172 ille
693 5116 859 5171 redux
890 5131 988 5170 rex
1020 5114 1214 5187 regina
1261 5112 1442 5167 soluta

305 5215 378 5277 Et
406 5213 587 5271 cuncti
614 5212 819 5286 pariter
846 5212 1009 5285 plena
1038 5211 1239 5282 pietate
1270 5208 1479 5279 fideles,

306 5311 487 5370 Altius
515 5310 792 5370 ascribent
817 5309 1011 5367 laudes
1039 5316 1091 5364 et
1120 5324 1321 5365 nomen
1350 5307 1658 5373 honestum,

304 5410 542 5486 Insuper
568 5408 926 5486 Omnipotens
950 5407 1137 5464 statuit
1165 5406 1255 5479 qui
1277 5405 1402 5476 jurs
1428 5402 1701 5481 ﬁdemque

310 5506 420 5577 Qui
448 5506 701 5563 dominos
730 5504 1066 5578 famulosque
1096 5520 1200 5560 una
1227 5503 1407 5567 radice
1451 5509 1663 5563 creatos

306 5605 437 5660 Non
466 5620 618 5675 aequa
649 5602 850 5660 ditione
880 5602 1022 5669 facit,
1057 5600 1155 5658 sed
1185 5616 1369 5656 amore
1418 5607 1468 5654 et
1518 5599 1725 5654 honore

1931 4420 1988 4481 D

2002 3638 2103 3693 Dat
2131 3637 2316 3694 decies
2347 3637 2519 3694 denos
2548 3636 2671 3693 vilis
2702 3636 2799 3696 tibi
2824 3636 3060 3710 denique
3089 3653 3281 3705 versus

2004 3726 2217 3795 Strabo,
2252 3740 2449 3797 rogans
2480 3724 2641 3781 solito
2667 3732 2725 3782 ut
2753 3732 2934 3785 tecum
2961 3724 3240 3787 meditaris
3277 3743 3460 3791 amore

2001 3816 2158 3870 Jussa
2187 3814 2309 3881 Dei,
2341 3814 2636 3885 vilicusque
2664 3812 2827 3873 simul
2854 3829 2953 3887 per
2980 3813 3181 3880 secula
3206 3824 3420 3883 cum.

2524 3992 2531 3998 ‘
2558 3978 2631 4025 AD
2660 3978 3019 4023 ADALHEIDAM
3028 4005 3038 4021 .

2146 4094 2202 4150 Si
2232 4096 2379 4167 quod
2409 4095 2556 4152 mille
2585 4105 2741 4155 sonat
2777 4096 3102 4157 reistionum

2145 4184 2527 4240 Assertoribus
2556 4192 2748 4256 estque
2788 4185 3030 4243 veritatis

2146 4272 2404 4328 Ubertate
2431 4280 2628 4342 ratum,
2663 4280 2848 4330 tacere
2876 4274 3043 4341 nitar,

2152 4361 2405 4416 Fortasse
2432 4360 2652 4419 invidim
2681 4368 2865 4420 notam
2892 4362 3105 4423 subibo.

2151 4450 2275 4504 Non
2307 4450 2410 4506 hoc
2437 4466 2577 4521 ergo
2603 4466 2743 4507 mea:
2772 4451 2989 4520 placere
3039 4451 3208 4511 menti

2144 4537 2451 4611 Contingat,
2479 4538 2660 4608 potius
2686 4536 2849 4594 velim
2876 4538 3115 4610 benigne

2144 4626 2363 4691 Audire,
2395 4634 2449 4680 et
2476 4626 2595 4681 sine
2620 4626 2811 4683 fraude
2837 4626 3136 4697 publicare.

2147 4714 2424 4786 Quidquid
2451 4730 2578 4770 nam
2608 4716 2749 4771 bene
2775 4715 2844 4771 de
2872 4716 3030 4773 bonis
3059 4717 3314 4785 refertur.

2147 4804 2227 4858 De
2258 4811 2442 4859 vestra
2470 4803 2644 4858 fateor
2674 4804 2966 4874 probitate,
3026 4814 3212 4862 tantus

2148 4893 2373 4947 Nosmet
2399 4907 2585 4948 rumor
2610 4892 2724 4958 alit,
2756 4893 3005 4965 rapitque
3050 4903 3283 4961 mentes,

2151 4982 2217 5035 Ut
2246 4980 2294 5034 si
2322 4980 2646 5036 dissimilem
2675 4980 2858 5038 favere
2888 4982 3038 5038 laudi

2149 5068 2371 5133 Contra,
2404 5069 2551 5139 quod
2577 5085 2734 5141 gero,
2767 5070 3154 5126 conscientiam
3193 5073 3283 5131 sit.

2148 5156 2409 5211 Miramur
2437 5157 2785 5214 conscientiae
2814 5157 3073 5214 decorem

2150 5244 2273 5313 Quo
2303 5260 2401 5302 vos
2430 5246 2705 5316 praecipue
2735 5245 2907 5303 nitere
2936 5255 3126 5307 notum
3183 5259 3286 5321 est.

2152 5333 2411 5389 Miramur
2436 5334 2708 5399 meritum,
2731 5334 3044 5407 probosque
3071 5352 3273 5406 mores,

2155 5421 2289 5503 Quis
2320 5438 2417 5483 vos
2446 5439 2556 5485 non
2583 5422 2804 5483 dubium
2834 5431 2916 5481 est
2942 5424 3164 5503 placere
3200 5428 3431 5493 cunctis.
3480 5428 3485 5431 ’

2152 5510 2255 5583 Qui
2287 5527 2385 5573 vos
2417 5510 2621 5583 laudat,
2654 5512 2863 5577 honore
2892 5530 2954 5579 sc
2982 5522 3208 5580 coronat
3245 5534 3258 5581 ;
3466 5522 3477 5531 “

2156 5598 2259 5668 Qui
2288 5615 2387 5657 vos
2419 5599 2601 5660 laudet
2631 5619 2644 5666 ;
2678 5610 2842 5669 emat,
2876 5602 3112 5668 colitque
3160 5618 3365 5665 verum,
