  <div class='ocr_page' id='page_1' title='image "/cluster/home/n/w/nwhite01/storage/ocr_20150623/114/hvd.32044052819893/557.png"; bbox 0 0 4024 6194; ppageno 0'>
   <div class='ocr_carea' id='block_1_1' title="bbox 383 279 518 331">
    <p class='ocr_par' dir='ltr' id='par_1_1' title="bbox 383 279 518 331">
     <span class='ocr_line' id='line_1_1' title="bbox 383 279 518 331; baseline -0.007 0"><span class='ocrx_word' id='word_1_1' title='bbox 383 279 518 331; x_wconf 74' lang='lat'>“03</span> 
     </span>
    </p>
   </div>
   <div class='ocr_carea' id='block_1_2' title="bbox 525 399 1663 485">
    <p class='ocr_par' dir='ltr' id='par_1_2' title="bbox 525 399 1663 485">
     <span class='ocr_line' id='line_1_2' title="bbox 525 399 1663 485; baseline -0.019 -14"><span class='ocrx_word' id='word_1_2' title='bbox 525 413 632 485; x_wconf 85' lang='lat' dir='ltr'>Qui</span> <span class='ocrx_word' id='word_1_3' title='bbox 659 427 758 468; x_wconf 90' lang='lat' dir='ltr'>vos</span> <span class='ocrx_word' id='word_1_4' title='bbox 785 408 990 473; x_wconf 90' lang='lat' dir='ltr'>laudat,</span> <span class='ocrx_word' id='word_1_5' title='bbox 1027 404 1311 461; x_wconf 75' lang='lat' dir='ltr'>habebitur</span> <span class='ocrx_word' id='word_1_6' title='bbox 1362 399 1663 472; x_wconf 86' lang='lat' dir='ltr'>benignus;</span> 
     </span>
    </p>
   </div>
   <div class='ocr_carea' id='block_1_3' title="bbox 537 485 1757 574">
    <p class='ocr_par' dir='ltr' id='par_1_3' title="bbox 537 485 1757 574">
     <span class='ocr_line' id='line_1_3' title="bbox 537 485 1757 574; baseline -0.019 -14"><span class='ocrx_word' id='word_1_7' title='bbox 537 503 642 574; x_wconf 87' lang='lat' dir='ltr'>Qui</span> <span class='ocrx_word' id='word_1_8' title='bbox 669 517 770 558; x_wconf 89' lang='lat' dir='ltr'>vos</span> <span class='ocrx_word' id='word_1_9' title='bbox 797 499 1003 563; x_wconf 88' lang='lat' dir='ltr'>laudat,</span> <span class='ocrx_word' id='word_1_10' title='bbox 1039 495 1150 567; x_wconf 82' lang='lat' dir='ltr'>agit</span> <span class='ocrx_word' id='word_1_11' title='bbox 1181 491 1327 564; x_wconf 91' lang='lat' dir='ltr'>quod</span> <span class='ocrx_word' id='word_1_12' title='bbox 1357 498 1440 545; x_wconf 89' lang='lat' dir='ltr'>est</span> <span class='ocrx_word' id='word_1_13' title='bbox 1467 485 1757 560; x_wconf 86' lang='lat' dir='ltr'>agendum.</span> 
     </span>
    </p>
   </div>
   <div class='ocr_carea' id='block_1_4' title="bbox 525 584 1549 654">
    <p class='ocr_par' dir='ltr' id='par_1_4' title="bbox 525 584 1549 654">
     <span class='ocr_line' id='line_1_4' title="bbox 525 584 1549 654; baseline -0.025 1"><span class='ocrx_word' id='word_1_14' title='bbox 525 600 652 654; x_wconf 90' lang='lat' dir='ltr'>Non</span> <span class='ocrx_word' id='word_1_15' title='bbox 682 594 870 650; x_wconf 75' lang='lat' dir='ltr'>isthzec</span> <span class='ocrx_word' id='word_1_16' title='bbox 899 584 1168 644; x_wconf 81' lang='lat' dir='ltr'>adulantis</span> <span class='ocrx_word' id='word_1_17' title='bbox 1197 597 1294 635; x_wconf 91' lang='lat' dir='ltr'>ore</span> <span class='ocrx_word' id='word_1_18' title='bbox 1337 592 1549 649; x_wconf 86' lang='lat' dir='ltr'>promo,</span> 
     </span>
    </p>
   </div>
   <div class='ocr_carea' id='block_1_5' title="bbox 527 665 1514 744">
    <p class='ocr_par' dir='ltr' id='par_1_5' title="bbox 527 665 1514 744">
     <span class='ocr_line' id='line_1_5' title="bbox 527 665 1514 744; baseline -0.026 -1"><span class='ocrx_word' id='word_1_19' title='bbox 527 687 646 742; x_wconf 90' lang='lat' dir='ltr'>Nec</span> <span class='ocrx_word' id='word_1_20' title='bbox 675 680 927 738; x_wconf 88' lang='lat' dir='ltr'>desidero</span> <span class='ocrx_word' id='word_1_21' title='bbox 952 672 1294 744; x_wconf 91' lang='lat' dir='ltr'>complacere</span> <span class='ocrx_word' id='word_1_22' title='bbox 1343 665 1514 729; x_wconf 88' lang='lat' dir='ltr'>falsis,</span> 
     </span>
    </p>
   </div>
   <div class='ocr_carea' id='block_1_6' title="bbox 529 754 1481 838">
    <p class='ocr_par' dir='ltr' id='par_1_6' title="bbox 529 754 1481 838">
     <span class='ocr_line' id='line_1_6' title="bbox 529 754 1481 838; baseline -0.026 -7"><span class='ocrx_word' id='word_1_23' title='bbox 529 773 639 831; x_wconf 90' lang='lat' dir='ltr'>Sed</span> <span class='ocrx_word' id='word_1_24' title='bbox 669 769 814 827; x_wconf 88' lang='lat' dir='ltr'>veris</span> <span class='ocrx_word' id='word_1_25' title='bbox 842 765 1020 838; x_wconf 85' lang='lat' dir='ltr'>potius</span> <span class='ocrx_word' id='word_1_26' title='bbox 1050 761 1194 816; x_wconf 89' lang='lat' dir='ltr'>viam</span> <span class='ocrx_word' id='word_1_27' title='bbox 1223 754 1481 828; x_wconf 85' lang='lat' dir='ltr'>loquendi</span> 
     </span>
    </p>
   </div>
   <div class='ocr_carea' id='block_1_7' title="bbox 527 852 1425 923">
    <p class='ocr_par' dir='ltr' id='par_1_7' title="bbox 527 852 1425 923">
     <span class='ocr_line' id='line_1_7' title="bbox 527 852 1425 923; baseline -0.026 -3"><span class='ocrx_word' id='word_1_28' title='bbox 527 861 722 920; x_wconf 84' lang='lat' dir='ltr'>Verbis</span> <span class='ocrx_word' id='word_1_29' title='bbox 750 853 956 914; x_wconf 88' lang='lat' dir='ltr'>institui</span> <span class='ocrx_word' id='word_1_30' title='bbox 985 865 1181 923; x_wconf 89' lang='lat' dir='ltr'>parare</span> <span class='ocrx_word' id='word_1_31' title='bbox 1201 852 1425 902; x_wconf 89' lang='lat' dir='ltr'>rectam.</span> 
     </span>
    </p>
   </div>
   <div class='ocr_carea' id='block_1_8' title="bbox 533 930 1484 1014">
    <p class='ocr_par' dir='ltr' id='par_1_8' title="bbox 533 930 1484 1014">
     <span class='ocr_line' id='line_1_8' title="bbox 533 930 1484 1014; baseline -0.025 -6"><span class='ocrx_word' id='word_1_32' title='bbox 533 951 676 1008; x_wconf 88' lang='lat' dir='ltr'>Nam</span> <span class='ocrx_word' id='word_1_33' title='bbox 707 945 753 1001; x_wconf 91' lang='lat' dir='ltr'>si</span> <span class='ocrx_word' id='word_1_34' title='bbox 782 955 1100 1014; x_wconf 90' lang='lat' dir='ltr'>comperero</span> <span class='ocrx_word' id='word_1_35' title='bbox 1130 937 1298 992; x_wconf 88' lang='lat' dir='ltr'>licere</span> <span class='ocrx_word' id='word_1_36' title='bbox 1325 930 1484 987; x_wconf 90' lang='lat' dir='ltr'>nobis</span> 
     </span>
    </p>
   </div>
   <div class='ocr_carea' id='block_1_9' title="bbox 525 1019 1522 1102">
    <p class='ocr_par' dir='ltr' id='par_1_9' title="bbox 525 1019 1522 1102">
     <span class='ocr_line' id='line_1_9' title="bbox 525 1019 1522 1102; baseline -0.024 -7"><span class='ocrx_word' id='word_1_37' title='bbox 525 1039 596 1096; x_wconf 87' lang='lat' dir='ltr'>Et</span> <span class='ocrx_word' id='word_1_38' title='bbox 623 1037 668 1092; x_wconf 88' lang='lat' dir='ltr'>si</span> <span class='ocrx_word' id='word_1_39' title='bbox 699 1032 1086 1102; x_wconf 89' lang='lat' dir='ltr'>Cunctipoteus</span> <span class='ocrx_word' id='word_1_40' title='bbox 1113 1027 1218 1081; x_wconf 91' lang='lat' dir='ltr'>hoc</span> <span class='ocrx_word' id='word_1_41' title='bbox 1235 1019 1522 1078; x_wconf 90' lang='lat' dir='ltr'>annuende</span> 
     </span>
    </p>
   </div>
   <div class='ocr_carea' id='block_1_10' title="bbox 527 1109 1500 1185">
    <p class='ocr_par' dir='ltr' id='par_1_10' title="bbox 527 1109 1500 1185">
     <span class='ocr_line' id='line_1_10' title="bbox 527 1109 1500 1185; baseline -0.025 -1"><span class='ocrx_word' id='word_1_42' title='bbox 527 1129 838 1184; x_wconf 85' lang='lat' dir='ltr'>Clementer</span> <span class='ocrx_word' id='word_1_43' title='bbox 865 1117 1095 1182; x_wconf 82' lang='lat' dir='ltr'>dederit,</span> <span class='ocrx_word' id='word_1_44' title='bbox 1130 1111 1324 1185; x_wconf 81' lang='lat' dir='ltr'>legetis</span> <span class='ocrx_word' id='word_1_45' title='bbox 1355 1109 1500 1172; x_wconf 83' lang='lat' dir='ltr'>exin,</span> 
     </span>
    </p>
   </div>
   <div class='ocr_carea' id='block_1_11' title="bbox 531 1199 1482 1283">
    <p class='ocr_par' dir='ltr' id='par_1_11' title="bbox 531 1199 1482 1283">
     <span class='ocr_line' id='line_1_11' title="bbox 531 1199 1482 1283; baseline -0.025 -10"><span class='ocrx_word' id='word_1_46' title='bbox 531 1214 721 1272; x_wconf 89' lang='lat' dir='ltr'>Nostri</span> <span class='ocrx_word' id='word_1_47' title='bbox 751 1207 992 1283; x_wconf 84' lang='lat' dir='ltr'>pectoris</span> <span class='ocrx_word' id='word_1_48' title='bbox 1021 1202 1227 1258; x_wconf 91' lang='lat' dir='ltr'>indices</span> <span class='ocrx_word' id='word_1_49' title='bbox 1257 1199 1482 1272; x_wconf 82' lang='lat' dir='ltr'>ﬁguras,</span> 
     </span>
    </p>
   </div>
   <div class='ocr_carea' id='block_1_12' title="bbox 525 1282 1662 1366">
    <p class='ocr_par' dir='ltr' id='par_1_12' title="bbox 525 1282 1662 1366">
     <span class='ocr_line' id='line_1_12' title="bbox 525 1282 1662 1366; baseline -0.025 -5"><span class='ocrx_word' id='word_1_50' title='bbox 525 1306 684 1361; x_wconf 91' lang='lat' dir='ltr'>Nunc</span> <span class='ocrx_word' id='word_1_51' title='bbox 715 1282 769 1356; x_wconf 83' lang='lat' dir='ltr'>et</span> <span class='ocrx_word' id='word_1_52' title='bbox 797 1311 1033 1366; x_wconf 83' lang='lat' dir='ltr'>semper,</span> <span class='ocrx_word' id='word_1_53' title='bbox 1096 1299 1148 1346; x_wconf 92' lang='lat' dir='ltr'>et</span> <span class='ocrx_word' id='word_1_54' title='bbox 1176 1289 1264 1344; x_wconf 91' lang='lat' dir='ltr'>hic</span> <span class='ocrx_word' id='word_1_55' title='bbox 1295 1295 1348 1342; x_wconf 91' lang='lat' dir='ltr'>et</span> <span class='ocrx_word' id='word_1_56' title='bbox 1375 1286 1431 1339; x_wconf 89' lang='lat' dir='ltr'>in</span> <span class='ocrx_word' id='word_1_57' title='bbox 1462 1282 1662 1348; x_wconf 86' lang='lat' dir='ltr'>futuro,</span> 
     </span>
    </p>
   </div>
   <div class='ocr_carea' id='block_1_13' title="bbox 529 1378 1557 1449">
    <p class='ocr_par' dir='ltr' id='par_1_13' title="bbox 529 1378 1557 1449">
     <span class='ocr_line' id='line_1_13' title="bbox 529 1378 1557 1449; baseline -0.025 1"><span class='ocrx_word' id='word_1_58' title='bbox 529 1393 742 1449; x_wconf 83' lang='lat' dir='ltr'>Salvete</span> <span class='ocrx_word' id='word_1_59' title='bbox 773 1388 830 1444; x_wconf 89' lang='lat' dir='ltr'>in</span> <span class='ocrx_word' id='word_1_60' title='bbox 858 1383 1110 1446; x_wconf 90' lang='lat' dir='ltr'>Domino,</span> <span class='ocrx_word' id='word_1_61' title='bbox 1142 1378 1332 1439; x_wconf 84' lang='lat' dir='ltr'>valete,</span> <span class='ocrx_word' id='word_1_62' title='bbox 1381 1380 1557 1434; x_wconf 89' lang='lat' dir='ltr'>avete,</span> 
     </span>
    </p>
   </div>
   <div class='ocr_carea' id='block_1_14' title="bbox 526 1461 1596 1536">
    <p class='ocr_par' dir='ltr' id='par_1_14' title="bbox 526 1461 1596 1536">
     <span class='ocr_line' id='line_1_14' title="bbox 526 1461 1596 1536; baseline -0.024 1"><span class='ocrx_word' id='word_1_63' title='bbox 526 1483 640 1536; x_wconf 85' lang='lat' dir='ltr'>Vos</span> <span class='ocrx_word' id='word_1_64' title='bbox 671 1484 889 1533; x_wconf 90' lang='lat' dir='ltr'>sanctus</span> <span class='ocrx_word' id='word_1_65' title='bbox 920 1474 1097 1536; x_wconf 90' lang='lat' dir='ltr'>Pater,</span> <span class='ocrx_word' id='word_1_66' title='bbox 1131 1476 1184 1522; x_wconf 93' lang='lat' dir='ltr'>et</span> <span class='ocrx_word' id='word_1_67' title='bbox 1216 1464 1390 1519; x_wconf 87' lang='lat' dir='ltr'>Patris</span> <span class='ocrx_word' id='word_1_68' title='bbox 1435 1461 1596 1515; x_wconf 86' lang='lat' dir='ltr'>beata</span> 
     </span>
    </p>
   </div>
   <div class='ocr_carea' id='block_1_15' title="bbox 533 1554 1601 1631">
    <p class='ocr_par' dir='ltr' id='par_1_15' title="bbox 533 1554 1601 1631">
     <span class='ocr_line' id='line_1_15' title="bbox 533 1554 1601 1631; baseline -0.024 -9"><span class='ocrx_word' id='word_1_69' title='bbox 533 1565 742 1631; x_wconf 80' lang='lat' dir='ltr'>Proles,</span> <span class='ocrx_word' id='word_1_70' title='bbox 776 1559 1004 1631; x_wconf 87' lang='lat' dir='ltr'>Spiritus</span> <span class='ocrx_word' id='word_1_71' title='bbox 1035 1563 1084 1609; x_wconf 89' lang='lat' dir='ltr'>et</span> <span class='ocrx_word' id='word_1_72' title='bbox 1111 1554 1263 1622; x_wconf 86' lang='lat' dir='ltr'>juvet</span> <span class='ocrx_word' id='word_1_73' title='bbox 1293 1563 1392 1619; x_wconf 88' lang='lat' dir='ltr'>per</span> <span class='ocrx_word' id='word_1_74' title='bbox 1406 1559 1601 1601; x_wconf 68' lang='lat' dir='ltr'>aevum.</span> 
     </span>
    </p>
   </div>
   <div class='ocr_carea' id='block_1_16' title="bbox 630 1699 1699 1762">
    <p class='ocr_par' dir='ltr' id='par_1_16' title="bbox 630 1699 1699 1762">
     <span class='ocr_line' id='line_1_16' title="bbox 630 1699 1699 1762; baseline -0.024 0"><span class='ocrx_word' id='word_1_75' title='bbox 630 1719 840 1762; x_wconf 66' lang='lat' dir='ltr'>FABULA</span> <span class='ocrx_word' id='word_1_76' title='bbox 891 1706 1274 1755; x_wconf 72' lang='lat' dir='ltr'>ADMONlTORlA</span> <span class='ocrx_word' id='word_1_77' title='bbox 1306 1705 1377 1744; x_wconf 75' lang='lat' dir='ltr'>AD</span> <span class='ocrx_word' id='word_1_78' title='bbox 1409 1699 1699 1751; x_wconf 70' lang='lat' dir='ltr'>QUEMDAM.</span> 
     </span>
    </p>
   </div>
   <div class='ocr_carea' id='block_1_17' title="bbox 385 1793 1737 1891">
    <p class='ocr_par' dir='ltr' id='par_1_17' title="bbox 385 1793 1737 1891">
     <span class='ocr_line' id='line_1_17' title="bbox 385 1793 1737 1891; baseline -0.024 -15"><span class='ocrx_word' id='word_1_79' title='bbox 385 1817 578 1891; x_wconf 83' lang='lat' dir='ltr'>Cogito</span> <span class='ocrx_word' id='word_1_80' title='bbox 607 1812 738 1886; x_wconf 88' lang='lat' dir='ltr'>quid</span> <span class='ocrx_word' id='word_1_81' title='bbox 768 1809 964 1866; x_wconf 85' lang='lat' dir='ltr'>faciam</span> <span class='ocrx_word' id='word_1_82' title='bbox 994 1819 1171 1875; x_wconf 88' lang='lat' dir='ltr'>nuper</span> <span class='ocrx_word' id='word_1_83' title='bbox 1203 1798 1336 1855; x_wconf 88' lang='lat' dir='ltr'>mihi</span> <span class='ocrx_word' id='word_1_84' title='bbox 1365 1793 1589 1866; x_wconf 77' lang='lat' dir='ltr'>contigit</span> <span class='ocrx_word' id='word_1_85' title='bbox 1629 1805 1737 1846; x_wconf 90' lang='lat' dir='ltr'>uno</span> 
     </span>
    </p>
   </div>
   <div class='ocr_carea' id='block_1_18' title="bbox 385 1878 1874 1963">
    <p class='ocr_par' dir='ltr' id='par_1_18' title="bbox 385 1878 1874 1963">
     <span class='ocr_line' id='line_1_18' title="bbox 385 1878 1874 1963; baseline -0.023 0"><span class='ocrx_word' id='word_1_86' title='bbox 385 1878 509 1963; x_wconf 63' lang='lat' dir='ltr'>m3</span> <span class='ocrx_word' id='word_1_87' title='bbox 545 1878 815 1960; x_wconf 77' lang='lat' dir='ltr'>cecidisse</span> <span class='ocrx_word' id='word_1_88' title='bbox 844 1897 989 1959; x_wconf 91' lang='lat' dir='ltr'>loco,</span> <span class='ocrx_word' id='word_1_89' title='bbox 1027 1891 1256 1949; x_wconf 88' lang='lat' dir='ltr'>canibus</span> <span class='ocrx_word' id='word_1_90' title='bbox 1282 1883 1567 1941; x_wconf 87' lang='lat' dir='ltr'>lacerabar</span> <span class='ocrx_word' id='word_1_91' title='bbox 1603 1878 1822 1934; x_wconf 89' lang='lat' dir='ltr'>ibidem.</span> <span class='ocrx_word' id='word_1_92' title='bbox 1869 1891 1874 1896; x_wconf 90' lang='grc'><strong>·</strong></span> 
     </span>
    </p>
   </div>
   <div class='ocr_carea' id='block_1_19' title="bbox 395 1968 1738 2056">
    <p class='ocr_par' dir='ltr' id='par_1_19' title="bbox 395 1968 1738 2056">
     <span class='ocr_line' id='line_1_19' title="bbox 395 1968 1738 2056; baseline -0.024 -6"><span class='ocrx_word' id='word_1_93' title='bbox 395 1992 650 2050; x_wconf 87' lang='lat' dir='ltr'>Calcibus</span> <span class='ocrx_word' id='word_1_94' title='bbox 680 1987 766 2043; x_wconf 91' lang='lat' dir='ltr'>hic</span> <span class='ocrx_word' id='word_1_95' title='bbox 795 1983 981 2056; x_wconf 89' lang='lat' dir='ltr'>populi</span> <span class='ocrx_word' id='word_1_96' title='bbox 1011 1994 1170 2036; x_wconf 74' lang='lat' dir='ltr'>coeno</span> <span class='ocrx_word' id='word_1_97' title='bbox 1199 1978 1485 2032; x_wconf 89' lang='lat' dir='ltr'>demersus</span> <span class='ocrx_word' id='word_1_98' title='bbox 1513 1969 1569 2024; x_wconf 91' lang='lat' dir='ltr'>in</span> <span class='ocrx_word' id='word_1_99' title='bbox 1610 1968 1738 2031; x_wconf 92' lang='lat' dir='ltr'>imo,</span> 
     </span>
    </p>
   </div>
   <div class='ocr_carea' id='block_1_20' title="bbox 388 2062 1740 2137">
    <p class='ocr_par' dir='ltr' id='par_1_20' title="bbox 388 2062 1740 2137">
     <span class='ocr_line' id='line_1_20' title="bbox 388 2062 1740 2137; baseline -0.022 0"><span class='ocrx_word' id='word_1_100' title='bbox 388 2082 446 2137; x_wconf 92' lang='lat' dir='ltr'>Si</span> <span class='ocrx_word' id='word_1_101' title='bbox 465 2079 599 2135; x_wconf 90' lang='lat' dir='ltr'>mihi</span> <span class='ocrx_word' id='word_1_102' title='bbox 629 2073 915 2132; x_wconf 88' lang='lat' dir='ltr'>consilium</span> <span class='ocrx_word' id='word_1_103' title='bbox 945 2066 1184 2130; x_wconf 88' lang='lat' dir='ltr'>dederis,</span> <span class='ocrx_word' id='word_1_104' title='bbox 1216 2062 1396 2119; x_wconf 87' lang='lat' dir='ltr'>vitabo</span> <span class='ocrx_word' id='word_1_105' title='bbox 1427 2075 1525 2129; x_wconf 89' lang='lat' dir='ltr'>per</span> <span class='ocrx_word' id='word_1_106' title='bbox 1563 2071 1740 2111; x_wconf 67' lang='lat' dir='ltr'>aevum</span> 
     </span>
    </p>
   </div>
   <div class='ocr_carea' id='block_1_21' title="bbox 388 2140 1950 2228">
    <p class='ocr_par' dir='ltr' id='par_1_21' title="bbox 388 2140 1950 2228">
     <span class='ocr_line' id='line_1_21' title="bbox 388 2140 1950 2228; baseline -0.02 -2"><span class='ocrx_word' id='word_1_107' title='bbox 388 2171 542 2224; x_wconf 86' lang='lat' dir='ltr'>Hanc</span> <span class='ocrx_word' id='word_1_108' title='bbox 572 2165 788 2222; x_wconf 89' lang='lat' dir='ltr'>calcare</span> <span class='ocrx_word' id='word_1_109' title='bbox 807 2161 968 2224; x_wconf 89' lang='lat' dir='ltr'>viam,</span> <span class='ocrx_word' id='word_1_110' title='bbox 996 2155 1201 2228; x_wconf 88' lang='lat' dir='ltr'>probra</span> <span class='ocrx_word' id='word_1_111' title='bbox 1215 2166 1334 2223; x_wconf 73' lang='lat' dir='ltr'>quae</span> <span class='ocrx_word' id='word_1_112' title='bbox 1353 2147 1484 2203; x_wconf 91' lang='lat' dir='ltr'>mihi</span> <span class='ocrx_word' id='word_1_113' title='bbox 1506 2152 1651 2200; x_wconf 90' lang='lat' dir='ltr'>tanta</span> <span class='ocrx_word' id='word_1_114' title='bbox 1661 2140 1950 2197; x_wconf 86' lang='lat' dir='ltr'>ministrat.</span> 
     </span>
    </p>
   </div>
   <div class='ocr_carea' id='block_1_22' title="bbox 385 2237 1759 2313">
    <p class='ocr_par' dir='ltr' id='par_1_22' title="bbox 385 2237 1759 2313">
     <span class='ocr_line' id='line_1_22' title="bbox 385 2237 1759 2313; baseline -0.021 0"><span class='ocrx_word' id='word_1_115' title='bbox 385 2259 527 2313; x_wconf 88' lang='lat' dir='ltr'>Nam</span> <span class='ocrx_word' id='word_1_116' title='bbox 556 2268 751 2310; x_wconf 89' lang='lat' dir='ltr'>vereor</span> <span class='ocrx_word' id='word_1_117' title='bbox 779 2267 848 2305; x_wconf 88' lang='lat' dir='ltr'>ne</span> <span class='ocrx_word' id='word_1_118' title='bbox 880 2247 1019 2302; x_wconf 83' lang='lat' dir='ltr'>forte</span> <span class='ocrx_word' id='word_1_119' title='bbox 1050 2242 1173 2297; x_wconf 85' lang='lat' dir='ltr'>freti</span> <span class='ocrx_word' id='word_1_120' title='bbox 1201 2256 1290 2294; x_wconf 90' lang='lat' dir='ltr'>me</span> <span class='ocrx_word' id='word_1_121' title='bbox 1321 2237 1544 2292; x_wconf 87' lang='lat' dir='ltr'>subruat</span> <span class='ocrx_word' id='word_1_122' title='bbox 1574 2239 1759 2295; x_wconf 69' lang='lat' dir='ltr'>aestus,</span> 
     </span>
    </p>
   </div>
   <div class='ocr_carea' id='block_1_23' title="bbox 388 2323 1632 2410">
    <p class='ocr_par' dir='ltr' id='par_1_23' title="bbox 388 2323 1632 2410">
     <span class='ocr_line' id='line_1_23' title="bbox 388 2323 1632 2410; baseline -0.022 -13"><span class='ocrx_word' id='word_1_123' title='bbox 388 2340 554 2410; x_wconf 90' lang='lat' dir='ltr'>Cujus</span> <span class='ocrx_word' id='word_1_124' title='bbox 581 2337 652 2393; x_wconf 90' lang='lat' dir='ltr'>ab</span> <span class='ocrx_word' id='word_1_125' title='bbox 679 2335 900 2390; x_wconf 88' lang='lat' dir='ltr'>incursu</span> <span class='ocrx_word' id='word_1_126' title='bbox 929 2329 1016 2384; x_wconf 86' lang='lat' dir='ltr'>vix</span> <span class='ocrx_word' id='word_1_127' title='bbox 1047 2327 1102 2381; x_wconf 91' lang='lat' dir='ltr'>in</span> <span class='ocrx_word' id='word_1_128' title='bbox 1130 2323 1325 2380; x_wconf 90' lang='lat' dir='ltr'>tellure</span> <span class='ocrx_word' id='word_1_129' title='bbox 1377 2324 1632 2388; x_wconf 88' lang='lat' dir='ltr'>receptus</span> 
     </span>
    </p>
   </div>
   <div class='ocr_carea' id='block_1_24' title="bbox 384 2408 1536 2500">
    <p class='ocr_par' dir='ltr' id='par_1_24' title="bbox 384 2408 1536 2500">
     <span class='ocr_line' id='line_1_24' title="bbox 384 2408 1536 2500; baseline -0.023 -13"><span class='ocrx_word' id='word_1_130' title='bbox 384 2408 568 2500; x_wconf 74' lang='lat' dir='ltr'>Effugi</span> <span class='ocrx_word' id='word_1_131' title='bbox 599 2423 809 2496; x_wconf 89' lang='lat' dir='ltr'>patulas</span> <span class='ocrx_word' id='word_1_132' title='bbox 838 2415 1110 2474; x_wconf 87' lang='lat' dir='ltr'>furibundi</span> <span class='ocrx_word' id='word_1_133' title='bbox 1140 2409 1374 2486; x_wconf 79' lang='lat' dir='ltr'>gurgitis</span> <span class='ocrx_word' id='word_1_134' title='bbox 1406 2408 1536 2463; x_wconf 89' lang='lat' dir='ltr'>iras.</span> 
     </span>
    </p>
   </div>
   <div class='ocr_carea' id='block_1_25' title="bbox 791 2553 1564 2608">
    <p class='ocr_par' dir='ltr' id='par_1_25' title="bbox 791 2553 1564 2608">
     <span class='ocr_line' id='line_1_25' title="bbox 791 2553 1564 2608; baseline -0.021 0"><span class='ocrx_word' id='word_1_135' title='bbox 791 2563 1105 2608; x_wconf 76' lang='lat' dir='ltr'>SIMILITUDO</span> <span class='ocrx_word' id='word_1_136' title='bbox 1135 2553 1564 2600; x_wconf 71' lang='lat' dir='ltr'>IMPOSSIBILIUM.</span> 
     </span>
    </p>
   </div>
   <div class='ocr_carea' id='block_1_26' title="bbox 385 2644 1780 2732">
    <p class='ocr_par' dir='ltr' id='par_1_26' title="bbox 385 2644 1780 2732">
     <span class='ocr_line' id='line_1_26' title="bbox 385 2644 1780 2732; baseline -0.022 -8"><span class='ocrx_word' id='word_1_137' title='bbox 385 2667 646 2724; x_wconf 82' lang='lat' dir='ltr'>Albentes</span> <span class='ocrx_word' id='word_1_138' title='bbox 677 2659 853 2732; x_wconf 87' lang='lat' dir='ltr'>capiat</span> <span class='ocrx_word' id='word_1_139' title='bbox 880 2670 1096 2719; x_wconf 89' lang='lat' dir='ltr'>corvos,</span> <span class='ocrx_word' id='word_1_140' title='bbox 1130 2663 1447 2723; x_wconf 85' lang='lat' dir='ltr'>cygnosque</span> <span class='ocrx_word' id='word_1_141' title='bbox 1476 2644 1780 2716; x_wconf 85' lang='lat' dir='ltr'>nigrantes,</span> 
     </span>
    </p>
   </div>
   <div class='ocr_carea' id='block_1_27' title="bbox 390 2726 1911 2822">
    <p class='ocr_par' dir='ltr' id='par_1_27' title="bbox 390 2726 1911 2822">
     <span class='ocr_line' id='line_1_27' title="bbox 390 2726 1911 2822; baseline -0.02 -12"><span class='ocrx_word' id='word_1_142' title='bbox 390 2755 639 2810; x_wconf 89' lang='lat' dir='ltr'>Limaces</span> <span class='ocrx_word' id='word_1_143' title='bbox 669 2726 887 2822; x_wconf 76' lang='lat' dir='ltr'>quoque</span> <span class='ocrx_word' id='word_1_144' title='bbox 916 2741 1287 2811; x_wconf 88' lang='lat' dir='ltr'>multiloquos,</span> <span class='ocrx_word' id='word_1_145' title='bbox 1334 2743 1619 2804; x_wconf 89' lang='lat' dir='ltr'>mutasque</span> <span class='ocrx_word' id='word_1_146' title='bbox 1671 2726 1911 2794; x_wconf 89' lang='lat' dir='ltr'>cicadas,</span> 
     </span>
    </p>
   </div>
   <div class='ocr_carea' id='block_1_28' title="bbox 383 2816 1834 2904">
    <p class='ocr_par' dir='ltr' id='par_1_28' title="bbox 383 2816 1834 2904">
     <span class='ocr_line' id='line_1_28' title="bbox 383 2816 1834 2904; baseline -0.021 -9"><span class='ocrx_word' id='word_1_147' title='bbox 383 2838 659 2894; x_wconf 90' lang='lat' dir='ltr'>Cornutos</span> <span class='ocrx_word' id='word_1_148' title='bbox 688 2816 938 2904; x_wconf 71' lang='lat' dir='ltr'>adquirat</span> <span class='ocrx_word' id='word_1_149' title='bbox 965 2841 1159 2898; x_wconf 89' lang='lat' dir='ltr'>equos,</span> <span class='ocrx_word' id='word_1_150' title='bbox 1192 2820 1521 2888; x_wconf 89' lang='lat' dir='ltr'>mutilosque</span> <span class='ocrx_word' id='word_1_151' title='bbox 1546 2816 1834 2884; x_wconf 91' lang='lat' dir='ltr'>juvencos,</span> 
     </span>
    </p>
   </div>
   <div class='ocr_carea' id='block_1_29' title="bbox 386 2902 1805 2984">
    <p class='ocr_par' dir='ltr' id='par_1_29' title="bbox 386 2902 1805 2984">
     <span class='ocr_line' id='line_1_29' title="bbox 386 2902 1805 2984; baseline -0.018 -3"><span class='ocrx_word' id='word_1_152' title='bbox 386 2926 575 2982; x_wconf 89' lang='lat' dir='ltr'>Pisces</span> <span class='ocrx_word' id='word_1_153' title='bbox 604 2937 740 2978; x_wconf 91' lang='lat' dir='ltr'>nare</span> <span class='ocrx_word' id='word_1_154' title='bbox 770 2902 935 2984; x_wconf 85' lang='lat' dir='ltr'>vetet,</span> <span class='ocrx_word' id='word_1_155' title='bbox 967 2919 1279 2972; x_wconf 88' lang='lat' dir='ltr'>constanter</span> <span class='ocrx_word' id='word_1_156' title='bbox 1311 2922 1550 2979; x_wconf 89' lang='lat' dir='ltr'>avesque</span> <span class='ocrx_word' id='word_1_157' title='bbox 1601 2902 1805 2970; x_wconf 89' lang='lat' dir='ltr'>volare,</span> 
     </span>
    </p>
   </div>
   <div class='ocr_carea' id='block_1_30' title="bbox 387 2999 1806 3071">
    <p class='ocr_par' dir='ltr' id='par_1_30' title="bbox 387 2999 1806 3071">
     <span class='ocr_line' id='line_1_30' title="bbox 387 2999 1806 3071; baseline -0.02 1"><span class='ocrx_word' id='word_1_158' title='bbox 387 3016 587 3071; x_wconf 88' lang='lat' dir='ltr'>Fontes</span> <span class='ocrx_word' id='word_1_159' title='bbox 616 3019 762 3066; x_wconf 88' lang='lat' dir='ltr'>stare</span> <span class='ocrx_word' id='word_1_160' title='bbox 791 3007 928 3064; x_wconf 90' lang='lat' dir='ltr'>citos</span> <span class='ocrx_word' id='word_1_161' title='bbox 955 3004 1136 3068; x_wconf 82' lang='lat' dir='ltr'>faciat,</span> <span class='ocrx_word' id='word_1_162' title='bbox 1167 3009 1278 3055; x_wconf 90' lang='lat' dir='ltr'>tum</span> <span class='ocrx_word' id='word_1_163' title='bbox 1310 3011 1527 3055; x_wconf 90' lang='lat' dir='ltr'>currere</span> <span class='ocrx_word' id='word_1_164' title='bbox 1573 2999 1806 3057; x_wconf 88' lang='lat' dir='ltr'>montes,</span> 
     </span>
    </p>
   </div>
   <div class='ocr_carea' id='block_1_31' title="bbox 386 3081 2050 3174">
    <p class='ocr_par' dir='ltr' id='par_1_31' title="bbox 386 3081 2050 3174">
     <span class='ocr_line' id='line_1_31' title="bbox 386 3081 2050 3174; baseline -0.021 -14"><span class='ocrx_word' id='word_1_165' title='bbox 386 3101 538 3160; x_wconf 86' lang='lat' dir='ltr'>Ferri</span> <span class='ocrx_word' id='word_1_166' title='bbox 568 3107 731 3174; x_wconf 83' lang='lat' dir='ltr'>cogat</span> <span class='ocrx_word' id='word_1_167' title='bbox 757 3111 929 3168; x_wconf 87' lang='lat' dir='ltr'>aquas</span> <span class='ocrx_word' id='word_1_168' title='bbox 959 3107 1196 3158; x_wconf 90' lang='lat' dir='ltr'>sursum,</span> <span class='ocrx_word' id='word_1_169' title='bbox 1228 3088 1580 3153; x_wconf 87' lang='lat' dir='ltr'>ﬂammasque</span> <span class='ocrx_word' id='word_1_170' title='bbox 1628 3081 1908 3142; x_wconf 88' lang='lat' dir='ltr'>deorsum,</span> <span class='ocrx_word' id='word_1_171' title='bbox 2001 3082 2050 3141; x_wconf 68' lang='grc' dir='ltr'>α</span> 
     </span>
    </p>
   </div>
   <div class='ocr_carea' id='block_1_32' title="bbox 387 3167 1826 3247">
    <p class='ocr_par' dir='ltr' id='par_1_32' title="bbox 387 3167 1826 3247">
     <span class='ocr_line' id='line_1_32' title="bbox 387 3167 1826 3247; baseline -0.022 1"><span class='ocrx_word' id='word_1_172' title='bbox 387 3191 574 3247; x_wconf 91' lang='lat' dir='ltr'>Limus</span> <span class='ocrx_word' id='word_1_173' title='bbox 603 3167 673 3243; x_wconf 71' lang='lat' dir='ltr'>ad</span> <span class='ocrx_word' id='word_1_174' title='bbox 706 3167 1014 3245; x_wconf 87' lang='lat' dir='ltr'>humorem,</span> <span class='ocrx_word' id='word_1_175' title='bbox 1037 3192 1166 3234; x_wconf 89' lang='lat' dir='ltr'>cera</span> <span class='ocrx_word' id='word_1_176' title='bbox 1199 3175 1518 3229; x_wconf 89' lang='lat' dir='ltr'>utdurescat</span> <span class='ocrx_word' id='word_1_177' title='bbox 1534 3169 1602 3222; x_wconf 87' lang='lat' dir='ltr'>ad</span> <span class='ocrx_word' id='word_1_178' title='bbox 1622 3167 1826 3239; x_wconf 84' lang='lat' dir='ltr'>ignem,</span> 
     </span>
    </p>
   </div>
   <div class='ocr_carea' id='block_1_33' title="bbox 391 3251 1912 3347">
    <p class='ocr_par' dir='ltr' id='par_1_33' title="bbox 391 3251 1912 3347">
     <span class='ocr_line' id='line_1_33' title="bbox 391 3251 1912 3347; baseline -0.02 -12"><span class='ocrx_word' id='word_1_179' title='bbox 391 3280 641 3347; x_wconf 83' lang='lat' dir='ltr'>Ossaque</span> <span class='ocrx_word' id='word_1_180' title='bbox 674 3268 1032 3342; x_wconf 87' lang='lat' dir='ltr'>sanguinibus</span> <span class='ocrx_word' id='word_1_181' title='bbox 1062 3269 1320 3329; x_wconf 87' lang='lat' dir='ltr'>tumeant,</span> <span class='ocrx_word' id='word_1_182' title='bbox 1354 3257 1614 3328; x_wconf 87' lang='lat' dir='ltr'>nervique</span> <span class='ocrx_word' id='word_1_183' title='bbox 1643 3251 1912 3315; x_wconf 90' lang='lat' dir='ltr'>medullis,</span> 
     </span>
    </p>
   </div>
   <div class='ocr_carea' id='block_1_34' title="bbox 397 3342 1808 3424">
    <p class='ocr_par' dir='ltr' id='par_1_34' title="bbox 397 3342 1808 3424">
     <span class='ocr_line' id='line_1_34' title="bbox 397 3342 1808 3424; baseline -0.018 -2"><span class='ocrx_word' id='word_1_184' title='bbox 397 3342 669 3422; x_wconf 80' lang='lat' dir='ltr'>Lumbrici</span> <span class='ocrx_word' id='word_1_185' title='bbox 699 3358 910 3421; x_wconf 88' lang='lat' dir='ltr'>saliant,</span> <span class='ocrx_word' id='word_1_186' title='bbox 942 3360 1260 3424; x_wconf 90' lang='lat' dir='ltr'>reptentque</span> <span class='ocrx_word' id='word_1_187' title='bbox 1290 3349 1342 3403; x_wconf 90' lang='lat' dir='ltr'>in</span> <span class='ocrx_word' id='word_1_188' title='bbox 1371 3347 1594 3419; x_wconf 87' lang='lat' dir='ltr'>pulvere</span> <span class='ocrx_word' id='word_1_189' title='bbox 1641 3342 1808 3408; x_wconf 90' lang='lat' dir='ltr'>cervi,</span> 
     </span>
    </p>
   </div>
   <div class='ocr_carea' id='block_1_35' title="bbox 399 3433 1702 3510">
    <p class='ocr_par' dir='ltr' id='par_1_35' title="bbox 399 3433 1702 3510">
     <span class='ocr_line' id='line_1_35' title="bbox 399 3433 1702 3510; baseline -0.017 -2"><span class='ocrx_word' id='word_1_190' title='bbox 399 3451 628 3508; x_wconf 73' lang='lat' dir='ltr'>Gallina:</span> <span class='ocrx_word' id='word_1_191' title='bbox 657 3447 882 3504; x_wconf 85' lang='lat' dir='ltr'>fundant</span> <span class='ocrx_word' id='word_1_192' title='bbox 909 3442 1116 3509; x_wconf 77' lang='lat' dir='ltr'>haedos,</span> <span class='ocrx_word' id='word_1_193' title='bbox 1150 3446 1311 3510; x_wconf 87' lang='lat' dir='ltr'>atque</span> <span class='ocrx_word' id='word_1_194' title='bbox 1340 3453 1439 3493; x_wconf 86' lang='lat' dir='ltr'>ova</span> <span class='ocrx_word' id='word_1_195' title='bbox 1460 3433 1702 3506; x_wconf 82' lang='lat' dir='ltr'>capellae.</span> 
     </span>
    </p>
   </div>
   <div class='ocr_carea' id='block_1_36' title="bbox 853 3583 1539 3634">
    <p class='ocr_par' dir='ltr' id='par_1_36' title="bbox 853 3583 1539 3634">
     <span class='ocr_line' id='line_1_36' title="bbox 853 3583 1539 3634; baseline -0.017 -1"><span class='ocrx_word' id='word_1_196' title='bbox 853 3589 1190 3633; x_wconf 61' lang='lat' dir='ltr'>acrrumum</span> <span class='ocrx_word' id='word_1_197' title='bbox 1220 3583 1539 3634; x_wconf 72' lang='lat' dir='ltr'>wnanoms,</span> 
     </span>
    </p>
   </div>
   <div class='ocr_carea' id='block_1_37' title="bbox 402 3669 1854 3763">
    <p class='ocr_par' dir='ltr' id='par_1_37' title="bbox 402 3669 1854 3763">
     <span class='ocr_line' id='line_1_37' title="bbox 402 3669 1854 3763; baseline -0.019 -14"><span class='ocrx_word' id='word_1_198' title='bbox 402 3695 696 3763; x_wconf 85' lang='lat' dir='ltr'>Postquam</span> <span class='ocrx_word' id='word_1_199' title='bbox 723 3685 902 3758; x_wconf 87' lang='lat' dir='ltr'>primo</span> <span class='ocrx_word' id='word_1_200' title='bbox 930 3681 1134 3738; x_wconf 89' lang='lat' dir='ltr'>homini</span> <span class='ocrx_word' id='word_1_201' title='bbox 1165 3694 1324 3733; x_wconf 67' lang='lat' dir='ltr'>saeva:</span> <span class='ocrx_word' id='word_1_202' title='bbox 1353 3674 1620 3731; x_wconf 88' lang='lat' dir='ltr'>sententia</span> <span class='ocrx_word' id='word_1_203' title='bbox 1663 3669 1854 3724; x_wconf 90' lang='lat' dir='ltr'>mortis</span> 
     </span>
    </p>
   </div>
   <div class='ocr_carea' id='block_1_38' title="bbox 482 3762 1545 3835">
    <p class='ocr_par' dir='ltr' id='par_1_38' title="bbox 482 3762 1545 3835">
     <span class='ocr_line' id='line_1_38' title="bbox 482 3762 1545 3835; baseline -0.018 0"><span class='ocrx_word' id='word_1_204' title='bbox 482 3762 635 3835; x_wconf 85' lang='lat' dir='ltr'>Juste</span> <span class='ocrx_word' id='word_1_205' title='bbox 665 3770 978 3831; x_wconf 88' lang='lat' dir='ltr'>ulciscentis</span> <span class='ocrx_word' id='word_1_206' title='bbox 1008 3769 1154 3824; x_wconf 88' lang='lat' dir='ltr'>venit</span> <span class='ocrx_word' id='word_1_207' title='bbox 1184 3767 1250 3820; x_wconf 89' lang='lat' dir='ltr'>ab</span> <span class='ocrx_word' id='word_1_208' title='bbox 1281 3780 1376 3820; x_wconf 88' lang='lat' dir='ltr'>ore</span> <span class='ocrx_word' id='word_1_209' title='bbox 1424 3762 1545 3826; x_wconf 90' lang='lat' dir='ltr'>Dei,</span> 
     </span>
    </p>
   </div>
   <div class='ocr_carea' id='block_1_39' title="bbox 409 3846 1712 3934">
    <p class='ocr_par' dir='ltr' id='par_1_39' title="bbox 409 3846 1712 3934">
     <span class='ocr_line' id='line_1_39' title="bbox 409 3846 1712 3934; baseline -0.021 -8"><span class='ocrx_word' id='word_1_210' title='bbox 409 3872 579 3926; x_wconf 86' lang='lat' dir='ltr'>Fama</span> <span class='ocrx_word' id='word_1_211' title='bbox 606 3865 733 3922; x_wconf 90' lang='lat' dir='ltr'>licet</span> <span class='ocrx_word' id='word_1_212' title='bbox 762 3860 1026 3934; x_wconf 91' lang='lat' dir='ltr'>quosdam</span> <span class='ocrx_word' id='word_1_213' title='bbox 1058 3857 1165 3911; x_wconf 89' lang='lat' dir='ltr'>lato</span> <span class='ocrx_word' id='word_1_214' title='bbox 1195 3849 1553 3910; x_wconf 86' lang='lat' dir='ltr'>celebraverit</span> <span class='ocrx_word' id='word_1_215' title='bbox 1583 3846 1712 3904; x_wconf 84' lang='lat' dir='ltr'>orbe</span> 
     </span>
    </p>
   </div>
   <div class='ocr_carea' id='block_1_40' title="bbox 472 3933 1888 4022">
    <p class='ocr_par' dir='ltr' id='par_1_40' title="bbox 472 3933 1888 4022">
     <span class='ocr_line' id='line_1_40' title="bbox 472 3933 1888 4022; baseline -0.02 -9"><span class='ocrx_word' id='word_1_216' title='bbox 472 3953 722 4012; x_wconf 89' lang='lat' dir='ltr'>Nominis</span> <span class='ocrx_word' id='word_1_217' title='bbox 748 3933 911 4022; x_wconf 79' lang='lat' dir='ltr'>atque</span> <span class='ocrx_word' id='word_1_218' title='bbox 941 3962 1123 4003; x_wconf 88' lang='lat' dir='ltr'>auram</span> <span class='ocrx_word' id='word_1_219' title='bbox 1155 3944 1322 3999; x_wconf 86' lang='lat' dir='ltr'>ferret</span> <span class='ocrx_word' id='word_1_220' title='bbox 1350 3941 1420 3996; x_wconf 89' lang='lat' dir='ltr'>ad</span> <span class='ocrx_word' id='word_1_221' title='bbox 1475 3953 1646 4008; x_wconf 92' lang='lat' dir='ltr'>usque</span> <span class='ocrx_word' id='word_1_222' title='bbox 1702 3933 1888 4005; x_wconf 89' lang='lat' dir='ltr'>polos:</span> 
     </span>
    </p>
   </div>
   <div class='ocr_carea' id='block_1_41' title="bbox 399 4029 1860 4103">
    <p class='ocr_par' dir='ltr' id='par_1_41' title="bbox 399 4029 1860 4103">
     <span class='ocr_line' id='line_1_41' title="bbox 399 4029 1860 4103; baseline -0.019 0"><span class='ocrx_word' id='word_1_223' title='bbox 399 4045 613 4103; x_wconf 69' lang='lat' dir='ltr'>Iustitia</span> <span class='ocrx_word' id='word_1_224' title='bbox 643 4046 899 4098; x_wconf 86' lang='lat' dir='ltr'>censente</span> <span class='ocrx_word' id='word_1_225' title='bbox 927 4045 1131 4101; x_wconf 88' lang='lat' dir='ltr'>tamen,</span> <span class='ocrx_word' id='word_1_226' title='bbox 1154 4029 1476 4087; x_wconf 89' lang='lat' dir='ltr'>moribunda</span> <span class='ocrx_word' id='word_1_227' title='bbox 1493 4032 1747 4082; x_wconf 88' lang='lat' dir='ltr'>statutum</span> <span class='ocrx_word' id='word_1_228' title='bbox 1778 4030 1860 4077; x_wconf 91' lang='lat' dir='ltr'>est</span> 
     </span>
    </p>
   </div>
   <div class='ocr_carea' id='block_1_42' title="bbox 473 4115 1680 4198">
    <p class='ocr_par' dir='ltr' id='par_1_42' title="bbox 473 4115 1680 4198">
     <span class='ocr_line' id='line_1_42' title="bbox 473 4115 1680 4198; baseline -0.02 -7"><span class='ocrx_word' id='word_1_229' title='bbox 473 4133 719 4192; x_wconf 78' lang='lat' dir='ltr'>Membra</span> <span class='ocrx_word' id='word_1_230' title='bbox 750 4126 1043 4198; x_wconf 89' lang='lat' dir='ltr'>sepulturis</span> <span class='ocrx_word' id='word_1_231' title='bbox 1062 4137 1226 4194; x_wconf 89' lang='lat' dir='ltr'>posse</span> <span class='ocrx_word' id='word_1_232' title='bbox 1253 4119 1368 4190; x_wconf 84' lang='lat' dir='ltr'>capi</span> <span class='ocrx_word' id='word_1_233' title='bbox 1383 4115 1642 4172; x_wconf 89' lang='lat' dir='ltr'>brevibus</span> <span class='ocrx_word' id='word_1_234' title='bbox 1666 4131 1680 4176; x_wconf 73' lang='grc' dir='ltr'>ς</span> 
     </span>
    </p>
   </div>
   <div class='ocr_carea' id='block_1_43' title="bbox 408 4210 1796 4292">
    <p class='ocr_par' dir='ltr' id='par_1_43' title="bbox 408 4210 1796 4292">
     <span class='ocr_line' id='line_1_43' title="bbox 408 4210 1796 4292; baseline -0.019 -12"><span class='ocrx_word' id='word_1_235' title='bbox 408 4226 537 4281; x_wconf 69' lang='lat' dir='ltr'>Haec</span> <span class='ocrx_word' id='word_1_236' title='bbox 566 4217 748 4292; x_wconf 88' lang='lat' dir='ltr'>magni</span> <span class='ocrx_word' id='word_1_237' title='bbox 777 4225 883 4271; x_wconf 90' lang='lat' dir='ltr'>tam</span> <span class='ocrx_word' id='word_1_238' title='bbox 913 4229 1088 4283; x_wconf 82' lang='lat' dir='ltr'>pauca</span> <span class='ocrx_word' id='word_1_239' title='bbox 1117 4210 1218 4265; x_wconf 92' lang='lat' dir='ltr'>viri</span> <span class='ocrx_word' id='word_1_240' title='bbox 1247 4214 1392 4263; x_wconf 90' lang='lat' dir='ltr'>tenet</span> <span class='ocrx_word' id='word_1_241' title='bbox 1421 4219 1548 4260; x_wconf 86' lang='lat' dir='ltr'>area</span> <span class='ocrx_word' id='word_1_242' title='bbox 1596 4217 1796 4272; x_wconf 90' lang='lat' dir='ltr'>corpus</span> 
     </span>
    </p>
   </div>
   <div class='ocr_carea' id='block_1_44' title="bbox 477 4298 1608 4379">
    <p class='ocr_par' dir='ltr' id='par_1_44' title="bbox 477 4298 1608 4379">
     <span class='ocr_line' id='line_1_44' title="bbox 477 4298 1608 4379; baseline -0.02 -12"><span class='ocrx_word' id='word_1_243' title='bbox 477 4310 646 4379; x_wconf 88' lang='lat' dir='ltr'>Cujus</span> <span class='ocrx_word' id='word_1_244' title='bbox 675 4307 730 4362; x_wconf 92' lang='lat' dir='ltr'>in</span> <span class='ocrx_word' id='word_1_245' title='bbox 758 4301 980 4360; x_wconf 82' lang='lat' dir='ltr'>aetheria</span> <span class='ocrx_word' id='word_1_246' title='bbox 1003 4298 1225 4370; x_wconf 87' lang='lat' dir='ltr'>spiritus</span> <span class='ocrx_word' id='word_1_247' title='bbox 1254 4311 1378 4350; x_wconf 89' lang='lat' dir='ltr'>arce</span> <span class='ocrx_word' id='word_1_248' title='bbox 1408 4299 1608 4346; x_wconf 87' lang='lat' dir='ltr'>manet.</span> 
     </span>
    </p>
   </div>
   <div class='ocr_carea' id='block_1_45' title="bbox 407 4378 1720 4468">
    <p class='ocr_par' dir='ltr' id='par_1_45' title="bbox 407 4378 1720 4468">
     <span class='ocr_line' id='line_1_45' title="bbox 407 4378 1720 4468; baseline -0.02 -12"><span class='ocrx_word' id='word_1_249' title='bbox 407 4378 581 4468; x_wconf 80' lang='lat' dir='ltr'>Hujus</span> <span class='ocrx_word' id='word_1_250' title='bbox 610 4409 845 4464; x_wconf 89' lang='lat' dir='ltr'>namque</span> <span class='ocrx_word' id='word_1_251' title='bbox 874 4389 981 4446; x_wconf 89' lang='lat' dir='ltr'>loci</span> <span class='ocrx_word' id='word_1_252' title='bbox 1010 4387 1182 4443; x_wconf 86' lang='lat' dir='ltr'>fuerat</span> <span class='ocrx_word' id='word_1_253' title='bbox 1209 4391 1472 4455; x_wconf 90' lang='lat' dir='ltr'>patronus</span> <span class='ocrx_word' id='word_1_254' title='bbox 1503 4387 1554 4435; x_wconf 92' lang='lat' dir='ltr'>et</span> <span class='ocrx_word' id='word_1_255' title='bbox 1579 4378 1720 4433; x_wconf 88' lang='lat' dir='ltr'>abba</span> 
     </span>
    </p>
   </div>
   <div class='ocr_carea' id='block_1_46' title="bbox 475 4467 1613 4546">
    <p class='ocr_par' dir='ltr' id='par_1_46' title="bbox 475 4467 1613 4546">
     <span class='ocr_line' id='line_1_46' title="bbox 475 4467 1613 4546; baseline -0.019 -4"><span class='ocrx_word' id='word_1_256' title='bbox 475 4467 706 4542; x_wconf 77' lang='lat' dir='ltr'>Nomine</span> <span class='ocrx_word' id='word_1_257' title='bbox 727 4479 937 4536; x_wconf 87' lang='lat' dir='ltr'>Werdo</span> <span class='ocrx_word' id='word_1_258' title='bbox 967 4475 1068 4532; x_wconf 90' lang='lat' dir='ltr'>Dei</span> <span class='ocrx_word' id='word_1_259' title='bbox 1094 4474 1287 4546; x_wconf 87' lang='lat' dir='ltr'>plenus</span> <span class='ocrx_word' id='word_1_260' title='bbox 1316 4485 1501 4525; x_wconf 89' lang='lat' dir='ltr'>amore</span> <span class='ocrx_word' id='word_1_261' title='bbox 1531 4467 1613 4522; x_wconf 90' lang='lat' dir='ltr'>sui</span> 
     </span>
    </p>
   </div>
   <div class='ocr_carea' id='block_1_47' title="bbox 406 4557 1717 4648">
    <p class='ocr_par' dir='ltr' id='par_1_47' title="bbox 406 4557 1717 4648">
     <span class='ocr_line' id='line_1_47' title="bbox 406 4557 1717 4648; baseline -0.019 -14"><span class='ocrx_word' id='word_1_262' title='bbox 406 4573 678 4648; x_wconf 81' lang='lat' dir='ltr'>Egregius</span> <span class='ocrx_word' id='word_1_263' title='bbox 708 4585 892 4637; x_wconf 89' lang='lat' dir='ltr'>sensu,</span> <span class='ocrx_word' id='word_1_264' title='bbox 925 4564 1082 4621; x_wconf 91' lang='lat' dir='ltr'>nitidi</span> <span class='ocrx_word' id='word_1_265' title='bbox 1111 4560 1383 4618; x_wconf 90' lang='lat' dir='ltr'>sermonis</span> <span class='ocrx_word' id='word_1_266' title='bbox 1413 4557 1717 4621; x_wconf 86' lang='lat' dir='ltr'>abundans,</span> 
     </span>
    </p>
   </div>
   <div class='ocr_carea' id='block_1_48' title="bbox 483 4644 1718 4734">
    <p class='ocr_par' dir='ltr' id='par_1_48' title="bbox 483 4644 1718 4734">
     <span class='ocr_line' id='line_1_48' title="bbox 483 4644 1718 4734; baseline -0.018 -15"><span class='ocrx_word' id='word_1_267' title='bbox 483 4644 752 4734; x_wconf 73' lang='lat' dir='ltr'>Dogmata</span> <span class='ocrx_word' id='word_1_268' title='bbox 780 4653 1169 4712; x_wconf 86' lang='lat' dir='ltr'>commendans</span> <span class='ocrx_word' id='word_1_269' title='bbox 1197 4648 1442 4704; x_wconf 90' lang='lat' dir='ltr'>moribus</span> <span class='ocrx_word' id='word_1_270' title='bbox 1471 4644 1718 4706; x_wconf 83' lang='lat' dir='ltr'>eximiis;</span> 
     </span>
    </p>
   </div>
   <div class='ocr_carea' id='block_1_49' title="bbox 413 4731 1703 4813">
    <p class='ocr_par' dir='ltr' id='par_1_49' title="bbox 413 4731 1703 4813">
     <span class='ocr_line' id='line_1_49' title="bbox 413 4731 1703 4813; baseline -0.019 -8"><span class='ocrx_word' id='word_1_271' title='bbox 413 4731 708 4805; x_wconf 82' lang='lat' dir='ltr'>Sedulitate</span> <span class='ocrx_word' id='word_1_272' title='bbox 735 4741 978 4813; x_wconf 87' lang='lat' dir='ltr'>placens,</span> <span class='ocrx_word' id='word_1_273' title='bbox 1011 4735 1221 4795; x_wconf 89' lang='lat' dir='ltr'>cunctis</span> <span class='ocrx_word' id='word_1_274' title='bbox 1250 4731 1501 4795; x_wconf 74' lang='lat' dir='ltr'>affabilis,</span> <span class='ocrx_word' id='word_1_275' title='bbox 1542 4737 1703 4800; x_wconf 89' lang='lat' dir='ltr'>atque</span> 
     </span>
    </p>
   </div>
   <div class='ocr_carea' id='block_1_50' title="bbox 479 4820 1512 4896">
    <p class='ocr_par' dir='ltr' id='par_1_50' title="bbox 479 4820 1512 4896">
     <span class='ocr_line' id='line_1_50' title="bbox 479 4820 1512 4896; baseline -0.018 -4"><span class='ocrx_word' id='word_1_276' title='bbox 479 4837 686 4892; x_wconf 88' lang='lat' dir='ltr'>Devota</span> <span class='ocrx_word' id='word_1_277' title='bbox 715 4829 1004 4885; x_wconf 91' lang='lat' dir='ltr'>Dominum</span> <span class='ocrx_word' id='word_1_278' title='bbox 1035 4824 1297 4896; x_wconf 88' lang='lat' dir='ltr'>religione</span> <span class='ocrx_word' id='word_1_279' title='bbox 1325 4820 1512 4876; x_wconf 91' lang='lat' dir='ltr'>colens</span> 
     </span>
    </p>
   </div>
   <div class='ocr_carea' id='block_1_51' title="bbox 411 4905 1933 4991">
    <p class='ocr_par' dir='ltr' id='par_1_51' title="bbox 411 4905 1933 4991">
     <span class='ocr_line' id='line_1_51' title="bbox 411 4905 1933 4991; baseline -0.016 -10"><span class='ocrx_word' id='word_1_280' title='bbox 411 4926 566 4980; x_wconf 82' lang='lat' dir='ltr'>Hunc</span> <span class='ocrx_word' id='word_1_281' title='bbox 593 4921 799 4978; x_wconf 88' lang='lat' dir='ltr'>rexisse</span> <span class='ocrx_word' id='word_1_282' title='bbox 830 4931 1061 4991; x_wconf 84' lang='lat' dir='ltr'>gregem</span> <span class='ocrx_word' id='word_1_283' title='bbox 1081 4913 1169 4984; x_wconf 91' lang='lat' dir='ltr'>pie</span> <span class='ocrx_word' id='word_1_284' title='bbox 1197 4927 1298 4982; x_wconf 89' lang='lat' dir='ltr'>per</span> <span class='ocrx_word' id='word_1_285' title='bbox 1326 4905 1693 4981; x_wconf 79' lang='lat' dir='ltr'>quinquennia</span> <span class='ocrx_word' id='word_1_286' title='bbox 1725 4909 1933 4974; x_wconf 90' lang='lat' dir='ltr'>septem</span> 
     </span>
    </p>
   </div>
   <div class='ocr_carea' id='block_1_52' title="bbox 478 4993 1682 5079">
    <p class='ocr_par' dir='ltr' id='par_1_52' title="bbox 478 4993 1682 5079">
     <span class='ocr_line' id='line_1_52' title="bbox 478 4993 1682 5079; baseline -0.016 -10"><span class='ocrx_word' id='word_1_287' title='bbox 478 5011 677 5079; x_wconf 90' lang='lat' dir='ltr'>Scitur,</span> <span class='ocrx_word' id='word_1_288' title='bbox 710 5016 764 5066; x_wconf 91' lang='lat' dir='ltr'>et</span> <span class='ocrx_word' id='word_1_289' title='bbox 792 5001 1099 5078; x_wconf 87' lang='lat' dir='ltr'>omnigenis</span> <span class='ocrx_word' id='word_1_290' title='bbox 1114 4997 1484 5058; x_wconf 86' lang='lat' dir='ltr'>accumulasse</span> <span class='ocrx_word' id='word_1_291' title='bbox 1507 4993 1682 5050; x_wconf 91' lang='lat' dir='ltr'>bonis.</span> 
     </span>
    </p>
   </div>
   <div class='ocr_carea' id='block_1_53' title="bbox 413 5084 1614 5170">
    <p class='ocr_par' dir='ltr' id='par_1_53' title="bbox 413 5084 1614 5170">
     <span class='ocr_line' id='line_1_53' title="bbox 413 5084 1614 5170; baseline -0.017 -13"><span class='ocrx_word' id='word_1_292' title='bbox 413 5100 638 5157; x_wconf 78' lang='lat' dir='ltr'>Martius</span> <span class='ocrx_word' id='word_1_293' title='bbox 663 5095 879 5170; x_wconf 84' lang='lat' dir='ltr'>Apriles</span> <span class='ocrx_word' id='word_1_294' title='bbox 907 5102 992 5150; x_wconf 88' lang='lat' dir='ltr'>ter</span> <span class='ocrx_word' id='word_1_295' title='bbox 1021 5092 1163 5148; x_wconf 90' lang='lat' dir='ltr'>deno</span> <span class='ocrx_word' id='word_1_296' title='bbox 1191 5088 1308 5145; x_wconf 86' lang='lat' dir='ltr'>sole</span> <span class='ocrx_word' id='word_1_297' title='bbox 1341 5084 1614 5142; x_wconf 81' lang='lat' dir='ltr'>Kalendas</span> 
     </span>
    </p>
   </div>
   <div class='ocr_carea' id='block_1_54' title="bbox 452 5270 2005 5338">
    <p class='ocr_par' dir='ltr' id='par_1_54' title="bbox 452 5270 2005 5338">
     <span class='ocr_line' id='line_1_54' title="bbox 452 5270 2005 5338; baseline -0.014 1"><span class='ocrx_word' id='word_1_298' title='bbox 452 5302 472 5328; x_wconf 73' lang='grc' dir='ltr'><strong>ο</strong></span> <span class='ocrx_word' id='word_1_299' title='bbox 516 5291 791 5338; x_wconf 81' lang='lat' dir='ltr'>Willelmus</span> <span class='ocrx_word' id='word_1_300' title='bbox 834 5283 1295 5335; x_wconf 81' lang='lat' dir='ltr'>Malmesburiensis</span> <span class='ocrx_word' id='word_1_301' title='bbox 1332 5279 1624 5331; x_wconf 82' lang='lat' dir='ltr'>monachus,</span> <span class='ocrx_word' id='word_1_302' title='bbox 1690 5275 1754 5320; x_wconf 87' lang='lat' dir='ltr'>de</span> <span class='ocrx_word' id='word_1_303' title='bbox 1843 5270 2005 5319; x_wconf 83' lang='lat' dir='ltr'>Gestia</span> 
     </span>
    </p>
   </div>
   <div class='ocr_carea' id='block_1_55' title="bbox 401 5343 2007 5423">
    <p class='ocr_par' dir='ltr' id='par_1_55' title="bbox 401 5343 2007 5423">
     <span class='ocr_line' id='line_1_55' title="bbox 401 5343 2007 5423; baseline -0.016 -11"><span class='ocrx_word' id='word_1_304' title='bbox 401 5374 581 5423; x_wconf 79' lang='lat' dir='ltr'>regum</span> <span class='ocrx_word' id='word_1_305' title='bbox 619 5359 898 5416; x_wconf 79' lang='lat' dir='ltr'>Anglorum</span> <span class='ocrx_word' id='word_1_306' title='bbox 919 5358 1051 5403; x_wconf 87' lang='lat' dir='ltr'>libro</span> <span class='ocrx_word' id='word_1_307' title='bbox 1071 5354 1293 5403; x_wconf 86' lang='lat' dir='ltr'>secundo</span> <span class='ocrx_word' id='word_1_308' title='bbox 1316 5352 1380 5423; x_wconf 90' lang='lat' dir='ltr'>in</span> <span class='ocrx_word' id='word_1_309' title='bbox 1409 5348 1611 5406; x_wconf 69' lang='lat' dir='ltr'>Alfredo</span> <span class='ocrx_word' id='word_1_310' title='bbox 1674 5348 1716 5391; x_wconf 83' lang='lat' dir='ltr'>lt</span> <span class='ocrx_word' id='word_1_311' title='bbox 1762 5344 1834 5391; x_wconf 86' lang='lat' dir='ltr'>sic</span> <span class='ocrx_word' id='word_1_312' title='bbox 1918 5343 2007 5388; x_wconf 86' lang='lat' dir='ltr'>ha—</span> 
     </span>
    </p>
   </div>
   <div class='ocr_carea' id='block_1_56' title="bbox 402 5416 2003 5486">
    <p class='ocr_par' dir='ltr' id='par_1_56' title="bbox 402 5416 2003 5486">
     <span class='ocr_line' id='line_1_56' title="bbox 402 5416 2003 5486; baseline -0.017 1"><span class='ocrx_word' id='word_1_313' title='bbox 402 5416 491 5486; x_wconf 72' lang='lat' dir='ltr'>bth</span> <span class='ocrx_word' id='word_1_314' title='bbox 525 5451 536 5482; x_wconf 86' lang='lat'><strong>:</strong></span> <span class='ocrx_word' id='word_1_315' title='bbox 584 5451 608 5476; x_wconf 69' lang='grc' dir='ltr'><strong>ς</strong></span> <span class='ocrx_word' id='word_1_316' title='bbox 647 5435 748 5480; x_wconf 80' lang='lat' dir='ltr'>Hoc</span> <span class='ocrx_word' id='word_1_317' title='bbox 788 5433 1013 5486; x_wconf 88' lang='lat' dir='ltr'>tempore</span> <span class='ocrx_word' id='word_1_318' title='bbox 1051 5426 1275 5473; x_wconf 88' lang='lat' dir='ltr'>creditur</span> <span class='ocrx_word' id='word_1_319' title='bbox 1307 5422 1472 5469; x_wconf 84' lang='lat' dir='ltr'>fuisse</span> <span class='ocrx_word' id='word_1_320' title='bbox 1528 5422 1747 5466; x_wconf 81' lang='lat' dir='ltr'>Joannes</span> <span class='ocrx_word' id='word_1_321' title='bbox 1811 5416 2003 5468; x_wconf 85' lang='lat' dir='ltr'>Scotus,</span> 
     </span>
    </p>
   </div>
   <div class='ocr_carea' id='block_1_57' title="bbox 403 5486 2004 5565">
    <p class='ocr_par' dir='ltr' id='par_1_57' title="bbox 403 5486 2004 5565">
     <span class='ocr_line' id='line_1_57' title="bbox 403 5486 2004 5565; baseline -0.017 -8"><span class='ocrx_word' id='word_1_322' title='bbox 403 5510 488 5557; x_wconf 81' lang='lat' dir='ltr'>vir</span> <span class='ocrx_word' id='word_1_323' title='bbox 543 5501 852 5565; x_wconf 84' lang='lat' dir='ltr'>perspicacis</span> <span class='ocrx_word' id='word_1_324' title='bbox 893 5497 1086 5556; x_wconf 79' lang='lat' dir='ltr'>ingenii</span> <span class='ocrx_word' id='word_1_325' title='bbox 1133 5499 1185 5544; x_wconf 86' lang='lat' dir='ltr'>et</span> <span class='ocrx_word' id='word_1_326' title='bbox 1227 5495 1396 5544; x_wconf 76' lang='lat' dir='ltr'>multas</span> <span class='ocrx_word' id='word_1_327' title='bbox 1436 5489 1700 5565; x_wconf 71' lang='lat' dir='ltr'>facundiae,</span> <span class='ocrx_word' id='word_1_328' title='bbox 1765 5486 1851 5565; x_wconf 69' lang='lat' dir='ltr'>qui</span> <span class='ocrx_word' id='word_1_329' title='bbox 1910 5486 2004 5565; x_wconf 78' lang='lat' dir='ltr'>du-</span> 
     </span>
    </p>
   </div>
   <div class='ocr_carea' id='block_1_58' title="bbox 406 5556 2004 5633">
    <p class='ocr_par' dir='ltr' id='par_1_58' title="bbox 406 5556 2004 5633">
     <span class='ocr_line' id='line_1_58' title="bbox 406 5556 2004 5633; baseline -0.016 -6"><span class='ocrx_word' id='word_1_330' title='bbox 406 5556 526 5628; x_wconf 82' lang='lat' dir='ltr'>dum</span> <span class='ocrx_word' id='word_1_331' title='bbox 545 5556 975 5633; x_wconf 62' lang='lat' dir='ltr'>concrepantibus</span> <span class='ocrx_word' id='word_1_332' title='bbox 1011 5568 1237 5622; x_wconf 83' lang='lat' dir='ltr'>undique</span> <span class='ocrx_word' id='word_1_333' title='bbox 1283 5566 1535 5613; x_wconf 85' lang='lat' dir='ltr'>bellorum</span> <span class='ocrx_word' id='word_1_334' title='bbox 1590 5558 1881 5618; x_wconf 77' lang='lat' dir='ltr'>fragoribus</span> <span class='ocrx_word' id='word_1_335' title='bbox 1907 5627 1915 5633; x_wconf 35' lang='lat'><strong>-</strong></span> <span class='ocrx_word' id='word_1_336' title='bbox 1939 5556 2004 5633; x_wconf 80' lang='lat' dir='ltr'>_in</span> 
     </span>
    </p>
   </div>
   <div class='ocr_carea' id='block_1_59' title="bbox 402 5627 2001 5698">
    <p class='ocr_par' dir='ltr' id='par_1_59' title="bbox 402 5627 2001 5698">
     <span class='ocr_line' id='line_1_59' title="bbox 402 5627 2001 5698; baseline -0.013 -1"><span class='ocrx_word' id='word_1_337' title='bbox 402 5627 606 5698; x_wconf 53' lang='lat' dir='ltr'>francia</span> <span class='ocrx_word' id='word_1_338' title='bbox 634 5627 1002 5692; x_wconf 18' lang='lat' dir='ltr'>ind—Carolum</span> <span class='ocrx_word' id='word_1_339' title='bbox 1059 5639 1263 5688; x_wconf 84' lang='lat' dir='ltr'>Calvum</span> <span class='ocrx_word' id='word_1_340' title='bbox 1301 5635 1584 5682; x_wconf 83' lang='lat' dir='ltr'>transierat.</span> <span class='ocrx_word' id='word_1_341' title='bbox 1630 5649 1650 5672; x_wconf 78' lang='grc'><strong>»</strong></span> <span class='ocrx_word' id='word_1_342' title='bbox 1702 5634 1822 5686; x_wconf 66' lang='lat' dir='ltr'>Quae</span> <span class='ocrx_word' id='word_1_343' title='bbox 1868 5627 2001 5677; x_wconf 86' lang='lat' dir='ltr'>vide.</span> 
     </span>
    </p>
   </div>
   <div class='ocr_carea' id='block_1_60' title="bbox 888 232 3043 320">
    <p class='ocr_par' dir='ltr' id='par_1_60' title="bbox 888 232 3043 320">
     <span class='ocr_line' id='line_1_60' title="bbox 888 232 3043 320; baseline -0.017 2"><span class='ocrx_word' id='word_1_344' title='bbox 888 263 1290 320; x_wconf 78' lang='lat' dir='ltr'>WALAFRIDI</span> <span class='ocrx_word' id='word_1_345' title='bbox 1328 257 1569 314; x_wconf 76' lang='lat' dir='ltr'>STRABI</span> <span class='ocrx_word' id='word_1_346' title='bbox 1611 253 1806 310; x_wconf 86' lang='lat' dir='ltr'>FULD.</span> <span class='ocrx_word' id='word_1_347' title='bbox 1853 248 2019 304; x_wconf 85' lang='lat' dir='ltr'>MON.</span> <span class='ocrx_word' id='word_1_348' title='bbox 2063 246 2215 302; x_wconf 84' lang='lat' dir='ltr'>OPP.</span> <span class='ocrx_word' id='word_1_349' title='bbox 2258 242 2431 298; x_wconf 78' lang='lat' dir='ltr'>PARS</span> <span class='ocrx_word' id='word_1_350' title='bbox 2471 239 2563 295; x_wconf 81' lang='lat' dir='ltr'>lli.</span> <span class='ocrx_word' id='word_1_351' title='bbox 2602 269 2670 279; x_wconf 90' lang='lat'>—</span> <span class='ocrx_word' id='word_1_352' title='bbox 2710 232 3043 291; x_wconf 75' lang='lat' dir='ltr'>CARMINA.</span> 
     </span>
    </p>
   </div>
   <div class='ocr_carea' id='block_1_61' title="bbox 2016 1729 2068 1786">
    <p class='ocr_par' dir='ltr' id='par_1_61' title="bbox 2016 1729 2068 1786">
     <span class='ocr_line' id='line_1_61' title="bbox 2016 1729 2068 1786; baseline 0 0"><span class='ocrx_word' id='word_1_353' title='bbox 2016 1729 2068 1786; x_wconf 86' lang='grc' dir='ltr'><strong>Β</strong></span> 
     </span>
    </p>
   </div>
   <div class='ocr_carea' id='block_1_62' title="bbox 3541 225 3681 278">
    <p class='ocr_par' dir='ltr' id='par_1_62' title="bbox 3541 225 3681 278">
     <span class='ocr_line' id='line_1_62' title="bbox 3541 225 3681 278; baseline -0.021 0"><span class='ocrx_word' id='word_1_354' title='bbox 3541 225 3681 278; x_wconf 70' lang='grc'>1104</span> 
     </span>
    </p>
   </div>
   <div class='ocr_carea' id='block_1_63' title="bbox 2005 377 3494 458">
    <p class='ocr_par' dir='ltr' id='par_1_63' title="bbox 2005 377 3494 458">
     <span class='ocr_line' id='line_1_63' title="bbox 2005 377 3494 458; baseline -0.016 -5"><span class='ocrx_word' id='word_1_355' title='bbox 2005 377 2059 435; x_wconf 80' lang='grc' dir='ltr'><strong>Α</strong></span> <span class='ocrx_word' id='word_1_356' title='bbox 2157 397 2297 451; x_wconf 92' lang='lat' dir='ltr'>Dum</span> <span class='ocrx_word' id='word_1_357' title='bbox 2327 393 2469 458; x_wconf 88' lang='lat' dir='ltr'>visit,</span> <span class='ocrx_word' id='word_1_358' title='bbox 2494 389 2705 446; x_wconf 87' lang='lat' dir='ltr'>Werdo</span> <span class='ocrx_word' id='word_1_359' title='bbox 2727 394 2954 442; x_wconf 91' lang='lat' dir='ltr'>mortem</span> <span class='ocrx_word' id='word_1_360' title='bbox 2985 381 3116 450; x_wconf 90' lang='lat' dir='ltr'>obit,</span> <span class='ocrx_word' id='word_1_361' title='bbox 3148 388 3291 435; x_wconf 87' lang='lat' dir='ltr'>astra</span> <span class='ocrx_word' id='word_1_362' title='bbox 3335 377 3494 432; x_wconf 89' lang='lat' dir='ltr'>subit.</span> 
     </span>
    </p>
   </div>
   <div class='ocr_carea' id='block_1_64' title="bbox 2085 474 3496 554">
    <p class='ocr_par' dir='ltr' id='par_1_64' title="bbox 2085 474 3496 554">
     <span class='ocr_line' id='line_1_64' title="bbox 2085 474 3496 554; baseline -0.014 -15"><span class='ocrx_word' id='word_1_363' title='bbox 2085 486 2255 554; x_wconf 89' lang='lat' dir='ltr'>Hujus</span> <span class='ocrx_word' id='word_1_364' title='bbox 2287 499 2386 554; x_wconf 91' lang='lat' dir='ltr'>pro</span> <span class='ocrx_word' id='word_1_365' title='bbox 2417 481 2607 551; x_wconf 87' lang='lat' dir='ltr'>requie</span> <span class='ocrx_word' id='word_1_366' title='bbox 2637 477 2848 531; x_wconf 89' lang='lat' dir='ltr'>titulum</span> <span class='ocrx_word' id='word_1_367' title='bbox 2879 474 3187 545; x_wconf 89' lang='lat' dir='ltr'>quicunque</span> <span class='ocrx_word' id='word_1_368' title='bbox 3217 482 3496 532; x_wconf 88' lang='lat' dir='ltr'>recenses,</span> 
     </span>
    </p>
   </div>
   <div class='ocr_carea' id='block_1_65' title="bbox 2146 557 3423 638">
    <p class='ocr_par' dir='ltr' id='par_1_65' title="bbox 2146 557 3423 638">
     <span class='ocr_line' id='line_1_65' title="bbox 2146 557 3423 638; baseline -0.016 -10"><span class='ocrx_word' id='word_1_369' title='bbox 2146 575 2376 628; x_wconf 86' lang='lat' dir='ltr'>Pectore</span> <span class='ocrx_word' id='word_1_370' title='bbox 2403 571 2471 623; x_wconf 90' lang='lat' dir='ltr'>de</span> <span class='ocrx_word' id='word_1_371' title='bbox 2501 567 2717 638; x_wconf 77' lang='lat' dir='ltr'>placido</span> <span class='ocrx_word' id='word_1_372' title='bbox 2746 564 2908 618; x_wconf 85' lang='lat' dir='ltr'>funde</span> <span class='ocrx_word' id='word_1_373' title='bbox 2937 575 3130 633; x_wconf 88' lang='lat' dir='ltr'>preces</span> <span class='ocrx_word' id='word_1_374' title='bbox 3173 557 3423 612; x_wconf 89' lang='lat' dir='ltr'>Domino.</span> 
     </span>
    </p>
   </div>
   <div class='ocr_carea' id='block_1_66' title="bbox 2185 701 3570 760">
    <p class='ocr_par' dir='ltr' id='par_1_66' title="bbox 2185 701 3570 760">
     <span class='ocr_line' id='line_1_66' title="bbox 2185 701 3570 760; baseline -0.015 0"><span class='ocrx_word' id='word_1_375' title='bbox 2185 721 2242 760; x_wconf 85' lang='lat' dir='ltr'>IN</span> <span class='ocrx_word' id='word_1_376' title='bbox 2273 716 2531 760; x_wconf 77' lang='lat' dir='ltr'>ECCLESIA</span> <span class='ocrx_word' id='word_1_377' title='bbox 2558 711 2896 755; x_wconf 73' lang='lat' dir='ltr'>MONASTERII</span> <span class='ocrx_word' id='word_1_378' title='bbox 2925 708 3074 757; x_wconf 81' lang='lat' dir='ltr'>QUOD</span> <span class='ocrx_word' id='word_1_379' title='bbox 3120 704 3264 746; x_wconf 73' lang='lat' dir='ltr'><strong>BURA</strong></span> <span class='ocrx_word' id='word_1_380' title='bbox 3295 701 3570 742; x_wconf 71' lang='lat' dir='ltr'>V&#39;OCATUB.</span> 
     </span>
    </p>
   </div>
   <div class='ocr_carea' id='block_1_67' title="bbox 2082 809 3687 898">
    <p class='ocr_par' dir='ltr' id='par_1_67' title="bbox 2082 809 3687 898">
     <span class='ocr_line' id='line_1_67' title="bbox 2082 809 3687 898; baseline -0.014 -13"><span class='ocrx_word' id='word_1_381' title='bbox 2082 831 2195 884; x_wconf 88' lang='lat' dir='ltr'>Hoc</span> <span class='ocrx_word' id='word_1_382' title='bbox 2224 827 2485 898; x_wconf 88' lang='lat' dir='ltr'>templum</span> <span class='ocrx_word' id='word_1_383' title='bbox 2537 821 2801 893; x_wconf 87' lang='lat' dir='ltr'>Stephani</span> <span class='ocrx_word' id='word_1_384' title='bbox 2838 818 3150 874; x_wconf 89' lang='lat' dir='ltr'>celebratur</span> <span class='ocrx_word' id='word_1_385' title='bbox 3196 815 3400 868; x_wconf 90' lang='lat' dir='ltr'>honore</span> <span class='ocrx_word' id='word_1_386' title='bbox 3441 809 3687 864; x_wconf 86' lang='lat' dir='ltr'>dicatum</span> 
     </span>
    </p>
   </div>
   <div class='ocr_carea' id='block_1_68' title="bbox 2153 900 3392 971">
    <p class='ocr_par' dir='ltr' id='par_1_68' title="bbox 2153 900 3392 971">
     <span class='ocr_line' id='line_1_68' title="bbox 2153 900 3392 971; baseline -0.014 0"><span class='ocrx_word' id='word_1_387' title='bbox 2153 917 2288 971; x_wconf 89' lang='lat' dir='ltr'>Cum</span> <span class='ocrx_word' id='word_1_388' title='bbox 2314 914 2519 970; x_wconf 82' lang='lat' dir='ltr'>Jacobo</span> <span class='ocrx_word' id='word_1_389' title='bbox 2552 910 2725 966; x_wconf 90' lang='lat' dir='ltr'>nostri</span> <span class='ocrx_word' id='word_1_390' title='bbox 2755 909 2923 963; x_wconf 82' lang='lat' dir='ltr'>fratre</span> <span class='ocrx_word' id='word_1_391' title='bbox 2954 904 3113 960; x_wconf 90' lang='lat' dir='ltr'>simul</span> <span class='ocrx_word' id='word_1_392' title='bbox 3155 900 3392 958; x_wconf 88' lang='lat' dir='ltr'>Domini.</span> 
     </span>
    </p>
   </div>
   <div class='ocr_carea' id='block_1_69' title="bbox 2082 987 3504 1075">
    <p class='ocr_par' dir='ltr' id='par_1_69' title="bbox 2082 987 3504 1075">
     <span class='ocr_line' id='line_1_69' title="bbox 2082 987 3504 1075; baseline -0.014 -14"><span class='ocrx_word' id='word_1_393' title='bbox 2082 1006 2325 1075; x_wconf 89' lang='lat' dir='ltr'>Quorum</span> <span class='ocrx_word' id='word_1_394' title='bbox 2359 1003 2459 1057; x_wconf 85' lang='lat' dir='ltr'>sub</span> <span class='ocrx_word' id='word_1_395' title='bbox 2490 1000 2762 1072; x_wconf 89' lang='lat' dir='ltr'>precibus,</span> <span class='ocrx_word' id='word_1_396' title='bbox 2798 994 2994 1052; x_wconf 87' lang='lat' dir='ltr'>Christi</span> <span class='ocrx_word' id='word_1_397' title='bbox 3032 993 3226 1064; x_wconf 87' lang='lat' dir='ltr'>pietate</span> <span class='ocrx_word' id='word_1_398' title='bbox 3267 987 3504 1059; x_wconf 90' lang='lat' dir='ltr'>receptis</span> 
     </span>
    </p>
   </div>
   <div class='ocr_carea' id='block_1_70' title="bbox 2154 1077 3430 1161">
    <p class='ocr_par' dir='ltr' id='par_1_70' title="bbox 2154 1077 3430 1161">
     <span class='ocr_line' id='line_1_70' title="bbox 2154 1077 3430 1161; baseline -0.016 -12"><span class='ocrx_word' id='word_1_399' title='bbox 2154 1091 2366 1148; x_wconf 91' lang='lat' dir='ltr'>Summi</span> <span class='ocrx_word' id='word_1_400' title='bbox 2397 1089 2750 1161; x_wconf 89' lang='lat' dir='ltr'>adpiscamur</span> <span class='ocrx_word' id='word_1_401' title='bbox 2794 1098 3020 1138; x_wconf 90' lang='lat' dir='ltr'>munera</span> <span class='ocrx_word' id='word_1_402' title='bbox 3065 1081 3223 1152; x_wconf 87' lang='lat' dir='ltr'>larga</span> <span class='ocrx_word' id='word_1_403' title='bbox 3281 1077 3430 1132; x_wconf 89' lang='lat' dir='ltr'>boni.</span> 
     </span>
    </p>
   </div>
   <div class='ocr_carea' id='block_1_71' title="bbox 2084 1164 3506 1253">
    <p class='ocr_par' dir='ltr' id='par_1_71' title="bbox 2084 1164 3506 1253">
     <span class='ocr_line' id='line_1_71' title="bbox 2084 1164 3506 1253; baseline -0.015 -16"><span class='ocrx_word' id='word_1_404' title='bbox 2084 1180 2375 1253; x_wconf 84' lang='lat' dir='ltr'>Hildigrim</span> <span class='ocrx_word' id='word_1_405' title='bbox 2410 1177 2625 1244; x_wconf 89' lang='lat' dir='ltr'>struxit,</span> <span class='ocrx_word' id='word_1_406' title='bbox 2662 1172 3009 1229; x_wconf 88' lang='lat' dir='ltr'>Hadabaldus</span> <span class='ocrx_word' id='word_1_407' title='bbox 3039 1169 3329 1240; x_wconf 87' lang='lat' dir='ltr'>episcOpus</span> <span class='ocrx_word' id='word_1_408' title='bbox 3357 1164 3506 1220; x_wconf 85' lang='lat' dir='ltr'>archi</span> 
     </span>
    </p>
   </div>
   <div class='ocr_carea' id='block_1_72' title="bbox 2158 1260 3513 1326">
    <p class='ocr_par' dir='ltr' id='par_1_72' title="bbox 2158 1260 3513 1326">
     <span class='ocr_line' id='line_1_72' title="bbox 2158 1260 3513 1326; baseline -0.015 0"><span class='ocrx_word' id='word_1_409' title='bbox 2158 1266 2518 1326; x_wconf 80' lang='lat' dir='ltr'>Sanctificavit</span> <span class='ocrx_word' id='word_1_410' title='bbox 2557 1283 2569 1318; x_wconf 94' lang='lat'>:</span> <span class='ocrx_word' id='word_1_411' title='bbox 2602 1265 2778 1319; x_wconf 89' lang='lat' dir='ltr'>honor</span> <span class='ocrx_word' id='word_1_412' title='bbox 2808 1269 2990 1316; x_wconf 87' lang='lat' dir='ltr'>certus</span> <span class='ocrx_word' id='word_1_413' title='bbox 3019 1266 3307 1326; x_wconf 88' lang='lat' dir='ltr'>utrumque</span> <span class='ocrx_word' id='word_1_414' title='bbox 3335 1260 3513 1307; x_wconf 89' lang='lat' dir='ltr'>manet</span> 
     </span>
    </p>
   </div>
   <div class='ocr_carea' id='block_1_73' title="bbox 2283 1397 3479 1482">
    <p class='ocr_par' dir='ltr' id='par_1_73' title="bbox 2283 1397 3479 1482">
     <span class='ocr_line' id='line_1_73' title="bbox 2283 1397 3479 1482; baseline -0.016 -16"><span class='ocrx_word' id='word_1_415' title='bbox 2283 1411 2464 1482; x_wconf 80' lang='lat' dir='ltr'>Super</span> <span class='ocrx_word' id='word_1_416' title='bbox 2495 1423 2676 1463; x_wconf 81' lang='lat' dir='ltr'>unum</span> <span class='ocrx_word' id='word_1_417' title='bbox 2707 1406 2892 1460; x_wconf 80' lang='lat' dir='ltr'>altare</span> <span class='ocrx_word' id='word_1_418' title='bbox 2921 1400 3172 1473; x_wconf 72' lang='lat' dir='ltr'>ejusdem</span> <span class='ocrx_word' id='word_1_419' title='bbox 3211 1397 3479 1452; x_wconf 76' lang='lat' dir='ltr'>ecclesicr.</span> 
     </span>
    </p>
   </div>
   <div class='ocr_carea' id='block_1_74' title="bbox 2092 1529 3466 1595">
    <p class='ocr_par' dir='ltr' id='par_1_74' title="bbox 2092 1529 3466 1595">
     <span class='ocr_line' id='line_1_74' title="bbox 2092 1529 3466 1595; baseline -0.012 0"><span class='ocrx_word' id='word_1_420' title='bbox 2092 1543 2258 1595; x_wconf 82' lang='lat' dir='ltr'>istam</span> <span class='ocrx_word' id='word_1_421' title='bbox 2288 1538 2614 1592; x_wconf 90' lang='lat' dir='ltr'>Dantbertus</span> <span class='ocrx_word' id='word_1_422' title='bbox 2645 1533 2840 1588; x_wconf 90' lang='lat' dir='ltr'>retinet</span> <span class='ocrx_word' id='word_1_423' title='bbox 2882 1529 3143 1586; x_wconf 83' lang='lat' dir='ltr'>Martinus</span> <span class='ocrx_word' id='word_1_424' title='bbox 3199 1535 3252 1580; x_wconf 89' lang='lat' dir='ltr'>et</span> <span class='ocrx_word' id='word_1_425' title='bbox 3296 1540 3466 1589; x_wconf 88' lang='lat' dir='ltr'>aram,</span> 
     </span>
    </p>
   </div>
   <div class='ocr_carea' id='block_1_75' title="bbox 2165 1613 3469 1696">
    <p class='ocr_par' dir='ltr' id='par_1_75' title="bbox 2165 1613 3469 1696">
     <span class='ocr_line' id='line_1_75' title="bbox 2165 1613 3469 1696; baseline -0.012 -13"><span class='ocrx_word' id='word_1_426' title='bbox 2165 1625 2417 1696; x_wconf 89' lang='lat' dir='ltr'>Quorum</span> <span class='ocrx_word' id='word_1_427' title='bbox 2447 1640 2547 1679; x_wconf 91' lang='lat' dir='ltr'>nos</span> <span class='ocrx_word' id='word_1_428' title='bbox 2578 1621 2855 1694; x_wconf 87' lang='lat' dir='ltr'>precibus,</span> <span class='ocrx_word' id='word_1_429' title='bbox 2888 1617 3121 1682; x_wconf 89' lang='lat' dir='ltr'>Christe,</span> <span class='ocrx_word' id='word_1_430' title='bbox 3157 1624 3310 1670; x_wconf 88' lang='lat' dir='ltr'>tuere</span> <span class='ocrx_word' id='word_1_431' title='bbox 3345 1613 3469 1683; x_wconf 89' lang='lat' dir='ltr'>piis.</span> 
     </span>
    </p>
   </div>
   <div class='ocr_carea' id='block_1_76' title="bbox 2673 1760 3086 1836">
    <p class='ocr_par' dir='ltr' id='par_1_76' title="bbox 2673 1760 3086 1836">
     <span class='ocr_line' id='line_1_76' title="bbox 2673 1760 3086 1836; baseline -0.017 -16"><span class='ocrx_word' id='word_1_432' title='bbox 2673 1764 2853 1836; x_wconf 84' lang='lat' dir='ltr'>Super</span> <span class='ocrx_word' id='word_1_433' title='bbox 2907 1760 3086 1817; x_wconf 75' lang='lat' dir='ltr'>aliud.</span> 
     </span>
    </p>
   </div>
   <div class='ocr_carea' id='block_1_77' title="bbox 2090 1874 3433 1945">
    <p class='ocr_par' dir='ltr' id='par_1_77' title="bbox 2090 1874 3433 1945">
     <span class='ocr_line' id='line_1_77' title="bbox 2090 1874 3433 1945; baseline -0.013 0"><span class='ocrx_word' id='word_1_434' title='bbox 2090 1889 2188 1944; x_wconf 84' lang='lat' dir='ltr'>Hic</span> <span class='ocrx_word' id='word_1_435' title='bbox 2220 1886 2379 1942; x_wconf 89' lang='lat' dir='ltr'>matri</span> <span class='ocrx_word' id='word_1_436' title='bbox 2413 1881 2630 1939; x_wconf 90' lang='lat' dir='ltr'>Domini</span> <span class='ocrx_word' id='word_1_437' title='bbox 2658 1878 2906 1944; x_wconf 89' lang='lat' dir='ltr'>sociaris,</span> <span class='ocrx_word' id='word_1_438' title='bbox 2939 1884 3124 1932; x_wconf 89' lang='lat' dir='ltr'>sancte</span> <span class='ocrx_word' id='word_1_439' title='bbox 3181 1874 3433 1945; x_wconf 84' lang='lat' dir='ltr'>Gregori,</span> 
     </span>
    </p>
   </div>
   <div class='ocr_carea' id='block_1_78' title="bbox 2163 1960 3396 2047">
    <p class='ocr_par' dir='ltr' id='par_1_78' title="bbox 2163 1960 3396 2047">
     <span class='ocr_line' id='line_1_78' title="bbox 2163 1960 3396 2047; baseline -0.014 -15"><span class='ocrx_word' id='word_1_440' title='bbox 2163 1978 2298 2032; x_wconf 91' lang='lat' dir='ltr'>Cum</span> <span class='ocrx_word' id='word_1_441' title='bbox 2334 1989 2440 2047; x_wconf 91' lang='lat' dir='ltr'>qua</span> <span class='ocrx_word' id='word_1_442' title='bbox 2468 1987 2569 2043; x_wconf 89' lang='lat' dir='ltr'>pro</span> <span class='ocrx_word' id='word_1_443' title='bbox 2597 1969 2754 2025; x_wconf 91' lang='lat' dir='ltr'>nobis</span> <span class='ocrx_word' id='word_1_444' title='bbox 2779 1966 2990 2040; x_wconf 89' lang='lat' dir='ltr'>poscito</span> <span class='ocrx_word' id='word_1_445' title='bbox 3019 1973 3234 2035; x_wconf 89' lang='lat' dir='ltr'>sceptra</span> <span class='ocrx_word' id='word_1_446' title='bbox 3296 1960 3396 2017; x_wconf 90' lang='lat' dir='ltr'>Dei</span> 
     </span>
    </p>
   </div>
   <div class='ocr_carea' id='block_1_79' title="bbox 2586 2093 3187 2163">
    <p class='ocr_par' dir='ltr' id='par_1_79' title="bbox 2586 2093 3187 2163">
     <span class='ocr_line' id='line_1_79' title="bbox 2586 2093 3187 2163; baseline -0.013 -13"><span class='ocrx_word' id='word_1_447' title='bbox 2586 2094 2759 2150; x_wconf 74' lang='lat' dir='ltr'>Aliud</span> <span class='ocrx_word' id='word_1_448' title='bbox 2821 2093 3187 2163; x_wconf 78' lang='lat' dir='ltr'>epigramma.</span> 
     </span>
    </p>
   </div>
   <div class='ocr_carea' id='block_1_80' title="bbox 2094 2221 3581 2290">
    <p class='ocr_par' dir='ltr' id='par_1_80' title="bbox 2094 2221 3581 2290">
     <span class='ocr_line' id='line_1_80' title="bbox 2094 2221 3581 2290; baseline -0.009 0"><span class='ocrx_word' id='word_1_449' title='bbox 2094 2236 2246 2290; x_wconf 85' lang='lat' dir='ltr'>Hanc</span> <span class='ocrx_word' id='word_1_450' title='bbox 2277 2231 2448 2289; x_wconf 89' lang='lat' dir='ltr'>sancti</span> <span class='ocrx_word' id='word_1_451' title='bbox 2479 2229 2581 2285; x_wconf 90' lang='lat' dir='ltr'>sub</span> <span class='ocrx_word' id='word_1_452' title='bbox 2611 2229 2820 2283; x_wconf 91' lang='lat' dir='ltr'>honore</span> <span class='ocrx_word' id='word_1_453' title='bbox 2849 2223 2993 2279; x_wconf 90' lang='lat' dir='ltr'>Petri</span> <span class='ocrx_word' id='word_1_454' title='bbox 3018 2221 3302 2278; x_wconf 87' lang='lat' dir='ltr'>renovavit</span> <span class='ocrx_word' id='word_1_455' title='bbox 3331 2229 3382 2277; x_wconf 88' lang='lat' dir='ltr'>et</span> <span class='ocrx_word' id='word_1_456' title='bbox 3412 2222 3581 2286; x_wconf 81' lang='lat' dir='ltr'>auxit,</span> 
     </span>
    </p>
   </div>
   <div class='ocr_carea' id='block_1_81' title="bbox 2159 2311 3364 2378">
    <p class='ocr_par' dir='ltr' id='par_1_81' title="bbox 2159 2311 3364 2378">
     <span class='ocr_line' id='line_1_81' title="bbox 2159 2311 3364 2378; baseline -0.012 0"><span class='ocrx_word' id='word_1_457' title='bbox 2159 2323 2341 2378; x_wconf 83' lang='lat' dir='ltr'>Abbas</span> <span class='ocrx_word' id='word_1_458' title='bbox 2379 2318 2692 2376; x_wconf 88' lang='lat' dir='ltr'>Grimaldus</span> <span class='ocrx_word' id='word_1_459' title='bbox 2722 2315 2859 2370; x_wconf 89' lang='lat' dir='ltr'>lucis</span> <span class='ocrx_word' id='word_1_460' title='bbox 2889 2328 3075 2368; x_wconf 89' lang='lat' dir='ltr'>amore</span> <span class='ocrx_word' id='word_1_461' title='bbox 3123 2311 3364 2376; x_wconf 90' lang='lat' dir='ltr'>domum,</span> 
     </span>
    </p>
   </div>
   <div class='ocr_carea' id='block_1_82' title="bbox 2089 2399 3402 2475">
    <p class='ocr_par' dir='ltr' id='par_1_82' title="bbox 2089 2399 3402 2475">
     <span class='ocr_line' id='line_1_82' title="bbox 2089 2399 3402 2475; baseline -0.012 -11"><span class='ocrx_word' id='word_1_462' title='bbox 2089 2409 2187 2464; x_wconf 84' lang='lat' dir='ltr'>Hic</span> <span class='ocrx_word' id='word_1_463' title='bbox 2219 2424 2284 2463; x_wconf 88' lang='lat' dir='ltr'>ex</span> <span class='ocrx_word' id='word_1_464' title='bbox 2316 2406 2483 2462; x_wconf 91' lang='lat' dir='ltr'>corde</span> <span class='ocrx_word' id='word_1_465' title='bbox 2511 2411 2703 2475; x_wconf 90' lang='lat' dir='ltr'>petens</span> <span class='ocrx_word' id='word_1_466' title='bbox 2731 2399 2915 2455; x_wconf 89' lang='lat' dir='ltr'>divino</span> <span class='ocrx_word' id='word_1_467' title='bbox 2945 2412 3173 2451; x_wconf 90' lang='lat' dir='ltr'>munere</span> <span class='ocrx_word' id='word_1_468' title='bbox 3228 2405 3402 2450; x_wconf 88' lang='lat' dir='ltr'>sumet</span> 
     </span>
    </p>
   </div>
   <div class='ocr_carea' id='block_1_83' title="bbox 2162 2484 3394 2566">
    <p class='ocr_par' dir='ltr' id='par_1_83' title="bbox 2162 2484 3394 2566">
     <span class='ocr_line' id='line_1_83' title="bbox 2162 2484 3394 2566; baseline -0.013 -13"><span class='ocrx_word' id='word_1_469' title='bbox 2162 2496 2322 2566; x_wconf 89' lang='lat' dir='ltr'>Quod</span> <span class='ocrx_word' id='word_1_470' title='bbox 2349 2494 2511 2566; x_wconf 86' lang='lat' dir='ltr'>cupit,</span> <span class='ocrx_word' id='word_1_471' title='bbox 2545 2501 2598 2546; x_wconf 92' lang='lat' dir='ltr'>et</span> <span class='ocrx_word' id='word_1_472' title='bbox 2626 2490 2764 2545; x_wconf 87' lang='lat' dir='ltr'>votis</span> <span class='ocrx_word' id='word_1_473' title='bbox 2795 2502 3036 2556; x_wconf 83' lang='lat' dir='ltr'>congrua</span> <span class='ocrx_word' id='word_1_474' title='bbox 3064 2484 3211 2540; x_wconf 88' lang='lat' dir='ltr'>dona</span> <span class='ocrx_word' id='word_1_475' title='bbox 3260 2485 3394 2538; x_wconf 91' lang='lat' dir='ltr'>suis.</span> 
     </span>
    </p>
   </div>
   <div class='ocr_carea' id='block_1_84' title="bbox 2791 2627 2980 2692">
    <p class='ocr_par' dir='ltr' id='par_1_84' title="bbox 2791 2627 2980 2692">
     <span class='ocr_line' id='line_1_84' title="bbox 2791 2627 2980 2692; baseline -0.069 0"><span class='ocrx_word' id='word_1_476' title='bbox 2791 2627 2980 2692; x_wconf 81' lang='lat' dir='ltr'>Aliud.</span> 
     </span>
    </p>
   </div>
   <div class='ocr_carea' id='block_1_85' title="bbox 2088 2729 3688 2810">
    <p class='ocr_par' dir='ltr' id='par_1_85' title="bbox 2088 2729 3688 2810">
     <span class='ocr_line' id='line_1_85' title="bbox 2088 2729 3688 2810; baseline -0.005 -20"><span class='ocrx_word' id='word_1_477' title='bbox 2088 2735 2203 2790; x_wconf 90' lang='lat' dir='ltr'>Hoc</span> <span class='ocrx_word' id='word_1_478' title='bbox 2232 2750 2468 2806; x_wconf 88' lang='lat' dir='ltr'>quoque,</span> <span class='ocrx_word' id='word_1_479' title='bbox 2499 2736 2657 2804; x_wconf 80' lang='lat' dir='ltr'>virgo</span> <span class='ocrx_word' id='word_1_480' title='bbox 2688 2737 2788 2792; x_wconf 91' lang='lat' dir='ltr'>Dei</span> <span class='ocrx_word' id='word_1_481' title='bbox 2809 2736 3045 2810; x_wconf 85' lang='lat' dir='ltr'>genitrix</span> <span class='ocrx_word' id='word_1_482' title='bbox 3066 2731 3395 2799; x_wconf 88' lang='lat' dir='ltr'>veneranda,</span> <span class='ocrx_word' id='word_1_483' title='bbox 3419 2729 3688 2785; x_wconf 89' lang='lat' dir='ltr'>sacellum</span> 
     </span>
    </p>
   </div>
   <div class='ocr_carea' id='block_1_86' title="bbox 2161 2822 3310 2896">
    <p class='ocr_par' dir='ltr' id='par_1_86' title="bbox 2161 2822 3310 2896">
     <span class='ocr_line' id='line_1_86' title="bbox 2161 2822 3310 2896; baseline -0.002 -19"><span class='ocrx_word' id='word_1_484' title='bbox 2161 2822 2472 2879; x_wconf 89' lang='lat' dir='ltr'>Grimaldus</span> <span class='ocrx_word' id='word_1_485' title='bbox 2492 2824 2711 2879; x_wconf 90' lang='lat' dir='ltr'>humilis</span> <span class='ocrx_word' id='word_1_486' title='bbox 2728 2826 2958 2896; x_wconf 91' lang='lat' dir='ltr'>compsit</span> <span class='ocrx_word' id='word_1_487' title='bbox 2979 2824 3188 2880; x_wconf 90' lang='lat' dir='ltr'>honore</span> <span class='ocrx_word' id='word_1_488' title='bbox 3200 2829 3310 2876; x_wconf 91' lang='lat' dir='ltr'>tuo.</span> 
     </span>
    </p>
   </div>
   <div class='ocr_carea' id='block_1_87' title="bbox 2089 2905 3474 2985">
    <p class='ocr_par' dir='ltr' id='par_1_87' title="bbox 2089 2905 3474 2985">
     <span class='ocr_line' id='line_1_87' title="bbox 2089 2905 3474 2985; baseline 0 -19"><span class='ocrx_word' id='word_1_489' title='bbox 2089 2912 2198 2984; x_wconf 89' lang='lat' dir='ltr'>Ipsi</span> <span class='ocrx_word' id='word_1_490' title='bbox 2226 2913 2557 2978; x_wconf 87' lang='lat' dir='ltr'>mercedem,</span> <span class='ocrx_word' id='word_1_491' title='bbox 2592 2914 2910 2985; x_wconf 89' lang='lat' dir='ltr'>cunctisque</span> <span class='ocrx_word' id='word_1_492' title='bbox 2959 2911 3310 2983; x_wconf 90' lang='lat' dir='ltr'>precantibus</span> <span class='ocrx_word' id='word_1_493' title='bbox 3335 2905 3474 2966; x_wconf 88' lang='lat' dir='ltr'>istic.</span> 
     </span>
    </p>
   </div>
   <div class='ocr_carea' id='block_1_88' title="bbox 2160 2997 3473 3072">
    <p class='ocr_par' dir='ltr' id='par_1_88' title="bbox 2160 2997 3473 3072">
     <span class='ocr_line' id='line_1_88' title="bbox 2160 2997 3473 3072; baseline -0.009 -15"><span class='ocrx_word' id='word_1_494' title='bbox 2160 2999 2319 3070; x_wconf 87' lang='lat' dir='ltr'>Quod</span> <span class='ocrx_word' id='word_1_495' title='bbox 2347 3001 2434 3072; x_wconf 90' lang='lat' dir='ltr'>pie</span> <span class='ocrx_word' id='word_1_496' title='bbox 2464 3011 2819 3072; x_wconf 73' lang='lat' dir='ltr'>praesumunt,</span> <span class='ocrx_word' id='word_1_497' title='bbox 2853 3001 3054 3057; x_wconf 89' lang='lat' dir='ltr'>dedere</span> <span class='ocrx_word' id='word_1_498' title='bbox 3083 2997 3473 3070; x_wconf 88' lang='lat' dir='ltr'>posceDeum.</span> 
     </span>
    </p>
   </div>
   <div class='ocr_carea' id='block_1_89' title="bbox 2750 3118 2938 3174">
    <p class='ocr_par' dir='ltr' id='par_1_89' title="bbox 2750 3118 2938 3174">
     <span class='ocr_line' id='line_1_89' title="bbox 2750 3118 2938 3174; baseline -0.011 0"><span class='ocrx_word' id='word_1_499' title='bbox 2750 3118 2938 3174; x_wconf 80' lang='lat' dir='ltr'>Aliud.</span> 
     </span>
    </p>
   </div>
   <div class='ocr_carea' id='block_1_90' title="bbox 2087 3221 3489 3295">
    <p class='ocr_par' dir='ltr' id='par_1_90' title="bbox 2087 3221 3489 3295">
     <span class='ocr_line' id='line_1_90' title="bbox 2087 3221 3489 3295; baseline -0.001 -22"><span class='ocrx_word' id='word_1_500' title='bbox 2087 3221 2346 3276; x_wconf 81' lang='lat' dir='ltr'>Versibus</span> <span class='ocrx_word' id='word_1_501' title='bbox 2375 3230 2534 3294; x_wconf 87' lang='lat' dir='ltr'>atque</span> <span class='ocrx_word' id='word_1_502' title='bbox 2562 3225 2750 3279; x_wconf 87' lang='lat' dir='ltr'>metris</span> <span class='ocrx_word' id='word_1_503' title='bbox 2777 3240 2877 3295; x_wconf 89' lang='lat' dir='ltr'>par</span> <span class='ocrx_word' id='word_1_504' title='bbox 2906 3231 2989 3278; x_wconf 89' lang='lat' dir='ltr'>est</span> <span class='ocrx_word' id='word_1_505' title='bbox 3014 3222 3221 3277; x_wconf 88' lang='lat' dir='ltr'>donare</span> <span class='ocrx_word' id='word_1_506' title='bbox 3274 3226 3489 3291; x_wconf 87' lang='lat' dir='ltr'>poetam</span> 
     </span>
    </p>
   </div>
   <div class='ocr_carea' id='block_1_91' title="bbox 2155 3310 3246 3384">
    <p class='ocr_par' dir='ltr' id='par_1_91' title="bbox 2155 3310 3246 3384">
     <span class='ocr_line' id='line_1_91' title="bbox 2155 3310 3246 3384; baseline 0 -21"><span class='ocrx_word' id='word_1_507' title='bbox 2155 3310 2222 3364; x_wconf 91' lang='lat' dir='ltr'>Ut</span> <span class='ocrx_word' id='word_1_508' title='bbox 2249 3311 2532 3366; x_wconf 89' lang='lat' dir='ltr'>mercatori</span> <span class='ocrx_word' id='word_1_509' title='bbox 2558 3313 2772 3367; x_wconf 88' lang='lat' dir='ltr'>charius</span> <span class='ocrx_word' id='word_1_510' title='bbox 2801 3321 2883 3368; x_wconf 91' lang='lat' dir='ltr'>est</span> <span class='ocrx_word' id='word_1_511' title='bbox 2910 3312 3056 3384; x_wconf 88' lang='lat' dir='ltr'>quod</span> <span class='ocrx_word' id='word_1_512' title='bbox 3082 3318 3246 3365; x_wconf 88' lang='lat' dir='ltr'>amat.</span> 
     </span>
    </p>
   </div>
   <div class='ocr_carea' id='block_1_92' title="bbox 2088 3397 3264 3472">
    <p class='ocr_par' dir='ltr' id='par_1_92' title="bbox 2088 3397 3264 3472">
     <span class='ocr_line' id='line_1_92' title="bbox 2088 3397 3264 3472; baseline -0.001 -20"><span class='ocrx_word' id='word_1_513' title='bbox 2088 3397 2286 3454; x_wconf 86' lang='lat' dir='ltr'>Bellica</span> <span class='ocrx_word' id='word_1_514' title='bbox 2315 3400 2556 3456; x_wconf 89' lang='lat' dir='ltr'>sordenti</span> <span class='ocrx_word' id='word_1_515' title='bbox 2582 3401 2628 3454; x_wconf 91' lang='lat' dir='ltr'>si</span> <span class='ocrx_word' id='word_1_516' title='bbox 2656 3410 2840 3472; x_wconf 91' lang='lat' dir='ltr'>portes</span> <span class='ocrx_word' id='word_1_517' title='bbox 2870 3415 3026 3455; x_wconf 89' lang='lat' dir='ltr'>arma</span> <span class='ocrx_word' id='word_1_518' title='bbox 3069 3400 3264 3455; x_wconf 89' lang='lat' dir='ltr'>colono</span> 
     </span>
    </p>
   </div>
   <div class='ocr_carea' id='block_1_93' title="bbox 2129 3493 3429 3571">
    <p class='ocr_par' dir='ltr' id='par_1_93' title="bbox 2129 3493 3429 3571">
     <span class='ocr_line' id='line_1_93' title="bbox 2129 3493 3429 3571; baseline -0.005 -21"><span class='ocrx_word' id='word_1_519' title='bbox 2129 3495 2390 3567; x_wconf 89' lang='lat' dir='ltr'>Despicit,</span> <span class='ocrx_word' id='word_1_520' title='bbox 2437 3507 2489 3552; x_wconf 90' lang='lat' dir='ltr'>et</span> <span class='ocrx_word' id='word_1_521' title='bbox 2520 3514 2714 3553; x_wconf 91' lang='lat' dir='ltr'>munus</span> <span class='ocrx_word' id='word_1_522' title='bbox 2737 3499 2969 3571; x_wconf 85' lang='lat' dir='ltr'>grande</span> <span class='ocrx_word' id='word_1_523' title='bbox 3009 3495 3212 3569; x_wconf 87' lang='lat' dir='ltr'>ligonis</span> <span class='ocrx_word' id='word_1_524' title='bbox 3249 3493 3429 3547; x_wconf 84' lang='lat' dir='ltr'>habet.</span> 
     </span>
    </p>
   </div>
   <div class='ocr_carea' id='block_1_94' title="bbox 2091 3584 3446 3658">
    <p class='ocr_par' dir='ltr' id='par_1_94' title="bbox 2091 3584 3446 3658">
     <span class='ocr_line' id='line_1_94' title="bbox 2091 3584 3446 3658; baseline -0.003 -19"><span class='ocrx_word' id='word_1_525' title='bbox 2091 3584 2246 3639; x_wconf 85' lang='lat' dir='ltr'>Miles</span> <span class='ocrx_word' id='word_1_526' title='bbox 2274 3585 2403 3641; x_wconf 89' lang='lat' dir='ltr'>item</span> <span class='ocrx_word' id='word_1_527' title='bbox 2431 3585 2602 3652; x_wconf 91' lang='lat' dir='ltr'>fortis,</span> <span class='ocrx_word' id='word_1_528' title='bbox 2636 3587 2817 3658; x_wconf 89' lang='lat' dir='ltr'>capiat</span> <span class='ocrx_word' id='word_1_529' title='bbox 2845 3586 2892 3641; x_wconf 89' lang='lat' dir='ltr'>si</span> <span class='ocrx_word' id='word_1_530' title='bbox 2934 3584 3172 3640; x_wconf 89' lang='lat' dir='ltr'>vomeris</span> <span class='ocrx_word' id='word_1_531' title='bbox 3219 3595 3446 3652; x_wconf 88' lang='lat' dir='ltr'>usquam</span> 
     </span>
    </p>
   </div>
   <div class='ocr_carea' id='block_1_95' title="bbox 2166 3673 3407 3746">
    <p class='ocr_par' dir='ltr' id='par_1_95' title="bbox 2166 3673 3407 3746">
     <span class='ocr_line' id='line_1_95' title="bbox 2166 3673 3407 3746; baseline -0.005 -19"><span class='ocrx_word' id='word_1_532' title='bbox 2166 3673 2340 3744; x_wconf 84' lang='lat' dir='ltr'>Dona,</span> <span class='ocrx_word' id='word_1_533' title='bbox 2373 3675 2554 3746; x_wconf 89' lang='lat' dir='ltr'>magis</span> <span class='ocrx_word' id='word_1_534' title='bbox 2586 3675 2746 3729; x_wconf 92' lang='lat' dir='ltr'>lituos</span> <span class='ocrx_word' id='word_1_535' title='bbox 2774 3673 2963 3746; x_wconf 86' lang='lat' dir='ltr'>deligit</span> <span class='ocrx_word' id='word_1_536' title='bbox 2983 3681 3143 3744; x_wconf 90' lang='lat' dir='ltr'>atque</span> <span class='ocrx_word' id='word_1_537' title='bbox 3163 3684 3407 3741; x_wconf 90' lang='lat' dir='ltr'>sparum.</span> 
     </span>
    </p>
   </div>
   <div class='ocr_carea' id='block_1_96' title="bbox 2098 3754 3554 3834">
    <p class='ocr_par' dir='ltr' id='par_1_96' title="bbox 2098 3754 3554 3834">
     <span class='ocr_line' id='line_1_96' title="bbox 2098 3754 3554 3834; baseline -0.005 -20"><span class='ocrx_word' id='word_1_538' title='bbox 2098 3759 2185 3816; x_wconf 91' lang='lat' dir='ltr'>Sic</span> <span class='ocrx_word' id='word_1_539' title='bbox 2215 3761 2362 3833; x_wconf 91' lang='lat' dir='ltr'>quod</span> <span class='ocrx_word' id='word_1_540' title='bbox 2389 3762 2616 3834; x_wconf 88' lang='lat' dir='ltr'>quisque</span> <span class='ocrx_word' id='word_1_541' title='bbox 2643 3763 2791 3829; x_wconf 89' lang='lat' dir='ltr'>colit,</span> <span class='ocrx_word' id='word_1_542' title='bbox 2825 3761 3020 3834; x_wconf 68' lang='lat' dir='ltr'>quaerit</span> <span class='ocrx_word' id='word_1_543' title='bbox 3046 3758 3242 3830; x_wconf 87' lang='lat' dir='ltr'>magis.</span> <span class='ocrx_word' id='word_1_544' title='bbox 3275 3756 3412 3812; x_wconf 88' lang='lat' dir='ltr'>Hinc</span> <span class='ocrx_word' id='word_1_545' title='bbox 3459 3754 3554 3808; x_wconf 91' lang='lat' dir='ltr'>tibi</span> 
     </span>
    </p>
   </div>
   <div class='ocr_carea' id='block_1_97' title="bbox 3474 3843 3691 3915">
    <p class='ocr_par' dir='ltr' id='par_1_97' title="bbox 3474 3843 3691 3915">
     <span class='ocr_line' id='line_1_97' title="bbox 3474 3843 3691 3915; baseline -0.009 -17"><span class='ocrx_word' id='word_1_546' title='bbox 3474 3843 3691 3915; x_wconf 88' lang='lat' dir='ltr'>[paucos</span> 
     </span>
    </p>
   </div>
   <div class='ocr_carea' id='block_1_98' title="bbox 2164 3917 3333 3992">
    <p class='ocr_par' dir='ltr' id='par_1_98' title="bbox 2164 3917 3333 3992">
     <span class='ocr_line' id='line_1_98' title="bbox 2164 3917 3333 3992; baseline -0.004 -16"><span class='ocrx_word' id='word_1_547' title='bbox 2164 3921 2406 3976; x_wconf 90' lang='lat' dir='ltr'>Credere</span> <span class='ocrx_word' id='word_1_548' title='bbox 2437 3921 2755 3988; x_wconf 87' lang='lat' dir='ltr'>versiculos,</span> <span class='ocrx_word' id='word_1_549' title='bbox 2791 3921 2934 3978; x_wconf 90' lang='lat' dir='ltr'>alme</span> <span class='ocrx_word' id='word_1_550' title='bbox 2965 3929 3138 3992; x_wconf 90' lang='lat' dir='ltr'>pater,</span> <span class='ocrx_word' id='word_1_551' title='bbox 3170 3917 3333 3974; x_wconf 87' lang='lat' dir='ltr'>volui.</span> 
     </span>
    </p>
   </div>
   <div class='ocr_carea' id='block_1_99' title="bbox 2095 4005 3410 4078">
    <p class='ocr_par' dir='ltr' id='par_1_99' title="bbox 2095 4005 3410 4078">
     <span class='ocr_line' id='line_1_99' title="bbox 2095 4005 3410 4078; baseline -0.005 -14"><span class='ocrx_word' id='word_1_552' title='bbox 2095 4007 2364 4078; x_wconf 89' lang='lat' dir='ltr'>Quantum</span> <span class='ocrx_word' id='word_1_553' title='bbox 2393 4009 2627 4067; x_wconf 90' lang='lat' dir='ltr'>delectet</span> <span class='ocrx_word' id='word_1_554' title='bbox 2657 4019 2742 4066; x_wconf 90' lang='lat' dir='ltr'>tua</span> <span class='ocrx_word' id='word_1_555' title='bbox 2768 4027 2856 4066; x_wconf 89' lang='lat' dir='ltr'>me</span> <span class='ocrx_word' id='word_1_556' title='bbox 2916 4009 3153 4078; x_wconf 89' lang='lat' dir='ltr'>dilectio,</span> <span class='ocrx_word' id='word_1_557' title='bbox 3187 4023 3255 4062; x_wconf 88' lang='lat' dir='ltr'>ne</span> <span class='ocrx_word' id='word_1_558' title='bbox 3283 4005 3410 4060; x_wconf 89' lang='lat' dir='ltr'>dum</span> 
     </span>
    </p>
   </div>
   <div class='ocr_carea' id='block_1_100' title="bbox 2163 4094 3372 4171">
    <p class='ocr_par' dir='ltr' id='par_1_100' title="bbox 2163 4094 3372 4171">
     <span class='ocr_line' id='line_1_100' title="bbox 2163 4094 3372 4171; baseline -0.004 -19"><span class='ocrx_word' id='word_1_559' title='bbox 2163 4099 2434 4154; x_wconf 88' lang='lat' dir='ltr'>Emanare</span> <span class='ocrx_word' id='word_1_560' title='bbox 2462 4115 2678 4171; x_wconf 90' lang='lat' dir='ltr'>queam,</span> <span class='ocrx_word' id='word_1_561' title='bbox 2712 4099 2799 4154; x_wconf 88' lang='lat' dir='ltr'>vix</span> <span class='ocrx_word' id='word_1_562' title='bbox 2831 4099 2945 4155; x_wconf 90' lang='lat' dir='ltr'>scio</span> <span class='ocrx_word' id='word_1_563' title='bbox 2968 4107 3022 4153; x_wconf 91' lang='lat' dir='ltr'>et</span> <span class='ocrx_word' id='word_1_564' title='bbox 3051 4097 3168 4168; x_wconf 91' lang='lat' dir='ltr'>ipse</span> <span class='ocrx_word' id='word_1_565' title='bbox 3223 4094 3372 4150; x_wconf 86' lang='lat' dir='ltr'>satis.</span> 
     </span>
    </p>
   </div>
   <div class='ocr_carea' id='block_1_101' title="bbox 2097 4186 3307 4257">
    <p class='ocr_par' dir='ltr' id='par_1_101' title="bbox 2097 4186 3307 4257">
     <span class='ocr_line' id='line_1_101' title="bbox 2097 4186 3307 4257; baseline -0.003 -17"><span class='ocrx_word' id='word_1_566' title='bbox 2097 4186 2394 4257; x_wconf 90' lang='lat' dir='ltr'>Disciplina</span> <span class='ocrx_word' id='word_1_567' title='bbox 2427 4188 2519 4242; x_wconf 90' lang='lat' dir='ltr'>tibi</span> <span class='ocrx_word' id='word_1_568' title='bbox 2550 4189 2789 4244; x_wconf 90' lang='lat' dir='ltr'>nativum</span> <span class='ocrx_word' id='word_1_569' title='bbox 2832 4197 2882 4243; x_wconf 93' lang='lat' dir='ltr'>et</span> <span class='ocrx_word' id='word_1_570' title='bbox 2930 4186 3135 4241; x_wconf 89' lang='lat' dir='ltr'>tristior</span> <span class='ocrx_word' id='word_1_571' title='bbox 3176 4200 3307 4238; x_wconf 89' lang='lat' dir='ltr'>usus</span> 
     </span>
    </p>
   </div>
   <div class='ocr_carea' id='block_1_102' title="bbox 2169 4272 3404 4345">
    <p class='ocr_par' dir='ltr' id='par_1_102' title="bbox 2169 4272 3404 4345">
     <span class='ocr_line' id='line_1_102' title="bbox 2169 4272 3404 4345; baseline -0.004 -17"><span class='ocrx_word' id='word_1_572' title='bbox 2169 4275 2387 4330; x_wconf 85' lang='lat' dir='ltr'>Abrasit</span> <span class='ocrx_word' id='word_1_573' title='bbox 2416 4275 2658 4332; x_wconf 89' lang='lat' dir='ltr'>Scottum</span> <span class='ocrx_word' id='word_1_574' title='bbox 2688 4287 2712 4313; x_wconf 72' lang='grc' dir='ltr'><strong>δ</strong></span> <span class='ocrx_word' id='word_1_575' title='bbox 2741 4275 3126 4345; x_wconf 89' lang='lat' dir='ltr'>substituitque</span> <span class='ocrx_word' id='word_1_576' title='bbox 3154 4272 3404 4344; x_wconf 89' lang='lat' dir='ltr'>probum.</span> 
     </span>
    </p>
   </div>
   <div class='ocr_carea' id='block_1_103' title="bbox 2103 4353 3676 4437">
    <p class='ocr_par' dir='ltr' id='par_1_103' title="bbox 2103 4353 3676 4437">
     <span class='ocr_line' id='line_1_103' title="bbox 2103 4353 3676 4437; baseline -0.006 -19"><span class='ocrx_word' id='word_1_577' title='bbox 2103 4364 2237 4418; x_wconf 86' lang='lat' dir='ltr'>Esto</span> <span class='ocrx_word' id='word_1_578' title='bbox 2261 4365 2446 4434; x_wconf 89' lang='lat' dir='ltr'>jocum</span> <span class='ocrx_word' id='word_1_579' title='bbox 2479 4374 2693 4436; x_wconf 88' lang='lat' dir='ltr'>repetas</span> <span class='ocrx_word' id='word_1_580' title='bbox 2722 4365 2866 4437; x_wconf 91' lang='lat' dir='ltr'>quod</span> <span class='ocrx_word' id='word_1_581' title='bbox 2895 4363 3025 4428; x_wconf 83' lang='lat' dir='ltr'>dixi,</span> <span class='ocrx_word' id='word_1_582' title='bbox 3060 4361 3156 4416; x_wconf 91' lang='lat' dir='ltr'>sed</span> <span class='ocrx_word' id='word_1_583' title='bbox 3185 4359 3318 4416; x_wconf 89' lang='lat' dir='ltr'>mihi</span> <span class='ocrx_word' id='word_1_584' title='bbox 3381 4353 3676 4412; x_wconf 81' lang='lat' dir='ltr'>Chronmal</span> 
     </span>
    </p>
   </div>
   <div class='ocr_carea' id='block_1_104' title="bbox 2177 4448 3338 4522">
    <p class='ocr_par' dir='ltr' id='par_1_104' title="bbox 2177 4448 3338 4522">
     <span class='ocr_line' id='line_1_104' title="bbox 2177 4448 3338 4522; baseline -0.004 -15"><span class='ocrx_word' id='word_1_585' title='bbox 2177 4454 2328 4508; x_wconf 87' lang='lat' dir='ltr'>More</span> <span class='ocrx_word' id='word_1_586' title='bbox 2357 4454 2547 4509; x_wconf 89' lang='lat' dir='ltr'>abiens</span> <span class='ocrx_word' id='word_1_587' title='bbox 2576 4462 2779 4522; x_wconf 87' lang='lat' dir='ltr'>vestro,</span> <span class='ocrx_word' id='word_1_588' title='bbox 2813 4452 3028 4507; x_wconf 88' lang='lat' dir='ltr'>tradidit</span> <span class='ocrx_word' id='word_1_589' title='bbox 3048 4451 3153 4506; x_wconf 89' lang='lat' dir='ltr'>ista</span> <span class='ocrx_word' id='word_1_590' title='bbox 3173 4448 3338 4520; x_wconf 91' lang='lat' dir='ltr'>loqui,</span> 
     </span>
    </p>
   </div>
   <div class='ocr_carea' id='block_1_105' title="bbox 2105 4538 3272 4598">
    <p class='ocr_par' dir='ltr' id='par_1_105' title="bbox 2105 4538 3272 4598">
     <span class='ocr_line' id='line_1_105' title="bbox 2105 4538 3272 4598; baseline -0.007 0"><span class='ocrx_word' id='word_1_591' title='bbox 2105 4543 2187 4598; x_wconf 88' lang='lat' dir='ltr'>En</span> <span class='ocrx_word' id='word_1_592' title='bbox 2217 4543 2493 4598; x_wconf 87' lang='lat' dir='ltr'>Fortunati</span> <span class='ocrx_word' id='word_1_593' title='bbox 2522 4551 2706 4598; x_wconf 90' lang='lat' dir='ltr'>oratus</span> <span class='ocrx_word' id='word_1_594' title='bbox 2737 4542 2830 4596; x_wconf 91' lang='lat' dir='ltr'>tibi</span> <span class='ocrx_word' id='word_1_595' title='bbox 2857 4541 3011 4595; x_wconf 90' lang='lat' dir='ltr'>mitto</span> <span class='ocrx_word' id='word_1_596' title='bbox 3057 4538 3272 4594; x_wconf 87' lang='lat' dir='ltr'>libellos</span> 
     </span>
    </p>
   </div>
   <div class='ocr_carea' id='block_1_106' title="bbox 2176 4623 3516 4702">
    <p class='ocr_par' dir='ltr' id='par_1_106' title="bbox 2176 4623 3516 4702">
     <span class='ocr_line' id='line_1_106' title="bbox 2176 4623 3516 4702; baseline -0.007 -17"><span class='ocrx_word' id='word_1_597' title='bbox 2176 4632 2590 4702; x_wconf 88' lang='lat' dir='ltr'>Mensoremque</span> <span class='ocrx_word' id='word_1_598' title='bbox 2617 4631 2788 4699; x_wconf 91' lang='lat' dir='ltr'>orbis,</span> <span class='ocrx_word' id='word_1_599' title='bbox 2823 4629 3067 4702; x_wconf 86' lang='lat' dir='ltr'>perlege,</span> <span class='ocrx_word' id='word_1_600' title='bbox 3099 4626 3301 4692; x_wconf 90' lang='lat' dir='ltr'>scribe,</span> <span class='ocrx_word' id='word_1_601' title='bbox 3333 4623 3516 4678; x_wconf 90' lang='lat' dir='ltr'>reduc.</span> 
     </span>
    </p>
   </div>
   <div class='ocr_carea' id='block_1_107' title="bbox 2108 4710 3558 4790">
    <p class='ocr_par' dir='ltr' id='par_1_107' title="bbox 2108 4710 3558 4790">
     <span class='ocr_line' id='line_1_107' title="bbox 2108 4710 3558 4790; baseline -0.007 -16"><span class='ocrx_word' id='word_1_602' title='bbox 2108 4721 2238 4775; x_wconf 90' lang='lat' dir='ltr'>Sum</span> <span class='ocrx_word' id='word_1_603' title='bbox 2270 4728 2410 4790; x_wconf 91' lang='lat' dir='ltr'>tuus,</span> <span class='ocrx_word' id='word_1_604' title='bbox 2444 4729 2562 4776; x_wconf 90' lang='lat' dir='ltr'>esto</span> <span class='ocrx_word' id='word_1_605' title='bbox 2589 4736 2762 4786; x_wconf 90' lang='lat' dir='ltr'>meus,</span> <span class='ocrx_word' id='word_1_606' title='bbox 2797 4718 2943 4790; x_wconf 84' lang='lat' dir='ltr'>quod</span> <span class='ocrx_word' id='word_1_607' title='bbox 2969 4725 3195 4787; x_wconf 89' lang='lat' dir='ltr'>uterque</span> <span class='ocrx_word' id='word_1_608' title='bbox 3225 4713 3389 4768; x_wconf 90' lang='lat' dir='ltr'>habet</span> <span class='ocrx_word' id='word_1_609' title='bbox 3419 4710 3558 4765; x_wconf 84' lang='lat' dir='ltr'>alte-</span> 
     </span>
    </p>
   </div>
   <div class='ocr_carea' id='block_1_108' title="bbox 3379 4797 3698 4871">
    <p class='ocr_par' dir='ltr' id='par_1_108' title="bbox 3379 4797 3698 4871">
     <span class='ocr_line' id='line_1_108' title="bbox 3379 4797 3698 4871; baseline -0.009 -17"><span class='ocrx_word' id='word_1_610' title='bbox 3379 4797 3400 4871; x_wconf 89' lang='lat'>[</span> <span class='ocrx_word' id='word_1_611' title='bbox 3435 4798 3544 4853; x_wconf 85' lang='lat' dir='ltr'>rius</span> <span class='ocrx_word' id='word_1_612' title='bbox 3612 4797 3698 4864; x_wconf 89' lang='lat' dir='ltr'>sit,</span> 
     </span>
    </p>
   </div>
   <div class='ocr_carea' id='block_1_109' title="bbox 2177 4889 3482 4972">
    <p class='ocr_par' dir='ltr' id='par_1_109' title="bbox 2177 4889 3482 4972">
     <span class='ocr_line' id='line_1_109' title="bbox 2177 4889 3482 4972; baseline -0.008 -18"><span class='ocrx_word' id='word_1_613' title='bbox 2177 4899 2265 4956; x_wconf 91' lang='lat' dir='ltr'>Sic</span> <span class='ocrx_word' id='word_1_614' title='bbox 2292 4915 2397 4972; x_wconf 89' lang='lat' dir='ltr'>ego</span> <span class='ocrx_word' id='word_1_615' title='bbox 2429 4908 2485 4954; x_wconf 92' lang='lat' dir='ltr'>tu</span> <span class='ocrx_word' id='word_1_616' title='bbox 2517 4898 2618 4952; x_wconf 90' lang='lat' dir='ltr'>sim</span> <span class='ocrx_word' id='word_1_617' title='bbox 2649 4897 2806 4961; x_wconf 86' lang='lat' dir='ltr'>alter,</span> <span class='ocrx_word' id='word_1_618' title='bbox 2839 4903 3003 4966; x_wconf 89' lang='lat' dir='ltr'>tuque</span> <span class='ocrx_word' id='word_1_619' title='bbox 3032 4891 3163 4948; x_wconf 90' lang='lat' dir='ltr'>mihi</span> <span class='ocrx_word' id='word_1_620' title='bbox 3193 4889 3327 4944; x_wconf 88' lang='lat' dir='ltr'>alter</span> <span class='ocrx_word' id='word_1_621' title='bbox 3355 4902 3482 4960; x_wconf 74' lang='lat' dir='ltr'>ego.</span> 
     </span>
    </p>
   </div>
   <div class='ocr_carea' id='block_1_110' title="bbox 2104 4976 3409 5058">
    <p class='ocr_par' dir='ltr' id='par_1_110' title="bbox 2104 4976 3409 5058">
     <span class='ocr_line' id='line_1_110' title="bbox 2104 4976 3409 5058; baseline -0.009 -14"><span class='ocrx_word' id='word_1_622' title='bbox 2104 4988 2210 5044; x_wconf 86' lang='lat' dir='ltr'>Per</span> <span class='ocrx_word' id='word_1_623' title='bbox 2237 5003 2430 5044; x_wconf 89' lang='lat' dir='ltr'>nasum</span> <span class='ocrx_word' id='word_1_624' title='bbox 2460 4988 2684 5058; x_wconf 90' lang='lat' dir='ltr'>conjuro</span> <span class='ocrx_word' id='word_1_625' title='bbox 2714 4994 2883 5051; x_wconf 89' lang='lat' dir='ltr'>tuum,</span> <span class='ocrx_word' id='word_1_626' title='bbox 2911 4983 2984 5037; x_wconf 90' lang='lat' dir='ltr'>mi</span> <span class='ocrx_word' id='word_1_627' title='bbox 3011 4976 3409 5045; x_wconf 88' lang='lat' dir='ltr'>chare,valeto.</span> 
     </span>
    </p>
   </div>
   <div class='ocr_carea' id='block_1_111' title="bbox 2175 5064 3556 5148">
    <p class='ocr_par' dir='ltr' id='par_1_111' title="bbox 2175 5064 3556 5148">
     <span class='ocr_line' id='line_1_111' title="bbox 2175 5064 3556 5148; baseline -0.011 -15"><span class='ocrx_word' id='word_1_628' title='bbox 2175 5078 2244 5134; x_wconf 88' lang='lat' dir='ltr'>Et</span> <span class='ocrx_word' id='word_1_629' title='bbox 2272 5077 2560 5133; x_wconf 89' lang='lat' dir='ltr'>Dominum</span> <span class='ocrx_word' id='word_1_630' title='bbox 2590 5091 2686 5148; x_wconf 89' lang='lat' dir='ltr'>pro</span> <span class='ocrx_word' id='word_1_631' title='bbox 2716 5090 2822 5140; x_wconf 89' lang='lat' dir='ltr'>me,</span> <span class='ocrx_word' id='word_1_632' title='bbox 2859 5087 3064 5146; x_wconf 62' lang='lat' dir='ltr'>quaeso,</span> <span class='ocrx_word' id='word_1_633' title='bbox 3098 5082 3330 5143; x_wconf 90' lang='lat' dir='ltr'>precare</span> <span class='ocrx_word' id='word_1_634' title='bbox 3359 5064 3556 5120; x_wconf 89' lang='lat' dir='ltr'>libens.</span> 
     </span>
    </p>
   </div>
   <div class='ocr_carea' id='block_1_112' title="bbox 2106 5259 3698 5322">
    <p class='ocr_par' dir='ltr' id='par_1_112' title="bbox 2106 5259 3698 5322">
     <span class='ocr_line' id='line_1_112' title="bbox 2106 5259 3698 5322; baseline -0.014 0"><span class='ocrx_word' id='word_1_635' title='bbox 2106 5277 2413 5322; x_wconf 75' lang='lat' dir='ltr'>Scaivsmus.</span> <span class='ocrx_word' id='word_1_636' title='bbox 2451 5275 2555 5317; x_wconf 91' lang='lat' dir='ltr'>not.</span> <span class='ocrx_word' id='word_1_637' title='bbox 2592 5281 2684 5316; x_wconf 91' lang='lat' dir='ltr'>ms.</span> <span class='ocrx_word' id='word_1_638' title='bbox 2744 5270 2796 5314; x_wconf 84' lang='lat' dir='ltr'>tn</span> <span class='ocrx_word' id='word_1_639' title='bbox 2819 5267 2982 5315; x_wconf 89' lang='lat' dir='ltr'>Canis.</span> <span class='ocrx_word' id='word_1_640' title='bbox 3019 5289 3076 5300; x_wconf 95' lang='lat'><strong><em>—</em></strong></span> <span class='ocrx_word' id='word_1_641' title='bbox 3129 5264 3188 5310; x_wconf 74' lang='lat' dir='ltr'>At</span> <span class='ocrx_word' id='word_1_642' title='bbox 3241 5261 3305 5306; x_wconf 84' lang='lat' dir='ltr'>ab</span> <span class='ocrx_word' id='word_1_643' title='bbox 3355 5269 3416 5304; x_wconf 85' lang='lat' dir='ltr'>eo</span> <span class='ocrx_word' id='word_1_644' title='bbox 3473 5259 3698 5310; x_wconf 80' lang='lat' dir='ltr'>tempore</span> 
     </span>
    </p>
   </div>
   <div class='ocr_carea' id='block_1_113' title="bbox 2105 5325 3696 5402">
    <p class='ocr_par' dir='ltr' id='par_1_113' title="bbox 2105 5325 3696 5402">
     <span class='ocr_line' id='line_1_113' title="bbox 2105 5325 3696 5402; baseline -0.014 -10"><span class='ocrx_word' id='word_1_645' title='bbox 2105 5356 2206 5402; x_wconf 91' lang='lat' dir='ltr'>quo</span> <span class='ocrx_word' id='word_1_646' title='bbox 2231 5344 2433 5400; x_wconf 86' lang='lat' dir='ltr'>scripsit</span> <span class='ocrx_word' id='word_1_647' title='bbox 2460 5343 2567 5389; x_wconf 61' lang='lat' dir='ltr'>hac</span> <span class='ocrx_word' id='word_1_648' title='bbox 2615 5339 2910 5392; x_wconf 80' lang='lat' dir='ltr'>Seriverius,</span> <span class='ocrx_word' id='word_1_649' title='bbox 2958 5336 3116 5384; x_wconf 87' lang='lat' dir='ltr'>multo</span> <span class='ocrx_word' id='word_1_650' title='bbox 3173 5331 3340 5378; x_wconf 89' lang='lat' dir='ltr'>notior</span> <span class='ocrx_word' id='word_1_651' title='bbox 3394 5329 3557 5373; x_wconf 78' lang='lat' dir='ltr'>factus</span> <span class='ocrx_word' id='word_1_652' title='bbox 3619 5325 3696 5370; x_wconf 76' lang='lat' dir='ltr'>est</span> 
     </span>
    </p>
   </div>
   <div class='ocr_carea' id='block_1_114' title="bbox 2107 5398 3701 5468">
    <p class='ocr_par' dir='ltr' id='par_1_114' title="bbox 2107 5398 3701 5468">
     <span class='ocr_line' id='line_1_114' title="bbox 2107 5398 3701 5468; baseline -0.015 -4"><span class='ocrx_word' id='word_1_653' title='bbox 2107 5398 2192 5464; x_wconf 78' lang='lat' dir='ltr'>ille</span> <span class='ocrx_word' id='word_1_654' title='bbox 2228 5398 2446 5463; x_wconf 80' lang='lat' dir='ltr'>Joannes</span> <span class='ocrx_word' id='word_1_655' title='bbox 2465 5413 2658 5468; x_wconf 83' lang='lat' dir='ltr'>Scotus,</span> <span class='ocrx_word' id='word_1_656' title='bbox 2701 5411 2765 5458; x_wconf 89' lang='lat' dir='ltr'>de</span> <span class='ocrx_word' id='word_1_657' title='bbox 2815 5419 2914 5468; x_wconf 87' lang='lat' dir='ltr'>quo</span> <span class='ocrx_word' id='word_1_658' title='bbox 2962 5408 3106 5464; x_wconf 87' lang='lat' dir='ltr'>plura</span> <span class='ocrx_word' id='word_1_659' title='bbox 3162 5403 3320 5450; x_wconf 88' lang='lat' dir='ltr'>habes</span> <span class='ocrx_word' id='word_1_660' title='bbox 3360 5398 3494 5456; x_wconf 87' lang='lat' dir='ltr'>apud</span> <span class='ocrx_word' id='word_1_661' title='bbox 3552 5399 3701 5448; x_wconf 80' lang='lat' dir='ltr'>Cave.</span> 
     </span>
    </p>
   </div>
   <div class='ocr_carea' id='block_1_115' title="bbox 2107 5471 3700 5540">
    <p class='ocr_par' dir='ltr' id='par_1_115' title="bbox 2107 5471 3700 5540">
     <span class='ocr_line' id='line_1_115' title="bbox 2107 5471 3700 5540; baseline -0.013 -8"><span class='ocrx_word' id='word_1_662' title='bbox 2107 5489 2316 5540; x_wconf 84' lang='lat' dir='ltr'>Pinium.</span> <span class='ocrx_word' id='word_1_663' title='bbox 2356 5488 2412 5533; x_wconf 91' lang='lat' dir='ltr'>ut</span> <span class='ocrx_word' id='word_1_664' title='bbox 2447 5488 2497 5532; x_wconf 91' lang='lat' dir='ltr'>et</span> <span class='ocrx_word' id='word_1_665' title='bbox 2569 5485 2622 5530; x_wconf 87' lang='lat' dir='ltr'>in</span> <span class='ocrx_word' id='word_1_666' title='bbox 2660 5484 2831 5530; x_wconf 83' lang='lat' dir='ltr'>nostra</span> <span class='ocrx_word' id='word_1_667' title='bbox 2891 5478 3104 5528; x_wconf 80' lang='lat' dir='ltr'>Historia</span> <span class='ocrx_word' id='word_1_668' title='bbox 3160 5471 3552 5525; x_wconf 85' lang='lat' dir='ltr'>Ecclesiasticas,</span> <span class='ocrx_word' id='word_1_669' title='bbox 3590 5476 3700 5525; x_wconf 72' lang='lat' dir='ltr'>qua</span> 
     </span>
    </p>
   </div>
   <div class='ocr_carea' id='block_1_116' title="bbox 2107 5557 2789 5613">
    <p class='ocr_par' dir='ltr' id='par_1_116' title="bbox 2107 5557 2789 5613">
     <span class='ocr_line' id='line_1_116' title="bbox 2107 5557 2789 5613; baseline -0.015 -5"><span class='ocrx_word' id='word_1_670' title='bbox 2107 5561 2188 5607; x_wconf 90' lang='lat' dir='ltr'>hic</span> <span class='ocrx_word' id='word_1_671' title='bbox 2217 5560 2407 5608; x_wconf 81' lang='lat' dir='ltr'>referre</span> <span class='ocrx_word' id='word_1_672' title='bbox 2455 5557 2609 5613; x_wconf 68' lang='lat' dir='ltr'>piget.</span> <span class='ocrx_word' id='word_1_673' title='bbox 2641 5557 2789 5601; x_wconf 60' lang='lat' dir='ltr'>Bas&quot;.</span> 
     </span>
    </p>
   </div>
  </div>
