3996 6184
321 360 459 411 1105

703 494 776 534 DE
814 495 1011 536 IIYMNO
1056 495 1226 536 TRIUM
1272 493 1589 535 PUERORUN.

394 568 838 640 Omnipotentem
1199 570 1427 640 Semper
1448 569 1680 624 adorent

319 659 390 712 Et
420 658 745 714 benedicant
1194 657 1370 714 Omne
1397 673 1498 728 per
1529 673 1724 713 aevum.

321 750 490 800 Astra
517 747 769 816 polorum
1195 747 1416 813 Cuncta,
1451 745 1716 816 chorique

322 835 528 906 Solque
558 849 822 906 sororque
1205 836 1431 890 Lumina
1460 834 1584 890 coeli

1199 924 1658 995 Omnipotentem.

1273 1013 1516 1084 Quaeque
1546 1027 1821 1083 superna},

1210 1102 1444 1172 Spiritus
1473 1101 1650 1156 omnis

1203 1190 1644 1260 Omnipotentem
1657 1230 1670 1244 .

1276 1279 1476 1333 Cauma
1507 1279 1744 1350 geluque

1199 1370 1376 1438 Atque
1407 1367 1618 1437 pruina:

1217 1455 1681 1526 Omnipotentem.

1276 1545 1506 1615 Noxque
1538 1543 1783 1615 diesque,

1211 1632 1444 1705 Fulgura
1474 1632 1647 1686 nubes

1215 1720 1670 1791 Omnipotentem.

1283 1808 1545 1864 Germina
1575 1807 1766 1873 colles,

391 1012 481 1068 Sic
512 1028 728 1085 quoque
757 1013 1031 1085 Lymphae,

321 1101 436 1156 Bos
465 1101 768 1172 pluvimque

394 1277 544 1347 Ignis
571 1285 624 1331 et
653 1285 836 1341 aestas,

324 1366 519 1438 Frigus
548 1374 601 1420 et
633 1367 816 1429 ardor,

393 1543 496 1596 Nix
529 1542 846 1615 glaciesque

323 1631 436 1684 Lux
466 1632 814 1703 tenebraeque

391 1808 558 1862 Arida
587 1817 820 1873 montes,

322 1895 563 1950 Flumina
594 1894 790 1965 fontes,
1205 1899 1404 1951 Pontus
1435 1905 1487 1950 et
1517 1896 1678 1950 undae

1203 1985 1663 2056 Omnipotentem.

1270 2074 1403 2142 Quae
1433 2074 1580 2127 vehit
1607 2088 1795 2144 aequor

1199 2163 1470 2234 Terraque
1501 2161 1684 2229 nutrit,

1203 2250 1640 2321 Omnipotentem
1654 2289 1668 2305 .

1273 2339 1440 2393 Israel
1473 2339 1590 2409 ipse

1204 2426 1661 2494 Omnipotentem.

389 2072 589 2126 Omnia
620 2073 763 2138 viva,

320 2161 456 2230 Quae
485 2161 630 2216 vehit
659 2177 774 2227 aer,

393 2338 596 2393 Cuncta
621 2337 895 2393 hominum
926 2354 1064 2407 gens

682 2565 892 2605 VERSUS
933 2566 992 2604 IN
1031 2564 1261 2613 QUODAM
1299 2565 1558 2606 MAN'I'ILI.

319 2657 494 2712 Pinxit
523 2656 854 2730 imaginibus
887 2673 1068 2711 rerum
1099 2657 1336 2710 studiosa
1368 2657 1610 2714 coruscis

392 2747 541 2800 Hanc
570 2745 682 2799 itt..
716 2745 914 2815 pallam
945 2754 1059 2799 arte
1090 2761 1361 2815 manuque
1393 2761 1587 2815 sagax.

317 2835 375 2890 Si
405 2843 510 2888 tam
543 2834 705 2887 multa
737 2850 897 2887 unam
927 2833 1078 2887 fabre
1108 2832 1310 2887 finxere
1342 2833 1572 2906 ﬁguram

391 2922 565 2992 Quam
592 2922 820 2992 pulchre
847 2923 1004 2976 binos
1031 2922 1238 2994 colligit
1268 2939 1406 2976 unus
1434 2938 1607 2977 amor.

317 3010 464 3065 Orbe
493 3011 670 3066 voluta
698 3026 800 3064 suo
831 3010 1012 3065 nitidae
1042 3010 1335 3080 petulantia
1365 3011 1547 3065 carnis

389 3100 562 3154 Vento
593 3100 755 3154 flante
785 3099 940 3169 perit,
975 3106 1079 3153 stat
1110 3108 1290 3154 tamen
1321 3108 1480 3169 aptus
1514 3116 1684 3156 amor.

687 3229 761 3268 AD
800 3229 1172 3269 \VERDRICIIUM
1211 3229 1542 3268 MONACIIUII.

315 3322 478 3376 Nulla
507 3321 642 3376 fides
673 3329 871 3386 tecum,
905 3321 1133 3374 retinent
1163 3320 1450 3375 mendacia
1483 3328 1674 3382 totum.

395 3410 654 3482 Vulpibus
684 3409 940 3465 assimilis
971 3425 1093 3463 esse
1122 3408 1326 3462 videris
1358 3409 1522 3463 enim.

831 3530 1038 3571 VERSUS
1078 3531 1135 3569 IN
1177 3529 1408 3569 BACULO.

316 3625 371 3680 Si
403 3624 533 3679 mihi
563 3639 662 3694 pes
690 3623 883 3694 lapset,
917 3621 1168 3677 relevans
1198 3621 1314 3676 vice
1348 3629 1402 3676 tu
1433 3620 1590 3692 pedis
1618 3630 1752 3677 asta.

796 3743 1004 3784 VERSUS
1042 3743 1101 3783 IN
1138 3743 1440 3784 FLAGELLO.

311 3846 604 3917 Postquam
635 3843 786 3898 nulla
816 3842 956 3898 meis
987 3850 1281 3899 creverunt
1309 3843 1561 3915 germina
1590 3841 1759 3898 ramis

316 3934 484 3990 Ferre
514 3934 694 3988 minas
726 3931 934 3999 Cereri,
969 3932 1314 4003 fructumque
1344 3932 1630 3987 refundere
1662 3930 1823 4002 coepi.

808 4055 868 4094 IN
905 4055 1114 4093 (Ἀρειο
1154 4055 1430 4093 CULTELIJ.

319 4141 420 4196 Per
450 4141 656 4194 ferrum
684 4139 878 4208 eﬂicio,
914 4156 1012 4210 per
1043 4156 1130 4194 me
1161 4140 1308 4210 quod
1338 4155 1447 4194 non
1481 4138 1607 4194 facit
1642 4139 1803 4205 ullus,

367 4230 481 4292 .Sic
507 4228 602 4283 tibi
633 4228 702 4282 sit
732 4228 936 4282 ferrum
968 4228 1116 4295 utile,
1150 4244 1236 4282 me
1269 4228 1457 4283 retine.

916 4360 1048 4400 I'I'EM
1087 4360 1145 4398 IN
1185 4360 1327 4398 ALIO.

315 4443 456 4512 Quid
486 4450 679 4498 natura
710 4441 839 4496 mihi
871 4442 1137 4504 simulata,
1174 4441 1303 4513 quid
1337 4441 1484 4496 indat
1514 4441 1714 4511 imago,

389 4532 488 4588 Dic
519 4532 760 4602 prudens
790 4547 898 4586 uno
929 4531 1148 4585 nomine
1179 4531 1223 4583 si
1256 4531 1493 4601 sapiens.

941 4652 998 4690 IN
1035 4651 1260 4691 MANICIS
1277 4678 1288 4689 .

313 4745 457 4801 Ecce
486 4760 675 4798 sumus
704 4743 938 4816 geminae
969 4743 1113 4798 socia
1144 4743 1376 4813 paritate
1409 4758 1627 4797 sorores

391 4833 478 4888 Sic
509 4841 689 4888 tamen
718 4849 822 4886 una
851 4832 968 4886 vice
999 4832 1128 4886 vitet
1154 4840 1212 4886 ut
1240 4831 1482 4885 alterius.

318 4921 418 4977 Dic
447 4930 565 4976 cate
596 4921 724 4992 quid
755 4919 936 4988 faciat,
971 4921 1116 4992 quod
1147 4920 1220 4973 nil
1252 4921 1556 4990 perfecerat
1586 4935 1829 4991 unquam
1851 4920 1878 4974 7

391 5010 483 5064 Vel
516 5026 678 5081 quem
709 5009 838 5064 dent
869 5008 1093 5080 liquido,
1127 5017 1276 5061 muta
1305 5008 1502 5062 labella
1532 5024 1748 5063 sonum.

949 5130 1008 5169 IN
1045 5130 1279 5169 TABULA.

321 5213 507 5269 Pando
535 5214 680 5286 quod
710 5214 927 5286 ignoro,
961 5228 1062 5267 nec
1095 5212 1413 5267 contradico
1441 5211 1666 5283 petenti.

970 5343 1028 5382 IN
1067 5343 1264 5383 CEREO.

321 5429 509 5496 Hujus.
542 5427 774 5494 Christe,
809 5441 1006 5481 manus
1037 5426 1290 5482 factrices
1319 5427 1495 5499 dirige
1530 5427 1692 5482 cerei.

928 5557 984 5595 IN
1024 5557 1308 5596 CONVIVIO.

321 5639 433 5705 Sal,
466 5640 642 5711 panis,
673 5656 917 5711 porrum,
953 5639 1155 5711 pisces,
1189 5639 1395 5706 vinum,
1427 5640 1581 5695 cibus
1612 5639 1828 5705 adsunt,

396 5729 628 5782 Delicias
658 5744 852 5799 regum
885 5728 1010 5780 nolo
1042 5727 1230 5781 videre
1261 5728 1442 5781 modo.

1236 355 1503 410 VERSUS
1556 355 1629 408 IN
1680 354 2110 424 AQUISGRANI
2159 352 2455 411 PALATIO
2483 354 2691 410 EDITI.

1921 479 1994 560 ΪΑ

3489 359 3627 412 1106

2471 492 2544 533 AD
2582 492 2888 534 EPISCOPUM
2926 492 3175 534 FEREND.

2024 598 2261 666 Apparet
2292 605 2424 651 ecce
2454 610 2655 650 novum
2684 594 2858 667 regali
2888 601 3170 650 stemmate
3201 594 3426 651 donum.

2025 684 2188 751 Urbs,
2221 699 2473 753 persona,
2504 683 2674 748 locus,
2695 683 2870 754 regio,
2894 682 3086 751 tribus,
3109 683 3307 750 insula,
3365 683 3618 753 mundus,

2022 771 2270 842 Undique
2299 771 2577 844 congestis
2605 787 2836 826 numero
2867 772 2984 825 sine
3016 771 3280 843 lanceque
3325 771 3509 828 lucris.

2023 859 2327 915 Conciliare
2356 869 2526 926 tuum,
2559 869 2684 915 voto
2711 868 2954 916 certante
2984 859 3249 915 favorem.

2023 948 2176 1003 India
2204 949 2364 1003 mittit
2394 949 2548 1014 ebur,
2581 963 2810 1005 croceos
2839 949 2932 1004 dat
2958 949 3180 1004 Tmolus
3210 948 3411 1005 odores

2023 1041 2225 1092 Aurum
2254 1037 2562 1092 turbidulus
2591 1038 2748 1092 solito
2775 1038 2900 1109 plus
2931 1037 3107 1109 egerit
3133 1038 3389 1104 Hermus,

2021 1126 2097 1180 Te
2127 1133 2352 1197 propter
2380 1126 2617 1197 geminis
2645 1125 2927 1180 fraudatur
2957 1125 3136 1196 opima
3167 1126 3422 1197 Canopus

2021 1215 2243 1280 Pontus,
2276 1222 2328 1268 et
2357 1213 2590 1269 ostriferi
2619 1213 2804 1269 fauces
2836 1221 3142 1268 vacuantur
3173 1213 3369 1285 Abydi,

2020 1302 2274 1374 Engaddi
2302 1302 2595 1373 lacrymam
2628 1301 2803 1356 fundit
2832 1301 2925 1355 tibi
2955 1302 3158 1357 cortice
3189 1301 3388 1369 laetam,

2022 1391 2191 1445 Docta
2221 1389 2400 1443 minus
2433 1390 2535 1443 sibi
2566 1389 2682 1444 visa
2712 1391 2886 1461 Tyros
2915 1390 3127 1445 incusat
3157 1390 3420 1445 hebentes

2021 1478 2260 1545 Muricis,
2296 1477 2440 1532 haud
2471 1478 2669 1551 dignos
2700 1494 2759 1532 se
2783 1478 2967 1547 judice
2997 1478 3145 1532 fassa
3173 1478 3426 1544 rubores,

2021 1566 2222 1637 Epirus
2250 1566 2461 1637 palmas
2493 1567 2670 1634 simul,
2705 1575 2868 1638 atque
2900 1566 3125 1622 Mosella
3153 1566 3398 1622 novellas

2023 1654 2136 1709 Ceu
2165 1662 2527 1724 pennatorum
2557 1663 2762 1709 certant
2792 1654 2887 1708 tibi
2917 1654 3142 1728 gignere
3172 1670 3460 1726 equorum,

2038 1743 2318 1826 Ἀργυρίου
2355 1743 2600 1797 albentes
2630 1743 2902 1814 depromit
2933 1743 3132 1798 Suevia
3157 1750 3393 1800 montes.

1951 1843 2001 1902 B
2023 1841 2262 1912 Chrysea
2296 1850 2346 1896 te
2376 1840 2590 1895 vivente
2620 1839 2710 1892 diu
2743 1838 2857 1892 fore
2887 1838 3085 1892 saecula
3121 1839 3417 1909 spondens,

2022 1931 2147 1984 Hinc
2178 1929 2320 1984 inter
2348 1943 2624 1999 gemmam
2655 1942 2758 1982 nec
2791 1934 2905 1980 tuta
2935 1926 3073 1980 valle
3105 1934 3381 1996 repertam

2021 2017 2309 2072 Gemmam
2340 2016 2652 2083 lucidulam,
2687 2029 2890 2082 raram,
2922 2015 3167 2080 charam,
3201 2015 3500 2085 pretiosam

2019 2105 2356 2160 Transmittit
2385 2105 2640 2176 proprius
2670 2111 2924 2174 prompto
2947 2102 3039 2156 tibi
3061 2111 3284 2174 pectore
3305 2102 3466 2159 dulus
3486 2105 3624 2188 (δοῦ.

3492 2204 3619 2284 [λος.

2019 2304 2216 2360 Ooliab
2244 2302 2491 2375 sculpsit,
2524 2317 2633 2374 qua
2663 2300 3016 2373 Beseleelque
3042 2303 3266 2367 notavit,

2019 2391 2166 2448 Voce
2196 2392 2420 2464 quidem
2451 2390 2647 2445 Graeca
2676 2405 2953 2460 gemmam
2982 2397 3213 2444 testante
3242 2391 3548 2461 probatam,

2020 2480 2234 2552 Quippe
2266 2481 2515 2551 agathes,
2551 2479 2799 2550 egathos,
2841 2477 3017 2533 bonus
3049 2486 3132 2532 est
3161 2478 3320 2549 lapis,
3371 2479 3488 2549 ipse
3537 2478 3623 2534 fa-

3441 2567 3612 2639 (teris,

2019 2656 2264 2712 Bactrica
2293 2671 2401 2711 non
2431 2656 2588 2712 ebeni
2621 2657 2794 2710 radiat
2825 2657 2904 2712 sic
2934 2656 3112 2711 forma
3138 2654 3349 2728 nigelli,

2019 2747 2132 2800 Nec
2161 2745 2240 2800 sic
2268 2753 2557 2817 augustum
2592 2745 2856 2800 decorant
2887 2743 3247 2815 amethystina
3278 2741 3499 2799 collum.

2024 2833 2120 2887 Vel
2144 2832 2317 2903 jaspis
2347 2832 2494 2887 fulvo
2524 2849 2647 2888 cum
2678 2833 2898 2888 clausus
2926 2832 3162 2904 fulgurat
3189 2847 3345 2888 auro.

2017 2921 2144 2976 Istic
2176 2921 2222 2974 si
2255 2921 2476 2975 Davidis
2507 2922 2772 2975 resideret
2804 2921 3004 2976 vertice
3036 2920 3203 2992 regis,

2018 3009 2354 3081 Omnigenas
2382 3009 2610 3080 proprio
2642 3018 2957 3078 superasset
2985 3009 3186 3063 lumine
3216 3008 3483 3064 ﬂammas.

2019 3097 2266 3169 Denique
2298 3097 2344 3151 si
2376 3098 2511 3151 vatis
2543 3098 2714 3168 Moysi
2745 3098 2846 3151 sub
2876 3105 3098 3167 pectore
3129 3096 3330 3163 fratris,

1946 3192 1995 3253 C
2016 3186 2252 3258 Cogeret
2281 3185 2527 3239 undenas
2556 3185 2660 3239 sibi
2686 3186 2775 3253 jus
2806 3186 3105 3240 concedere
3134 3199 3403 3258 gemmas,

2023 3275 2150 3328 Haec
2182 3273 2277 3327 tibi
2309 3273 2354 3326 si
2385 3282 2574 3344 gratus
2599 3273 2778 3339 fuerit,
2812 3273 2941 3328 licet
2967 3289 3061 3328 ore
3092 3273 3363 3346 nigratus,

2022 3361 2220 3416 Suevia
2249 3360 2361 3416 fors
2393 3361 2560 3415 ullum
2591 3362 2637 3415 si
2665 3361 2872 3431 profert
2901 3377 3061 3416 amne
3091 3361 3356 3432 lapillum,

2021 3447 2351 3513 Lacteolum,
2384 3449 2624 3516 niveum,
2659 3449 2892 3518 parium,
2925 3465 3021 3503 seu
3049 3449 3256 3505 scilicet
3283 3450 3469 3506 album

2019 3537 2177 3592 Hunc
2204 3536 2300 3590 tibi
2330 3536 2487 3606 larga
2516 3535 2593 3589 tui
2619 3535 2884 3605 prabebit
2913 3537 3141 3592 dextera
3169 3539 3337 3604 servi,

2021 3625 2135 3680 Nec
2163 3639 2390 3696 parcum
2419 3623 2570 3678 dices
2598 3623 2730 3677 dum
2759 3622 2858 3677 fert
2885 3623 3209 3680 Alemannia
3236 3634 3447 3693 cautes,

2018 3713 2136 3769 Nec
2164 3712 2258 3767 tibi
2287 3712 2520 3767 Saxonia
2551 3711 2722 3766 satius
2751 3712 2878 3765 dant
2907 3727 3069 3766 saxea
3097 3713 3243 3768 dona

2022 3801 2128 3856 Sed
2160 3801 2279 3856 vice
2311 3808 2365 3854 tu
2395 3807 2583 3855 nostra
2610 3799 2872 3871 obsequio
2902 3800 3039 3870 lapis
3067 3801 3267 3856 acriter
3296 3801 3456 3868 insta,

2021 3889 2161 3944 Dum
2193 3888 2416 3944 veniens
2444 3895 2642 3960 prasto
2672 3888 2884 3944 valeam
2915 3888 3168 3960 supplere
3200 3889 3346 3960 quod
3373 3897 3502 3960 opto

2501 4028 2572 4067 AD
2611 4029 2777 4068 ALIUM
2817 3993 3142 4068 EPISCOPIIM.

2019 4141 2173 4196 Eheu
2202 4145 2522 4194 maerentem
2556 4138 2732 4192 renuit
2763 4137 2983 4192 dictatio
3015 4144 3273 4203 mentem,

1957 4235 1966 4240 ‘
2016 4227 2317 4300 Aufugiens
2347 4227 2516 4281 tristis
2547 4225 2776 4283 confusa
2805 4225 3006 4281 cubilia
3036 4227 3239 4282 cordis.

2013 4317 2406 4372 Cuncticreans
2437 4316 2682 4383 Genitor,
2715 4315 2958 4369 mihimet
2989 4330 3245 4370 succurre
3277 4312 3511 4382 misello,

2015 4404 2182 4460 Filius
2211 4412 2372 4477 atque
2399 4404 2542 4475 pius,
2576 4404 2667 4475 qui
2700 4403 2900 4459 saecula
2931 4412 3133 4458 cuncta
3164 4403 3463 4476 gubernas.

2016 4493 2250 4564 Spiritus
2277 4493 2419 4547 alme
2449 4493 2592 4560 veni,
2625 4491 2812 4546 confer
2840 4499 2895 4545 tu
2925 4492 3094 4545 verba
3122 4491 3406 4561 uecanti;

1948 4551 2001 4610 D
2023 4581 2221 4636 Sancta
2250 4581 2346 4636 Dei
2376 4579 2611 4650 genitrix
2644 4580 2813 4634 nostri
2843 4578 3136 4635 miseresce
3167 4594 3449 4652 rogamus.

2013 4673 2234 4724 Asmata
2265 4669 2433 4738 digna
2465 4667 2578 4722 viro
2611 4676 2733 4721 sunt
2762 4683 2907 4722 nunc
2935 4668 3168 4722 dicenda
3199 4683 3420 4736 sereno,

2083 4757 2342 4812 Nomine.
2365 4797 2377 4810 .
2401 4799 2413 4810 .
2435 4797 2449 4810 .
2472 4797 2484 4810 .
2523 4756 2811 4827 perspicuo
2841 4756 3094 4810 Domino.

2016 4845 2271 4901 Germine
2301 4845 2560 4900 virtutum
2588 4844 2784 4916 polles,
2817 4852 2870 4898 et
2897 4844 3152 4917 dogmate
3182 4843 3385 4918 fulges,

2087 4933 2546 5004 Doctiloquosque
2579 4934 2782 5004 sophos
2811 4940 2926 4987 arte
2957 4940 3049 4987 tua
3076 4948 3324 5004 superas.

2016 5022 2127 5077 Vos
2156 5022 2379 5077 laudant
2407 5037 2618 5088 omnes,
2653 5037 2792 5092 quos
2824 5021 3054 5077 Francia
3084 5021 3264 5094 gignit
3294 5037 3514 5078 amcam

2084 5111 2284 5166 Norica
2315 5126 2484 5182 regna
2516 5109 2696 5176 simul,
2731 5125 2829 5165 vos
2856 5110 3122 5165 decorare
3152 5110 3388 5166 student.

2015 5199 2215 5255 Suevia
2243 5197 2352 5253 fida
2378 5215 2598 5269 parens,
2621 5199 2734 5266 jam
2764 5198 2996 5269 comptis
3029 5197 3177 5253 exilit
3205 5199 3326 5254 odis

2088 5287 2294 5342 Gaudia
2325 5303 2525 5358 magna
2551 5303 2770 5355 canens,
2807 5294 2862 5341 et
2890 5303 3058 5356 super
3088 5295 3236 5342 astra
3265 5303 3488 5344 sonans.

2016 5375 2300 5431 Exsultant
2321 5376 2551 5444 juvenes
2583 5375 2824 5430 laetantes
2853 5391 2916 5431 ac
2943 5376 3190 5432 seniores
3481 5385 3492 5398 ‘

2088 5462 2404 5519 Pontificem
2435 5463 2740 5535 egregium,
2775 5463 2975 5520 Suevia
3006 5481 3168 5536 quem
3196 5464 3384 5535 genuit

2016 5552 2182 5626 Regis
2211 5554 2384 5607 honor
2411 5551 2624 5623 populis
2655 5553 2840 5608 solatia
2871 5553 3026 5624 larga
3057 5552 3390 5617 ministrans,

2086 5640 2304 5697 Cunctis
2334 5656 2396 5696 es
2423 5639 2586 5709 mitis,
2621 5641 2846 5713 dapsilis
2874 5650 2927 5696 et
2950 5639 3182 5695 miseris.

2019 5728 2074 5782 Si
2105 5728 2235 5783 mihi
2264 5737 2522 5784 centenas
2551 5729 2764 5801 linguas
2797 5737 2987 5783 natura
3016 5734 3250 5796 pararet,
