3996 6184
392 306 534 364 1109
1782 303 1945 362 POEll

2069 309 2112 360 Α
2145 302 2240 359 DE
2269 303 2610 362 DIVERSIS.
3565 304 3706 359 1110

464 433 620 489 Tatto
651 428 868 486 humilis
897 429 1056 486 mittit
1088 430 1248 488 verba
1279 429 1462 487 salutis
1493 444 1685 489 ovans.

395 526 598 578 Arctor
625 522 680 576 in
711 520 978 592 ambiguis
1008 521 1162 576 vario
1192 521 1564 578 moderamine
1597 522 1781 591 rebus,

465 612 660 666 Utrum
689 626 863 681 pauca
890 611 1104 681 loquar,
1136 627 1204 666 an
1231 612 1413 682 potius
1441 613 1650 667 sileam.

395 699 648 756 Scribere
678 699 826 770 cogit
854 699 999 754 enim
1028 699 1247 756 dilectio
1276 709 1462 756 mutua
1491 710 1712 770 memet,

467 787 579 844 Sed
608 803 806 844 vereor
836 803 904 842 ne
934 803 1062 842 nom
1091 789 1217 843 dem
1246 789 1342 843 tibi
1371 790 1554 861 digna,
1587 798 1761 861 pater.

395 876 601 932 Tullius
629 875 840 934 inferno
873 877 1121 948 quamvis
1151 877 1495 948 repedaverit
1527 879 1657 945 imo,

467 967 701 1022 Exserat
726 974 820 1020 aut
849 981 1083 1036 magnus
1112 981 1213 1021 ora
1242 966 1414 1023 faceta
1447 967 1638 1034 Plato;

395 1053 580 1110 Livius
608 1062 698 1109 aut
726 1053 877 1108 Titus
907 1069 1095 1110 secum
1129 1054 1264 1110 ferat
1290 1056 1407 1126 ipse
1435 1056 1715 1123 Catonem,

468 1143 567 1198 Vel
595 1143 841 1214 linguam
871 1151 1095 1198 teretem
1129 1145 1311 1214 Sapho
1343 1145 1541 1216 loquax
1573 1146 1813 1202 terebret
1845 1164 1859 1201 :

393 1232 519 1286 Non
547 1239 773 1302 possent
801 1247 1038 1302 unquam
1067 1232 1288 1287 laudum
1319 1233 1561 1288 miranda
1589 1242 1823 1291 tuarum.

466 1319 646 1391 Digne
675 1319 928 1390 proferri,
965 1329 1088 1375 sunt
1117 1321 1242 1391 quia
1269 1321 1432 1376 multa
1463 1322 1612 1377 satis.

395 1408 660 1464 Miramur
688 1409 881 1462 merito
911 1408 1166 1478 sapientis
1196 1425 1421 1464 munera
1449 1411 1664 1477 mentis,

468 1495 802 1562 Doctrinam,
837 1511 1042 1562 mores,
1077 1498 1338 1565 carmina,
1371 1499 1518 1554 dicta
1557 1497 1815 1556 animum.

392 1586 511 1640 Nec
541 1585 718 1639 minus
743 1585 983 1640 exterius
1011 1587 1276 1641 miramur
1305 1596 1500 1642 sancta
1527 1596 1747 1644 staturae

465 1675 804 1729 Incrementa
833 1681 957 1742 tuae,
989 1675 1254 1739 membra,
1289 1689 1504 1740 manus,
1542 1675 1767 1732 faciem.

392 1763 513 1818 Nos
538 1777 740 1832 parvos
767 1761 1019 1827 humiles,
1053 1778 1264 1817 murem
1297 1762 1400 1817 sibi
1431 1763 1608 1819 forma
1637 1765 1871 1838 subegit,

463 1851 687 1922 Nosque
717 1850 996 1922 gigantem
1027 1865 1150 1906 esse
1169 1851 1339 1921 gloria
1369 1852 1530 1907 molis
1560 1853 1743 1909 habet.

393 1939 492 1994 His
522 1939 618 1993 sed
651 1938 903 2009 sepositis
932 1947 1038 1993 tota
1071 1939 1263 1994 virtute
1293 1955 1587 2010 precamur

466 2027 547 2082 Ne
575 2026 783 2082 laceres
812 2042 1032 2093 versus,
1065 2027 1267 2098 praesul
1296 2037 1496 2097 amate,
1531 2030 1712 2086 datos.

394 2115 504 2171 Sed
532 2114 711 2187 potius
741 2115 955 2186 scriptis
984 2115 1285 2171 recinentia
1314 2118 1514 2188 scripta
1542 2118 1832 2185 ministres,

465 2204 634 2272 Queis
665 2218 766 2258 nos
789 2212 1070 2274 correptos
1097 2204 1395 2261 admoneas
1423 2207 1682 2276 petimus.

393 2292 536 2361 Quin
567 2292 728 2347 etiam
759 2292 1010 2346 dabimus
1038 2308 1334 2363 puerorum
1364 2309 1542 2365 pauca
1567 2295 1799 2368 legenda

464 2381 602 2436 Hinc
626 2381 753 2449 joca
781 2389 1108 2447 nostrorum,
1137 2389 1195 2436 ut
1225 2383 1417 2438 vitiosa
1446 2399 1622 2440 seces.

392 2470 594 2524 Verum
625 2469 694 2523 de
723 2469 935 2540 reliquo
965 2470 1011 2523 si
1040 2469 1170 2540 quid
1201 2471 1468 2526 mandare
1497 2473 1694 2535 velitis,

463 2559 641 2613 Mente
671 2573 860 2612 sumus
886 2558 1044 2628 parti,
1078 2559 1156 2612 sic
1189 2566 1278 2613 tua
1304 2560 1457 2628 jussa
1489 2563 1660 2632 sequi.

395 2645 717 2714 Quaesumus
745 2646 962 2716 obnixe,
995 2662 1096 2702 nos
1123 2663 1194 2702 ne
1223 2647 1481 2703 fraudetis
1509 2651 1699 2704 amatis

461 2735 671 2790 Vestrae
700 2735 962 2790 doctrinas
990 2735 1262 2790 melliiluis
1291 2738 1546 2792 modulis.

392 2824 481 2878 Sic
511 2822 764 2895 equidem
793 2823 970 2892 vobis,
1003 2825 1184 2879 verbis
1214 2826 1536 2881 audebimus
1564 2827 1666 2898 ipsi

462 2911 615 2966 Dona
645 2911 833 2965 salutis
862 2911 988 2966 item
1019 2913 1228 2967 mittere
1260 2915 1594 2984 suppliciter.

462 3001 530 3054 Et
559 2998 717 3054 faciat
748 2999 930 3054 laetum
959 3017 1128 3072 regna
1156 3002 1267 3071 poli
1295 3018 1508 3073 capere.

389 3088 548 3143 Nunc
577 3088 777 3155 valeas,
811 3089 998 3158 vigeas
1030 3089 1236 3142 meritis
1253 3107 1350 3159 per
1379 3093 1579 3146 saecula
1608 3093 1842 3164 pollens,

463 3177 656 3248 Sisque
686 3192 897 3232 memor
927 3178 1115 3245 nostri,
1149 3193 1358 3249 nosque
1390 3180 1465 3233 tui
1492 3181 1546 3234 in
1569 3183 1844 3250 precibus.

916 3326 1051 3365 IDEM
1091 3326 1161 3364 AD
1199 3327 1452 3366 EUMDEM.

390 3424 616 3496 Suscipe
645 3438 815 3495 parva
844 3425 940 3492 tui,
971 3425 1173 3496 praesul
1204 3425 1546 3481 sanctissime
1575 3428 1788 3500 Degan,

459 3514 683 3568 Munera
713 3513 993 3568 Strabonis
1023 3530 1144 3584 quas
1170 3513 1263 3568 tibi
1289 3514 1448 3568 mittit
1473 3531 1666 3572 ovans.

389 3602 472 3656 Sis
501 3618 711 3657 memor
738 3602 793 3656 in
822 3601 1093 3672 precibus,
1124 3602 1306 3656 reddis
1337 3603 1468 3657 dum
1499 3613 1624 3659 vota
1668 3605 1913 3673 Tonanti,

459 3691 762 3756 Strabonis,
795 3706 1005 3745 memor
1031 3699 1114 3744 est
1143 3707 1360 3762 semper
1390 3699 1442 3746 et
1470 3693 1586 3762 ipse
1619 3692 1712 3748 tui.

387 3779 639 3833 Carmina
668 3778 890 3852 Pygmci
911 3779 1138 3844 mittam,
1170 3780 1328 3834 simul
1357 3789 1519 3852 atque
1550 3781 1784 3854 gigantis

457 3869 597 3922 Dum
626 3883 854 3923 vacuum
883 3868 1065 3936 fuerit,
1090 3885 1306 3940 semper
1334 3869 1533 3941 ubique
1562 3862 1698 3926 vale.

1505 3961 1699 4015 Amen.

1051 4080 1298 4120 .‘ENIGMA.

384 4181 480 4234 Est
498 4179 732 4235 monitor
761 4177 1002 4250 quidam,
1063 4179 1246 4250 plures
1278 4161 1367 4251 qui
1398 4189 1704 4236 commonet
1735 4182 1850 4252 ipse

377 4269 500 4321 Non
531 4276 710 4322 tamen
739 4266 846 4320 ulla
875 4266 1020 4322 canit
1049 4267 1196 4322 dicta
1227 4277 1482 4322 monente
1509 4268 1772 4335 vicissim,

381 4355 514 4424 Quae
541 4355 668 4410 dum
697 4369 883 4411 cauma
913 4356 1114 4427 coquit,
1147 4357 1363 4426 penitus
1393 4364 1531 4411 tacet
1581 4365 1744 4429 atque
1784 4358 1977 4414 refutat

382 4444 647 4510 Carmina,
686 4444 780 4500 sed
809 4444 990 4499 medio
1018 4443 1212 4499 melius
1240 4445 1308 4498 de
1338 4444 1539 4517 frigore
1573 4443 1792 4516 clangit.

769 4593 1016 4633 DROGONI
1054 4594 1320 4634 EPISCOPO
1358 4593 1621 4634 METENSI.

375 4693 569 4750 Judicii
596 4694 812 4750 decreta
840 4695 940 4750 Dei
969 4696 1099 4749 dum
1131 4695 1328 4749 Paulus
1365 4702 1523 4750 acuto

377 4783 658 4838 Scrutatus
678 4800 861 4854 sensu,
898 4785 1028 4838 tanti
1057 4800 1167 4839 non
1199 4793 1384 4855 posset
1418 4786 1640 4840 honoris

275 4921 289 4934 κ
375 4872 498 4926 Non
525 4873 648 4927 dico
678 4871 846 4941 effari,
877 4873 973 4927 sed
997 4888 1097 4928 nec
1129 4873 1446 4944 sontingere
1469 4875 1668 4930 molem

374 4961 644 5015 Attonitus
673 4961 930 5032 mirisque
960 4969 1184 5032 stupens
1216 4961 1518 5017 affectibus.
1555 4963 1601 5018 Ο
1632 4980 1797 5036 quam

376 5047 529 5112 Sunt,
554 5049 746 5120 inquit,
779 5049 956 5103 divina
990 5049 1193 5104 homini
1226 5052 1521 5121 penetralia
1553 5053 1715 5125 longe

375 5135 614 5192 Occultis
645 5138 901 5191 abstrusa
933 5138 1050 5207 viis,
1083 5156 1203 5209 qua:
1233 5155 1462 5210 corpore
1494 5141 1663 5195 clausi

373 5226 474 5279 Per
505 5225 783 5296 speculum
816 5225 1060 5298 rarisque
1091 5226 1274 5281 vident
1303 5244 1367 5282 ex
1399 5237 1552 5298 parte
1577 5228 1792 5301 figuris.

2011 435 2065 494 Α
2096 432 2238 487 Vasa
2266 444 2368 504 per
2385 429 2644 488 adversos
2675 443 2962 487 successus
2991 445 3196 504 perque
3225 433 3493 492 secundos

2101 521 2258 576 Lucis
2287 537 2470 576 amare
2499 521 2661 587 viam,
2695 537 2802 594 quo
2831 519 3031 578 factum
3061 530 3250 578 sancte
3282 522 3488 579 fatebor

2099 610 2490 682 Provisumque
2521 619 2694 682 pater,
2726 609 2916 682 primis
2949 619 3006 666 ut
3033 626 3190 668 casus
3219 611 3287 666 ab
3314 610 3472 666 annis

2100 697 2313 769 Saepius
2341 699 2586 770 asperior
2623 707 2888 771 quateret,
2920 714 3022 755 nec
3050 698 3330 771 frangeret
3358 712 3595 772 unquam

2098 786 2276 855 Quem
2315 786 2451 842 laetis
2481 803 2714 843 censura
2743 788 2843 843 Dei
2871 786 3144 843 laudanda
3173 787 3364 844 diebus

2097 875 2484 948 Perpetuaeque
2513 875 2667 932 bonis
2687 876 2856 932 voluit
2886 892 3103 933 servare
3134 876 3342 942 salutis,

2097 964 2180 1018 Ne
2211 964 2256 1018 si
2287 965 2488 1020 securis
2518 965 2760 1020 riderent
2788 964 2893 1020 otia
2926 966 3111 1031 rebus,

2096 1052 2340 1108 Libertas
2370 1053 2591 1125 gravius
2621 1062 2905 1125 generaret
2934 1053 3078 1110 lenta
3108 1052 3407 1126 periclum;

2099 1141 2288 1214 Gignit
2317 1141 2459 1197 enim
2488 1142 2744 1198 diuturna
2773 1144 2927 1216 quies
2948 1143 3187 1199 fomenta
3215 1143 3481 1208 laborum,

2095 1230 2234 1302 Juge
2261 1231 2581 1288 exercitium
2609 1248 2796 1303 pacem
2825 1233 2983 1303 parit,
3019 1232 3165 1286 addit
3197 1232 3480 1286 honorem.

2098 1317 2202 1385 Qui
2233 1335 2376 1390 vaga
2402 1319 2604 1375 diluvio
2637 1321 2869 1376 servavit
2900 1321 3111 1376 semina
3139 1320 3346 1386 mundi,

2096 1405 2168 1459 Et
2195 1423 2372 1477 genus
2399 1409 2692 1463 humanum
2721 1425 2889 1480 parva
2920 1409 2988 1465 de
3021 1408 3186 1480 stirpe
3208 1405 3416 1474 refecit,

2097 1493 2200 1563 Qui
2228 1497 2431 1568 Joseph
2463 1513 2698 1570 regnare
2725 1498 2873 1553 dedit
2889 1504 3010 1568 post
3039 1497 3275 1553 carceris
3304 1496 3545 1562 umbras,

2099 1582 2311 1656 Quique
2339 1586 2562 1641 domum
2594 1587 2760 1642 Israel
2787 1587 2933 1642 duris
2962 1587 3069 1641 dux
3098 1587 3214 1656 ipse
3245 1583 3450 1641 catenis

2099 1672 2277 1741 Exuit,
2306 1682 2359 1728 et
2387 1675 2594 1745 pariter
2620 1675 2887 1746 promissa
2916 1675 2986 1728 ad
3016 1689 3142 1728 rura
3171 1672 3386 1729 vocavit

2025 1784 2078 1848 Β
2100 1760 2227 1848 Post
2256 1761 2514 1828 latebras,
2549 1763 2768 1834 odiique
2798 1762 2972 1828 dolos,
3007 1770 3059 1818 et
3090 1761 3295 1833 praelia.
3326 1759 3515 1826 David,

2100 1847 2202 1917 Qui
2232 1850 2379 1905 dedit
2410 1851 2713 1922 imperium,
2746 1852 2965 1923 natique
2997 1851 3248 1906 immania
3279 1859 3436 1923 gesta

2098 1937 2266 1992 Vertit
2295 1939 2348 1992 in
2375 1949 2674 2006 auctorem,
2709 1957 3008 2011 rursusque
3043 1941 3096 1994 in
3128 1955 3302 2012 regna
3330 1936 3552 2009 recepit,

2097 2025 2195 2080 Cui
2223 2042 2328 2097 pax
2358 2028 2474 2099 ipse
2503 2027 2620 2094 fuit,
2653 2035 2835 2083 vatem
2866 2027 2958 2099 qui
2987 2025 3142 2083 fauce
3172 2026 3411 2082 leonum.

2097 2115 2322 2187 Ignibus
2352 2125 2404 2170 et
2435 2132 2636 2188 pueros
2662 2116 2858 2172 mediis
2889 2114 3163 2184 subduxit,
3200 2122 3253 2170 et
3283 2114 3390 2170 alto

2097 2204 2356 2260 Fornacis
2384 2205 2612 2275 gremio,
2648 2220 2828 2261 rorem
2857 2219 2956 2276 pro
2984 2211 3232 2260 caumate
3263 2202 3478 2274 sparsit,

2096 2291 2200 2361 Qui
2229 2292 2471 2348 Chistum
2503 2302 2625 2366 post
2656 2293 2846 2366 flagra,
2879 2308 3120 2359 crucem,
3153 2291 3460 2356 maledicta,
3504 2287 3692 2362 sepul-

3501 2377 3671 2454 [crum
3685 2422 3697 2444 ,

2094 2473 2332 2546 Surgere
2357 2481 2412 2528 et
2439 2473 2509 2528 ad
2537 2470 2782 2528 dextram
2815 2469 2940 2526 fecit
2970 2470 3214 2526 residere
3242 2475 3544 2541 paternam,

2094 2561 2196 2630 Qui
2218 2561 2387 2616 furvae
2412 2561 2684 2624 tenebras,
2710 2568 2761 2615 et
2792 2574 2939 2616 caeca
2968 2558 3183 2613 silentia
3214 2557 3406 2623 noctis,

2088 2651 2238 2704 Muta
2265 2650 2387 2705 luce
2416 2666 2559 2705 nova
2587 2649 2719 2705 clari
2750 2664 2850 2719 per
2869 2648 3073 2702 lumina
3104 2646 3253 2713 solis,

2092 2738 2195 2806 Qui
2227 2739 2454 2794 nebulas
2483 2738 2832 2809 pluviamque
2862 2736 3006 2791 diem
3037 2736 3299 2791 redeunte
3330 2747 3524 2791 sereno

2090 2825 2362 2893 Puriﬁcat,
2395 2827 2659 2900 terrisque
2689 2842 2844 2880 suum
2875 2833 2998 2896 post
3029 2824 3234 2896 frigora
3260 2825 3464 2880 brumas

2090 2915 2196 2969 Ver
2226 2931 2489 2986 reparans
2518 2915 2716 2986 pomis,
2746 2913 2886 2969 foliis
2917 2920 2967 2967 et
2998 2912 3222 2967 ﬂoribus
3244 2925 3391 2980 arva,

2091 3002 2224 3070 Qum
2245 3003 2455 3059 fuerant
2485 3005 2694 3076 pridem
2725 3002 2876 3058 canis
2905 3003 3110 3056 turbata
3140 2999 3368 3071 pruinis,

2091 3093 2314 3148 Instruit
2343 3102 2395 3148 et
2423 3094 2602 3165 pelagi
2632 3092 2897 3147 ferventia
2927 3103 3204 3144 murmura
3234 3087 3403 3154 sedat,

2091 3140 2314 3148 ___--
2347 3140 2394 3148 ν-
2425 3140 2602 3165 μηδ-
2632 3140 2705 3147 η,
2731 3140 2897 3147 ,ν---ν

2019 3140 2068 3202 C
2089 3182 2211 3251 Ipse
2241 3198 2341 3252 per
2365 3182 2688 3236 immensum
2719 3180 2932 3252 pietatis
2962 3194 3160 3233 munus
3189 3177 3380 3233 amicas

2088 3269 2199 3324 Vos
2227 3278 2439 3325 mutare
2469 3271 2637 3335 dedit,
2672 3267 2876 3324 fuerant
2908 3284 3028 3340 qum
3054 3267 3223 3320 tristia
3243 3266 3400 3330 lastis,

2091 3358 2157 3411 Ut
2186 3358 2312 3428 quia
2342 3359 2409 3412 de
2438 3358 2652 3412 Domini
2682 3357 2949 3412 didicistis
2977 3355 3146 3410 ﬁdere
3173 3352 3352 3424 donis,

2090 3445 2313 3500 Casuris
2342 3446 2550 3500 harere
2584 3444 2760 3510 bonis,
2785 3461 2893 3499 non
2925 3443 3123 3498 deinde
3153 3441 3350 3498 velitis.

2088 3536 2299 3604 Nempe
2331 3535 2522 3587 beatus
2553 3533 2653 3587 erit
2686 3533 2917 3588 Domino
2947 3533 3038 3604 qui
3070 3540 3257 3602 sperat
3283 3531 3338 3585 in
3368 3529 3508 3602 ipso,

2089 3625 2186 3678 Est
2213 3619 2530 3676 maledictus
2561 3621 2690 3674 item
2721 3622 2812 3692 qui
2839 3619 3021 3675 carnis
3047 3617 3268 3674 brachia
3299 3617 3470 3673 credit

2090 3711 2371 3776 Suﬂicere,
2405 3719 2458 3765 et
2488 3709 2706 3765 Domini
2738 3711 2962 3763 demens
3013 3705 3201 3760 solatia
3231 3706 3446 3760 temnit.

2089 3802 2151 3854 In
2177 3798 2408 3855 Domino
2435 3797 2672 3854 conﬁsus
2703 3797 2868 3862 enim,
2897 3794 3040 3851 velut
3071 3795 3274 3864 inclyta
3303 3792 3453 3859 Sion,

2085 3890 2210 3945 Non
2238 3897 2441 3943 metuet
2467 3887 2679 3959 pulsata
2709 3886 2866 3941 malis
2894 3901 2994 3956 per
3025 3883 3183 3938 saecla
3212 3882 3437 3937 moveri.

2087 3979 2224 4032 Nam
2253 3977 2344 4048 qui
2374 3977 2543 4031 verba
2575 3976 2675 4030 Dei
2706 3972 2963 4029 studiosis
2992 3971 3212 4026 auribus
3242 3969 3434 4032 haurit,

2088 4068 2156 4121 Et
2183 4065 2458 4136 complere
2489 4065 2668 4119 studet
2699 4064 2908 4119 devotis
2937 4061 3122 4135 agnita
3151 4059 3326 4124 factis,

2088 4152 2243 4205 Hunc
2272 4158 2470 4204 aeterna
2498 4148 2617 4203 viro
2645 4148 2876 4202 similem
2907 4144 3170 4218 sapientia
3199 4142 3345 4211 dicit,

2090 4239 2192 4308 Qui
2224 4253 2475 4292 mansura
2508 4238 2700 4293 domus
2731 4235 2879 4291 fulcit
2912 4233 3240 4296 fundamina,
3273 4245 3439 4287 sacrae

2090 4327 2226 4382 Mole
2256 4335 2441 4398 petrae,
2469 4341 2589 4398 quae
2614 4324 2860 4380 Christus
2881 4325 3052 4390 adest,
3073 4321 3162 4376 ubi
3184 4317 3383 4390 templa
3411 4318 3680 4373 bonorum

2089 4417 2224 4472 Sunt
2256 4416 2476 4488 figenda
2505 4432 2750 4487 Operum,
2785 4414 2959 4468 subito
2994 4413 3039 4467 si
3064 4409 3274 4466 venerit
3302 4407 3450 4463 unda

2003 4497 2056 4556 D
2084 4512 2330 4580 Fraudis,
2363 4522 2416 4568 et
2447 4529 2710 4578 errorum,
2743 4521 2834 4566 aut
2863 4526 3136 4582 pressurae
3165 4507 3385 4562 flumina
3408 4505 3563 4560 fortis

2076 4613 2278 4667 Ventus
2308 4619 2358 4666 et
2389 4627 2421 4664 a
2451 4611 2706 4681 Scythico
2735 4609 2942 4678 ducens
2972 4607 3239 4678 Aquilone
3270 4603 3541 4677 fragorem

2078 4709 2267 4764 Sibilat
2297 4708 2580 4763 illecebras
2609 4707 2827 4780 antiqua
2857 4706 3049 4761 fraude
3083 4705 3335 4773 latentes,

2075 4806 2172 4860 Vel
2202 4805 2339 4860 forte
2366 4805 2571 4876 ingenti
2602 4805 2648 4860 si
2679 4812 2999 4875 tempestate
3031 4802 3242 4872 fatigat,

2075 4904 2186 4958 Stat
2213 4910 2464 4971 structor,
2497 4911 2602 4957 stat
2631 4909 2834 4958 structa
2863 4902 3079 4968 domus,
3113 4899 3239 4970 quia
3277 4896 3431 4952 firma
3473 4897 3667 4954 beate.

2075 4997 2441 5053 Fundamenta
2466 5007 2652 5068 petrae,
2688 5012 2855 5067 super
2883 4994 3211 5066 imposuisse
3243 4993 3528 5065 probatur.

2072 5095 2200 5152 Haec
2229 5096 2297 5150 de
2323 5097 2464 5151 mole
2495 5104 2683 5166 petrae,
2717 5110 2850 5150 vero
2880 5100 2984 5148 stat
3012 5093 3235 5147 nomine
3269 5092 3479 5154 Petrus,

2075 5193 2133 5247 In
2160 5209 2265 5264 quo
2294 5192 2538 5263 percepit
2568 5191 2813 5247 solvendi
2846 5192 2959 5246 sive
2989 5189 3195 5262 ligandi

2077 5291 2223 5347 Ordo
2252 5297 2596 5362 potestatem,
2628 5289 2820 5344 merito
2851 5289 2944 5361 qui
2973 5287 3190 5343 nomine
3217 5295 3401 5343 vestro

373 5313 508 5383 Quis
539 5314 785 5369 dinoscet
817 5315 979 5377 enim,
1015 5332 1134 5386 qum
1164 5317 1230 5370 sit
1261 5317 1523 5388 sapientia
1564 5318 1805 5372 mundi?

370 5402 506 5471 Quae
544 5401 626 5457 via
657 5401 686 5456 ?
715 5419 837 5474 qua:
867 5419 1052 5458 rerum
1083 5387 1352 5460 latebrosa
1386 5406 1656 5461 scientia?
1687 5406 1901 5478 quodve
2071 5389 2298 5444 Dicm"-
2334 5389 2477 5444 hunc
2505 5388 2721 5460 quando
2753 5387 2910 5442 faelis
2935 5397 2988 5442 εί
3017 5389 3270 5461 dogmate
3303 5397 3451 5444 ι’θοίο

367 5490 638 5546 Iudicium
668 5507 777 5562 quo
797 5502 988 5548 cuncta
1013 5493 1157 5548 Deus
1188 5494 1348 5567 regit,
1381 5494 1611 5561 ordinat,
1647 5503 1704 5549 ut
1737 5495 1840 5549 sint
1860 5496 1888 5551 Ῥ
2071 5487 2293 5542 Vosmet
2327 5486 2528 5541 habere
2557 5486 2758 5558 liquet;
2789 5503 2952 5560 quem
2968 5501 3075 5558 quo
3103 5501 3263 5556 mage
3293 5487 3521 5558 quisque
3540 5503 3658 5545 τηθ-

371 5578 491 5648 Quo
519 5593 647 5634 vasa
675 5579 918 5635 interitus
948 5580 1131 5654 ﬂagris
1159 5590 1213 5637 et
1242 5598 1376 5655 pace
1406 5583 1654 5638 sinuntur
2947 5581 2954 5588 ’
3483 5575 3677 5649 (retur.

366 5664 615 5722 Tendere
637 5667 776 5722 calle
809 5685 926 5734 suo,
951 5687 1050 5741 per
1079 5671 1222 5742 quod
1253 5671 1469 5742 pietatis
1498 5680 1734 5741 aguntur
2074 5676 2186 5730 Hoc
2211 5681 2264 5729 et
2292 5675 2495 5728 habere
2515 5675 2695 5746 magis
2726 5675 2868 5729 bene
2881 5672 3117 5728 creditur
3136 5691 3149 5736 ;
3171 5686 3303 5742 ergo
3333 5672 3535 5726 tenenti
