3996 6184
274 284 402 334 Hii

265 402 389 459 Non
417 402 510 458 dat
539 403 715 459 honor
741 401 992 457 meritum
1017 400 1224 456 meritis
1239 399 1335 456 sed
1364 399 1582 455 deditur
1613 400 1748 474 ipse.

262 493 393 548 Hac
421 498 548 547 sunt
575 491 858 562 principue
891 489 1086 562 quibus
1115 489 1378 560 insignita
1407 488 1642 562 refulget

267 580 490 636 Virtutis
519 594 757 651 persona
784 588 908 643 tum,
941 577 1210 649 sapientia
1237 577 1414 645 radix,

265 669 437 734 Ordo,
468 666 779 732 affabilitas,
812 666 1044 731 bonitas,
1074 666 1356 737 patientia,
1388 667 1580 736 virtus,

262 755 404 822 Vita,
436 757 666 829 gradus,
701 754 965 821 doctrina,
1000 754 1174 820 locus,
1208 755 1532 824 moderatio,
1566 756 1756 822 victus,

264 844 424 900 Zelus
453 858 714 914 amorque
744 842 864 912 Dei,
897 841 1024 899 ﬁdei
1054 843 1421 915 insuperabile
1451 844 1637 910 robur,

266 931 517 1004 Relligio,
549 929 802 996 officium,
835 945 1087 997 censura,
1121 932 1411 996 modestia,
1445 940 1652 1004 gestus.

263 1019 424 1076 Hisce
457 1018 557 1075 Dei
588 1019 758 1075 virtus
786 1028 998 1075 vosmet
1023 1036 1125 1092 per
1142 1028 1386 1091 tempora
1417 1020 1583 1075 multa

264 1109 522 1163 Crescere
550 1109 834 1172 concedat,
869 1124 1077 1180 proque
1107 1109 1191 1163 his
1222 1116 1425 1164 aeterna
1455 1109 1718 1180 rependat

219 1252 224 1256 _
266 1195 512 1262 Praemia,
547 1213 668 1268 qua:
694 1196 868 1251 servis
897 1196 1178 1251 tribuenda
1211 1196 1460 1252 fidelibus
1490 1206 1680 1254 auctor

264 1284 521 1351 lnsinuat,
554 1285 679 1339 vitae
707 1285 990 1351 Dominus,
1023 1285 1126 1349 via,
1161 1285 1285 1353 vita,
1321 1286 1652 1357 redemptor.

259 1372 508 1427 Nominis
537 1372 643 1426 alta
675 1373 781 1427 mei
822 1373 868 1427 si
892 1389 999 1428 non
1029 1373 1232 1428 oblivio
1263 1390 1441 1429 meme

266 1460 554 1530 Fresserit,
587 1461 734 1515 haud
762 1477 999 1532 unquam
1017 1463 1180 1516 vestri
1210 1477 1422 1517 memor
1456 1479 1578 1518 esse
1627 1463 1866 1530 vetabor,

269 1549 335 1604 Et
364 1565 485 1621 qua:
509 1549 766 1620 prtecinui
798 1550 938 1604 votis
971 1558 1160 1620 optare
1190 1551 1443 1623 benignis

265 1637 552 1692 Pastorum
582 1637 778 1691 eximio
807 1646 1060 1707 peccator
1089 1638 1300 1706 Strabo,
1336 1639 1600 1710 pigerque

265 1723 595 1792 Quindecies
627 1732 680 1779 et
709 1725 793 1780 bis
825 1725 1019 1796 quinos
1048 1725 1147 1780 fert
1177 1742 1403 1781 munere
1435 1743 1643 1782 versus.

459 1895 533 1935 an
571 1896 939 1937 manumanu
971 1883 1310 1955 [nonomvu]
1343 1899 1668 1939 EPISCOPUI.

267 1993 322 2048 Si
353 2011 462 2065 qua
492 1997 632 2052 viam
652 1995 848 2050 faceret
877 1997 1080 2051 nostris
1109 1996 1307 2052 fiducia
1336 1998 1474 2052 votis

337 2081 612 2152 Optabam
639 2081 843 2137 dudum
875 2085 1118 2139 scribere
1147 2101 1291 2155 saepe
1322 2085 1438 2138 tibi.

259 2169 489 2240 Suscipe
516 2185 660 2226 nunc
689 2171 926 2236 tandem,
959 2173 1158 2242 praesul
1189 2173 1506 2227 charissima
1534 2173 1692 2228 nobis

336 2256 471 2326 Quae
499 2258 727 2329 simplex
759 2259 946 2313 humili
976 2260 1077 2314 fert
1108 2261 1320 2316 ratione
1347 2261 1581 2316 animus.

263 2344 385 2400 Non
412 2347 695 2416 aspernari
729 2355 936 2401 tantum
966 2363 1088 2402 mea
1117 2364 1279 2418 parva
1310 2350 1634 2421 magistrum

336 2433 696 2500 Crediderim,
731 2433 822 2489 lati
854 2452 1018 2507 quem
1039 2435 1166 2491 colit
1194 2437 1341 2491 orbis
1372 2453 1544 2492 amor.

264 2521 402 2576 Ditis
430 2522 546 2576 heri
573 2522 815 2594 locuples
846 2524 988 2594 capit
1018 2539 1186 2581 aurea
1215 2541 1346 2580 vasa
1377 2525 1640 2596 supellex,

335 2611 561 2682 Argenti
592 2611 804 2681 species
834 2613 1199 2667 adnumerans
1235 2613 1438 2669 varias.

264 2697 390 2752 Haec
419 2698 612 2754 eadem
640 2715 748 2754 non
779 2699 906 2756 ficta
937 2701 1067 2765 luto,
1102 2718 1209 2756 non
1238 2701 1420 2772 lignea
1449 2702 1657 2773 sparnit

336 2785 588 2856 Vascula,
615 2787 713 2842 sed
742 2788 976 2858 propriis
1003 2789 1273 2860 mancipat
1305 2783 1516 2844 oﬁiciis.

265 2871 368 2942 Qui
398 2873 491 2928 dat
522 2875 788 2948 Erythreo
819 2893 1055 2932 summas
1085 2878 1152 2932 de
1184 2878 1358 2934 littore
1388 2894 1653 2950 gemmas,

337 2960 558 3016 Finibus
586 2963 824 3034 Europae
850 2966 1068 3020 succina
1096 2966 1289 3037 quaerit
1323 2967 1500 3031 hians,

267 3042 474 3099 Oceani
503 3045 693 3101 solitus
723 3047 960 3103 balaenas
994 3049 1198 3104 vellere
1229 3049 1396 3104 fundo

337 3133 603 3206 angares
637 3136 806 3192 tineas
835 3145 860 3171 ³
887 3137 953 3190 ad
985 3152 1085 3191 sua
1111 3137 1220 3190 lina
1243 3146 1420 3192 vocat.

260 3218 514 3276 Aurificis
544 3222 801 3291 studium,
835 3224 1075 3292 pretiosa
1104 3223 1325 3276 monilia
1353 3224 1566 3293 fingens

335 3307 610 3364 interdum
639 3310 902 3379 gracilem
930 3325 1162 3380 corpore
1190 3311 1336 3365 cudit
1365 3327 1543 3366 acum.

263 3395 532 3463 Balsama,
565 3397 866 3451 narcissum
905 3398 1090 3451 mundi
1122 3414 1223 3468 per
1252 3398 1462 3454 climata
1493 3415 1741 3471 quaerens

337 3481 665 3553 Camporum
694 3482 964 3550 violas,'et
991 3485 1274 3541 coriandra
1302 3486 1452 3559 legit.

263 3568 342 3622 Tu
374 3584 589 3641 quoque
617 3587 951 3627 summorum
966 3581 1154 3644 pastus
1186 3574 1378 3629 virtute
1409 3575 1652 3630 ciborum

338 3657 580 3728 Dignare
611 3659 794 3733 exigui
823 3661 1066 3716 muneris
1093 3678 1215 3716 esse
1245 3663 1436 3734 dapes.

266 3747 343 3800 Ac
371 3746 536 3801 veluti
564 3756 685 3818 post
715 3749 896 3813 mella,
928 3750 1113 3820 gravis
1141 3767 1274 3822 cape
1297 3752 1495 3822 pocula
1527 3753 1760 3823 myrrha:

332 3835 466 3903 Quae
491 3837 561 3890 sit
588 3853 730 3893 smva
759 3837 903 3904 licet,
935 3838 1178 3909 pluribus
1210 3839 1409 3894 auxilio
1437 3849 1544 3894 est.

263 3921 451 3978 Gloria
479 3941 600 3995 quae
634 3925 826 3981 vestris
858 3926 1078 3982 inolevit
1111 3943 1306 3999 magna
1335 3929 1599 3982 cammnis

344 4011 424 4068 Ne
456 4015 656 4068 laceret
685 4023 900 4069 nostros
930 4032 1166 4069 cernuus
1196 4031 1293 4070 oro
1323 4017 1565 4070 trochos:

265 4105 518 4160 Carmina
545 4111 770 4157 maturae
799 4103 960 4174 cupio
991 4105 1224 4174 pretiosa
1255 4113 1507 4170 senectar,

336 4194 487 4248 Dicta
511 4191 826 4260 juventutis,
861 4192 949 4262 qui
980 4193 1105 4264 lego
1135 4192 1472 4248 multotiens.

264 4281 520 4350 Quamvis
549 4280 712 4334 multa
744 4296 909 4335 canas
943 4281 1088 4335 szecli
1119 4281 1451 4336 celebranda
1482 4281 1716 4337 catervis

336 4371 447 4425 Nos
476 4369 617 4440 apud
651 4385 710 4423 es
740 4377 938 4436 mutus,
973 4369 1112 4422 fama
1141 4369 1339 4440 quibus
1369 4369 1545 4423 minor
1574 4378 1674 4424 est.

263 4459 362 4521 Ne,
394 4466 548 4528 pater
572 4457 732 4524 alme,
765 4457 913 4510 sinas
943 4456 1151 4511 cunctis
1181 4457 1326 4529 quod
1365 4466 1557 4528 sponte
1587 4457 1860 4513 ministras

331 4548 624 4616 Expertem
652 4554 850 4600 memet
881 4545 1120 4599 muneris
1151 4562 1275 4600 esse
1318 4546 1430 4600 diu.

263 4637 549 4706 Sperarem
579 4640 778 4688 vestrae
807 4649 949 4688 nunc
969 4633 1080 4702 jam
1111 4633 1299 4688 solatia
1330 4635 1516 4698 Musae,

328 4723 393 4776 Ni
426 4723 567 4777 mala
598 4737 698 4792 per
729 4737 956 4793 regnum
989 4729 1131 4776 tanta
1162 4722 1340 4776 voluta
1371 4722 1568 4777 forent.

253 4811 406 4864 Nunc
435 4811 644 4875 doctor,
678 4809 874 4873 miles;
907 4809 1127 4880 praesul,
1163 4809 1390 4865 bellator
1419 4811 1645 4866 habetur

321 4899 661 4953 Pessundant
681 4898 903 4968 propria
934 4899 1134 4970 quique
1163 4898 1342 4953 aliena
1371 4908 1586 4971 gerunt.

248 4985 400 5039 Eheu
437 4983 449 5038 l
483 5001 644 5057 quam
673 4987 820 5042 clare
851 4987 1060 5042 Satanae
1091 4986 1321 5041 servitur
1351 4987 1566 5053 honori,

313 5073 380 5126 Et
407 5087 512 5142 pax
542 5074 692 5143 pacis
721 5074 894 5138 abest,
927 5075 1060 5130 orbe
1096 5075 1314 5144 repulsa
1346 5075 1566 5144 procul,

240 5156 286 5211 Ο
317 5163 560 5227 proreta,
595 5156 684 5226 pio
716 5158 953 5212 studium
986 5159 1218 5230 dispone
1249 5159 1447 5223 labori,

311 5241 391 5295 Ne
415 5239 610 5294 ﬂuctus
639 5249 847 5311 mergat
869 5242 958 5311 qui
993 5241 1113 5296 furit
1149 5243 1201 5296 in
1242 5242 1519 5296 brevibus.

292 5441 310 5465 ο
332 5432 412 5480 Sic
434 5434 622 5480 Anson.
651 5447 662 5477 :

335 5504 460 5561 Quis
479 5513 579 5550 non
601 5505 651 5550 et
672 5501 866 5548 virides
886 5501 1022 5557 vulgi
1045 5503 1224 5549 solatia
1248 5505 1426 5551 tineas.

341 5575 508 5630 Novit,
529 5576 623 5622 etc.

235 5647 438 5692 ΗΑκεκ..
466 5649 568 5691 ηοῑ.
591 5655 682 5691 ms.

797 277 1197 333 WALAFRIDI
1234 277 1478 332 STRABI
1516 275 1896 332 FULDMON.
1937 277 2090 331 OPP.
2133 276 2308 332 PARS
2346 277 2436 331 Ill.
2473 306 2538 316 —
2577 277 2911 332 CARMINA.

3434 280 3580 343 1H2

1891 402 1942 462 A
1967 401 2046 457 Sit
2076 401 2339 457 Dominus
2369 410 2566 468 tecum,
2600 416 2820 472 semper
2846 410 2939 455 tua
2963 400 3139 474 gratia
3167 415 3407 468 mecum,

2044 491 2100 544 ln
2133 490 2364 546 Domino
2391 499 2558 559 vates,
2591 505 2624 545 ο
2656 489 2925 555 Modoine,
2959 489 3101 546 vale.

2469 619 2605 660 IDEM
2643 620 2715 659 AD
2755 619 3050 668 QUBIDAH.

1971 711 2027 767 Si
2056 710 2150 766 tibi
2181 710 2435 766 frumenti
2462 710 2728 782 superarit
2756 711 2934 782 copia,
2961 710 3079 766 sive

1972 800 2292 855 Condonare
2321 816 2488 872 queas
2517 799 2696 865 nobis,
2733 816 2830 855 seu
2859 800 3099 855 vendere
3129 800 3428 872 quidquam

1971 889 2158 943 Exstat
2185 904 2344 959 opus,
2376 889 2504 960 quia
2531 889 2791 958 pascendi
2812 888 2941 944 mihi
2973 888 3204 960 denique
3243 875 3464 961 quidam

1971 976 2126 1045 Sunt,
2157 977 2422 1048 prodesse
2451 977 2646 1048 quibus
2676 977 2927 1032 nolenter
2956 977 3072 1032 sive
3101 977 3350 1033 volenter

1972 1065 2176 1132 Debeo,
2210 1067 2399 1130 chare,
2432 1065 2569 1129 vale,
2595 1065 2758 1120 sodes
2787 1065 3066 1121 dominum
3087 1066 3204 1136 ipse
3234 1065 3409 1122 saluta

1971 1154 2144 1208 Prona
2175 1169 2308 1209 voce
2337 1162 2505 1219 tuum,
2539 1153 2778 1209 scribam
2812 1154 2857 1208 si
2889 1154 3130 1209 suaseris
3159 1154 3304 1220 exin,

1971 1241 2236 1296 Scribitur
2263 1249 2320 1296 ut
2349 1241 2470 1296 vilis
2499 1249 2854 1312 properanter
2884 1241 3132 1312 epistola,
3166 1241 3245 1297 sic
3273 1243 3374 1297 has

1970 1329 2145 1384 Crede
2183 1329 2312 1384 mihi
2342 1346 2531 1400 nugas,
2567 1329 2682 1383 sine
2712 1344 2838 1384 cera
2871 1331 2974 1384 hac
3003 1329 3146 1400 pelle
3180 1330 3397 1384 notavi.

2125 1475 2197 1514 AD
2235 1475 2574 1516 AGOBARDUM
2613 1477 2923 1516 EPISCOPUN
2961 1477 3397 1518 ισσυυΝΕΝεειι.

1970 1574 2110 1628 Dum
2140 1574 2224 1627 vix
2257 1582 2338 1628 ter
2365 1590 2527 1630 senos
2549 1575 2860 1630 habuissem
2891 1576 3152 1646 temporis
3182 1591 3377 1640 annos,

2040 1662 2124 1717 Ad
2154 1678 2250 1718 vos
2280 1678 2477 1718 nomen
2509 1664 2587 1728 iit,
2619 1680 2650 1718 ο
2680 1672 2836 1734 pater
2862 1663 3021 1727 alme,
3054 1680 3256 1720 meum.

1899 1755 1951 1813 Β
1973 1751 2292 1805 Pervenisse
2323 1751 2456 1818 scio,
2491 1752 2711 1823 quando
2741 1752 3000 1822 rescripta
3032 1752 3232 1823 recepi,

2037 1838 2170 1906 Quae
2200 1839 2382 1909 magni
2412 1840 2569 1894 nobis
2599 1839 2771 1894 instar
2800 1840 3000 1894 amoris
3029 1849 3198 1895 erant.

1972 1925 2027 1980 Si
2059 1926 2378 1980 meministis
2407 1927 2572 1992 enim,
2607 1927 2730 1998 quia
2761 1943 2887 1982 nam
2905 1928 3216 1983 meminisse
3244 1929 3496 1999 potestis,

2043 2014 2288 2079 Gaudeo,
2321 2022 2372 2068 et
2402 2024 2458 2068 ut
2481 2031 2754 2070 memores
2785 2016 2901 2070 sitis
2930 2017 3130 2088 ubique
3161 2032 3318 2089 rogo.

1970 2102 2091 2173 Ipse
2119 2116 2275 2156 amor
2303 2102 2456 2157 ardet
2485 2103 2664 2158 adhuc
2693 2103 2906 2172 animis,
2940 2105 3089 2176 viget
3132 2103 3248 2175 ipsa
3280 2103 3537 2160 voluntas

2044 2191 2264 2244 Visendi
2294 2199 2478 2255 temet,
2511 2199 2674 2262 atque
2704 2200 2796 2246 tuo
2826 2207 2920 2246 ore
2948 2190 3073 2246 frui.

1970 2277 2278 2348 EthiOpum
2307 2279 2353 2331 si
2385 2293 2557 2348 regna
2581 2279 2788 2343 colens,
2821 2280 2866 2333 si
2898 2295 3024 2333 rura
3063 2279 3259 2335 Sabea

2042 2365 2219 2437 Liquit
2249 2365 2458 2438 regina,
2492 2375 2546 2420 ut
2576 2366 2871 2422 Salomona
2901 2375 3050 2438 petat

1972 2454 2082 2508 Cur
2111 2470 2211 2508 nos
2241 2470 2349 2508 non
2377 2455 2556 2525 potius
2585 2456 2782 2526 quibus
2807 2456 2975 2510 altera
3003 2471 3177 2528 regna
3218 2465 3498 2527 parantur,

2043 2543 2102 2595 In
2133 2542 2249 2597 solo
2273 2543 2510 2598 auctoris
2541 2559 2759 2613 semper
2787 2559 2974 2600 amore
3003 2561 3186 2599 sumus
3207 2545 3234 2598 ?

1968 2630 2108 2686 Nam
2138 2629 2323 2697 fateor,
2356 2631 2401 2684 si
2431 2639 2580 2686 certa
2611 2631 2742 2684 mihi
2771 2648 2913 2687 nunc
2942 2632 3090 2702 optio
3119 2633 3294 2698 detur,

2042 2719 2109 2776 Ut
2136 2718 2346 2789 capiam
2378 2719 2563 2774 mundi
2589 2720 2729 2774 dona
2759 2720 2846 2774 vel
2877 2721 3079 2791 ingenii
3105 2741 3120 2784 ;

1971 2815 2091 2870 Otia
2121 2814 2344 2870 liberius
2373 2832 2561 2870 verum
2590 2832 2780 2872 secura
2811 2817 3021 2872 sciendi

2039 2905 2216 2958 Aurea
2244 2919 2407 2974 quam
2437 2904 2618 2969 saecla,
2653 2904 2751 2958 sed
2778 2905 3040 2974 peritura,
3066 2921 3281 2977 sequar.

1969 3000 2037 3052 At
2067 2997 2134 3052 de
2165 2999 2300 3053 flore
2329 3014 2492 3063 novo,
2526 2999 2618 3070 qui
2647 3015 2747 3054 vos
2778 3016 2950 3069 penes
2978 3008 3151 3067 ortus,
3185 3002 3415 3057 odorem

1898 3101 1947 3161 α
2045 3086 2225 3141 Prodit
2251 3086 2452 3158 ubique
2483 3087 2586 3154 sui,
2619 3089 2736 3142 haec
2766 3087 2884 3143 loca
2915 3105 3103 3143 rumor
3132 3089 3243 3144 alit.

1972 3173 2130 3228 Flora
2157 3174 2303 3228 venit
2331 3175 2622 3245 quondam,
2655 3175 2784 3229 dum
2814 3176 3031 3248 singula
3077 3194 3307 3250 quaeque
3335 3178 3566 3233 deorum

2040 3263 2176 3317 Sunt
2205 3261 2382 3330 aﬂ'ata,
2406 3263 2553 3333 jugis
2568 3273 2716 3334 prata
2749 3265 3099 3337 thymumque
3130 3282 3350 3335 gerens.

1970 3349 2103 3405 Huic
2135 3349 2267 3405 floro
2298 3351 2493 3405 melius
2523 3352 2786 3406 sententia
2817 3352 3258 3408 Christicolarum

2039 3438 2312 3503 Attribuit,
2347 3439 2608 3510 quidquid
2637 3440 2890 3512 dogmate
2919 3449 2973 3495 et
3003 3457 3096 3497 ore
3127 3442 3284 3497 viret.

1966 3527 2108 3582 Nam
2137 3527 2226 3582 hic
2251 3528 2418 3582 florus
2445 3528 2638 3583 ﬂorem
2667 3530 2912 3600 sequitur
2939 3530 3011 3584 de
3039 3531 3288 3602 germine
3315 3531 3492 3598 Iesse,

2038 3617 2104 3670 Et
2133 3616 2297 3670 tradit
2325 3617 2471 3687 quod
2500 3632 2693 3671 amans
2723 3617 2899 3672 attulit
2927 3617 3018 3673 ille
3054 3619 3279 3673 homini.

1968 3702 2100 3772 Quae
2129 3711 2237 3758 tam
2268 3705 2453 3777 segnis
2483 3704 2584 3758 erit
2613 3705 2768 3759 donis
2789 3706 2996 3776 ingrata
3030 3707 3283 3776 supernis

2039 3791 2174 3861 Quae
2200 3809 2259 3847 se
2290 3793 2394 3877 ho_c
2424 3808 2532 3847 non
2563 3802 2754 3863 sponte
2784 3801 3004 3849 nectare
3031 3803 3225 3865 pascat
3255 3810 3388 3865 apes
3418 3795 3447 3849 ?

1967 3879 2178 3935 Floreat
2209 3881 2350 3934 haud
2370 3881 2605 3936 flaccens
2635 3881 2720 3935 hic
2751 3881 2869 3949 ﬂos,
2903 3890 2954 3935 et
2983 3881 3149 3936 florea
3177 3881 3438 3955 fragrans

2041 3969 2380 4038 Spiramenta
2411 3968 2544 4023 ferat
2576 3986 2792 4039 semper
2821 3970 3023 4040 ubique
3055 3971 3191 4036 Deo,

1970 4057 2154 4111 Donec
2182 4056 2234 4110 in
2263 4056 2539 4110 astriferas
2562 4065 2814 4126 porrecta
2845 4057 3122 4112 cacumina
3153 4059 3314 4112 sedes

2039 4145 2247 4216 Erigat,
2280 4153 2332 4199 et
2387 4143 2619 4199 fructum
2644 4147 2759 4214 jam
2790 4145 2906 4200 sine
2938 4146 3041 4201 fine
3059 4147 3274 4202 habeat.

1969 4233 2173 4287 Cedant
2204 4233 2512 4296 ambrosiae,
2547 4249 2694 4302 rosa,
2724 4233 2855 4298 lilia,
2890 4234 3060 4304 spica,
3093 4223 3418 4308 crocusqne,

2040 4322 2237 4376 Suavia
2268 4329 2460 4377 cuncta
2492 4322 2672 4382 simul,
2705 4323 2864 4390 hujus
2894 4338 3048 4377 amor
3075 4323 3303 4393 placeat.

1890 4451 1943 4512 D
1970 4409 2084 4465 Hoc
2113 4409 2282 4474 fruar,
2316 4410 2420 4465 hoc
2450 4417 2585 4474 utar,
2617 4411 2820 4477 fovear,
2852 4411 3116 4476 delecter,
3151 4411 3445 4476 abundem,

2036 4498 2233 4552 Auditu
2259 4507 2311 4553 et
2340 4497 2458 4552 visu
2488 4499 2664 4567 hujus,
2698 4499 2832 4563 alar,
2868 4499 3090 4554 docear.

1959 4587 2061 4641 Det
2091 4587 2416 4658 quandoque
2447 4588 2612 4652 Deus,
2648 4603 2748 4641 nos
2773 4595 2960 4641 mutua
2991 4586 3138 4642 dona
3182 4587 3420 4643 vicissim

2030 4675 2320 4745 lmpertiri,
2355 4674 2559 4745 aliquid
2591 4691 2718 4744 pars
2751 4675 3031 4747 utriusque
3061 4685 3248 4731 metet.

1957 4764 2181 4816 Munere
2209 4762 2396 4816 divino
2427 4778 2642 4832 precor,
2674 4779 2708 4817 ο
2737 4763 2854 4817 sine
2885 4762 2991 4818 fine
3023 4764 3223 4832 valeto,

2028 4851 2294 4904 Mittentes
2327 4857 2522 4905 vestra:
2550 4851 2728 4905 dulcia
2760 4851 2962 4922 scripta
2992 4851 3145 4907 vicis.

2065 4998 2133 5034 AD
2183 4997 2447 5037 RHHNUM
2494 4997 2724 5038 MAURUM
2797 4998 3053 5038 ΑΒΒΑἸῈΜ
3095 4999 3447 5050 ιτυιοεκεευ,

2479 5085 2798 5126 MAGISTRUM
2831 5087 3002 5126 SUUM.

1954 5191 2182 5261 Suscipe
2213 5206 2517 5254 servorum,
2553 5191 2715 5244 Pater
2745 5191 2966 5261 optime,
3001 5191 3168 5246 verba
3197 5200 3412 5246 tuorum

2023 5283 2239 5334 Annuat
2268 5287 2324 5333 ut
2355 5279 2554 5332 vestris
2587 5279 2946 5350 Omnipotens
2976 5280 3250 5350 precibus.

1956 5368 2060 5422 Fac
2092 5367 2346 5439 supplere
2374 5382 2560 5422 moras
2593 5375 2893 5437 torpentem
2923 5376 3146 5438 pectore
3179 5369 3430 5424 Strabum

2023 5455 2264 5510 Plurima
2293 5471 2361 5510 ne
2396 5455 2633 5510 dominis
2663 5457 2865 5526 probra
2894 5456 3042 5529 legat
3070 5457 3329 5527 propriis.

1952 5543 2181 5615 Suscipe
2215 5543 2542 5614 putricolum
2575 5543 2680 5615 [F.,
2712 5545 3046 5616 patricolam]
3078 5545 3332 5600 clementi
3389 5545 3563 5601 corde

3292 5632 3558 5702 [libellum
