3996 6184
258 371 280 420 1
295 369 318 420 1
333 369 398 419 l3
1595 357 1836 414 ΡΟΕΜΛ

1986 354 2056 410 )E
2091 354 2434 411 DIVERSIS.
3429 359 3564 413 1114

329 485 639 544 Emendata
669 493 763 543 tuo
800 485 1014 541 viscera
1042 491 1100 539 ut
1127 500 1222 540 ore
1253 482 1410 540 ferat.
1884 483 1939 542 A
2378 510 2451 552 Αυ
2480 508 2799 552 mersum
2855 509 3174 552 “nomen.

259 581 794 692 Viifepamtafms
812 581 1142 692 ,Οῗηοθδθτῗ
1158 580 1642 692 dog'f‘iafezl:
1969 621 2256 678 Litterulas
2284 621 2542 692 lacryma:
2571 629 2787 676 nostras
2817 620 3146 678 comitantur
3173 637 3396 692 amare,

329 671 590 744 Dignare,
624 678 684 725 ut
708 669 888 726 norint
919 686 1081 743 quam
1109 669 1266 782 bene”
1280 683 1466 723 amore
1486 667 1644 782 ‘cales
1969 667 2541 782 *Βᾘῶξιὲξᾷἔίέξ
2557 667 2684 766 πλε
2728 709 2915 765 videre
2944 717 3108 765 mam.

257 770 464 824 Cresce
493 768 700 836 valens,
735 783 940 840 augere
971 767 1183 840 vigens,
1234 763 1456 820 ﬁrmare
1486 765 1644 820 beate
1966 798 2045 854 τη
2075 763 2262 855 ,λάθας
2291 798 2414 854 vim
2443 799 2654 855 οωιθειί
2685 798 2740 852 in
2761 797 2893 853 sede
2922 799 3182 854 Datorem

327 866 388 919 Ῑο
418 865 655 921 Domino
687 880 926 935 semper:
977 864 1176 936 inelyte
1209 879 1396 936 (1113950
1425 863 1601 917 Ρδίθτο
2036 886 2409 959 Mercedisque
2438 883 2584 942 feras
2613 886 2835 959 praemia
2864 885 3032 941 multa
3061 887 3237 944 bona.

642 993 717 1033 AD
746 993 980 1034 EUMDEH
1006 994 1112 1034 ΡΙιο
1143 992 1575 1033 CALCEAHENTIS.

1533 992 1575 1033 δ’
2413 1045 2486 1084 nn
2517 1043 2718 1085 CAINIS
2746 1043 3111 1085 paruumu.

256 1094 480 1150 Rabano
513 1094 658 1148 Patri
685 1110 785 1164 per
807 1093 972 1148 verba
1008 1093 1294 1165 precantia
1323 1093 1572 1160 Strabus,

251 1187 395 1238 Ante
425 1181 634 1254 aliquot
661 1198 881 1238 menses
911 1183 1216 1254 spondebat
1244 1181 1473 1254 epistola
1501 1181 1680 1249 nobis,

252 1279 373 1333 Huc
403 1276 700 1331 autumnali
732 1285 993 1332 venturos
1033 1285 1275 1348 tempore
1302 1277 1504 1332 missos

251 1365 453 1422 Usibus
483 1373 542 1420 ut
569 1365 771 1420 nostris
802 1364 1018 1431 ferrent,
1051 1382 1172 1438 quae
1199 1375 1386 1421 nostra
1441 1366 1691 1438 poposcit

251 1465 578 1534 Paupertas,
611 1462 708 1516 sed
740 1477 868 1533 spes
910 1463 1170 1518 miserum
1201 1480 1288 1518 me
1331 1479 1473 1519 vana
1501 1462 1711 1529 fefellit,

248 1557 370 1626 Quo
400 1558 481 1614 sic
508 1573 834 1630 suspensum
863 1558 1159 1630 improvisa
1187 1569 1444 1632 perurget
1474 1568 1710 1633 egestas,

2350 1152 2608 1226 Quisquis
2635 1152 2848 1208 tramite
2896 1153 3136 1224 pendulo

2243 1241 2560 1312 Declivique
2589 1242 2848 1313 spheram
2876 1235 2902 1271 δ
2931 1241 3053 1297 loco

2244 1328 2414 1384 Plana
2441 1329 2595 1400 ponit
2625 1330 2678 1384 in
2708 1346 2863 1395 area,

2238 1416 2308 1470 Ni
2337 1433 2594 1488 prensum
2623 1425 2805 1473 teneat
2833 1434 2998 1475 manu

2239 1504 2431 1560 Statim
2455 1506 2630 1562 cernit
2659 1507 2729 1561 ad
2773 1507 2958 1563 inﬁma

2239 1591 2410 1648 Cursu
2440 1610 2573 1649 nare
2615 1594 2857 1650 volubili.

249 1655 359 1711 Sed
386 1655 516 1711 licet
545 1655 807 1710 innumeri
838 1655 1056 1726 pulsent
1084 1673 1206 1711 mea
1234 1665 1460 1728 pectora
1487 1665 1712 1727 questus
2308 1679 2412 1750 Qui
2440 1681 2681 1752 plumam
2712 1683 2924 1740 levibus
2953 1701 3116 1744 manu

253 1752 380 1806 Plus
408 1759 589 1807 tamen
618 1751 921 1822 impugnat,
954 1753 1099 1824 quod
1145 1752 1512 1823 mudipedalia
1541 1767 1708 1824 cogar
2234 1769 2338 1823 Αυι
2367 1751 2539 1824 οι-έάίι
2567 1770 2756 1825 folium
2787 1774 2930 1828 ηοιίε

246 1849 392 1905 Ecce
420 1849 550 1921 pati,
585 1850 640 1903 ni
669 1857 848 1904 vestra
878 1850 1028 1920 prius
1065 1850 1255 1904 solatia
1283 1858 1500 1905 nostros
1874 1834 1924 1892 Β
2238 1857 2381 1911 Dum
2407 1858 2584 1912 ventis
2613 1859 2849 1929 quatitur
2875 1861 3072 1931 polus;

247 1946 563 2017 Respiciant
591 1962 766 2015 casus,
799 1947 986 2001 verbis
1012 1955 1069 2001 ut
1100 1963 1273 2017 pauca
1300 1952 1542 2004 monenti
2233 1943 2303 1998 Ni
2333 1954 2553 2015 prenset
2583 1947 2840 2003 manibus
2869 1948 3059 2022 fugam

246 2042 536 2108 Occurrat,
572 2059 692 2114 qua:
720 2042 778 2098 fit
827 2044 1038 2100 cunctis
1077 2044 1389 2117 largissima
1435 2056 1612 2104 mater

1341 2062 1389 2100 la
1435 2056 1612 2104 mater
2236 2031 2452 2088 Molitur
2482 2049 2624 2106 vaga
2651 2036 2919 2092 concitam

249 2126 440 2180 Vestra
469 2141 684 2191 manus,
716 2125 902 2182 valeas
929 2143 1032 2198 per
1077 2129 1280 2185 saecula
1309 2139 1505 2187 cuncta
1533 2149 1844 2204 precamur.
2236 2119 2364 2189 Res,
2395 2129 2449 2176 et
2479 2119 2651 2177 fertur
2686 2123 2740 2178 in
2773 2140 2922 2180 aera.

2305 2209 2440 2264 Cum
2469 2211 2693 2281 puppim
2724 2211 2889 2267 ﬂuvio
2921 2213 3119 2282 levem,

2231 2295 2300 2351 Et
2329 2296 2489 2351 saevis
2517 2297 2650 2353 dare
2689 2297 2942 2357 fluctibus

2231 2383 2389 2455 Cogit
2416 2383 2552 2440 dura
2582 2387 2887 2444 necessitas

2228 2471 2298 2525 Ni
2327 2481 2488 2528 conto
2516 2473 2673 2546 pigra
2720 2478 2939 2548 robora,

2229 2561 2298 2614 Et
2326 2561 2491 2615 remis
2521 2562 2738 2636 subigat
2761 2566 2929 2637 celer,

2227 2647 2302 2703 Te
2333 2664 2519 2705 secum
2551 2652 2692 2723 rapit
2730 2654 2940 2711 alveus.

2299 2737 2450 2809 Ignis
2481 2755 2582 2810 per
2611 2741 2836 2812 stipulas
2867 2744 3077 2812 volans,

2225 2825 2332 2878 Aut
2362 2841 2606 2883 summas
2634 2828 2889 2886 fruticum
2921 2849 3130 2904 comas,

535 2247 606 2286 AD
631 2247 861 2288 EUMDEH
892 2249 998 2288 PRO
1029 2249 1340 2292 SERVITORE
1369 2251 1577 2294 DANDO.

245 2327 571 2398 Qumsumus
598 2329 780 2403 exigui
823 2337 1004 2396 temet,
1037 2332 1198 2386 Pater
1222 2334 1442 2404 optime,
1467 2338 1633 2407 servi,

313 2417 395 2472 Sit
423 2418 595 2472 nostri
626 2425 683 2472 ut
711 2419 951 2474 clemens
985 2429 1166 2476 vestra
1194 2437 1405 2478 memor
1434 2424 1664 2481 bonitas.

241 2505 394 2560 Edis
426 2505 572 2560 enim
594 2514 778 2561 nostra
810 2516 893 2563 est
922 2508 1080 2562 nobis
1129 2518 1357 2581 angusta
1395 2512 1628 2579 duobus,

313 2593 371 2648 Si
404 2594 546 2648 terni
575 2608 839 2664 essemus,
872 2596 982 2652 lata
1028 2597 1158 2651 satis
1188 2596 1342 2653 fieret
1374 2616 1386 2654 :

239 2681 394 2736 Unde
423 2691 804 2753 exspectamus
835 2685 1005 2739 vestri
1035 2686 1305 2755 promissa
1336 2687 1554 2758 favoris,

313 2770 394 2823 Tu
424 2786 526 2826 nos
554 2779 611 2824 ut
640 2772 880 2827 clemens
911 2782 1072 2844 teque
1094 2774 1246 2842 juvet
1301 2775 1582 2833 Dominus.
1617 2782 1807 2836 Amen.

524 2898 597 2938 DE
628 2900 877 2948 ρυιιιρυιζ
908 2901 1176 2942 PARTIBUS
1206 2903 1553 2946 RHETORICJE.

1433 2905 1553 2946 tum.
2225 2911 2376 2979 Quas
2405 2915 2488 2969 vis
2517 2915 2660 2970 Solis
2697 2918 3005 2988 obusserat,

239 2989 372 3042 Pars
402 2994 485 3043 est
515 2989 794 3045 rhetoricae
823 2990 999 3046 solers
1019 2992 1258 3047 inventio
1284 2995 1481 3064 prima,
2221 2999 2288 3053 Ni
2317 2999 2438 3056 fons
2467 3001 2659 3059 fortior
2688 3017 2936 3079 occupet,

237 3075 468 3131 Dicendi
487 3085 696 3132 constat
725 3078 864 3133 bene
914 3079 1161 3134 conditus
1189 3082 1326 3136 ordo
1365 3086 1621 3141 secunda.
2225 3087 2416 3143 Statim
2434 3092 2714 3148 materiem
2736 3075 2933 3168 vagam

235 3163 416 3218 Tertia
443 3165 732 3238 condignis
762 3168 1008 3238 sequitur
1029 3184 1154 3238 pars
1184 3178 1210 3205 ι
1235 3179 1471 3242 angusta
1497 3173 1731 3242 duobus,
1871 3181 1921 3245 α
2226 3176 2505 3233 Consumit
2534 3179 2714 3246 simul,
2749 3163 3002 3256 et'perit.

237 3249 438 3320 Quarta
468 3261 626 3325 rogat
675 3271 998 3321 memorem,
1023 3255 1262 3337 collecta
1283 3266 1465 3314 tenere
1492 3263 1837 3333 magistrum.
2295 3268 2585 3338 Agrestem
2626 3271 2810 3326 caveis
2841 3272 3010 3331 feram

245 3339 443 3409 Explct
471 3348 525 3396 et
551 3350 803 3397 ornatum
831 3333 1064 3399 dicentis
1093 3343 1326 3400 formula
1356 3347 1621 3417 quintum.
1770 3344 1773 3346 ’
2221 3333 2468 3422 ϐαρίειπι,
2500 3356 2702 3425 profuit
2729 3368 2822 3414 aut
2850 3377 3005 3419 avem

628 3470 700 3510 AD
732 3472 1112 3514 WENIBEITUH
1169 3475 1442 3517 ΑΒΒΑΤΕΜ.

1319 3476 1442 3517 τευ,
2221 3439 2334 3493 Sub
2364 3443 2593 3498 custode
2638 3447 2897 3518 tenerier,

2216 3527 2285 3580 Ni
2315 3527 2394 3584 sic
2423 3529 2677 3585 assiduus
2721 3534 2932 3602 domes,

2215 3615 2398 3688 Pergit
2425 3616 2594 3672 lustra
2615 3635 2714 3689 per
2729 3622 2851 3677 avia

2213 3704 2418 3759 Morem
2446 3722 2690 3778 quaerere
2717 3709 3024 3779 pristinum.

2287 3793 2459 3848 Annis
2500 3793 2637 3850 forte
2669 3799 2996 3867 recentibus,

2215 3880 2272 3935 Si
2301 3881 2510 3951 pullum
2539 3891 2693 3954 patre
2723 3887 2895 3943 nobili

2219 3969 2438 4040 Campis
2475 3972 2775 4029 credideris
2805 3984 3002 4049 satum,

2212 4056 2280 4110 Ni
2312 4057 2482 4113 frenis
2513 4059 2650 4116 bene
2672 4065 2942 4133 presseris

2214 4147 2463 4201 Confisus
2490 4149 2790 4219 petulantia

2215 4233 2288 4288 Te
2320 4235 2564 4306 deponit,
2598 4247 2652 4294 et
2683 4241 2886 4299 avolat.

2283 4321 2426 4378 Novi
2457 4325 2681 4382 ﬂumina
2711 4333 3017 4404 promptius

2214 4411 2411 4467 Primis
2453 4430 2679 4471 currere
2709 4417 2961 4487 callibus,

1855 4533 1908 4593 D
2213 4497 2346 4568 Quae
2375 4501 2420 4554 si
2450 4501 2592 4557 forte
2624 4507 2899 4577 coegeris,

2210 4587 2382 4643 Notos
2410 4587 2658 4662 linquere
2689 4596 2954 4662 tramites,

2210 4675 2278 4729 Ni
2307 4679 2652 4749 consepseris
2698 4683 2959 4754 undique,

241 3559 494 3632 Suscipe,
529 3570 716 3618 sancte
745 3564 920 3630 Pater,
970 3581 1180 3636 pauper
1208 3584 1330 3639 quae
1357 3585 1582 3625 munera
1610 3570 1836 3628 Strabus

303 3649 482 3717 Mittit,
515 3657 572 3705 et
593 3666 658 3707 ex
686 3652 867 3707 animo
896 3653 1062 3708 missa
1091 3655 1310 3711 revolve
1335 3656 1510 3712 libens
1534 3676 1549 3725 ;

230 3737 374 3791 Nam
411 3739 555 3809 quod
584 3741 729 3811 apud
759 3757 957 3812 gnaros
1005 3758 1141 3814 gaza
1170 3745 1460 3814 pretiosius
1489 3748 1636 3802 omni
1658 3756 1761 3818 est,

302 3826 418 3882 Hoc
447 3827 543 3882 tibi
581 3830 867 3902 porrigere
894 3830 1108 3887 viscera
1131 3841 1311 3888 nostra
1342 3835 1548 3890 volunt.

227 3914 350 3968 Non
379 3930 592 3987 aurum,
623 3934 733 3972 non
764 3918 871 3972 ulla
899 3921 1059 3975 malis
1081 3920 1315 3976 obnoxia
1335 3924 1478 3978 curis

300 4002 542 4070 Munera,
574 4021 694 4076 qua:
715 4005 960 4062 incautos
989 4017 1233 4066 sternere
1281 4027 1426 4082 saepe
1453 4012 1657 4079 solent;

226 4089 408 4145 Xenia
437 4093 534 4148 sed
565 4094 796 4148 mundas
826 4104 1032 4150 tantum
1075 4100 1354 4168 pascentia
1382 4110 1614 4167 mentes,

294 4178 429 4246 Qum
456 4179 554 4235 tibi
586 4182 803 4253 quando
833 4183 949 4238 fero
981 4185 1340 4257 centuplicata
1383 4205 1541 4261 gero.

225 4265 354 4322 Haec
375 4267 542 4338 igitur
572 4269 619 4324 si
647 4271 791 4325 dicta
821 4272 938 4343 pias
968 4273 1193 4328 dimittis
1223 4275 1278 4330 in
1309 4292 1474 4332 aures

296 4354 458 4411 Plura
487 4355 651 4425 dabo,
685 4359 850 4413 vitam
882 4360 926 4414 si
949 4361 1096 4416 Deus
1144 4363 1432 4421 addiderit.

221 4441 376 4508 Vive,
409 4443 549 4509 vale,
582 4447 847 4514 rescribe,
881 4448 1038 4519 doce,
1091 4451 1410 4507 Weniberte
1440 4454 1708 4527 benigne;

291 4527 424 4586 Esto
451 4548 664 4588 memor
693 4536 972 4604 memoris,
1005 4546 1055 4593 et
1087 4555 1296 4594 memor
1314 4549 1430 4598 esto
1459 4543 1553 4598 tui.

574 4653 648 4692 AD
677 4655 983 4698 SIGIMARUM
1013 4660 1166 4699 κουο
1186 4661 1463 4703 ΔΒΒΑἹῈΙ.

213 4740 416 4796 Sancte
446 4742 624 4813 Pater,
657 4744 886 4818 dignare
935 4749 1158 4805 brevem
1188 4768 1516 4822 percurrere
1546 4755 1811 4827 chartam,
1951 4767 1964 4773 ”
2207 4740 2493 4834 Rumpunt.
2509 4765 2719 4823 foedera
2749 4740 3020 4840 protinus.

287 4827 466 4896 Quam
497 4831 725 4888 Strabus
754 4836 902 4890 tenui
946 4837 1116 4892 edidit
1145 4839 1389 4910 ingenio.
2278 4827 2406 4908 Haec
2436 4870 2658 4910 carnem
2690 4827 3045 4918 stolidissime

211 4915 350 4971 Sunt
378 4917 508 4973 mihi
539 4935 775 4994 namque
805 4933 985 4994 patres
1014 4925 1370 4984 celeberrima
1393 4930 1512 4998 jura
1542 4941 1809 5001 tenentes,
2202 4939 2458 4995 Nostram
2488 4944 2784 5014 respiciant
2813 4947 2995 5019 homo,

284 5004 434 5060 Talia
455 5017 712 5064 curantes
741 5027 850 5065 non
880 5014 1113 5069 recitare
1155 5025 1351 5072 metra.
2202 5027 2530 5086 Consuetam
2561 5033 2704 5088 male
2751 5035 2955 5106 vivere,

209 5093 302 5198 En'
311 5093 455 5198 ideo,
468 5095 674 5192 ignotis
702 5101 1027 5197 commendo
1055 5101 1342 5198 probanda
1371 5107 1624 5198 -labellis,
2201 5116 2421 5188 Puppis,
2454 5119 2655 5190 pluma,
2693 5121 2863 5192 focus,
2901 5093 3125 5198 sphera,

283 5177 352 5231 Ut
379 5177 558 5234 saltim
605 5181 880 5238 inveniam
925 5187 1019 5257 qui
1053 5189 1141 5258 pia
1172 5189 1342 5244 verba
1365 5190 1523 5248 ferat.
1611 5177 1615 5178 ί
2201 5177 2419 5274 Pullus,
2443 5177 2666 5276 flumen,
2716 5177 2863 5277 avis:
2887 5177 3020 5283 farra,

208 5264 441 5335 Respice
470 5283 634 5338 quem
682 5278 821 5328 torto
869 5283 1116 5344 Spectare
1159 5277 1370 5334 videbis
1400 5280 1592 5339 ocello.
2201 5293 2330 5349 Haec
2379 5264 2602 5352 attende
2654 5264 2950 5370 sagaciter.

280 5355 388 5409 Iste
416 5372 554 5428 puer
585 5360 743 5414 mittit
778 5363 894 5418 haec
926 5364 1022 5418 tibi
1052 5366 1236 5436 verba,
1268 5376 1440 5439 pater,
2267 5379 2444 5448 Quam
2479 5385 2530 5437 ni
2565 5355 2829 5442 sollicitus
2859 5355 3022 5448 malis

204 5442 480 5498 .Eternam
511 5446 735 5517 cupiens
765 5451 860 5504 tibi
891 5468 1126 5524 namque
1157 5471 1378 5511 manere
1411 5458 1660 5529 salutem,
2194 5469 2581 5528 Exarmaveris
2629 5474 2826 5543 insitis,

278 5530 366 5585 Sis
384 5548 596 5588 memor
623 5544 678 5590 ut
710 5537 893 5593 famuli
923 5550 1106 5596 mutua
1143 5543 1325 5599 dando
1356 5546 1449 5600 tui.
2193 5557 2261 5611 Et
2289 5560 2576 5616 conatibus
2608 5530 2834 5633 intimis,

264 5716 280 5737 ·
309 5711 466 5755 Locus
485 5716 767 5770 corruptus.
1954 5725 1979 5761 δ
1997 5729 2278 5788 Spharam,
2301 5739 2528 5792 correpta
2557 5741 2731 5796 prima,
2763 5753 2902 5790 more
2928 5745 3077 5798 hujus
3097 5747 3294 5795 secuti.
