4024 6194
346 393 482 448 1115

642 509 726 565 Ad
755 519 940 564 veram
969 500 1211 559 retrahas
1252 494 1418 558 viam,

643 598 848 672 Nigros
879 590 1048 648 tendit
1077 588 1146 644 ad
1174 583 1400 648 inferos,

621 684 626 689 ’
646 687 714 742 Et
739 693 794 740 tu
823 688 1084 754 perpetuo
1125 673 1320 747 gemis.

715 773 763 827 Ο
793 769 887 842 qui
915 781 1140 823 munere
1167 759 1411 834 perditas

649 859 858 918 Sanasti
884 854 1030 912 vitiis
1058 862 1148 909 tuo

645 951 861 1013 Terras,
885 961 984 1017 per
1013 940 1259 1016 genitum
1288 945 1460 996 tuum,

652 1041 760 1095 Fac
788 1052 858 1092 ne
887 1029 1150 1090 daemonis
1176 1025 1404 1084 horrida

651 1127 748 1182 Vis
775 1132 989 1181 mentes
1017 1119 1120 1175 sibi
1143 1116 1400 1180 vindicet,

652 1216 799 1284 Quas
843 1209 1170 1284 baptismate
1197 1205 1434 1261 laveras.

1861 753 1892 764 ,ι-

725 1355 797 1394 AD
835 1347 1137 1392 LIPIIARICM
1178 1339 1509 1386 MONACl-IUH.

373 1449 597 1507 Strabus
629 1448 698 1503 ab
727 1446 941 1500 interno
969 1440 1069 1496 tibi
1104 1437 1266 1493 mittit
1293 1446 1478 1489 amore
1505 1429 1756 1493 salutem,

374 1541 435 1595 In
464 1535 696 1594 Domino
726 1542 784 1588 ut
811 1531 1018 1594 valeas,
1049 1529 1242 1583 doctor
1290 1520 1542 1586 amanda,
1576 1525 1686 1572 tuo.

375 1628 460 1683 Sis
491 1639 702 1682 memor
731 1611 784 1677 et
814 1618 994 1675 Strabi
1045 1613 1357 1670 rescribens
1388 1617 1578 1664 mutua
1608 1602 1762 1676 pacis

375 1716 618 1780 Munera,
651 1711 697 1766 si
725 1710 871 1766 dicta
899 1707 1087 1762 vixero
1114 1701 1275 1775 plura
1314 1699 1476 1754 dabo.

379 1803 610 1860 Portitor
636 1799 922 1865 accelerat,
955 1807 1152 1850 sensus
1177 1791 1235 1845 in
1282 1793 1504 1860 pectore
1531 1780 1760 1838 tardant.

383 1893 589 1948 Sensus
618 1889 665 1944 si
693 1886 889 1943 melior
934 1882 1164 1946 venerit,
1215 1878 1380 1933 instat
1405 1887 1561 1930 amor

665 2016 739 2057 Αῐ)
767 2011 1060 2054 Αιτρειιυλι
1100 2005 1406 2048 MONACIIUM
1435 1997 1771 2043 ELMIWANG.

383 2109 610 2169 Strabus
636 2123 799 2180 opem
828 2102 1045 2160 Domini
1075 2099 1248 2156 veteri
1277 2101 1424 2180 optat
1455 2093 1652 2149 adesse
1685 2087 1898 2161 sagittae
1935 2105 1949 2153 ;

456 2201 577 2272 Ipsa
605 2179 767 2252 nimis
797 2193 975 2250 valeat
1003 2189 1228 2246 Strabus
1257 2194 1314 2241 ut
1347 2179 1463 2256 i‘pse
1493 2188 1667 2254 rogat.

385 2289 595 2362 Plango
625 2295 769 2350 tuos,
804 2283 975 2338 fateor
1017 2278 1210 2344 fautor,
1242 2275 1439 2331 dilecte
1469 2285 1742 2334 recessus,

457 2356 674 2448 Oraque
701 2371 986 2446 largiﬂuis,
1037 2367 1206 2440 irrigo
1254 2379 1400 2420 nunc
1430 2356 1706 2431 lacrymis.

387 2467 521 2522 Sum
550 2443 764 2520 memor
790 2443 999 2526 auxilii,
1030 2455 1164 2511 mihi
1197 2452 1342 2525 quod
1371 2447 1625 2505 conferre
1642 2443 1883 2508 solebas,

457 2555 527 2610 Et
555 2567 754 2608 munus
785 2547 970 2604 recolo
1012 2544 1165 2616 pacis
1193 2539 1395 2596 amoris
1443 2551 1602 2607 opus.

387 2641 594 2699 Oscula
614 2637 904 2696 dulcisono
937 2633 1101 2689 libate
1128 2643 1414 2702 precamur
1445 2625 1513 2679 ab
1546 2638 1641 2678 ore

460 2727 732 2785 Litterulis
761 2739 866 2797 ego
912 2738 1047 2796 quas
1094 2718 1289 2791 pollice
1321 2722 1374 2769 et
1405 2729 1498 2769 ore
1529 2709 1676 2766 dedi.

390 2821 509 2874 Jam
537 2830 732 2872 secura
762 2822 852 2868 tua
880 2809 1128 2867 residere
1156 2806 1358 2879 sagitta
1377 2802 1650 2874 pharetra.

461 2903 738 2969 Cerneris,
771 2909 825 2955 et
853 2897 1084 2972 placidis
1127 2893 1343 2967 pascier
1375 2906 1506 2946 ecce
1537 2886 1716 2943 bonis.

389 2995 506 3050 Nec
536 2994 606 3049 de
635 2999 814 3047 mente
845 2970 1024 3054 cadat,
1059 2983 1226 3040 fueris
1260 2980 1401 3054 quis,
1445 2977 1674 3050 quisque
1707 2971 1870 3029 modo
1901 2970 1999 3022 sis.

461 3081 704 3137 Perfecta
732 3079 788 3133 in
821 3084 965 3133 recto
996 3080 1121 3128 sunt
1169 3071 1494 3126 documenta
1526 3078 1713 3134 opere.

918 371 1320 434 WALAFRIDI
1359 362 1602 422 STRABI
1641 359 1838 417 FULD.
1879 351 1994 409 MO!

2094 348 2250 404 OPP.
2289 344 2466 400 PARS
2506 342 2597 396 Ill.
2640 368 2708 379 —
2745 330 3079 391 CARMINA.

1974 478 2031 538 A
2057 473 2186 529 Post
2214 468 2483 528 cunabula
2511 463 2729 538 longuis
2758 467 3032 517 meantem
3115 481 3118 484 ~

2061 559 2334 634 Quaesisti,
2367 555 2587 614 dubiam
2616 559 2804 609 secuta
2833 549 3051 613 famam,

2061 649 2334 706 Interdum
2362 662 2501 718 vaga
2528 647 2838 716 perstrepat
2862 637 3020 692 illum

2059 743 2304 796 Romana
2331 735 2566 808 positum
2593 731 2779 786 ferens
2819 727 2875 782 in
2903 725 3054 789 urbe,

2062 832 2273 887 Devoto
2302 833 2488 882 extera
2516 820 2764 893 cogitare
2793 812 2985 880 corde,

3509 322 3652 376 1116

2069 916 2254 974 Gratis
2282 911 2490 970 exsiliis
2516 910 2670 965 adire
2685 921 2833 961 rura.

2065 1005 2309 1063 Tandem
2338 1016 2522 1075 quaere
2553 1011 2654 1053 suo
2680 995 2804 1052 loco
2833 991 3136 1055 reductum,

2067 1096 2138 1152 Et
2164 1094 2253 1150 dic
2281 1106 2502 1162 semper
2529 1101 2651 1152 ave,
2695 1084 2930 1154 valeque
2957 1079 3205 1142 multum,

2071 1184 2168 1239 Cui
2199 1181 2469 1254 quondam
2505 1175 2740 1232 dederas
2770 1173 2979 1228 honore
3009 1183 3208 1224 nomen

2071 1275 2302 1328 Ductum
2330 1267 2519 1339 dirigit
2544 1264 2636 1320 hic
2658 1261 2757 1316 tibi
2775 1259 3028 1316 salutem.

2074 1414 2266 1470 Dulcia
2295 1426 2418 1468 cum
2446 1416 2661 1463 nostros
2691 1401 2865 1458 sancti
2891 1397 3091 1455 natalis
3134 1410 3352 1451 amores

2074 1506 2190 1558 Jam
2219 1499 2442 1573 propius
2469 1495 2650 1551 tractis
2693 1490 3027 1562 complerent
3055 1484 3255 1560 gaudia
3284 1481 3426 1538 votis

2077 1571 2272 1648 Addita
2301 1593 2426 1642 sunt
2451 1583 2573 1640 fasti
2601 1578 2863 1655 fulgentia
2901 1578 3041 1632 dona
3072 1571 3317 1637 secundi,

2079 1678 2239 1748 Quod
2259 1685 2352 1732 tua
2378 1671 2657 1744 suspensis
2698 1667 2928 1741 ingessit
2957 1662 3187 1736 epistola
3212 1660 3389 1723 nobis,

2081 1745 2147 1824 iit
2174 1766 2392 1838 requies
2422 1763 2591 1827 lasso,
2623 1757 2823 1814 sitienti
2850 1763 2908 1810 ut
2935 1753 3112 1809 dulcis
3137 1764 3295 1822 aqua;
3321 1745 3463 1802 fons.

2013 1831 2192 1912 BLac
2224 1831 2528 1910 maternum
2578 1847 2759 1920 agnis,
2800 1843 2983 1917 pluvia
3008 1849 3066 1896 ut
3093 1835 3465 1911 squalentibus
3493 1832 3680 1888 arvis:

2095 1948 2331 2001 Carcere
2362 1938 2674 1997 constrictis
2701 1944 2760 1991 ut
2785 1934 2925 1990 lucis
2954 1945 3092 1986 vena
3137 1929 3346 1984 diurnae
3377 1943 3390 1979 :

2089 2035 2180 2091 Sic
2207 2039 2389 2104 optata
2416 2027 2684 2100 palatinas
2710 2023 2842 2079 mihi
2871 2029 3045 2077 metra
3062 2024 3241 2088 tuapte

2090 2102 2298 2193 Scripta
2324 2134 2512 2183 manu,
2542 2114 2772 2172 nebulas
2797 2125 2928 2167 vero
2958 2107 3222 2180 pepulere
3258 2102 3467 2166 nitore;

2092 2211 2200 2268 Sed
2231 2208 2360 2281 quia
2385 2205 2605 2261 luciﬂuo
2634 2200 2930 2258 succedunt
2958 2212 3103 2268 saepe
3137 2207 3333 2249 sereno

2090 2277 2306 2367 Nubila,
2338 2311 2450 2350 non
2475 2293 2632 2348 aliter
2674 2290 2884 2345 turbant
2925 2301 3045 2342 mea
3074 2281 3277 2357 gaudia
3305 2277 3525 2346 Chauri,

2094 2391 2236 2444 Dum
2265 2395 2353 2441 tua
2383 2381 2588 2454 scripta
2625 2386 2837 2443 sonant,
2869 2375 3009 2430 bene
3038 2389 3124 2428 me
3155 2379 3208 2425 te
3237 2384 3400 2441 posse
3427 2380 3620 2422 carere

2095 2477 2179 2532 Ad
2208 2473 2400 2531 faciem
2435 2453 2716 2544 quantum,
2761 2481 2886 2522 cum
2915 2463 2985 2519 sit
3012 2459 3144 2516 mihi
3173 2458 3327 2514 testis
3353 2456 3409 2511 in
3438 2453 3550 2509 imo

2096 2568 2347 2632 Pectore,
2379 2577 2504 2632 spes
2535 2557 2734 2614 ardens
2761 2570 2794 2610 a
2824 2563 2876 2608 te
2905 2569 2992 2607 me
3007 2548 3246 2623 plurima
3269 2544 3408 2613 vel]:

2100 2651 2339 2716 Lucrari,
2370 2649 2620 2720 lucisque
2635 2654 2739 2702 tua:
2766 2639 3044 2700 consortia
3072 2637 3228 2693 ferre.

2098 2743 2174 2797 Te
2204 2755 2416 2813 quoque
2448 2736 2514 2790 sit
2541 2743 2752 2791 certum
2781 2729 2959 2786 multis
2999 2725 3339 2792 testantibus,
3373 2730 3426 2778 et
3451 2736 3539 2776 me

2101 2833 2276 2902 Atque
2306 2827 2440 2881 alios
2471 2821 2846 2893 exemplorum
2888 2815 3150 2887 verbique
3194 2813 3416 2868 lucerna

2103 2897 2398 2980 Instruere,
2429 2920 2480 2968 et
2523 2910 2726 2982 sapidis
2767 2905 3054 2963 infundere
3082 2897 3246 2975 posse
3277 2899 3479 2955 salivis.

2103 3008 2202 3061 Est
2231 3004 2378 3060 aliud
2406 3001 2614 3065 maiore
2635 2998 2765 3053 mihi
2796 3009 3033 3050 maerore
3061 2991 3411 3064 gemendum,

2107 3094 2265 3162 Quod
2293 3108 2418 3148 cum
2447 3091 2551 3144 vita
2579 3086 2676 3142 tibi
2703 3085 2884 3156 potior
2913 3083 2982 3138 sit
3010 3082 3135 3154 lege
3186 3077 3419 3149 Lycurgi

396 3168 817 3228 Marcuvardum
839 3165 1081 3219 Cotanen
1099 3158 1326 3229 dignum
1345 3168 1542 3226 precor
1557 3147 1742 3206 omnia
1771 3148 2001 3201 Bertum
2031 3182 2083 3248 α
2287 3147 2344 3235 ἰὴ
2386 3186 2612 3248 accepto
2650 3147 2881 3230 re‘cubes
2910 3186 3019 3227 non
3065 3147 3328 3240 Brodi‘gus
3355 3177 3490 3221 num

462 3259 621 3314 Dona
649 3253 839 3309 salutis
870 3266 975 3321 ego
1006 3246 1233 3302 Strabus
1292 3241 1501 3296 habere
1533 3238 1645 3293 diu.

397 3349 517 3403 Jam
549 3343 765 3398 valeant
798 3336 979 3394 cuncti
1007 3333 1224 3398 fratres,
1271 3328 1453 3386 valeat
1480 3328 1656 3381 bonus
1685 3323 1858 3388 Abba,

467 3429 728 3487 Servulus
755 3429 859 3482 hoc
882 3431 1084 3490 vester,
1119 3436 1214 3476 oro
1263 3415 1496 3490 pusillus
1527 3413 1688 3469 enim.

397 3520 478 3577 Tu
507 3533 716 3574 memor
746 3523 862 3572 esto
891 3513 999 3568 mei
1050 3509 1254 3566 sanctis
1282 3504 1628 3562 sermonibus
1658 3501 1867 3573 Altger,

473 3607 701 3664 Strabus
727 3605 927 3676 ubique
957 3600 1032 3657 tui
1063 3607 1147 3656 est
1176 3611 1388 3654 memor
1417 3595 1474 3649 in
1501 3591 1752 3648 Domino.

490 3749 549 3789 1N
580 3745 831 3787 PERSONA
862 3739 1144 3784 CUJUSDAI
1170 3734 1424 3779 κοΝΑοΗι
1453 3732 1525 3773 AD
1555 3729 1808 3772 ΑΒΒᾹΤΕΜ
1837 3727 2003 3768 SCUM.

402 3857 630 3929 Suscipe
660 3857 958 3912 clementer
987 3863 1214 3923 paucos,
1245 3854 1400 3920 pater
1429 3841 1662 3914 optime,
1697 3853 1906 3903 versus,

474 3945 702 4016 Suscipe
730 3951 856 3998 vota
884 3954 1129 4012 percum,
1179 3933 1436 4005 conspice
1467 3935 1721 3986 mmstum
1747 3925 2004 3982 animum.

402 4034 508 4104 Qui
528 4033 680 4106 geris
711 4046 840 4088 ecce
867 4029 1044 4083 vicem
1093 4023 1289 4080 Christi
1314 4020 1511 4093 pietate
1557 4016 1840 4089 magistra,

473 4124 549 4178 Te
577 4120 744 4177 credo
775 4133 900 4175 esse
938 4115 1086 4187 pium
1133 4113 1201 4168 de
1232 4112 1433 4182 pietate
1461 4106 1583 4162 Dei.

398 4212 692 4282 Nunquam
719 4222 811 4262 me
842 4203 1035 4259 similis
1067 4199 1278 4269 stravit,
1328 4196 1608 4269 tetigitque
1638 4191 1898 4264 procella,

475 4299 640 4366 Cujus
669 4295 738 4351 ad
767 4294 1046 4350 incursum
1077 4299 1181 4344 tam
1215 4287 1322 4343 cito
1344 4284 1651 4340 deficerem.

405 4388 579 4457 Quam
605 4400 693 4440 me
725 4389 908 4438 vestra
939 4378 1113 4451 quatit
1158 4375 1296 4431 fictis
1328 4371 1565 4442 suspicio
1595 4369 1780 4434 rebus,

474 4474 596 4545 Qua
625 4472 794 4527 miser
813 4477 872 4524 ut
899 4450 1085 4530 timeo,
1119 4481 1220 4520 nec
1252 4462 1382 4533 fuga
1421 4459 1604 4514 nantis
1632 4457 1756 4512 erit.
1806 4450 1807 4453 “

405 4564 462 4620 Si
490 4570 672 4617 tamen
701 4559 770 4614 ad
789 4564 1010 4613 ventum
1041 4552 1283 4608 licuisset
1320 4549 1536 4605 ﬂectere
1566 4558 1795 4601 remum.

479 4651 684 4706 Securo
710 4646 1006 4703 eximerem
1035 4647 1256 4713 pectore
1285 4653 1373 4693 me
1403 4635 1620 4708 pelago.

404 4739 575 4812 quue
602 4750 740 4809 rogo
769 4748 978 4790 summe
1010 4729 1257 4803 rogitans
1305 4741 1402 4799 per
1433 4722 1656 4778 numina
1686 4717 1885 4774 summi

475 4828 597 4883 1am
626 4841 713 4880 me
742 4819 1011 4886 mundari,
1059 4817 1144 4873 vel
1177 4824 1363 4889 patere
1396 4828 1520 4868 esse
1549 4826 1724 4866 reum.

409 4916 591 4970 Mitius
622 4911 819 4985 expelli
851 4910 1044 4965 ferrem
1072 4906 1141 4960 de
1173 4910 1315 4960 sorte
1348 4916 1617 4964 meorum,

480 5006 620 5058 Iram
649 5017 815 5074 quam
841 5006 1082 5054 vestram
1115 4996 1216 5048 hoc
1251 4989 1518 5046 meruisse
1550 4986 1736 5041 modo.

410 5093 496 5148 Da
524 5091 735 5147 veniam
765 5088 944 5153 dictis,
979 5083 1138 5142 solito
1186 5078 1490 5155 potioribus
1521 5075 1660 5138 istis,

485 5179 627 5233 Ecce
657 5190 883 5231 necesse
919 5173 1052 5229 mihi
1079 5173 1176 5238 sic,
1231 5176 1386 5242 pater
1417 5165 1577 5232 alme,
1614 5160 1728 5216 fuit.

556 5324 945 5365 GOTESCALCl-IO
995 5319 1286 5370 MONACHO,
1320 5315 1416 5364 QUI
1445 5313 1515 5353 ΕΤ
1545 5306 1904 5352 πυιοελτιυε.

414 5419 586 5476 Velox
609 5415 852 5487 Calliope
873 5413 1016 5469 viam
1045 5411 1350 5483 frequenta,

417 5510 538 5580 Qua
576 5503 873 5578 fulgentius
905 5540 930 5566 ει
956 5500 1226 5556 invenitur
1251 5542 1263 5564 ,
1297 5497 1449 5551 illum

518 5689 536 5713 ⁸
556 5681 791 5738 Sequitur
815 5686 1005 5724 morem
1036 5673 1172 5719 illius
1193 5669 1379 5721 saeculi,
1405 5676 1506 5723 quo
1527 5665 1732 5710 nomina
1771 5670 1948 5716 regum
1971 5661 2020 5705 et

420 5732 649 5798 virorum
671 5750 934 5796 doctorum
953 5743 1295 5792 mutabantur.
1318 5735 1613 5789 Fulgentius
1637 5732 1900 5779 dicebatur
1923 5732 2018 5777 Go-

2103 3269 2574 3337 Commissumque
2601 3269 2853 3335 premant
2880 3258 3095 3314 sudaria
3125 3269 3263 3310 nexa
3291 3253 3573 3318 talentum,

2103 3363 2170 3415 At
2199 3359 2291 3429 qui
2316 3358 2370 3410 in
2399 3353 2660 3427 pauperie
2704 3365 2864 3423 passa
2907 3354 2990 3404 est
3016 3361 3177 3419 quam
3205 3351 3391 3398 nostra
3413 3341 3584 3411 juven

2103 3449 2226 3502 Non
2255 3445 2417 3500 talem
2447 3451 2496 3498 te
2527 3443 2690 3497 chare
2720 3437 2907 3503 habui,
2937 3436 3118 3492 minus
3138 3448 3277 3504 aque
3295 3429 3601 3501 benignum

2103 3536 2370 3607 Expertus
2397 3548 2507 3587 non
2537 3545 2678 3596 sum,
2710 3527 2886 3583 fuerat
2915 3540 3076 3598 quam
3117 3538 3245 3579 cura
3272 3526 3548 3593 petentum

2027 3679 2034 3682 _
2107 3605 2212 3678 Cur
2242 3621 2405 3678 modo
2449 3619 2649 3675 diutius
2676 3615 2907 3672 mordax
2951 3619 3180 3668 testetur
3210 3610 3267 3665 in
3298 3605 3498 3679 amplis

2107 3713 2268 3767 Fama
2296 3720 2445 3766 tuam
2473 3707 2644 3764 miror
2691 3704 2872 3762 celare
2916 3699 3131 3775 peculia
3161 3699 3424 3760 dextram,

2107 3800 2240 3869 Quae
2270 3807 2424 3871 pater
2453 3795 2634 3852 usuris
2663 3794 2908 3851 clemens
2937 3786 3190 3864 augenda
3221 3785 3460 3857 reliquit,

2108 3889 2200 3944 Sol
2230 3888 2417 3943 radios
2445 3901 2550 3941 nec
2578 3884 2708 3939 luna
2738 3896 2870 3936 suos
2918 3893 3060 3934 sacco
3089 3875 3293 3932 invidet
3322 3871 3463 3929 orbi.

2108 3978 2292 4032 Imber
2320 3976 2375 4032 in
2405 3990 2538 4030 arva
2565 3970 2710 4028 cadit
2741 3970 3003 4038 subjecta,
3038 3965 3322 4036 ﬂuuntque
3351 3959 3598 4017 volentes

2109 4067 2261 4121 Moro
2292 4080 2389 4119 suo
2417 4061 2585 4127 fluvii,
2619 4068 2832 4131 partum
2863 4056 3022 4111 trahit
3050 4069 3182 4108 aera
3213 4050 3466 4115 mundus,

2112 4153 2374 4209 Gramina
2405 4149 2509 4206 fert
2537 4148 2719 4214 tellus,
2753 4145 2896 4202 foliis
2926 4152 2978 4200 et
3026 4141 3288 4198 fructibus
3322 4137 3486 4193 arbor

2112 4243 2313 4313 Sponte
2343 4238 2650 4301 revestitur,
2681 4234 2766 4291 lac
2794 4242 2979 4290 manat
3007 4232 3076 4286 ab
3108 4229 3274 4285 ubere
3306 4234 3562 4290 matrum,

2113 4333 2235 4402 Ipse
2265 4330 2412 4383 Deus
2441 4327 2558 4381 sine
2590 4324 2684 4381 dat
2713 4323 2921 4379 cunctis
2948 4318 3266 4375 discrimine
3296 4315 3496 4380 lucem,

2110 4410 2179 4474 Et
2205 4417 2436 4490 pluvias,
2468 4413 2761 4487 operisque
2793 4412 2876 4465 sui
2900 4410 3054 4478 jubet
3082 4409 3159 4463 ire
3191 4419 3477 4476 sequaces.

2032 4542 2084 4601 D
2115 4506 2251 4575 Quis
2277 4503 2409 4561 mihi
2452 4502 2718 4576 persuasit
2760 4515 2918 4555 sacra
2947 4512 3172 4554 munera
3200 4495 3367 4550 corde
3397 4490 3578 4548 tenaci

2116 4605 2433 4668 Obstruere,
2464 4598 2668 4655 auctori
2697 4597 2802 4652 nisi
2834 4597 2925 4668 qui
2953 4592 3225 4651 contraria
3255 4590 3464 4646 sentit?

2117 4702 2261 4771 Quin
2291 4699 2470 4772 potius
2499 4695 2704 4752 monuit
2731 4693 2901 4748 sancti
2932 4690 3080 4764 quod
3114 4689 3318 4761 pagina
3347 4686 3516 4755 Pauli,

2119 4801 2430 4862 Servemus,
2460 4795 2601 4850 bona
2643 4809 2763 4866 qum
2793 4790 3038 4855 subsunt,
3086 4801 3375 4859 operemur
3405 4783 3474 4838 ad
3502 4799 3723 4847 omnes,

2118 4897 2227 4954 Sed
2253 4894 2432 4967 magis
2458 4892 2512 4947 in
2544 4895 2783 4956 sanctos,
2815 4903 2953 4960 quos
2982 4887 3089 4942 vita
3110 4882 3409 4940 domestica
3429 4881 3618 4935 nutrit.

2117 4996 2266 5064 Ergo
2295 4999 2450 5062 pater
2479 4988 2753 5059 fraterque
2781 5001 2918 5041 meae
2945 4999 3071 5056 pars
3099 4980 3255 5037 unica
3305 4979 3504 5034 mentis

2115 5089 2400 5146 Noluerim
2426 5103 2547 5144 mea
2575 5087 2722 5141 dicta
2746 5091 2906 5156 putes
2931 5083 3178 5138 lacerare
3208 5077 3444 5134 volentis

2118 5190 2227 5248 Sed
2253 5197 2342 5244 tua
2369 5186 2605 5244 nolentis
2633 5183 2862 5239 reticere
2897 5179 3162 5252 pericula,
3185 5176 3231 5230 si
3263 5174 3394 5247 quid

2118 5290 2270 5344 Mens
2298 5301 2421 5341 mea
2448 5283 2567 5347 scit,
2597 5279 2905 5354 poteritque
2951 5276 3114 5332 fidem
3158 5288 3376 5330 servare
3405 5270 3573 5336 ﬁdeli,

2115 5385 2239 5439 Non
2268 5382 2365 5437 tibi
2392 5381 2512 5436 talis
2540 5393 2656 5446 ero,
2689 5377 2903 5450 qualem
2945 5374 3239 5429 meminere
3270 5367 3577 5440 Philippum

2119 5480 2333 5536 Fraude
2361 5479 2417 5534 in
2443 5477 2692 5533 amicitiae
2721 5489 2820 5548 per
2845 5472 3027 5545 prisca
3056 5469 3330 5526 volumina
3382 5464 3524 5531 fasti,

2119 5657 2413 5718 tescalcbus.
2444 5663 2504 5700 eo
2527 5652 2662 5710 quod
2690 5661 2804 5698 cum
2829 5649 2915 5695 illo
2936 5647 2998 5693 de
3023 5645 3149 5702 grati
3187 5646 3234 5688 et
3264 5639 3721 5699 praedestinationo

2119 5710 2345 5767 sentiret.
2377 5710 2524 5752 Bxsn.
