3996 6184
277 337 298 385 l
313 338 333 389 ί
350 334 417 388 l7
1568 324 1855 382 ΡΟΕΜΑΤ

2003 323 2054 378 ηε
2091 323 2435 380 orvaasrs.
3231 313 3237 319 ’
3445 333 3581 386 tua

277 457 367 512 Sis
397 454 532 510 mihi
568 467 735 526 quam
761 453 941 509 merui
968 452 1134 525 longe
1160 466 1298 525 rogo
1327 450 1504 521 major
1528 449 1759 506 amicus.
1913 447 2175 510 ADonec
2205 456 2389 504 nostra
2415 447 2554 504 ﬁdes
2581 448 2835 505 meritum
2864 458 3179 506 macrescat.
3205 449 3264 505 in
3292 450 3511 508 ahnum.

284 546 537 614 Quantus
567 559 690 598 sum
717 542 831 610 tibi,
865 549 1045 597 tantus
1071 556 1189 606 ero,
1222 537 1467 597 rescribe
1495 555 1596 611 per
1625 539 1808 604 istum,
1983 537 2140 591 Plura
2169 554 2291 609 quae
2320 537 2548 594 facimus
2576 538 2736 594 nobis
2765 537 2966 594 delicta
2992 539 3231 606 remitte,

287 634 442 688 Pacis
473 639 772 688 amatorem
800 638 1022 695 nostra},
1055 628 1330 701 fidumque
1356 637 1719 701 sequestrum,
1984 626 2053 682 Ut
2080 626 2296 681 veniam
2324 626 2515 683 dantes
2543 625 2789 684 laxemus
2815 627 2998 683 debita
3027 626 3278 695 fratrum,

284 724 502 793 Proque
533 728 758 793 rogante
788 734 910 785 ora,
941 735 1010 774 ne
1040 718 1255 773 turbine
1284 726 1477 789 raptus
1504 717 1691 789 iniquo
1980 716 2248 770 Naturam
2277 723 2520 771 nostram
2551 716 2695 773 mala
2722 732 2833 771 non
2859 716 3083 772 tentatio
3114 714 3355 790 frangat,

284 811 409 867 Non
437 808 755 865 meminisse
782 808 860 862 tui
890 814 1071 879 queat,
1103 805 1230 862 hinc
1255 806 1313 862 in
1341 806 1508 862 satela
1535 805 1739 863 valeto.
1980 803 2104 859 Non
2136 812 2377 875 superet,
2405 804 2635 877 laqueos
2665 821 2735 860 ne
2763 805 2991 861 inducas
3018 805 3193 861 hostis
3222 804 3393 879 iniqui
3426 824 3439 861 :

1980 892 2135 965 Ergo
2162 892 2290 948 mali
2316 893 2531 965 magnis
2559 902 2616 950 tu
2647 909 2748 949 nos
2775 892 3009 950 defende
3037 894 3275 966 periclis,

562 948 634 988 DE
1186 944 1260 986 AD
1980 921 2135 965 DIEU
2162 921 2290 948 ιιωιι
2316 921 2531 965 Ιυῧδωδ
2559 921 2616 950 ιιι
2647 921 2748 949 ιιυδ
2775 921 3009 950 υυιυυυυ
3037 921 3275 966 νυηυιιδ,

1982 982 2052 1036 Ut
2076 997 2380 1039 mereamur
2410 982 2549 1038 inire
2580 982 2653 1038 tui
2685 982 2791 1039 alta
2817 982 2890 1037 ad
2918 983 3148 1055 praemia
3176 983 3350 1056 regni.

282 1053 404 1145 No}
432 1057 552 1145 erat
579 1057 632 1105 et
663 1046 1101 1145 maanialtsmis
1129 1045 1469 1145 Pe"_°1ifnf“3
1500 1045 1623 1104 οσειί
1984 1069 2095 1124 Ista
2124 1070 2365 1142 quidem,
2398 1070 2589 1137 lector,
2622 1071 2714 1143 qui
2745 1071 2874 1141 sim,
2902 1045 3200 1144 cognosce,
3229 1045 3467 1145 loquela.

356 1135 582 1207 Ignibus
610 1141 879 1190 auxerunt
907 1142 1057 1189 astra
1086 1141 1297 1188 remota
1316 1132 1516 1203 jubar;
1942 1204 1947 1209 η

285 1223 568 1280 Pollacbnr
591 1221 830 1277 infusum
864 1221 1081 1277 Lethaeo
1110 1237 1336 1276 munere
1367 1235 1617 1277 somnum
2690 1228 2876 1270 ALIUD.

352 1311 565 1367 Emotis
594 1309 758 1375 curis,
792 1308 969 1366 noctis
999 1309 1219 1364 amabat
1248 1326 1402 1380 opes.

283 1400 421 1457 Cum
452 1399 630 1455 subito
660 1398 913 1454 tenebras
944 1396 1081 1453 fama
1113 1406 1195 1452 est
1222 1397 1374 1453 Jovis
1402 1396 1646 1470 armiger
1676 1395 1812 1451 altas

356 1487 673 1556 Decutiens,
706 1486 881 1543 oculis
911 1488 1060 1541 visus
1092 1487 1289 1542 adesse
1321 1485 1444 1542 viri.

281 1578 482 1649 Perge,
513 1576 606 1643 ait,
640 1584 693 1631 et
722 1585 885 1631 terra:
914 1575 1143 1630 nebulas
1181 1573 1506 1629 transcende
1534 1581 1841 1645 prementes
1866 1592 1881 1639 ;

353 1667 562 1721 Ducam
590 1664 811 1729 etenim,
844 1680 953 1736 quo
985 1671 1036 1719 te
1063 1664 1288 1735 praemia
1315 1678 1515 1736 magna
1545 1669 1781 1728 manent,

282 1754 460 1809 Laetus
483 1751 552 1807 ad
581 1752 697 1808 haec
724 1760 907 1824 grates
932 1752 1173 1807 cernenti
1204 1759 1400 1807 cuncta
1429 1749 1575 1823 quod
1606 1765 1811 1823 regram

351 1841 597 1911 Quaesitu
629 1839 795 1911 longo
822 1839 933 1895 vult
967 1841 1160 1895 satiare
1188 1839 1446 1894 animam.

284 1930 418 1986 Ales
447 1925 517 1985 ad
546 1926 651 1984 alta
681 1928 842 1994 volat,
875 1928 1231 2001 timidumque
1257 1945 1359 2000 per
1388 1941 1519 1983 aera
1546 1934 1749 2000 portat,

358 2018 548 2073 Donec
574 2025 845 2074 terrorem
871 2016 1059 2088 purior
1086 2016 1257 2073 aethra
1283 2015 1449 2072 dedit.

1982 1338 2273 1408 Hartperto
2300 1338 2482 1409 superi
2515 1347 2669 1409 septo
2701 1338 3007 1395 diademate
3036 1338 3194 1413 regni

1984 1426 2251 1481 Virtutum
2280 1427 2446 1482 vitam
2478 1428 2742 1500 gradibus
2773 1429 2865 1500 qui
2893 1428 3112 1484 scandis
3140 1429 3444 1493 honestam,

1984 1514 2213 1570 Servitio
2244 1515 2461 1570 Domini
2490 1531 2769 1588 nunquam
2799 1517 3099 1573 marcescis
3127 1518 3182 1572 in
3212 1518 3362 1573 omni

1983 1603 2211 1659 Pectore
2244 1604 2348 1658 sub
2378 1602 2487 1659 fido
2518 1604 2748 1660 devotus
2777 1605 3006 1671 nuntiat,
3038 1607 3106 1662 N.

1984 1690 2184 1746 Omnia
2213 1707 2336 1763 qua;
2363 1691 2481 1747 ﬁeri
2510 1702 2740 1764 possunt
2768 1693 3132 1750 famulaminis
3162 1694 3279 1761 ulli,

1912 1812 1966 1872 Β
1985 1779 2119 1872 gum
2144 1780 2400 1850 precibus
2428 1780 2743 1872 ﬁdissimul
2770 1782 2957 1872 omnia
2986 1791 3096 1838 tota
3125 1782 3332 1851 salutis,

1985 1868 2331 1939 Responsum
2359 1869 2526 1924 vestri
2550 1870 2772 1939 jamjam
2805 1871 3022 1926 venisse
3049 1872 3250 1943 cupivi,

1986 1956 2118 2013 Tale
2146 1958 2290 2029 quod
2319 1972 2385 2012 ex
2419 1957 2576 2012 vobis
2605 1957 2811 2013 referat
2841 1959 3114 2015 solamina
3139 1960 3317 2016 nobis.

1043 2046 1058 2116 ξ
1086 2046 1469 2120 ωιιιιήαὶυυξιιιτ,
1987 2046 2099 2100 Vos
2129 2060 2235 2116 ego
2263 2058 2363 2101 vos
2392 2061 2522 2102 vere
2550 2046 2742 2101 dubito
2772 2047 2865 2119 qui
2893 2046 3034 2103 velle
3064 2047 3300 2120 replere,

284 2105 543 2162 Daedalus
571 2103 661 2161 ille
690 2122 885 2175 novus,
918 2107 1114 2177 partim
1145 2105 1407 2161 suadente
1435 2105 1629 2160 timore
1987 2103 2226 2188 Auﬁbas
2251 2142 2312 2188 ut
2340 2134 2511 2189 vesm
2540 2134 2730 2190 dixere
2756 2103 3030 2191 “Lumina
3057 2103 3255 2199 mium

357 2194 1018 2298 Pfﬁthn‘PmPYPPeTm:
1226 2193 1347 2298 ter-il
1376 2193 1563 2298 horret
1590 2193 1713 2249 ίίθτ·
1774 2290 1783 2298 _
1987 2222 2086 2277 Vel
2117 2222 2314 2277 melius
2343 2221 2464 2288 fari,
2497 2222 2585 2278 vel
2617 2239 2845 2294 prorsus
2869 2238 3040 2295 posco
3068 2193 3285 2298 negari,

285 2281 746 2382 SOFd‘IE‘ESl‘iS‘ES’
763 2281 956 2381 ίηίᾷυίίν
973 2281 1581 2382 (ΙΡίείυτεῩηίπῖεῗτξιδνθ
1598 2290 1884 2353 ενδινθιυπι
1987 2310 2179 2365 Cordis
2205 2318 2264 2365 ut
2292 2281 2535 2382 ambigui
2565 2281 2671 2367 cito
2696 2281 2912 2382 possint
2937 2281 3343 2369 v'inculacsolvi.

359 2366 853 2443 Lucida'stelligeri
882 2387 969 2425 me
998 2370 1133 2426 feret
1161 2370 1285 2425 aula
1311 2369 1469 2442 poli?

1988 2399 2136 2454 Sicut
2165 2399 2365 2472 gaudet
2392 2366 2509 2453 avis
2537 2366 2791 2455 laetantur
2819 2366 3057 2472 garrula.
3069 2366 3258 2467 ramis,

284 2460 429 2529 Quin
458 2466 640 2532 patere
670 2467 925 2514 excurrat
954 2460 1174 2560 distenti
1204 2460 1414 2560 egeistio
1443 2460 1668 2557 ventris,
1986 2460 2228 2558 δοφοᾶ
2256 2487 2337 2543 sic
2366 2495 2552 2544 “suo
2577 2460 2896 2560 gmmab‘ar
2923 2490 3129 2560 sospite
3158 2460 3297 2557 viss,

354 2549 523 2647 Τθῗτθ
553 2564 707 2604 suum
740 2557 918 2649 δξπνθί
943 2547 1177 2646 Ρῖππίυδ»
1209 2547 1372 2649 δῖζίδο
1400 2544 1557 2649 leVisj
1656 2644 1664 2649 _
1986 2544 2115 2632 Haec
2141 2591 2281 2649 rogo
2308 2591 2476 2631 verus
2504 2544 2681 2643 arnor,
2705 2577 2903 2649 jungat
2930 2544 3042 2633 non
3069 2544 3485 2635 dividat'error.

286 2635 638 2709 Unguirapus
666 2645 896 2692 ventura
927 2636 1106 2690 sciens
1136 2632 1369 2691 caudam
1399 2651 1497 2692 ore
1525 2644 1707 2691 teneto

359 2724 523 2791 Dixit,
555 2731 610 2779 et
638 2741 881 2798 expurga
912 2723 1115 2789 fmtida,
1150 2740 1380 2797 quaeque
1409 2723 1577 2781 celer.
2254 2740 2483 2780 marmor
2514 2742 2656 2781 uror.
2683 2742 2783 2781 ron
2814 2743 2988 2782 .apxox
3017 2744 3117 2782 rex
3146 2742 3369 2783 amens.

284 2814 423 2867 Tum
452 2827 584 2867 vero
612 2820 668 2867 ut
695 2813 921 2883 longum
950 2812 1184 2867 mundus
1214 2812 1428 2868 duraret
1457 2812 1513 2867 in
1542 2828 1737 2873 mvum,

359 2900 457 2955 llia
483 2915 585 2971 pro
617 2899 740 2956 totis
767 2900 979 2956 nisibus
1009 2909 1261 2957 evacuat.

284 2988 385 3044 llic
415 2986 618 3059 aquila,
652 2988 950 3044 absurdum
980 2998 1083 3055 est,
1118 2989 1315 3044 divinis
1342 2989 1586 3062 sedibus,
1617 2989 1805 3063 inquit,

358 3077 629 3145 Inserere,
660 3085 920 3150 aspergat
951 3077 1044 3149 qui
1075 3077 1197 3133 loca
1227 3077 1376 3133 celsa
1406 3078 1514 3134 lue.

284 3166 439 3237 Ergo
469 3165 588 3221 redi
618 3172 672 3220 et
702 3165 847 3220 strati
879 3166 1070 3220 sordes
1099 3163 1318 3221 intende
1346 3165 1593 3238 relapsus

357 3255 474 3310 Nec
503 3268 695 3307 rursus
724 3270 916 3325 speres
948 3253 1203 3309 sordibus
1233 3262 1379 3308 astra
1408 3253 1581 3327 sequi.

283 3342 568 3415 Evigilans
598 3341 860 3414 quidquid
890 3358 1091 3414 supero
1120 3342 1225 3397 sibi
1258 3342 1408 3397 visus
1436 3343 1503 3397 ab
1532 3359 1631 3398 axe

360 3431 630 3499 Fundere,
664 3447 764 3502 per
792 3431 990 3487 lectum
1019 3431 1261 3504 repperit
1292 3430 1373 3487 ire
1403 3449 1580 3488 suum.

287 3519 397 3574 Pro
426 3520 606 3591 pudor
634 3527 798 3594 atque
827 3518 999 3587 nefas,
1032 3520 1164 3575 visis
1193 3520 1459 3591 deceptus
1486 3520 1705 3594 iniquis.

1986 2859 2126 2914 Patri
2154 2859 2352 2916 dilecto
2381 2861 2639 2917 virtutum
2670 2862 2803 2919 ﬂore
2834 2878 3029 2920 sereno

2055 2948 2320 3020 Mathytes
2344 2964 2372 3001 δ
2400 2949 2543 3005 ﬁdus
2572 2959 2722 3023 optat
2748 2951 2951 3024 ubique
2983 2952 3170 3009 decus.
3246 2952 3257 2957 “

1985 3035 2042 3091 Si
2069 3036 2202 3091 mihi
2231 3034 2466 3094 millenis
2495 3037 2728 3096 ﬂuerent
2757 3040 3122 3098 modulamina
3148 3040 3385 3112 bombis,

2057 3125 2183 3181 Non
2209 3134 2435 3198 possent
2460 3127 2591 3182 tanti
2620 3127 2791 3201 digna
2819 3145 3012 3186 sonare
3042 3128 3139 3186 tibi

1989 3211 2164 3282 Quem
2192 3223 2369 3270 tamen
2398 3222 2457 3270 ut
2485 3224 2677 3287 potero
2707 3216 2905 3273 devoto
2930 3225 3157 3289 pectore
3185 3216 3369 3284 laudo,

2059 3302 2412 3357 Laudandum
2439 3304 2635 3360 merito
2665 3305 2997 3362 vociferante
3028 3321 3188 3363 sono.

1988 3389 2063 3445 Te
2090 3405 2215 3445 cum
2246 3391 2583 3461 symphoniis
2614 3393 2962 3449 modulentur
2989 3393 3251 3466 lymmata
3278 3391 3464 3451 ternis.

2061 3478 2474 3550 Harmoniaeque
2504 3478 2672 3535 decus
2699 3490 2963 3536 consonet
2992 3498 3154 3539 omne
3182 3480 3297 3539 tibi.

1988 3568 2218 3622 Tessara
2248 3582 2371 3623 cum
2400 3567 2635 3623 modulis
2663 3568 2964 3624 conflentur
2990 3570 3046 3624 in
3078 3584 3287 3644 organa
3316 3569 3475 3627 trinis

2060 3657 2218 3713 Nunc
2247 3656 2345 3712 tibi
2373 3656 2701 3728 dyplasium,
2735 3672 2882 3715 nunc
2909 3657 3164 3729 diapente
3193 3667 3372 3715 sonet.

302 3732 425 3802 (Hic
455 3732 605 3804 apud
637 3732 949 3809 Canirium,
980 3738 1299 3807 sequuntur
1320 3733 1590 3791 tredecim
1603 3738 1889 3809 poemata,
1990 3743 2065 3799 Te
2093 3761 2191 3815 per
2218 3744 2577 3819 grandisonas
2606 3745 2789 3802 laudet
2820 3747 3132 3803 moderator
3160 3746 3478 3820 bydraulas,

360 3822 424 3876 in
441 3820 706 3877 honorem
723 3822 897 3878 beata:
915 3824 1102 3878 Mariae
1114 3827 1169 3878 et
1181 3823 1470 3879 duodecim
1483 3826 1887 3896 apostolorum.
2062 3832 2312 3889 Colchica
2341 3833 2601 3890 formetur
2628 3850 2696 3891 ex
2724 3835 3010 3891 adamante
3038 3835 3156 3893 tibi.

364 3910 439 3963 At
470 3909 584 3964 ista
612 3900 808 3965 sancto
839 3911 1126 3966 Aldhelmo
1148 3915 1285 3966 sunt
1304 3912 1652 3981 ascribenda,
1677 3916 1733 3968 et
1751 3930 1783 3969 a
1801 3929 1894 3970 no.
1992 3922 2230 3977 Laudent
2260 3923 2560 3980 concordes
2589 3931 2745 3980 sueto
2774 3932 2828 3980 te
2853 3940 3008 3981 more
3038 3940 3273 3992 sorores,

363 3996 446 4052 bis
475 4013 678 4053 recusa.
711 4002 945 4053 exstant
975 3999 1307 4072 Patrologia:
1329 4004 1476 4055 tomo
1504 4001 1765 4071 LXXXIX,
1782 4003 1887 4058 col.
2061 4010 2161 4065 Est.
2190 4026 2419 4084 quorum
2448 4027 2711 4068 numerus
2738 4012 2824 4068 bis
2853 4021 3045 4085 quater
3072 4022 3237 4087 atque
3266 4013 3458 4071 semel.

366 4085 537 4156 291.)
1347 4103 1355 4109 ‘
1992 4096 2126 4167 Quae
2154 4107 2391 4155 testante
2419 4101 2605 4171 mytlio
2634 4101 2925 4157 volitantes
2953 4102 3079 4157 alite
3106 4085 3275 4157 multo

837 4190 1042 4230 ixcwn'
1077 4189 1345 4233 rssucs.
2061 4187 2355 4244 Auricomo
2380 4188 2606 4245 comites
2636 4189 2920 4245 intonuere
2945 4190 3107 4261 polis.

290 4288 468 4357 Quam
499 4288 701 4344 bonum
733 4305 860 4346 ecce
891 4290 1047 4345 simul
1074 4290 1270 4346 fratres
1314 4290 1660 4348 concorditer
1700 4309 1868 4349 omne:

1700 4309 1891 4349 omnes
1990 4275 2191 4332 Usibus
2218 4292 2324 4331 una
2354 4276 2493 4333 meis
2524 4284 2725 4332 tantum
2754 4278 3078 4334 restabat'in
3106 4277 3246 4335 arvis

289 4378 388 4455 Est
416 4376 663 4432 habitare
692 4377 832 4449 pios,
866 4379 1059 4449 capitis
1088 4395 1189 4434 ceu
1220 4380 1424 4435 vertice
1455 4381 1745 4455 quondam,
2004 4448 2031 4455 _
2063 4363 2237 4433 Quam
2266 4366 2411 4455 νοκῑξ
2438 4382 2647 4455 cygnus
2676 4367 2861 4421 tardus
2889 4367 2965 4455 ad,
2986 4366 3130 4422 ίεῑυά
3158 4382 3315 4439 Opus-

288 4452 539 4536 Limpida
571 4448 793 4521 fomenti
824 4448 1054 4521 fundunt
1083 4469 1356 4523 velamina
1385 4448 1552 4540 pepli,
1734 4448 1739 4449 ί

1734 4448 1739 4449 ί
1912 4524 1960 4540 ἢ
1992 4448 2127 4521 Quae
2154 4469 2367 4509 mecum
2399 4452 2573 4509 luteas
2602 4454 3011 4510 interversando
3038 4455 3266 4527 paludes

287 4524 517 4625 Udaque
544 4554 753 4609 roritlui
780 4556 946 4611 veluti
976 4557 1257 4617 cacumina
1284 4524 1473 4626 collis;
1541 4524 1551 4535 I

1400 4524 1473 4626 is;
1541 4524 1551 4535 ’
1912 4524 1966 4582 Ῑ)
2063 4541 2275 4598 Edocet
2300 4542 2356 4598 in
2386 4541 2547 4597 laude
2573 4543 2837 4619 evigilare
2871 4551 2978 4598 tua.

288 4644 532 4697 Hermon
559 4650 613 4697 et
641 4643 792 4710 Sion,
824 4645 1147 4700 humescunt
1176 4644 1391 4703 roscida
1417 4662 1570 4717 rura,

1992 4628 2238 4702 Denique
2270 4628 2545 4687 veridicus
2574 4631 2757 4686 varios
2788 4630 3023 4705 felixque
3051 4632 3314 4700 misellus,

288 4731 410 4786 Illic
438 4739 705 4803 perpetuo
735 4733 1012 4803 pollebunt
1041 4751 1271 4807 munera
1299 4736 1488 4806 patris,
2002 4804 2031 4807 _
2065 4721 2277 4807 Amne?
2299 4718 2559 4807 εειτίνεμεί
2590 4719 2908 4790 PI'Odiderat
2937 4721 3166 4777 numeri-

288 4819 515 4892 Vitaque
542 4819 652 4875 fine
685 4829 843 4875 tenus
874 4822 1029 4877 durat
1056 4838 1157 4893 per
1188 4804 1384 4878 saecula
1416 4840 1626 4897 sospes.

1992 4804 2236 4876 Quorum
2260 4804 2371 4875 jam
2400 4806 2622 4878 reliquis
2654 4808 2886 4880 quadam
2915 4810 2985 4865 de
3014 4817 3164 4881 parte
3193 4809 3415 4865 remotis

2061 4893 2274 4949 Extima
2302 4910 2403 4950 nos
2436 4895 2556 4950 duri
2589 4895 2753 4952 atiicit
2783 4897 2929 4952 unda
2958 4898 3103 4953 vadi.

821 4963 1024 5003 οηΑτιο
1062 4964 1353 5060 commas.
1991 4983 2221 5056 Gurgite
2251 4999 2356 5056 quo
2385 4983 2621 5057 geminis
2652 4992 2861 5041 tantum
2891 4986 3219 5044 circumdata
3249 4984 3461 5060 cygnis

284 5060 643 5132 Omnipotens
674 5071 861 5119 auctor
890 5063 1012 5119 coeli
1045 5056 1300 5136 regnator
1331 5065 1385 5119 in
1414 5065 1553 5129 aula,
2058 5073 2259 5127 Nostra
2287 5056 2475 5127 Thalia
2507 5074 2681 5137 sedet,
2716 5072 3121 5147 frigoribusque
3152 5056 3315 5150 riget.

289 5149 665 5207 Sanctificetur
688 5153 898 5208 honore
928 5161 1073 5207 tuum
1105 5153 1377 5209 laudabile
1408 5170 1626 5220 nomen,
1989 5160 2237 5231 Denique
2262 5160 2581 5215 candidulas
2608 5161 2768 5235 nigro
2796 5162 2897 5216 sub
2926 5162 3141 5235 gurgite
3171 5149 3381 5235 pennas

288 5239 477 5311 Longe
506 5240 725 5310 repulso
758 5241 910 5296 hoste
943 5242 1033 5313 qui
1065 5258 1164 5296 nos
1193 5243 1366 5297 livore
1398 5242 1607 5315 fatigat,
2060 5247 2375 5304 Obsordere
2406 5249 2572 5315 dolet,
2607 5267 2729 5306 cum
2760 5250 2920 5305 dolor
2945 5252 3081 5307 alter
3107 5253 3279 5310 abest.

288 5327 348 5380 In
380 5327 647 5399 terrisque
678 5327 770 5383 tiat
799 5329 1001 5383 nostris
1032 5338 1125 5385 tua
1155 5330 1298 5386 clara
1328 5331 1598 5397 voluntas,
1987 5334 2083 5391 His
2113 5352 2277 5391 usura
2311 5332 2448 5393 foret
2478 5354 2601 5394 cum
2631 5338 2830 5393 flumen
2861 5339 3014 5396 lactis
3043 5341 3280 5407 adesset,

292 5415 384 5470 Sic
414 5417 724 5472 veneranda
752 5417 864 5488 poli
890 5418 1066 5490 qualis
1093 5419 1147 5473 in
1180 5419 1417 5474 culmine
1445 5427 1679 5476 constat.
2058 5425 2194 5480 Hinc
2224 5425 2362 5483 alios
2392 5426 2619 5482 comites
2649 5427 2883 5498 postulat
2915 5429 3069 5486 hicce
3097 5430 3221 5486 sibi.

291 5502 514 5560 Summe
543 5505 724 5580 Pater,
755 5505 913 5562 nobis
942 5522 1141 5577 panem
1172 5507 1412 5564 concede
1438 5507 1690 5563 diurnum
1986 5513 2272 5570 Cornicem
2300 5514 2538 5585 alpinam
2568 5515 2614 5570 si
2645 5516 2769 5588 quis
2798 5519 3126 5575 transmittat
3153 5518 3222 5574 ad
3252 5516 3400 5572 illam

340 5662 926 5733 :vlggqtgr‘tilp‘aliqua
946 5666 1163 5724 pagella;
1180 5678 1242 5716 ex
1264 5669 1375 5717 cod.
1410 5678 1501 5715 ms.
1541 5668 1741 5723 excisae,
1766 5676 1883 5713 nes-
2039 5673 2063 5709 δ
2083 5679 2282 5727 Μαθητής,
2302 5673 2603 5733 discipulus.

290 5718 374 5763 uio
399 5716 547 5775 cujus
566 5717 757 5766 fraude.
786 5716 901 5765 Clu.
