4024 6194
373 368 507 420 1119

449 484 865 547 Strimoniamve
894 504 1105 560 gruem,
1137 474 1368 544 munera
1395 497 1549 562 grata
1578 488 1744 543 dabit.

376 578 459 635 Illi
489 594 612 635 cum
639 577 878 647 crotalis,
912 577 1193 633 tinnitibus
1219 585 1379 650 atque
1409 578 1647 649 lyrarum

445 667 753 722 Threicium
785 682 1069 737 superans,
1103 666 1380 738 clangeret
1407 666 1524 737 ipsa
1552 681 1771 722 vacans.

374 756 596 811 Artibus
626 755 933 827 omnigenis
966 754 1194 809 rutilans
1224 769 1257 809 ο
1287 754 1506 810 nomine
1535 754 1712 811 dulcis

448 845 563 899 Hoc
588 859 755 914 opere
786 852 843 897 ut
870 843 1077 897 tibimet
1108 842 1337 899 obsecro
1367 843 1531 898 chare
1558 851 1734 898 vacet.

372 930 585 985 Nomen
613 945 847 1000 namque
877 936 1022 983 tuum
1055 927 1242 983 recolit
1269 928 1392 999 plus
1421 927 1675 983 omnibus
1704 943 1866 982 unum

444 1017 644 1073 Perdia
671 1018 815 1089 quod
844 1024 1131 1083 memorat,
1161 1025 1429 1087 nocteque
1458 1023 1832 1072 connumerat.

373 1109 623 1163 Attamen
654 1105 965 1160 indubitans
994 1106 1143 1160 istaec
1172 1114 1229 1159 ut
1259 1113 1313 1159 tu
1349 1105 1479 1159 mihi
1509 1105 1723 1159 credas.

442 1194 641 1266 Aspice
671 1211 791 1265 quae
822 1194 1035 1265 scripsit
1064 1194 1183 1265 ipsa
1213 1193 1475 1263 magistra
1507 1193 1618 1247 tibi.

724 1349 931 1388 VERSUS
968 1348 1186 1388 Tl-IALIE
1214 1350 1284 1388 AD
1313 1348 1562 1388 EU‘IIDEM.

368 1446 608 1517 Compar
636 1446 871 1501 amanda
902 1446 1042 1509 vale,
1076 1446 1245 1501 nostri
1277 1446 1446 1501 decus
1473 1445 1671 1515 inclyte
1703 1443 1875 1507 salve,

370 1533 543 1604 Quem
574 1535 731 1590 nobis
760 1543 944 1605 aptum
976 1534 1104 1590 facit
1132 1534 1467 1605 experientia
1498 1549 1702 1598 rerum,

366 1622 591 1678 Artibus
619 1623 675 1677 in
704 1622 903 1678 nostris
937 1623 1029 1695 qui
1056 1638 1166 1678 non
1196 1622 1497 1695 mquandus
1528 1621 1765 1677 haberis.

365 1712 615 1782 Namque
645 1720 798 1765 tuum
839 1727 1036 1767 nomen
1080 1711 1210 1766 mihi
1239 1727 1457 1782 semper
1488 1709 1718 1765 amabile
1753 1708 1956 1775 lumen,

364 1800 564 1854 Noctes
594 1807 757 1871 atque
786 1800 903 1854 dies
931 1816 1144 1855 mecum
1176 1800 1479 1855 versabitur
1506 1816 1698 1854 omnes

365 1886 521 1956 Quod
551 1887 828 1958 stringens
856 1888 1095 1942 numeris
1122 1888 1359 1943 cmlestis
1402 1888 1472 1942 ad
1504 1887 1676 1943 instar
1718 1886 1958 1951 honoris,

367 1976 647 2045 Compono
675 1975 838 2029 certis
866 1974 1222 2029 manifestans
1251 1976 1473 2045 cognita
1503 1976 1787 2046 rhythmis,

369 2061 534 2131 Cujus
566 2060 717 2116 frons
746 2062 944 2132 quinis,
977 2062 1269 2134 deciesque
1299 2063 1581 2134 recognita
1611 2064 1789 2135 quinis

368 2149 470 2204 Dat
499 2149 655 2205 lateri
685 2149 908 2204 triadem
937 2150 1203 2205 decadem
1233 2159 1313 2205 ter
1340 2150 1574 2222 denique
1605 2151 1778 2223 signa.

367 2238 613 2310 Denique
639 2238 725 2292 bis
757 2237 897 2292 binis
927 2237 1048 2309 ipso
1081 2238 1151 2293 de
1176 2238 1399 2302 nomine
1431 2239 1660 2310 sumptis

362 2325 637 2382 Litterulis
667 2326 935 2398 quadrum
963 2325 1123 2399 signo
1153 2343 1254 2398 per
1282 2327 1498 2383 climata
1528 2327 1788 2383 mundum

358 2415 482 2470 Mox
512 2415 737 2470 totidem
768 2415 993 2486 reliquis
1022 2415 1202 2471 ductis
1230 2415 1427 2472 exinde
1457 2415 1741 2472 elementis

359 2501 628 2571 Quattuor
656 2503 712 2556 in
740 2502 1000 2557 mundum
1030 2513 1354 2574 spargentes
1382 2504 1639 2574 dogmata
1665 2506 1847 2571 latum,

359 2590 651 2662 Signantur
676 2606 958 2661 proceres,
993 2591 1193 2646 Christi
1223 2592 1546 2647 documenta
1578 2601 1847 2658 notantes,

359 2681 425 2734 At
454 2688 508 2734 tu
539 2679 584 2733 si
614 2687 808 2735 cautus
840 2680 957 2735 haec
987 2679 1112 2733 bina
1144 2680 1521 2753 quadrangula
1548 2683 1750 2747 cernis,

358 2767 445 2823 Bis
475 2776 689 2824 centum
721 2784 979 2823 numeros
1009 2768 1237 2837 adjectis
1266 2768 1504 2841 quinque
1533 2771 1745 2825 notabis

360 2855 509 2926 Quos
536 2873 637 2928 per
670 2865 927 2928 septenos
958 2856 1153 2912 sollers
1183 2857 1231 2912 si
1255 2857 1455 2913 dividis
1483 2859 1645 2913 orbes
1677 2876 1690 2915 :

357 2944 492 3001 Sunt
518 2946 626 3001 duo
653 2962 774 3017 quae
802 2954 1006 3001 restant
1034 2945 1309 3019 geminam
1340 2947 1612 3020 signantia
1641 2964 1854 3019 pacem,

358 3033 547 3105 Eptas,
582 3049 710 3090 nam
741 3034 966 3090 totidem
994 3034 1247 3107 designat
1277 3035 1418 3089 dona
1448 3052 1703 3106 superna,

359 3122 467 3177 Sed
496 3123 542 3177 si
570 3131 939 3194 pentagonum
968 3123 1144 3177 cernis
1173 3139 1275 3192 per
1304 3130 1611 3191 grammata
1639 3124 1871 3193 primum

356 3204 606 3274 Quodam
638 3221 761 3260 cum
792 3205 1073 3275 plithongo
1104 3214 1321 3260 resonat
1351 3220 1450 3260 ceu
1480 3206 1697 3260 nuntius
1726 3207 1840 3271 alti,

353 3294 547 3349 Terna:
574 3293 827 3347 litterulae
860 3300 1067 3347 restant
1094 3293 1161 3347 de
1191 3294 1427 3348 nominis
1455 3309 1601 3361 arce,

356 3380 508 3449 Quas
536 3378 666 3435 ﬁdei
697 3388 897 3436 sancta:
928 3381 1195 3436 ternarius
1225 3379 1414 3437 offerat
1440 3382 1578 3453 ipse,

350 3467 551 3539 Aspice
578 3484 725 3523 nunc
753 3467 962 3524 clarum
997 3468 1165 3524 frater
1194 3485 1503 3542 nomenque
1534 3488 1808 3542 serenum,

352 3556 610 3613 Gaudeas
639 3572 762 3613 cum
790 3557 1023 3613 Domino
1054 3557 1200 3622 felix,
1234 3559 1516 3632 nostrique
1547 3569 1839 3618 memento.

595 3701 655 3740 IN
692 3700 939 3741 BASILICA
979 3701 1176 3742 SANC‘I'I
1214 3702 1376 3743 PETRI
1414 3703 1487 3743 ΕΤ
1522 3702 1704 3744 PAULI.

421 3792 518 3848 Hic
545 3793 738 3848 Petrus
768 3801 820 3848 et
857 3793 1074 3859 Paulus,
1123 3794 1369 3867 quadrati
1414 3794 1694 3850 luminaria
1735 3796 1943 3863 mundi,

350 3880 609 3936 Absidam
637 3881 858 3952 gemino
890 3889 1128 3936 tutantur
1154 3883 1376 3937 numine
1405 3882 1629 3948 lautam,

346 3970 575 4026 Necnon
605 3969 872 4033 Andreas,
906 3970 997 4042 qui
1028 3970 1301 4042 quondam
1331 3970 1525 4026 funera
1552 3971 1708 4027 lzetus

348 4054 547 4112 Passus
576 4065 631 4112 et
658 4057 713 4111 in
743 4057 984 4130 patibulo
1018 4069 1200 4113 sancta
1230 4074 1354 4114 cum
1385 4074 1547 4115 carne
1577 4060 1853 4131 pependit.

395 4220 415 4245 ⁸
446 4214 741 4261 ceadualla.
782 4215 918 4261 Obilt
961 4218 1127 4264 nomn
1180 4219 1293 4273 post
1332 4220 1593 4274 acceptum
1639 4218 1944 4275 baptismum

345 4293 481 4331 anno
518 4289 598 4332 689
634 4295 704 4331 xu
748 4286 855 4333 Ital.
882 4287 1057 4333 Malas.
1098 4289 1166 4333 De
1204 4297 1266 4332 eo
1304 4288 1420 4334 vide
1463 4288 1735 4342 Altordum.
1768 4292 1941 4338 Annal.

1072 365 1473 420 WALAFRIDI
1512 365 1754 421 STRABI
1794 365 1935 421 FUL]

2044 361 2205 420 “ON.
2247 362 2400 419 OPP.
2443 363 2619 419 PARS
2655 364 2748 418 ιιι.
2781 393 2851 404 -
2881 362 3214 419 CARMINA.

1993 488 2049 551 Α
2079 488 2195 545 Hoc
2225 487 2481 560 templum
2507 487 2712 561 Bugga:
2740 486 2973 559 pulchro
3000 486 3282 543 molimine
3310 494 3577 543 structum

3537 365 3683 419 1120

2071 576 2285 633 Nobilis
2314 576 2489 632 erexit
2518 576 2816 632 Cenuvium
2846 573 2959 631 ﬁlia
2987 576 3161 649 regis,

2072 665 2176 735 Qui
2203 664 2356 737 prius
2384 664 2671 736 imperium
2700 664 2973 720 Saxonum
2999 665 3119 733 jure
3147 663 3391 738 regebat,

2070 755 2259 810 Donec
2287 753 2575 825 praesentis
2603 760 2961 809 contemnens
2986 752 3222 808 culmina
3252 752 3433 823 regni,

2070 842 2295 897 Divitias
2322 842 2509 896 mundi
2539 857 2829 913 rerumque
2859 840 3078 913 reliquit
3106 841 3368 905 habenas,

2070 930 2310 985 Plurima
2338 930 2581 987 basilicis
2610 929 2881 1001 impendis
2912 945 3038 985 rura
3068 929 3319 995 novellis,

2070 1018 2193 1086 Qua
2220 1034 2366 1074 nunc
2392 1017 2730 1075 Christicolae
2759 1026 2981 1074 servant
3006 1018 3306 1073 monastica
3330 1017 3474 1086 jura.

2068 1106 2207 1161 Exin
2236 1114 2502 1163 sacratam
2531 1107 2771 1178 perrexit
2801 1122 3044 1178 quaerere
3072 1106 3257 1172 vitam,

2042 1196 2205 1249 -Dum
2234 1195 2514 1265 proprium
2545 1184 2702 1266 liquit
2730 1194 2923 1248 Christi
2952 1210 3049 1265 pro
3079 1194 3298 1250 nomine
3329 1210 3584 1275 regnum.

2068 1284 2173 1351 Qui
2202 1292 2385 1337 tamen
2416 1292 2537 1337 ante
2569 1284 2736 1337 tribus
2764 1284 2933 1354 gessit
2963 1282 3257 1338 certamina
3283 1283 3505 1355 pugnis,

2066 1373 2129 1427 Et
2162 1372 2333 1426 ternis
2362 1371 2563 1442 pariter
2591 1371 2822 1427 confecit
2852 1371 2993 1426 bella
3023 1371 3310 1443 triumphis

2066 1461 2192 1515 Post
2217 1461 2360 1515 hunc
2392 1459 2673 1529 successit,
2703 1459 2757 1513 in
2788 1460 2935 1515 bello
2967 1459 3206 1515 famosus
3238 1468 3290 1515 et
3320 1460 3511 1525 armis,

2066 1548 2178 1603 Rex
2230 1547 2598 1617 Caejivunalla
2629 1557 2653 1583 ι
2700 1554 2914 1619 potens,
2967 1547 3230 1621 regnique
3281 1564 3574 1619 possessor
3616 1556 3676 1603 et

3451 1635 3673 1709 [heres

2064 1725 2173 1780 Sed
2202 1741 2327 1781 mox
2357 1725 2645 1796 imperium
2689 1725 2877 1779 mundi
2920 1733 3306 1797 sceptrumque
3347 1724 3672 1796 relinquens

2065 1814 2185 1869 Alta
2214 1829 2572 1884 supernorum
2602 1814 2930 1885 conquirens
2958 1830 3133 1885 regna
3160 1813 3433 1884 polorum,

2065 1902 2287 1957 Clarum
2320 1902 2581 1975 stelligeri
2618 1902 2982 1958 conscindens
3010 1901 3227 1958 culmen
3255 1901 3484 1972 olympi,

2062 1990 2170 2045 Sed
2204 1990 2289 2044 his
2318 1989 2654 2061 principibus
2684 1990 2881 2045 ccelum
2912 1989 3325 2061 penetrantibus
3354 1990 3547 2053 altum,

2062 2077 2304 2146 Quorum
2335 2078 2602 2149 descripsi
2626 2080 2741 2147 jam
2773 2079 2900 2133 bina
2932 2078 3197 2133 vocabula
3229 2078 3456 2147 dudum,

2060 2166 2275 2221 Tertius
2302 2167 2510 2237 accepit
2548 2175 2821 2238 sceptrum
2854 2174 3114 2238 regnator
3144 2166 3403 2237 Opimum,

2061 2252 2237 2321 Quem
2267 2255 2501 2310 clamant
2532 2255 2611 2309 Ini
2638 2263 2786 2310 certo
2815 2255 3142 2328 cognomine
3172 2254 3372 2326 gentis,

2060 2342 2166 2412 Qui
2198 2359 2343 2399 nunc
2373 2343 2656 2417 imperium
2687 2343 2957 2398 Saxonum
2979 2344 3105 2413 jure
3134 2344 3416 2415 gubernat.

2060 2432 2180 2500 Quo
2209 2440 2470 2504 regnante
2502 2448 2703 2487 novum
2733 2431 2997 2503 praecelsa
3025 2433 3170 2487 mole
3199 2430 3459 2487 sacellum

2059 2521 2262 2591 Buggm
2292 2520 2591 2576 construxit
2622 2521 2847 2592 supplex
2878 2520 3169 2577 vernacula
3197 2519 3413 2575 Christi.

2058 2608 2389 2663 Praesentem
2419 2624 2549 2679 ergo
2579 2609 2725 2663 diem
2756 2607 2936 2664 cuncti
2967 2609 3311 2664 celebremus
3340 2617 3587 2673 ovantes.

2057 2698 2123 2751 Et
2152 2698 2433 2767 reciproca
2464 2698 2579 2752 Deo
2611 2688 2955 2753 modulemur
2985 2698 3228 2754 carmina
3261 2697 3495 2753 Christo.

2058 2786 2149 2842 Sic
2177 2786 2311 2841 rexit
2339 2802 2567 2859 regnum
2596 2786 2785 2859 plures
2813 2785 3044 2842 feliciter
3072 2788 3252 2853 annis,

2057 2876 2242 2930 Donec
2272 2891 2568 2931 conversus
2598 2875 2789 2931 cellam
2823 2876 3081 2950 migravit
3103 2875 3158 2931 in
3190 2875 3407 2931 almam.

2058 2962 2188 3018 Inde
2217 2964 2349 3035 petit
2379 2980 2603 3035 superas
2632 2964 2841 3020 meritis
2873 2965 3283 3036 splendentibus
3312 2980 3487 3029 arces,

2054 3051 2331 3123 Angelici's
2362 3052 2555 3107 turmis
2583 3053 2652 3107 ad
2683 3053 2806 3108 coeli
2837 3054 3073 3109 culmina
3102 3054 3316 3121 ductus,

2056 3139 2330 3195 leicolis
2355 3140 2574 3208 junctus
2602 3140 2813 3195 laetatur
2842 3148 2986 3196 sorte
3016 3157 3267 3212 superna.

1906 3275 1917 3287 ,
1984 3194 2031 3253 C
2052 3228 2291 3299 Turgida
2317 3244 2440 3284 cum
2471 3228 2677 3282 ratibus
2707 3229 2954 3284 sulcabat
2984 3229 3184 3285 caerula
3212 3228 3413 3295 curvis,

2052 3316 2122 3370 Et
2146 3316 2311 3371 maris
2339 3332 2627 3388 mquereos
2656 3317 2913 3371 lustrabat
2943 3318 3153 3391 remige
3184 3333 3428 3389 campos.

2050 3403 2245 3477 Algida
2274 3405 2513 3460 ventosis
2542 3405 2873 3476 crepitabant
2899 3407 3126 3461 carbasa
3158 3407 3363 3475 ﬂabris,

2049 3493 2239 3549 Donec
2266 3493 2433 3549 barca
2463 3493 2587 3567 rudi
2616 3494 2863 3566 pulsabat
2892 3495 3070 3550 littora
3102 3504 3300 3551 rostro.

2047 3580 2188 3637 Exin
2215 3581 2492 3637 nimbosas
2520 3583 2855 3638 transcendit
2884 3583 3133 3653 passibus
3164 3583 3332 3655 Alpes

2047 3678 2359 3752 Aggeribus
2383 3679 2555 3735 niveis
2584 3688 2638 3735 et
2663 3680 2863 3736 montis
2892 3680 3092 3737 vertice
3120 3689 3299 3752 septas
3325 3699 3342 3747 ;

2047 3775 2211 3844 Cujus
2240 3774 2296 3829 in
2323 3776 2557 3831 adventu
2585 3777 2790 3849 gaudet
2818 3776 3102 3832 clementia
3142 3778 3348 3843 Romae,

2047 3872 2185 3926 Dum
2215 3872 2392 3945 mergi
2418 3873 2611 3929 meruit
2641 3872 2891 3944 baptismi
2922 3876 3139 3949 gurgite
3172 3874 3321 3931 felix.

2047 3969 2175 4022 Post
2204 3968 2359 4022 albas
2378 3970 2405 4006 δ
2435 3968 2600 4041 igitur
2624 3969 2813 4025 morbo
2838 3980 3121 4043 correptus
3150 3973 3412 4045 egrescit,

2048 4065 2231 4119 Donec
2262 4066 2508 4120 mortalis
2538 4066 2728 4122 clausit
2755 4068 3029 4139 spiracula
3060 4069 3183 4125 vita:

2045 4222 2222 4269 eccles.
2253 4224 2578 4278 Anglo-Sax.,
2601 4225 2663 4270 ad
2689 4234 2808 4271 ann.
2834 4229 2915 4272 088
2935 4228 2987 4272 et
3005 4229 3105 4272 689.

2098 4293 2123 4327 ιι
2149 4293 2395 4341 Nimirum
2425 4296 2539 4351 post
2563 4295 2887 4353 baptismum.

350 4454 3643 4486 .__________.____________________

1060 4591 2131 4725 WALAFRIDI
2250 4596 2903 4730 STRABI

1539 4809 2445 4950 HORTULUS

798 5026 908 5087 AD
967 5024 1455 5097 GRIMALDUM
1509 5026 2008 5091 MONASTERII
2069 5032 2359 5096 SANCTI
2423 5034 2666 5097 GALLI
2723 5037 3136 5098 ABBATEM.

1638 5324 1959 5381 CANISIUS
2002 5324 2329 5384 LECTORI.

308 5472 313 5481 ’
410 5473 527 5557 Ets‘i
550 5472 815 5557 llortulus
845 5474 947 5557 iste
978 5475 1156 5557 Strabi
1180 5476 1290 5543 jam
1333 5476 1462 5557 olim
1493 5474 1592 5531 fuit
1622 5475 1930 5557 evulgatus,
1982 5476 2296 5557 hi-c'tamen
2341 5478 2522 5557 denuo
2538 5481 2829 5557 publicare
2845 5481 3027 5557 libuit,
3061 5494 3119 5539 ut
3142 5495 3393 5556 poemata
3424 5487 3632 5556 Strabi,

340 5544 521 5617 ηιμ)εά
547 5542 666 5617 ﬁeri

693 5545 1139 5629 potes-tutandam
1162 5563 1326 5629 unum
1357 5548 1412 5601 in
1432 5562 1633 5629 corpus
1654 5545 1997 5629 colligantur.
2019 5549 2233 5629 Utinam
2255 5551 2430 5606 sancti
2451 5545 2592 5607 Galli
2614 5553 2787 5607 Vitam
2810 5554 2878 5607 ab
2900 5545 3093 5629 eodem
3114 5545 3352 5629 carmine
3375 5545 3639 5629 scriptam

340 5614 544 5700 addere
572 5614 1315 5700 licuisset,{Sedabsterruit
1344 5634 1445 5700 nos
1476 5614 1649 5673 codex
1680 5614 2029 5700 vitiosissime
2049 5628 2325 5700 .exaratus,
2361 5638 2426 5700 ex
2456 5639 2564 5694 quo
2597 5630 2785 5700 t_e_r_10n
2814 5625 2993 5700 magis
3039 5627 3297 5700 expedias
3346 5614 3514 5700 quam
3565 5614 3637 5686 ex

341 5683 571 5760 turbatis
598 5691 760 5739 vento
788 5684 931 5760 foliis
963 5684 1211 5760 Sibyllae:
1238 5686 1517 5760 Utautem
1546 5688 1768 5760 noveris
1798 5689 1925 5760 quis
1951 5689 2018 5743 sit
2047 5688 2147 5745 iste
2178 5683 2509 5758 Grimaldus,
2544 5693 2631 5748 cui
2662 5683 2945 5750 Hortulur'n
2975 5683 3125 5753 hunc
3149 5683 3381 5753 Strabus
3424 5683 3633 5756 cense:

343 5753 694 5844 armies
718 5753 1385 5844 §§9I§¥9:9.3i1a_9e_9!9_
1404 5757 1701 5844 mesen:
1735 5759 1799 5844 13-.
1816 5753 2066 5844 sescena
2095 5760 2399 5844 scelerus.
2433 5753 2744 5844 τηβηεειενὶί
2776 5766 2833 5820 s.
2852 5766 2995 5844 eam
3021 5753 3631 5844 percensuisse;

345 5821 684 5875 Grimaldum
717 5821 1204 5891 arrhicapellanum
1238 5841 1413 5883 suum,
1446 5826 1701 5878 clericum
1736 5828 2074 5891 saecularem,
2111 5821 2434 5892 Ludovicus,
2484 5835 2777 5889 Austrasim
2812 5852 2926 5895 rex.
2975 5821 3039 5892 in‘
3066 5821 3631 5909 laurifa‘déeibzai
