3996 6184
360 217 491 272 1121
1924 212 2014 268 HO

2001 213 2314 274 )RTULUS.
3524 221 3658 275 1122

2453 307 2487 331 \

353 337 596 392 defuncti
625 336 839 391 abbatis
869 336 1142 391 substituit
1170 353 1316 392 anno
1342 338 1557 392 Domini
1590 339 1712 402 841,
1746 346 1802 391 ut
1832 336 1997 391 habet
2023 352 2128 390 ms.
2159 336 2490 402 Chronicon,
2526 338 2632 401 vel,
2659 346 2715 390 ut
2734 337 2844 401 alii,
2880 339 3002 393 842.
3035 339 3136 392 Hic
3165 339 3338 394 abbas
3366 341 3660 397 admodum

353 410 494 463 bene
542 408 874 479 monasterio
920 407 1153 478 praéfuit.
1201 409 1322 462 Non
1370 417 1477 462 tam
1526 408 1579 462 in
1630 407 2008 479 temporalium
2055 424 2217 479 quam
2267 407 2602 478 regularium
2652 407 3068 479 divinarumque
3115 424 3299 462 rerum
3346 425 3493 479 cura,
3549 421 3654 469 etc.

351 480 620 534 Excitavit
654 478 969 552 Grimaldus
999 479 1297 552 oratorium
1324 479 1379 532 S.
1425 478 1699 552 Otbmari,
1721 487 1771 533 et
1803 494 1868 532 eo
1901 493 2102 552 corpus
2132 478 2276 552 iliius
2306 479 2374 552 de
2403 479 2634 552 ecclesia
2666 478 2906 552 SsGalli
2936 478 3036 552 per
3069 479 3416 552 Salomonem
3447 482 3657 552 episco-

347 567 478 620 pum
512 550 981 605 Constantiensem
1020 551 1287 603 transtulit
1316 565 1455 604 anno
1490 549 1702 604 Domini
1735 551 1858 610 867,
1893 549 1981 602 die
2013 565 2114 602 vul
2143 549 2373 603 Kalend.
2409 549 2626 613 Octob.,
2663 549 2847 603 indict.
2888 549 2947 602 t.’
2973 549 3054 604 Ab
3089 551 3191 605 hoc
3222 549 3418 604 abbate
3447 549 3501 605 in
3530 569 3652 608 mo-

348 621 643 694 nasterium
677 628 934 694 receptus
959 629 1039 674 est
1069 621 1125 694 S.
1160 621 1428 694 Notkerus
1457 621 1717 694 parvulus
1743 637 1756 683 ;
1782 620 1883 673 sub
1913 620 2215 694 eodemque
2245 621 2415 694 empti
2441 628 2564 694 sunt
2595 628 2645 675 et
2677 620 2861 689 scripti
2889 620 3042 694 multi
3074 620 3414 694 optimilibri
3443 623 3655 694 magnis

349 692 674 762 sumptibus.
727 689 896 746 Erant
923 691 1051 745 item
1082 691 1314 762 interior
1350 689 1763 754 monachorum,
1802 699 1853 744 et
1882 689 2148 762 exteriori
2169 690 2512 762 saecularium
2544 691 2598 744 in
2630 691 2962 744 monasterio
3011 691 3390 762 celeberrima?
3431 689 3648 759 scholae,

347 762 402 816 in
451 760 647 832 quibus
678 771 730 816 et
760 762 1062 832 principum
1093 771 1144 816 et
1177 761 1434 816 nobilium
1482 761 1574 814 lilii
1621 769 1872 816 accurate
1916 760 2352 832 instituebantur.
2407 761 2555 815 Obiit
2604 777 2748 815 anno
2799 764 2919 832 872,
2974 777 3096 832 cum
3147 761 3452 832 praefuisset
3499 764 3656 818 annis

345 831 726 904 trigintaquno.
762 831 1102 904 Et_sepultus
1131 840 1232 896 est,
1267 840 1324 886 ut
1354 832 1552 904 colligo
1581 847 1647 886 ex
1679 831 1926 902 sequenti
1957 831 2248 902 epitapliio,
2275 832 2329 886 in
2351 833 2555 903 templo
2585 832 2640 886 S.
2672 831 2921 887 Othmari
2947 850 2960 897 ;
2984 831 3131 886 aliud
3162 831 3308 886 enim
3339 833 3653 889 condidisse

344 902 456 957 non
489 903 707 976 legitur.
750 902 1096 976 Epitaphium
1128 904 1232 958 hoc
1260 910 1342 957 est
1375 921 1388 956 :

1226 1025 1328 1079 Hic.
1359 1028 1526 1079 manet
1555 1023 1768 1079 interius
1787 1023 1974 1079 divina:
1998 1024 2124 1079 legis
2145 1026 2342 1079 amator

1225 1078 1543 1124 Grimualdus
1573 1077 1798 1131 humilis,
1821 1075 2071 1132 templum'
2091 1077 2185 1122 hoc
2209 1077 2294 1133 qui
2326 1075 2730 1134 conderejussit.

808 1308 1093 1348 “anno
1124 1308 1410 1348 Aucroms.
1970 1294 2014 1351 Α

2001 1302 2022 1351 t
2047 1293 2249 1361 Sponte
2283 1301 2664 1348 renascentum
2697 1294 3074 1363 complexibus
3104 1295 3403 1350 urticarum

347 1409 590 1464 Plurima
618 1408 926 1479 tranquillae
957 1424 1079 1464 cum
1112 1409 1215 1462 sint
1246 1408 1482 1480 insignia
1513 1408 1652 1466 vita‘.

339 1499 464 1552 Non
491 1497 773 1552 minimum
803 1505 904 1561 est,
938 1497 984 1551 si
1015 1497 1137 1567 quis
1171 1498 1412 1552 Pestana:
1443 1496 1659 1551 deditus
1695 1495 1819 1563 arti,

338 1587 567 1641 Noverit
597 1585 824 1641 obsceni
853 1599 1017 1640 curas
1046 1593 1275 1641 tractare
1307 1585 1507 1655 Priapi.

339 1675 504 1730 Ruris
536 1674 681 1728 enim
714 1690 1051 1745 quaecunque
1082 1673 1241 1728 datur
1269 1673 1565 1744 possessio,
1600 1689 1696 1728 seu
1728 1673 1796 1726 sit

339 1762 531 1817 Putris
561 1777 796 1818 arenoso
825 1778 928 1833 qua
957 1770 1132 1832 torpet
1163 1762 1354 1834 glarea
1384 1769 1580 1826 tractu,

339 1851 446 1906 Seu
475 1851 666 1921 pingui
693 1850 896 1905 mollita
927 1866 1124 1924 graves
1156 1850 1358 1922 uligine
1391 1850 1550 1917 fetus,

339 1937 584 1993 Collibus
613 1937 812 1994 erectis
843 1938 947 1992 alte
979 1939 1098 2006 sita,
1135 1939 1249 1993 sive
1275 1937 1477 2007 jacenti

337 2026 565 2081 Planitie
596 2025 772 2082 facilis
803 2027 964 2088 clivo,
1000 2043 1095 2081 seu
1127 2026 1358 2080 vallibus
1388 2027 1617 2081 horrens
1651 2045 1666 2091 ;

337 2115 461 2169 Non
493 2123 658 2189 negat
688 2115 957 2187 ingenuos
988 2115 1196 2170 olerum
1226 2114 1558 2187 progignere
1592 2113 1798 2169 fructus
1830 2132 1843 2167 :

340 2203 395 2258 Si
429 2203 592 2258 modo
623 2219 732 2258 non
765 2211 850 2256 tua
881 2220 1011 2258 cura
1039 2204 1196 2275 gravi
1227 2219 1544 2273 compressa
1571 2211 1812 2266 veterno,

339 2291 667 2362 Multiplices
699 2291 903 2346 olitoris
936 2307 1069 2362 opes
1099 2301 1448 2347 contemnere
1479 2291 1651 2345 stultis

343 2380 581 2434 Ausibus
611 2380 899 2444 assuescit,
934 2380 1272 2451 callosasque
1301 2398 1408 2434 aere
1437 2380 1632 2434 diurno

339 2470 617 2523 Detrectat
650 2467 863 2523 fuscare
894 2485 1104 2533 manus,
1140 2478 1191 2522 et
1223 2478 1469 2524 stercora
1497 2467 1672 2538 plenis

337 2557 483 2610 Vitat
514 2557 568 2609 in
596 2556 768 2610 arenti
799 2556 1091 2626 disponere
1120 2557 1344 2627 pulvere
1376 2556 1590 2628 quallis.

332 2646 460 2699 Haec
490 2660 598 2698 non
631 2643 747 2699 sola
779 2645 910 2698 mihi
939 2645 1187 2715 patefecit
1219 2645 1402 2715 opinio
1435 2645 1592 2700 fama:

335 2732 609 2804 Vulgaris,
671 2733 896 2803 qumsita
925 2733 1078 2785 libris
1109 2749 1210 2788 nec
1241 2733 1400 2788 lectio
1431 2732 1647 2803 priscis,

331 2820 439 2875 Sed
468 2820 625 2875 labor
654 2829 708 2874 et
738 2821 994 2886 studium,
1031 2822 1225 2891 quibus
1255 2822 1359 2875 otia
1387 2821 1549 2893 longa
1579 2821 1787 2876 dierum

329 2908 639 2980 Postposui,
675 2918 956 2981 expertum
986 2911 1144 2964 rebus
1175 2911 1409 2966 docuere
1439 2910 1699 2982 probatis.

793 3043 834 3097 Ι.
869 3044 1142 3098 Cumana;
1173 3059 1408 3098 mrum.

329 3151 529 3204 Bruma
560 3149 856 3204 senectutis
883 3150 1176 3205 vernacula
1209 3150 1370 3204 totius
1399 3151 1523 3203 anni

331 3237 552 3303 Venter,
590 3245 643 3292 et
671 3237 929 3308 ampliilui
961 3238 1333 3308 consumptrix
1366 3254 1509 3292 saeva
1540 3237 1760 3304 laboris,

332 3327 485 3381 Veris
515 3326 605 3380 ubi
635 3327 871 3381 adventu
902 3334 1165 3381 terrarum
1196 3327 1349 3396 pulsa
1378 3327 1479 3380 sub
1521 3327 1656 3380 imas

327 3414 548 3468 Delituit
578 3414 838 3478 latebras,
875 3416 1215 3486 vestigiaque
1245 3415 1465 3470 horrida
1493 3431 1674 3470 avarae

328 3502 439 3556 Ver
467 3503 662 3558 hiemis
693 3503 879 3559 reduci
911 3519 1093 3557 rerum
1122 3504 1308 3558 delere
1339 3512 1553 3574 pararet

326 3589 621 3646 Stemmate
652 3625 694 3658 .,
727 3599 779 3645 et
809 3591 1030 3662 antiquo
1060 3592 1373 3663 languentia
1402 3609 1525 3646 rura
1556 3591 1717 3647 nitori

327 3678 598 3744 Reddere,
635 3695 732 3734 ver
762 3680 910 3734 orbis
938 3681 1174 3750 primum
1203 3689 1363 3751 caput
1393 3690 1447 3735 et
1475 3681 1644 3736 decus
1673 3680 1798 3735 anni
1830 3696 1843 3734 :

330 3767 522 3822 Purior
550 3783 682 3822 aura
714 3767 859 3822 diem
889 3784 1011 3824 cum
1035 3770 1145 3838 jam
1178 3785 1427 3824 reserare
1453 3785 1706 3824 serenum

329 3855 616 3927 lnciperet,
653 3857 1002 3928 zephyroque
1032 3858 1216 3912 herba!
1248 3858 1522 3929 ﬂoresque
1553 3859 1724 3914 secuti

323 3943 525 3999 Tenuia
555 3945 898 4018 porrigerent
927 3946 1126 4000 radicis
1157 3947 1426 4011 acumina,
1463 3963 1608 4003 caeco

322 4033 484 4088 Tecta
517 4033 609 4088 diu
638 4034 870 4104 gremio,
903 4051 1173 4106 cauasque
1196 4051 1358 4091 exosa
1389 4035 1608 4106 pruinas
1641 4054 1656 4100 ;

326 4120 459 4176 Cum
489 4121 657 4191 sylva:
687 4122 850 4188 foliis,
885 4131 1098 4178 montes
1127 4140 1342 4195 quoque
1373 4125 1620 4196 gramine
1652 4123 1859 4197 pingui,

323 4209 588 4280 Prataque
617 4210 928 4281 conspicuis
960 4221 1252 4266 vernarent
1283 4213 1405 4266 laeta
1435 4213 1653 4268 virectis
1687 4230 1699 4264 :

321 4297 604 4364 Atriolum,
638 4300 782 4369 quod
812 4315 910 4369 pro
944 4299 1150 4353 foribus
1182 4301 1309 4368 mihi
1341 4317 1508 4371 parva
1536 4301 1738 4372 patenti

317 4387 464 4441 Area
492 4386 760 4442 vestibulo
793 4388 924 4442 solis
953 4390 1215 4444 convertit
1243 4389 1312 4443 ad
1344 4398 1539 4456 ortum,

319 4475 517 4531 Urticze
545 4475 857 4546 implerunt,
891 4478 1172 4550 campique
1203 4495 1302 4549 per
1330 4495 1546 4551 mquora
1577 4481 1727 4552 parvi

318 4562 458 4618 Illita
490 4563 716 4618 ferventi
749 4575 1039 4621 creverunt
1069 4567 1173 4622 tela
1203 4584 1432 4624 veneno.

317 4650 459 4720 Quid
491 4651 728 4708 facerem
757 4654 783 4707 ἓν
815 4662 921 4708 tam
951 4655 1160 4726 spissus
1191 4665 1313 4711 erat
1349 4657 1622 4712 radicibus
1650 4657 1783 4712 infra

315 4737 468 4795 Ordo
498 4741 784 4806 catenatis,
819 4743 1021 4798 virides
1049 4751 1106 4797 ut
1138 4752 1322 4800 texere
1353 4745 1512 4800 lentis

316 4828 620 4884 Viminibus
649 4839 828 4886 crates
859 4831 1054 4886 stabuli
1087 4833 1224 4888 solet
1255 4842 1370 4889 arte
1399 4835 1661 4904 magister
1695 4852 1706 4889 :

313 4917 531 4988 Ungula
561 4919 916 4990 cornipedum
949 4920 994 4974 si
1023 4922 1273 4993 (quando
1302 4923 1529 4978 humore
1559 4933 1782 4980 nocetur

313 5005 588 5076 Collecto)
616 5016 799 5078 putres
831 5009 1068 5063 imitatur
1095 5011 1337 5067 marcida
1366 5011 1582 5083 fungos.

312 5093 463 5162 Ergo
493 5110 674 5149 moras
704 5113 960 5168 rumpens
990 5099 1206 5154 Saturni
1237 5101 1398 5156 dente
1437 5101 1667 5157 latentes

311 5182 622 5254 Aggredior
651 5184 861 5256 glebas,
896 5188 1269 5260 torpentiaque
1298 5205 1445 5255 arva,
1495 5190 1728 5246 revulsis

365 5363 389 5391 ι
418 5357 472 5402 td
501 5359 580 5405 est
607 5369 806 5408 corona.

363 5437 387 5472 δ
414 5444 480 5486 Nc
499 5439 627 5497 fors,
659 5441 862 5496 Hanck.,
892 5447 993 5490 not.
1015 5457 1106 5493 ms.

359 5518 382 5548 ε
419 5513 605 5565 Graece.
655 5517 920 5570 ιλιλίηακος.
986 5519 1169 5564 Versus
1237 5519 1439 5576 quidam
1495 5521 1777 5571 claudicare
1828 5525 1904 5572 vi-

306 5577 596 5632 detur:sed
625 5584 667 5630 si
720 5586 950 5641 primam,
1001 5597 1140 5636 more
1187 5591 1336 5646 hujus
1383 5593 1560 5648 aetatis,
1591 5594 1641 5641 in
1688 5595 1905 5656 prand-

2045 1381 2237 1451 Erigo,
2275 1389 2327 1434 et
2359 1381 2676 1437 umbricolis
2707 1382 2942 1436 habitata
2974 1383 3171 1438 cubilia
3203 1383 3363 1454 talpis

2045 1465 2240 1528 Diruo,
2277 1465 2572 1520 lumbricos
2604 1482 2869 1520 revocans
2899 1467 2952 1520 in
2983 1467 3202 1522 luminis
3233 1484 3379 1523 oras.

2045 1553 2176 1608 lnde
2207 1554 2334 1607 Noti
2370 1555 2620 1625 coquitur
2651 1555 2835 1608 flabris
2867 1555 3107 1626 solisque
3135 1557 3318 1612 calore

2041 1642 2258 1711 Areola,
2295 1653 2346 1697 et
2379 1643 2543 1715 lignis
2575 1660 2642 1697 ne
2673 1643 2881 1698 diﬁluat
2911 1645 3088 1700 obsita
3119 1645 3338 1717 quadris

2041 1730 2213 1785 Altius
2240 1746 2267 1784 a
2299 1731 2464 1802 plano
2495 1731 2771 1788 modicum
2803 1733 3057 1804 resupina
3086 1734 3292 1790 levatur
3323 1754 3338 1800 ;

2038 1818 2172 1873 Tota
2201 1819 2504 1874 minutatim
2533 1820 2720 1874 rastris
2752 1823 3102 1878 contunditur
3130 1823 3304 1891 uncis,

2037 1907 2108 1960 Et
2138 1908 2359 1980 pinguis
2392 1908 2654 1965 fermenta
2687 1908 2798 1963 ﬁmi
2831 1910 3319 1980 superinsinuatur.

2040 1995 2350 2050 Seminibus
2384 1997 2633 2068 quaedam
2665 2005 2932 2052 tentamus
2965 1998 3226 2065 oluscula,
3263 1999 3510 2070 quaedam

2037 2084 2306 2156 Stirpibus
2337 2085 2572 2156 antiquis
2601 2085 2796 2156 priscae
2825 2103 3082 2142 revocare
3108 2088 3366 2156 juventae.

2034 2172 2280 2244 Denique
2311 2174 2516 2228 vernali
2544 2174 2816 2228 interdum
2849 2177 3229 2248 conspergitur
3259 2176 3431 2233 imbre

2036 2261 2202 2314 Parva
2233 2278 2413 2334 seges,
2449 2269 2760 2334 tenuesque
2790 2263 2935 2317 fovet
2964 2265 3281 2334 praeblanda
3313 2266 3550 2320 vicissim

2035 2349 2183 2402 Luna
2215 2365 2421 2403 comas.
2461 2351 2670 2406 Rursus
2701 2351 2745 2404 si
2778 2351 2997 2422 quando
3029 2353 3172 2407 sicca
3201 2354 3473 2424 negabant

2030 2437 2302 2508 Tempora
2334 2439 2475 2493 roris
2505 2455 2684 2509 opem,
2719 2439 2938 2494 culturae
2970 2441 3236 2511 impulsus
3266 2458 3455 2497 amore

2031 2525 2266 2596 (Quippe
2298 2525 2382 2580 siti
2412 2534 2660 2581 metuens
2691 2528 2928 2598 graciles
2959 2537 3272 2599 torpescere
3315 2530 3525 2602 fibras),

1950 2649 2000 2706 Β
2033 2614 2275 2667 Flumina
2307 2631 2442 2684 pura
2471 2615 2621 2670 cadis
2651 2615 2854 2670 inferre
2884 2617 3174 2687 capacibus
3203 2619 3314 2673 acri

2032 2703 2227 2756 Curavi
2259 2703 2456 2770 studio,
2492 2711 2541 2757 et
2572 2705 2810 2774 propriis
2839 2704 3127 2760 infundere
3156 2706 3349 2777 palmis

2029 2790 2310 2854 Guttalim,
2345 2808 2412 2844 ne
2444 2790 2610 2845 forteb
2667 2793 2911 2847 velocior
2942 2794 3177 2865 impetus
3203 2798 3378 2850 undas

2028 2879 2302 2950 Ingereret
2333 2879 2548 2944 nimias,
2583 2888 2634 2934 et
2665 2881 2873 2936 semina
2895 2882 3038 2950 jacta
3066 2893 3329 2940 moveret.

2022 2965 2136 3020 Nec
2167 2982 2318 3020 mora
2351 2968 2690 3038 gerzninibus
2721 2971 2944 3024 vestitur
2973 2978 3080 3024 tota
3111 2972 3323 3027 tenellis

2025 3055 2241 3120 Areola,
2277 3065 2330 3110 et
2359 3072 2662 3128 quanquam
2696 3057 2838 3111 illius
2869 3075 2996 3129 pars
3026 3059 3130 3114 ista
3159 3061 3260 3114 sub
3292 3062 3399 3117 alto

2025 3147 2248 3198 Arescat
2277 3152 2441 3212 tecto,
2475 3145 2780 3216 pluviarum
2811 3156 2862 3201 et
2891 3149 3134 3202 muneris
3165 3165 3364 3221 expers

2027 3232 2303 3302 Squalleat
2335 3221 2483 3288 aerei
2517 3251 2530 3287 :
2562 3249 2690 3304 pars
2721 3235 2812 3289 illa
2843 3237 3176 3306 perennibus
3206 3239 3414 3294 umbris

2026 3319 2285 3391 Diti‘ugiat
2315 3321 2486 3375 solem
2518 3339 2531 3374 :
2564 3338 2695 3391 pars
2726 3324 2861 3389 inec,
2898 3324 3021 3394 quia
3055 3325 3272 3392 celsior,
3305 3327 3454 3400 ignei

2025 3406 2232 3461 Sideris
2264 3423 2546 3463 accessum
2578 3411 2763 3464 lateris
2794 3421 2957 3482 neget
2985 3414 3143 3469 obice
3173 3415 3296 3470 duri
3330 3433 3342 3469 :

2021 3495 2142 3550 Non
2172 3504 2354 3549 tamen
2381 3495 2492 3550 ulla
2524 3497 2629 3550 sibi
2658 3497 2874 3552 fuerant
2901 3516 3023 3570 quas
3052 3503 3257 3557 credita
3287 3504 3518 3573 pridem,

2023 3584 2130 3654 Spe
2160 3582 2276 3638 sine
2308 3585 2566 3638 crementi
2599 3585 2758 3657 pigro
2791 3587 2894 3640 sub
2926 3589 3134 3659 cespite
3161 3590 3371 3647 clausit.

2023 3669 2162 3739 Quin
2195 3671 2372 3742 potius
2401 3689 2522 3743 qua:
2549 3673 2699 3728 sicca
2728 3673 2859 3741 fere,
2895 3677 3160 3731 translata
3190 3678 3430 3735 subactis

2023 3760 2272 3830 Suscepit
2315 3761 2626 3826 scrobibus,
2664 3762 2906 3817 redivivo
2936 3763 3095 3833 plena
3129 3765 3308 3823 virore

2021 3847 2291 3913 Restituit,
2327 3865 2590 3920 reparans
2619 3866 2911 3906 numeroso
2943 3853 3146 3910 semina
3177 3853 3370 3912 fructu.

1960 4000 1983 4018 τ’
2021 3937 2178 3992 Nunc
2209 3953 2347 4007 Opus
2376 3937 2632 4010 ingeniis,
2667 3939 2829 3995 docili
2861 3956 3005 3997 nunc
3036 3951 3260 4012 pectore
3289 3952 3342 3999 et
3371 3961 3467 4002 ore

1973 4041 1985 4056 ι
2019 4025 2251 4080 Nomina
2284 4041 2392 4096 quo
2422 4027 2627 4096 possim
2660 4027 2914 4100 viresque
2946 4029 3210 4103 attingere
3240 4039 3401 4088 tantae

2020 4113 2234 4180 Messis,
2270 4121 2328 4168 ut
2357 4115 2560 4185 ingenti
2592 4133 2678 4171 res
2708 4133 2889 4188 parva:
2918 4128 3180 4174 ornentur
3208 4121 3440 4177 honore.

2606 4233 2672 4286 ll.
2708 4233 2932 4288 S.\L\'l.\.

2016 4345 2314 4417 Elelifagus
2341 4355 2362 4378 α
2392 4346 2567 4417 prima
2600 4346 2887 4420 przefulget
2916 4349 3122 4406 honore
3153 4351 3420 4423 locorum,

2015 4435 2200 4490 Dulcis
2228 4435 2418 4498 odore,
2450 4435 2634 4511 gravis
2665 4437 2878 4502 virtute,
2911 4446 3074 4510 atque
3103 4440 3244 4496 utilis
3274 4442 3488 4499 haustu.

2009 4522 2258 4578 Pluribus
2289 4525 2403 4578 haec
2434 4523 2712 4579 hominum
2742 4527 2946 4582 morbis
2975 4529 3240 4598 prodesse
3270 4541 3503 4604 reperta,

2009 4611 2278 4681 Perpetuo
2309 4611 2464 4664 viridi
2494 4612 2692 4666 meruit
2719 4615 2960 4684 gaudere
2982 4616 3223 4684 juventa.

2009 4699 2118 4754 Sed
2148 4699 2337 4753 tolerat
2366 4699 2522 4755 civile
2551 4700 2754 4756 malum
2789 4720 2802 4756 :
2838 4719 2964 4758 nam
2994 4721 3142 4760 saeva
3168 4717 3456 4777 parentum

2009 4787 2307 4859 Progenies
2338 4788 2552 4857 florum,
2579 4789 2738 4844 fuerit
2768 4789 2824 4845 ni
2854 4791 3093 4863 dempta,
3124 4796 3355 4866 perurit,

2006 4876 2073 4930 Et
2103 4875 2233 4931 facit
2261 4876 2512 4948 antiquos
2538 4877 2826 4951 defungier
2852 4879 3036 4936 invida
3064 4897 3267 4937 ramos.

2597 5007 2688 5063 ill.
2724 5008 2895 5064 Rura.

2006 5122 2122 5177 Hoc
2151 5137 2344 5177 nemus
2377 5122 2732 5180 umbriferum
2762 5124 2937 5197 pingit
2966 5125 3293 5184 viridissima
3324 5139 3457 5190 ruta

2007 5209 2209 5266 Silvula
2241 5211 2509 5279 caeruleae,
2541 5212 2704 5278 foliis,
2739 5230 2860 5284 quae
2887 5215 3116 5285 pratdita
3141 5219 3324 5287 parvis

2003 5385 2082 5437 get
2156 5385 2418 5442 corripias,
2471 5387 2656 5442 stabit;
2719 5390 2817 5443 vel,
2865 5391 2909 5438 si
2960 5393 3121 5446 malis.
3179 5396 3396 5452 primam
3459 5399 3600 5446 verbi

2004 5453 2275 5514 elati/agas
2328 5458 2573 5514 syllabam
2614 5460 2772 5508 verbo
2811 5472 2991 5512 vorsus
3043 5467 3375 5524 pracedentis
3423 5469 3603 5519 ultimo

2003 5525 2293 5646 absorpta:
2371 5528 2643 5586 intelligas.
2723 5532 2940 5590 legendo
3023 5539 3187 5585 tamen
3259 5539 3432 5598 primo
3508 5550 3602 5596 pro

2002 5608 2192 5656 prima.
2265 5610 2362 5647 mr.
