4024 6194
409 225 541 284 H23

403 348 678 410 Umbellas
700 351 939 420 iaculata
971 348 1181 416 breves,
1218 349 1520 422 spiramina
1549 350 1695 405 venti

403 441 468 500 Et
497 440 681 498 radios
712 439 902 496 thbi
929 439 1113 496 caules
1145 439 1466 495 transmittit
1494 440 1564 496 ad
1588 439 1746 508 imos,

404 531 726 600 Attactuque
756 544 954 602 graves
986 526 1092 584 leni
1124 527 1388 599 dispergit
1418 528 1637 584 odores.

404 617 533 675 Haec
562 632 683 673 cum
716 616 997 688 multiplici
1027 617 1207 686 vigeat
1239 616 1431 671 virtute
1464 616 1710 680 medelm,

404 705 610 763 Dicitur
637 705 860 762 occultis
891 704 1136 776 apprime
1169 704 1382 760 obstare
1411 705 1658 771 venenis,

401 793 710 866 Toxicaque
738 793 946 852 invasis
975 793 1324 852 incommoda
1354 793 1561 863 pellere
1590 792 1764 850 libris.

935 900 1025 954 IV.
1085 903 1456 955 Aanoroxun.

400 1015 515 1072 Nec
545 1015 722 1070 minus
752 1015 1010 1070 Abrotoni
1036 1023 1347 1085 promptum
1375 1023 1457 1069 est
1485 1015 1738 1070 mirarier
1765 1015 1874 1071 alte

400 1105 658 1160 Pubentis
687 1103 927 1170 frutices,
963 1111 1015 1159 et
1045 1121 1177 1176 quas
1205 1103 1437 1174 inspicat
1465 1105 1660 1159 aristas

400 1193 696 1249 Ramorum
720 1193 958 1257 ubertas,
995 1200 1184 1248 tenues
1208 1193 1413 1247 imitata
1445 1193 1690 1263 capillos.

401 1283 568 1352 Hujus
597 1282 882 1338 odoratum
905 1281 1054 1336 lento
1084 1299 1208 1337 cum
1238 1282 1440 1337 vimine
1469 1282 1675 1338 crinem

401 1371 628 1428 Paeoniis
659 1379 904 1442 carptum
936 1371 1160 1440 prodest
1189 1371 1422 1426 miscere
1451 1370 1682 1426 medelis

399 1460 664 1516 Febribus
691 1459 872 1515 obstat
901 1459 1065 1528 enim,
1099 1460 1266 1514 telum
1295 1460 1462 1533 fugat,
1495 1459 1713 1528 adjuvat
1738 1465 1889 1515 artus

400 1548 550 1618 Quos
576 1549 781 1605 incerta
801 1548 1000 1620 premit
1029 1548 1243 1604 furtivae
1271 1549 1465 1618 injuria
1495 1556 1682 1620 guttas.

399 1638 667 1694 Praeterea
696 1645 775 1694 tot
802 1638 970 1695 habet
997 1637 1142 1693 vires
1171 1645 1304 1709 quot
1334 1637 1426 1692 tila
1453 1653 1746 1695 comarum.

965 1754 1030 1810 ν.
1091 1754 1420 1810 Cucuasn'a.

395 1869 420 1896 ⁸
449 1839 603 1916 Haud
632 1877 792 1919 secus
820 1859 1096 1934 altipetax,
1133 1869 1375 1918 semente
1407 1858 1691 1916 cucurbita
1718 1858 1814 1914 vili

397 1951 732 2020 Assurgens,
764 1949 968 2020 parmis
997 1949 1248 2005 foliorum
1278 1948 1501 2004 suscitat
1528 1949 1752 2003 umbras

397 2036 675 2109 Ingentes,
708 2036 1025 2111 crebrisque
1049 2037 1176 2106 jacit
1206 2036 1504 2092 retinacula
1534 2036 1702 2091 ramis
1735 2053 1748 2089 :

398 2127 476 2181 Ac
523 2124 669 2182 velut
720 2124 925 2182 ulmum
968 2125 1169 2182 hedera
1228 2125 1492 2200 implicuit
1555 2141 1673 2180 cum
1723 2123 1990 2179 frontibus

1783 2212 1984 2284 [altam,

397 2299 557 2360 Ruris
584 2302 829 2376 abusque
859 2302 980 2359 sinu
1011 2303 1107 2360 toti
1137 2318 1238 2360 sua
1283 2301 1500 2357 brachia
1534 2303 1742 2358 circum

395 2390 541 2446 Laxa
571 2391 720 2449 dedit
750 2391 920 2466 ligna,
954 2408 1336 2463 summumque
1367 2399 1550 2449 secuta
1578 2406 1837 2460 cacumen

393 2478 627 2538 Corticis
655 2480 890 2538 occuluit
918 2480 1079 2537 viridi
1109 2480 1366 2538 tutamine
1397 2495 1565 2554 rugas
1599 2497 1611 2533 :

394 2570 502 2623 Aut
532 2568 872 2626 arbustivum
901 2569 1026 2626 vitis
1057 2585 1252 2641 genus,
1285 2569 1482 2624 arbore
1512 2584 1635 2623 cum
1667 2584 1726 2621 se

390 2656 661 2728 Explicuit
688 2657 901 2733 quavis,
936 2673 1316 2730 ramorumque
1345 2657 1449 2712 alta
1478 2657 1754 2728 corymbis

393 2744 606 2812 Vestiit,
641 2755 694 2803 et
719 2746 947 2819 propria
977 2763 1193 2803 sursum
1222 2761 1282 2804 se
1312 2755 1506 2817 sponte
1531 2745 1726 2800 levavit
1755 2761 1767 2799 :

390 2833 592 2889 Visitur
620 2851 754 2908 ergo
784 2835 986 2892 rubens
1017 2835 1196 2892 aliena
1224 2836 1279 2892 in
1311 2835 1441 2890 sede
1472 2849 1720 2890 recemus

389 2922 730 2994 Dependere,
761 2923 958 2997 premit
986 2924 1222 2980 tabulata
1250 2924 1475 2982 virentia
1505 2923 1768 2988 Bacchus,

388 3011 682 3083 Pampinus
711 3021 763 3068 et
791 3012 1016 3070 frondes
1033 3012 1293 3070 discernit
1322 3013 1481 3069 latior
1511 3011 1668 3067 altas.

388 3098 478 3167 Sic
507 3115 634 3154 mea
663 3099 742 3158 sic
771 3100 951 3176 fragili
981 3102 1049 3157 de
1077 3102 1247 3174 stirpe
1278 3100 1561 3157 cucurbita
1594 3113 1826 3171 surgens

387 3187 576 3258 Diligit
607 3189 906 3261 appositas,
941 3204 1040 3244 sua
1071 3188 1474 3252 sustentacula,
1495 3186 1695 3250 furcas,

387 3278 564 3347 Atque
591 3275 842 3346 amplexa
872 3290 1002 3331 suas
1024 3275 1177 3333 uncis
1201 3283 1343 3332 tenet
1375 3274 1646 3346 unguibus
1676 3272 1829 3330 alnos

384 3361 466 3417 Ne
497 3378 626 3417 vero
654 3360 849 3419 insano
880 3363 1062 3420 divelli
1092 3363 1306 3422 turbine
1334 3364 1527 3435 possit,

385 3448 531 3516 Quot
557 3459 789 3524 generat
817 3451 1010 3522 nodos,
1044 3459 1121 3508 tot
1141 3452 1254 3524 jam
1285 3452 1594 3508 retinacula
1613 3451 1794 3506 trudit.

384 3537 453 3592 Et
478 3538 738 3610 quoniam
766 3539 1036 3612 duplicem
1064 3541 1366 3612 producunt
1399 3540 1613 3614 singula
1630 3539 1834 3610 funem,

385 3625 636 3702 Undique
666 3626 920 3686 fulturam
943 3629 1131 3688 dextra
1160 3629 1407 3702 laevaque
1438 3629 1804 3701 prehendunt.

380 3715 448 3771 Et
477 3715 620 3771 velut
650 3716 706 3772 in
734 3716 913 3774 fusum
943 3727 1133 3776 nentes
1162 3734 1288 3776 cum
1317 3735 1489 3789 pensa
1514 3716 1710 3789 puella:

379 3802 561 3859 Mollia
590 3804 878 3883 trajiciunt,
913 3806 1182 3882 spirisque
1210 3807 1524 3879 ingentibus
1544 3821 1761 3862 omnem

381 3891 620 3949 Filorum
650 3893 850 3952 seriem
880 3895 1141 3966 pulchros
1164 3903 1436 3952 metantur
1466 3896 1522 3954 in
1549 3893 1736 3961 orbes,

379 3980 468 4038 Sic
498 3997 642 4054 vaga
671 3983 940 4042 tortilibus
970 3985 1237 4059 stringunt
1267 3993 1485 4043 amenta
1508 3988 1713 4044 catenis

378 4069 675 4137 Scalarum,
707 4079 910 4130 teretes
940 4073 1330 4146 involvuntque
1358 4073 1504 4133 illico
1532 4076 1738 4148 virgas,

381 4157 597 4214 Viribus
627 4168 680 4215 et
701 4160 917 4216 discunt
945 4161 1137 4216 alienis
1166 4170 1307 4218 tecta
1339 4179 1600 4219 cavarum

377 4247 561 4302 Ardua
589 4249 892 4318 porticuum
922 4249 1128 4305 volucri
1157 4266 1414 4321 superare
1439 4260 1628 4308 natatu
1658 4270 1702 4308 b.

373 4335 496 4392 1am
525 4337 647 4408 quis
676 4353 838 4410 poma
871 4347 1035 4410 queat
1063 4339 1232 4394 ramis
1260 4340 1555 4409 pendentia
1583 4342 1793 4412 passim

373 4424 558 4480 Mirari
583 4425 752 4499 digne
783 4431 808 4483 7
833 4443 957 4499 quae
985 4443 1096 4483 non
1123 4427 1304 4482 minus
1330 4428 1566 4501 undique
1596 4431 1760 4487 certis

376 4513 512 4572 Sunt
531 4513 760 4572 formata
788 4516 911 4582 viis,
943 4532 1107 4588 quam
1134 4517 1182 4572 si
1210 4517 1464 4574 tornatile
1493 4518 1705 4591 lignum

372 4600 640 4674 Inspicias
670 4603 852 4660 medio
881 4619 1088 4672 rasum,
1120 4606 1268 4677 quod
1295 4607 1619 4678 mymphure
1647 4616 1881 4666 constat.

372 4689 472 4746 Illa
501 4691 739 4762 quidem,
769 4693 957 4764 gracili
982 4694 1215 4765 primum
1242 4695 1483 4751 demissa
1511 4696 1750 4769 ﬂagello,

374 4777 629 4852 Oblongo
661 4781 922 4854 tenuique
948 4781 1129 4838 ferunt
1156 4783 1398 4854 ingentia
1427 4784 1572 4840 collo

373 4867 617 4939 Corpora
649 4888 662 4924 :
697 4879 810 4925 tum
839 4879 1053 4926 vastum
1084 4871 1297 4927 laxatur
1322 4873 1379 4926 in
1403 4873 1496 4927 ilia
1527 4875 1759 4944 pondus,

370 4956 563 5012 Totum
592 4968 781 5016 venter
809 4959 991 5026 habet,
1026 4967 1195 5016 totum
1226 4961 1401 5028 alvus,
1436 4970 1490 5018 et
1519 4961 1664 5019 intus
1684 4963 1898 5020 aluntur

370 5045 540 5101 Multa
569 5063 870 5105 cavernoso
901 5050 1186 5121 sejunctim
1217 5067 1440 5106 carcere
1471 5068 1662 5125 grana,

373 5131 629 5204 Quaa_tibi
658 5137 1000 5193 consimilem
1028 5147 1254 5210 possunt
1285 5139 1597 5210 promittere
1631 5157 1890 5198 messem.

368 5221 509 5294 Ipsis
539 5222 669 5295 quin
698 5225 862 5280 etiam
891 5227 1068 5284 toneri
1099 5227 1198 5283 sub
1229 5236 1478 5300 tempore
1508 5228 1717 5286 fructus

368 5313 506 5369 Ante
535 5312 731 5369 humor
759 5330 924 5388 quam
952 5316 1134 5373 clausa
1162 5316 1336 5374 latens
1364 5335 1464 5394 per
1493 5318 1705 5376 viscera
1736 5336 1860 5376 sero

414 5477 433 5503 ι
482 5472 813 5533 tngeniosum
864 5475 942 5522 est
985 5473 1108 5525 illud
1169 5480 1318 5537 caput
1348 5478 1412 5524 de
1475 5477 1752 5532 cucurbita.
1795 5489 1887 5526 nec
1938 5490 1964 5525 a

365 5541 661 5593 melioribus
680 5543 971 5593 auctoribus
992 5545 1172 5595 melius
1190 5550 1547 5597 concinnatum
1581 5551 1793 5600 videtur.
1835 5551 1966 5601 Ban-

368 5620 529 5662 "IIIIS.

961 227 1364 282 WALAFRIDI
1394 227 1638 281 STRABI
1667 227 1868 282 FULD.
1901 226 2073 282 MON.
2105 227 2257 281 OPP.
2287 227 2489 282 PARIS
2515 227 2608 280 ΠΙ.
2641 256 2712 266 -
2741 221 3076 281 CARMINA.

2027 353 2081 412 Α
2108 349 2364 405 Autumni
2385 349 2621 405 adventu
2651 358 2910 415 rarescat,
2943 358 2998 406 et
3025 349 3180 405 arida
3208 350 3414 406 circum

3574 229 3712 292 “34

2101 438 2378 496 Restiterit
2409 440 2566 505 cutis,
2591 438 2735 494 inter
2763 455 2896 509 opes
2927 439 3160 494 transire
3186 439 3432 497 ciborum

2099 527 2256 598 Saepe
2285 527 2552 590 videmus,
2586 535 2639 584 et
2665 527 2875 584 ardenti
2906 527 3178 600 sartagine
3209 528 3470 600 pinguem

2099 616 2423 672 Combibere
2453 617 2722 681 arvinam,
2757 626 2807 671 et
2827 617 3103 686 placidum
3132 624 3419 690 segmenta
3437 632 3701 690 saporem

2097 703 2266 758 Ebria
2293 704 2566 758 multoties
2593 705 2800 759 mensis
2830 713 3087 774 prmstare
3119 705 3395 760 secundis.

2099 791 2156 847 Si
2175 807 2307 848 vero
2336 791 2507 848 aestivi
2541 793 2734 848 sinitur
2761 792 3056 864 spiramina
3086 793 3218 849 solis

2099 882 2230 937 Cum
2262 880 2524 952 genitrice
2554 882 2686 952 pati,
2720 891 2772 938 et
2804 891 3016 939 matura
3051 881 3188 940 falce
3219 881 3413 949 recidi,

2099 969 2247 1024 Idem
2278 969 2418 1024 fetus
2449 971 2504 1024 in
2534 971 2783 1025 assiduos
2816 970 3106 1026 formarier
3134 987 3266 1026 usus

2097 1057 2362 1120 Vasorum
2392 1059 2607 1130 poterit,
2640 1067 2794 1116 vasto
2824 1061 2954 1114 dum
2984 1060 3195 1115 viscera
3226 1067 3417 1116 ventre

2095 1147 2404 1220 Egerimus,
2438 1147 2578 1202 facili
2612 1149 2868 1204 radentes
2898 1148 2988 1202 ilia
3015 1157 3188 1204 torno.

2095 1236 2497 1308 Nonnunquam
2535 1237 2636 1292 hac
2665 1236 2860 1309 ingens
2893 1237 3158 1292 sextarius
3187 1237 3403 1292 abditur
3431 1237 3582 1304 alvo,

2096 1323 2374 1379 Clauditur
2403 1333 2494 1378 aut
2520 1324 2701 1396 potior
2730 1341 2997 1379 mensurae
3025 1325 3206 1396 portio
3235 1325 3409 1396 plena:

2095 1414 2388 1483 Amphora,
2423 1430 2546 1484 quas
2573 1413 2730 1484 piceo
2759 1413 2940 1469 linitur
2967 1415 3095 1470 dum
3126 1413 3355 1486 glutine,
3385 1425 3568 1476 servat

2097 1501 2411 1572 Incorrupta
2440 1501 2531 1557 diu
2561 1503 2822 1575 generosi
2842 1503 2985 1558 dona
3014 1503 3178 1575 Lyaei.

2691 1630 2781 1685 Vl.
2814 1630 3092 1686 Papoxes.

2025 1714 2078 1773 Β
2099 1736 2212 1793 Hoc
2242 1735 2402 1791 simul
2430 1736 2488 1792 in
2515 1736 2712 1810 spatio,
2745 1751 2938 1808 campo
2962 1753 3068 1810 quo
3099 1735 3282 1812 ﬁgitur
3309 1737 3432 1794 imis

2095 1825 2224 1880 Haec
2251 1831 2362 1880 tam
2391 1823 2513 1880 laeta
2543 1841 2726 1898 seges,
2759 1823 2850 1882 vili
2880 1840 3043 1899 quam
3072 1825 3314 1882 carmine
3343 1825 3508 1899 pinxi,

2095 1913 2300 1969 Visitur
2328 1913 2550 1970 alterius
2579 1914 2703 1970 vitis
2729 1930 2905 1986 genus
2934 1929 3082 1983 acre,
3112 1931 3212 1986 per
3229 1930 3412 1989 aequor

2094 2002 2328 2073 Serpere
2357 2001 2698 2073 pulvereum,
2730 2011 2784 2059 et
2812 2001 3019 2059 fructus
3048 2003 3255 2061 nutrire
3277 2005 3535 2066 rotundos

2093 2091 2400 2149 Pomorum.
2435 2091 2564 2149 Haec
2593 2091 2806 2164 species
2835 2099 2998 2149 terrae
3026 2108 3188 2163 super
3215 2093 3369 2150 arida
3395 2094 3562 2170 vulgo

2091 2179 2256 2236 Tecta
2278 2180 2486 2250 jacens,
2517 2189 2795 2237 crementa
2824 2181 2968 2252 capit
2989 2181 3372 2252 pulcherrima,
3402 2182 3581 2244 donec

2093 2267 2311 2323 Solibus
2329 2268 2530 2324 astivis
2548 2268 2715 2324 ﬂavos
2745 2268 2969 2325 intincta
3000 2268 3214 2328 colores

2090 2355 2347 2411 Messoris
2376 2357 2620 2413 calathos
2650 2365 2862 2412 matura
2892 2356 3051 2430 fruge
3084 2358 3325 2430 replerit.

2089 2443 2224 2498 Tum
2255 2444 2444 2501 videas
2474 2445 2592 2501 aliis
2623 2444 2860 2516 oblongo
2883 2453 3166 2502 stemmate
3197 2455 3438 2506 ventrem

2089 2532 2418 2598 Demissum,
2451 2533 2600 2590 nucis
2631 2542 2717 2589 aut
2745 2534 2834 2590 ovi
2864 2534 3132 2590 versatilis
3157 2535 3328 2592 instar
3361 2553 3375 2594 :

2095 2621 2188 2678 Vel
2217 2622 2393 2694 qualis
2423 2622 2673 2678 manibus
2703 2622 2981 2694 quondam
3011 2640 3280 2695 suspensa
3300 2625 3506 2696 supinis

2087 2711 2271 2778 Lucet,
2304 2726 2475 2786 agens
2505 2711 2709 2768 circum
2739 2711 2961 2767 lomenti
2991 2712 3134 2768 bulla
3166 2713 3394 2770 salivam

2087 2801 2224 2853 Ante
2253 2815 2445 2855 recens
2472 2808 2776 2856 maceratur
2795 2800 2950 2871 aquis
2980 2817 3144 2872 quam
3167 2817 3358 2872 spuma
3391 2801 3608 2872 refusis,

2087 2887 2226 2941 Dum
2253 2887 2499 2944 lentescit
2527 2889 2704 2946 adhuc
2734 2889 2916 2960 digitis
2945 2889 3291 2958 luctantibus,
3324 2897 3378 2946 et
3407 2908 3464 2950 se

2084 2975 2321 3031 Alternis
2350 2977 2577 3042 vicibus,
2613 2978 2897 3049 studioque
2927 2977 3246 3033 fricantibus
3279 2995 3386 3034 uno

2005 3071 2054 3131 (ι
2086 3065 2233 3119 Inter
2262 3073 2548 3136 utramque
2570 3081 2808 3131 manum,
2841 3081 3009 3137 parvo
3036 3065 3094 3120 fit
3123 3083 3322 3138 parvus
3346 3068 3494 3123 hiatu

2085 3153 2272 3208 Exitus
2305 3171 2317 3206 :
2354 3153 2456 3208 huc
2487 3154 2673 3209 stricto
2703 3153 2841 3209 lenis
2870 3164 3019 3211 meat
3047 3171 3147 3211 ore
3174 3156 3303 3212 Noti
3332 3155 3434 3225 vis,

2083 3241 2458 3313 Distenditque
2484 3257 2674 3298 cavum
2705 3243 2876 3299 vitrea
2906 3243 3004 3297 sub
3035 3243 3275 3316 imagine
3304 3245 3539 3315 pondus.

2080 3329 2150 3384 Et
2178 3337 2421 3386 centrum
2449 3331 2629 3386 medio
2659 3331 2919 3402 confingit
2951 3331 3110 3387 labile
3141 3331 3326 3398 fundo.

2081 3417 2331 3490 Undique
2362 3419 2648 3475 conveniat
2675 3421 2878 3475 cameri
2906 3436 3014 3491 quo
3043 3420 3262 3477 inflexio
3289 3422 3441 3480 tecti.

2079 3505 2231 3579 Ergo
2261 3507 2450 3578 calybs
2479 3509 2637 3577 hujus
2667 3517 2913 3579 penetrat
2943 3509 3073 3565 dum
3103 3509 3318 3568 viscera
3346 3509 3518 3581 pomi,

2078 3594 2238 3650 Elicit
2267 3596 2512 3651 humoris
2540 3596 2726 3669 largos
2755 3614 2880 3654 cum
2909 3597 3119 3655 semine
3151 3599 3297 3656 rivos

2078 3682 2356 3754 Multiplici
2387 3699 2400 3739 :
2431 3692 2544 3740 tum
2574 3685 2773 3741 deinde
2803 3701 2994 3742 cavum
3026 3701 3124 3758 per
3152 3686 3383 3757 plurima
3412 3694 3602 3759 tergus

2079 3770 2272 3826 Frusta
2301 3788 2464 3828 manu
2485 3788 2756 3845 spargens
2785 3774 3067 3832 hortorum
3093 3774 3249 3833 latus
3277 3775 3490 3846 Opimas

2075 3858 2313 3916 Delicias
2349 3861 2575 3917 conviva
2604 3862 2766 3933 capit,
2801 3863 3110 3934 candorque
3141 3879 3411 3937 saporque

2077 3947 2367 4004 Oblectant
2397 3949 2583 4007 fauces
2616 3968 2630 4006 :
2661 3967 2764 4008 nec
2791 3951 2958 4009 duros
2986 3951 3080 4009 illa
3110 3952 3347 4011 molares

2074 4035 2218 4092 Esca
2249 4045 2466 4108 stupere
2493 4039 2641 4102 facit.
2674 4038 2819 4096 facili
2850 4040 2949 4097 sed
2978 4057 3169 4098 mansa
3198 4049 3390 4102 vontu

2077 4124 2139 4180 Vi
2167 4126 2396 4182 naturali
2413 4126 2586 4199 frigus
2614 4144 2716 4198 per
2744 4128 2958 4185 viscera
2985 4129 3167 4186 nutrit.

2597 4251 2712 4305 VII.
2753 4254 3139 4309 Astx'rutuu.

2074 4351 2352 4407 Proximus
2381 4351 2635 4426 absynthi
2661 4351 2887 4410 frutices
2915 4353 3069 4411 locus
3093 4354 3254 4427 erigit
3284 4356 3444 4424 acris,

2002 4425 2054 4485 D
2077 4440 2383 4496 Herbarum
2411 4450 2640 4496 matrem
2669 4442 2987 4499 simulantes
3017 4425 3217 4499 vimine
3246 4444 3412 4501 lento.

2074 4530 2135 4584 In
2163 4527 2304 4584 foliis
2331 4531 2484 4585 color
2512 4538 2593 4585 est
2623 4531 2780 4598 alius,
2815 4532 3088 4606 ramisque
3116 4534 3284 4588 ordor
3315 4533 3450 4589 alter

2074 4617 2390 4684 Puberibus,
2425 4619 2695 4692 longeque
2726 4621 2939 4691 saporis
2969 4622 3209 4676 amorior
3236 4623 3485 4680 haustus.

2073 4705 2398 4763 Ferventem
2428 4707 2705 4763 domuisse
2737 4709 2900 4776 sitim,
2931 4709 3207 4783 depellere
3230 4709 3412 4770 febres

2072 4794 2185 4850 Hoc
2215 4795 2351 4851 solet
2379 4796 2638 4850 auxilium
2669 4796 2819 4853 clara
2849 4798 3043 4854 virtute
3071 4799 3376 4872 probatum.

2073 4884 2127 4939 Si
2157 4883 2527 4956 tibipraeterea
2557 4894 2716 4958 caput
2742 4886 2855 4941 acri
2888 4886 3022 4942 forte
3051 4887 3237 4942 dolore

2071 4971 2322 5028 Pulsetur
2351 4972 2549 5039 subito,
2584 4973 2670 5029 vel
2700 4975 2746 5030 si
2777 4975 2990 5048 vertigo
3021 4975 3225 5048 fatiget,

2070 5061 2240 5130 Hujus
2268 5077 2426 5135 Opem
2449 5062 2663 5129 rimare,
2696 5079 2937 5138 coquens
2964 5063 3263 5120 frondentis
3289 5081 3531 5120 amaram

2070 5149 2339 5220 Absynthi
2371 5150 2584 5218 silvam,
2617 5160 2730 5206 tum
2753 5153 2879 5222 jura
2910 5151 3086 5208 lebete
3117 5154 3301 5226 capaci

2068 5237 2319 5305 Effunde,
2355 5246 2406 5294 et
2436 5240 2626 5310 capitis
2654 5240 2921 5311 perfunde
2945 5243 3227 5297 cacumina
3260 5241 3484 5296 summi.

2071 5326 2191 5395 Quo
2219 5335 2508 5400 postquam
2536 5327 2772 5384 ablueris
2803 5330 3038 5403 graciles
3067 5331 3292 5391 humore
3325 5329 3578 5408 capillos,

2123 5484 2147 5520 δ
2172 5488 2378 5546 Βαηςιι..
2409 5493 2591 5539 meatu.
