4024 6194
473 302 604 353 H37

464 422 587 493 Ipse
619 430 801 477 tamen
827 422 1082 492 precibus
1115 423 1339 493 supplex
1360 424 1636 480 absolvier
1656 434 1679 461 ι
1706 433 1853 493 orat;

464 493 805 549 Luxoviense
834 494 966 563 petit
999 494 1222 564 rapidus
1253 496 1354 548 sub
1385 496 1672 565 gressibus
1702 512 1923 565 agmen.

467 566 712 620 Clericus
742 565 829 619 hic
852 565 1108 635 equidem
1132 565 1242 634 jam
1271 566 1545 621 Ebroinus
1576 568 1631 619 in
1663 565 1852 621 ordine
1872 567 2073 621 mansit

468 636 664 708 Sacro;
697 644 810 708 tum
840 636 1044 708 pariter
1072 652 1283 708 pacem,
1318 638 1641 708 veniamque
1672 646 1935 707 petentes,

468 653 664 699 sacro;
697 653 810 689 tum
840 653 1044 704 pariter
1072 653 1283 761 pacem,
1318 654 1641 708 veniamque
1672 653 1831 707 peten

463 708 530 787 Iit
561 706 820 786 lacryomis
850 706 1046 761 faciem
1095 708 1244 776 argis
1274 708 1553 787 profundit
1583 716 1832 780 uterque,

466 779 633 860 Tuque
672 777 846 831 vicem
879 787 1228 859 peccatorum
1246 777 1329 858 sic
1353 779 1576 859 vincula
1599 777 1872 860 rumpunt.

462 847 614 930 Quos
642 856 795 918 pater
824 849 1084 930 egregius
1112 848 1332 930 monitis
1351 849 1603 902 instruxit
1636 847 1850 913 amicis,

463 918 815 993 Quisacrum
845 918 1023 993 studio
1054 922 1437 993 monachorum
1462 929 1682 993 rexerat
1710 937 1927 993 agmen,

464 992 528 1061 Et
558 990 741 1044 docuit
770 990 986 1044 Domini
1018 1008 1139 1061 quae
1170 991 1275 1044 sint
1314 992 1570 1045 mandata
1601 990 1833 1046 tenenda
1858 1011 1871 1056 ;

463 1059 613 1129 Quos
644 1069 825 1115 tamen
855 1061 923 1114 ad
952 1059 1163 1132 tempus
1195 1062 1525 1129 disjunxerat
1555 1063 1747 1117 ordine
1774 1071 1945 1126 certo,

460 1133 601 1205 Dum
630 1132 845 1201 penitus
869 1140 1081 1205 mentes
1109 1132 1394 1187 discordes
1426 1149 1527 1202 pax
1558 1134 1647 1202 pia
1673 1134 1888 1205 jungat.

462 1203 787 1273 Sicrdemum
820 1203 1025 1256 monuit
1050 1204 1281 1273 jungant
1311 1212 1365 1256 ut
1396 1220 1623 1272 corpora
1654 1203 1861 1259 secum.

462 1272 566 1340 Qui
598 1273 762 1343 patris
792 1274 997 1343 egregii
1029 1272 1273 1329 studiose
1295 1274 1445 1341 jnssa
1474 1274 1765 1339 facessunt,

462 1312 535 1397 Kc
567 1312 785 1397 tandem
820 1312 1042 1397 fbrrbam
1074 1312 1322 1399 monachi
1356 1362 1601 1398 sumsere
1624 1318 1942 1415 benignam.

460 1416 724 1483 Tempore
757 1431 865 1468 non
885 1414 991 1469 alio
1021 1416 1349 1484 produxerat
1376 1417 1558 1468 ultima
1589 1414 1785 1469 metam

462 1485 608 1538 Hora
636 1485 789 1539 ducis
820 1485 942 1540 vitae
973 1485 1181 1539 Hiltrici
1218 1504 1230 1539 :
1266 1487 1459 1539 funera
1489 1503 1633 1540 saeva

459 1554 887 1628 Plebsgcelebrat
911 1555 1120 1628 ;_furvis
1149 1557 1456 1628 conduntur
1479 1558 1723 1611 membra
1756 1558 2045 1628 sepulcris.

457 1625 794 1681 Theodricus
824 1626 1039 1679 tandem
1073 1627 1395 1697 populorum
1421 1629 1545 1695 jura
1576 1625 1831 1697 capessit,

456 1697 500 1768 Ε
531 1696 782 1751 claustris
811 1697 1010 1750 missus
1041 1696 1255 1763 striCtis,
1292 1699 1493 1768 quibus
1524 1696 1657 1752 ante
1692 1700 1973 1753 manebat.

464 1767 604 1841 Ecce
633 1775 810 1841 autem
850 1767 1101 1841 populus,
1135 1767 1344 1841 diversa
1366 1779 1512 1841 parte
1544 1771 1934 1841 propinquans,

1543 300 1702 353 rm.
1749 300 1803 354 s.
1847 298 2305 355 LEODEGARII.
2361 324 2430 339 -
2462 282 2585 355 Lis.
2630 303 2668 353 ι.

2098 424 2148 484 Α
2172 420 2346 491 Quem
2374 423 2539 478 voluit
2568 432 2719 479 vates
2747 439 2915 479 censu
2942 425 3145 480 donare
3176 426 3434 491 benigno.

2084 1782 2133 1839 B

3646 304 3778 355 H38

2172 471 2393 548 [ﬁdibus
2424 503 2476 548 et
2506 495 2742 564 prOpriis
2773 496 3029 550 comitatu
3060 495 3289 550 reddere
3304 471 3504 551 £betam
3538 514 3549 552 :

2171 567 2351 618 —Cur
2378 566 2571 620 mediis
2603 566 2797 621 tacitus
2826 566 3065 620 tenebris
3096 576 3145 620 te
3181 567 3326 621 tollis
3357 575 3409 621 et
3438 567 3619 623 aufers
3648 572 3671 622 .9

2170 637 2339 709 Ergo,
2375 653 2499 707 age,
2530 637 2635 709 dic,
2670 638 2852 709 sodes,
2885 638 3114 691 dederas
3143 654 3245 692 nec
3275 640 3518 691 membra
3551 638 3713 709 quieti
3750 656 3762 690 :

2172 707 2450 776 Paulisper
2480 708 2648 762 satius
2678 707 2853 762 fuerat
2881 725 2981 778 per
3010 708 3142 761 lucis
3173 725 3385 763 amoma

2169 778 2441 850 Pergere;
2473 778 2711 850 latrones
2740 780 2914 833 noctis
2948 781 3045 833 sed
3075 788 3317 850 tempora
3335 787 3582 850 quan-unt
3608 797 3620 831 :

2169 848 2336 920 Filius
2364 858 2445 902 ast
2477 849 2613 903 lucis
2644 850 2843 920 devitat
2871 851 3048 905 noctis
3077 848 3266 920 opaca.

2169 918 2498 992 unfraudes
2528 927 2741 992 tractas,
2776 918 3034 990 fugiendo
3067 918 3244 975 meme
3273 919 3513 992 maligna
3534 922 3560 975 ?
3591 950 3659 960 -—

2168 989 2429 1044 Redditus
2458 998 2510 1043 at
2540 991 2777 1059 prOpriis
2806 992 3099 1053 Ebroinus,
3135 992 3343 1045 liedera
3372 989 3526 1060 pacis

2168 1060 2262 1132 [Iis
2292 1062 2508 1132 mandat
2543 1062 2777 1128 primum
2808 1062 2975 1115 tenuit
3004 1080 3140 1132 quos
3172 1071 3297 1115 ante
3329 1062 3600 1123 inimicos,

2166 1129 2403 1185 Offensis
2434 1132 2650 1186 tandem
2682 1133 2759 1187 sic
2792 1149 2849 1187 se
2882 1129 3104 1187 sociavit
3134 1134 3388 1187 amicum.

2166 1202 2290 1256 [Irec
2323 1204 2419 1255 sed
2449 1212 2637 1257 cuncta
2670 1203 2810 1271 gerit
2841 1203 3124 1256 simulator
3153 1204 3315 1257 corde
3347 1202 3561 1255 sinistro
3596 1220 3609 1254 :

2166 1272 2277 1326 Hoc
2310 1274 2503 1343 probat
2536 1282 2587 1327 et
2618 1273 2776 1337 finis;
2810 1290 2936 1327 nam
2966 1283 3085 1343 post
3119 1275 3252 1339 haec,
3274 1274 3389 1343 ipse
3407 1273 3676 1343 malignos

2162 1342 2448 1414 Congessit
2478 1345 2656 1397 socios
2689 1345 2843 1413 regi;
2880 1360 2939 1397 se
2967 1342 3191 1413 praebuit
3227 1342 3387 1407 ultro,

2162 1414 2328 1486 I_nque
2362 1415 2767 1486 prioreigradu,
2812 1430 3011 1484 magno
3042 1415 3332 1486 mandante
3362 1424 3613 1484 tyranno,

2160 1483 2476 1553 Susceptus,
2510 1483 2788 1555 Majorqne
2818 1486 3012 1539 domus
3042 1485 3239 1539 dehinc
3269 1483 3393 1555 ipse,
3413 1493 3649 1545 creatur,

2161 1554 2419 1625 Princeps
2451 1563 2499 1608 et
2532 1554 2839 1625 procerum,
2874 1555 3119 1610 firmatur
3150 1554 3600 1625 regesecundus.

2158 1668 2277 1723 XII.
2296 1671 2567 1726 Ebroinus
2590 1688 2691 1743 per
2711 1675 2917 1726 cuncta
2944 1673 3193 1743 nefanda
3223 1672 3518 1741 tyrannica
3546 1684 3767 1740 grassa-

2290 1743 2404 1805 tur,
2426 1746 2480 1794 et
2512 1742 2911 1812 Leodcgarium
2941 1744 3371 1815 opprinu'mtum
3401 1743 3628 1797 statuit.

458 1837 665 1908 Regem
694 1838 801 1891 adit
838 1836 865 1892 ε’
890 1836 1460 1909 ιίΙΟιεωηιιεΙῙιιιιῐιὶιρε
1482 1836 2054 1911 ηόδρὸινωίρριοηῑρς,
2084 1836 2125 1839 ﬁ
2164 1838 2283 1890 )on
2316 1836 2634 1891 furibundus
2664 1838 2778 1908 agit
2809 1839 3055 1893 stimulos
3088 1840 3187 1891 sub
3219 1846 3437 1961 pectore
3469 1837 3651 1908 nigro.

458 1909 521 1961 Ut
553 1908 781 1961 reduces
810 1908 1000 1961 iubeas
1033 1918 1247 1961 nostros
1278 1927 1522 1961 remeare
1556 1919 1831 1961 natrmms.
1880 1936 1899 1957 ν
2161 1909 2222 1960 [It
2258 1908 2414 1961 lunus
2442 1907 2688 1961 infestus.
2724 1909 2883 1961 siccis
2912 1910 3041 1961 dum
3077 1910 3215 1961 fauci
3236 1927 3322 1961 ηις
3354 1915 3495 1961 aret.

3236 1927 3255 1961 )

457 1909 521 1961 Ut
553 1908 781 1962 reduces
805 1908 1000 1976 jubeas
1033 1908 1247 1963 nostras
1278 1927 1522 1964 remeare
1556 1908 1831 1979 patronos.
1880 1936 1899 1957 ν

457 1980 636 2032 Ardor
667 1980 809 2034 inest
838 1980 1048 2034 cunctis
1074 1982 1355 2035 amborum
1390 1998 1617 2035 eernere
1648 1983 1873 2044 vultum,

457 2049 688 2123 §edibus
720 2058 777 2103 ut
806 2050 1002 2123 priscis
1034 2051 1189 2105 ltetus
1219 2053 1472 2105 reddatur
1505 2062 1749 2123 uterque,

458 2121 730 2193 Ebroinus
761 2120 903 2193 enim
936 2137 1145 2193 necnon
1187 2131 1237 2175 et
1268 2123 1558 2193 episc.0pus
1589 2120 1762 2177 alinus

454 2190 762 2263 Leudegar.
806 2192 1056 2263 Placidus
1090 2201 1272 2247 contra
1304 2190 1384 2247 sic
1415 2190 1537 2247 orsa
1561 2194 1839 2263 respondit
1871 2214 1881 2248 :

457 2283 477 2310 ι
516 2262 610 2327 Ite,
645 2262 778 2316 viris
811 2262 976 2316 claris
1008 2264 1164 2316 citius
1195 2280 1317 2319 mea
1349 2264 1489 2318 dicta
1526 2262 1719 2319 referte
1756 2283 1766 2317 :

455 2332 533 2404 Sit
570 2332 653 2404 fas
681 2333 752 2404 ad
781 2334 1033 2403 prOprias
1057 2335 1218 2388 sedes
1250 2351 1529 2389 remeasse
1561 2344 1837 2404 patronos.
1878 2357 1894 2383 ι

453 2403 747 2456 Confestim
781 2420 1061 2473 proceres,
1097 2406 1270 2459 veloci
1302 2406 1437 2460 calle
1472 2403 1696 2467 viantes,

456 2475 653 2543 Usque,
684 2476 1070 2528 monasterium
1098 2476 1189 2529 tali
1222 2493 1342 2530 cum
1373 2493 1503 2531 voce
1540 2486 1828 2530 recurrunt
1854 2496 1865 2529 :

456 2566 491 2619 ε
514 2544 721 2619 Redde,
739 2554 928 2619 pater,
964 2554 1119 2599 notos
1151 2556 1333 2616 patres
1382 2564 1524 2602 nunc
1557 2549 1740 2613 redde,
1778 2563 2051 2619 rogamus,

453 2613 620 2681 Queis
652 2615 681 2687 ᾖ
708 2613 823 2669 sine
860 2613 1165 2686 pertaesum
1184 2626 1263 2670 est
1294 2634 1491 2687 supera
1498 2619 1605 2685 jam
1630 2613 1878 2673 vescier‘C
1897 2634 2048 2672 aura.

453 2678 625 2740 Cerne
658 2678 934 2757 t'atigatos,
969 2688 1108 2740 imus
1138 2704 1237 2757 per
1267 2678 1429 2757 longa
1462 2678 1670 2742 viarum

454 2756 569 2832 Huc
603 2756 797 2826 spatia.
844 2779 865 2806 ι
902 2758 991 2832 IIis
1017 2756 1194 2832 dictis,
1227 2756 1428 2832 mansit
1443 2768 1596 2829 pater
1624 2761 2047 2832 obstupefactus.

456 2849 479 2900 ξ
505 2828 595 2900 _Ne
627 2845 735 2892 me,
778 2845 845 2882 ne
874 2830 941 2882 ad
972 2831 1102 2882 tafes
1135 2828 1491 2900 constringite
1512 2846 1727 2893 causas,

452 2898 699 2969 Dixerat,
732 2906 787 2952 ut
819 2916 1015 2969 cogam
1037 2900 1269 2953 famulos
1302 2898 1549 2955 remeare
1584 2910 1883 2955 retrorsum

449 2968 820 3040 Christicolas.
858 2995 879 3017 ι»
902 2968 1153 3024 Tandem
1189 2972 1422 3040 spatium
1458 2972 1726 3025 concessit
1754 2973 1919 3024 eundi

453 3039 658 3113 Invitus
688 3040 940 3113 precibus
965 3039 1315 3113 rogitantum,
1351 3043 1447 3096 sed
1476 3043 1649 3111 magis
1680 3041 1752 3095 illi

452 3109 608 3163 Inviti
640 3109 853 3165 cessere
884 3109 1336 3166 locofBenedixit
1365 3122 1555 3166 euntes

450 3183 701 3262 éttamen
717 3182 978 3262 egregius
1005 3200 1073 3262 :.«
1107 3184 1213 3262 Pax
1232 3199 1327 3236 vos
1342 3199 1481 3237 nunc
1518 3198 1729 3236 summa
1752 3191 2012 3252 sequatur
2035 3203 2046 3236 :
2085 3173 2131 3197 υ

448 3252 773 3323 Concordes
790 3252 1004 3307 animos
1027 3253 1346 3323 jugiterque
1380 3262 1566 3307 tenere.
1599 3269 1825 3307 necesse
1856 3263 1933 3305 est
1960 3272 1972 3307 :

447 3322 714 3376 Cordibus
742 3324 796 3377 in
827 3324 1028 3377 vestris
1060 3322 1293 3378 exsultet
1326 3341 1425 3394 pax
1449 3324 1534 3394 pia
1564 3340 1802 3392 semper.
1842 3345 1861 3369 υ

446 3411 541 3463 XI.
565 3413 708 3466 Dum
720 3414 865 3466 cives
886 3414 1285 3482 Leortcgarium
1298 3416 1526 3468 ovantes
1538 3413 2050 3483 excipiunt.Ebroi-

524 3498 631 3537 ntus
660 3500 830 3539 novas
851 3484 1084 3554 fraudes
1112 3485 1365 3545 molitus,
1398 3484 1680 3555 palatium
1713 3484 1935 3553 repetit.

448 3579 731 3651 Progressi
762 3580 965 3650 pariter
992 3589 1248 3651 pergunt,
1284 3580 1515 3650 urbique
1543 3580 1922 3651 propinquant,

445 3648 620 3717 Quam
651 3648 927 3721 quondam
958 3648 1176 3705 monitis
1204 3652 1383 3705 clarus
1406 3648 1713 3705 sacraverat
1747 3648 1928 3704 almis.

445 3721 556 3803 δερ
585 3721 933 3803 morm-fama
964 3722 1089 3777 citat
1121 3723 1371 3803 pOpqus,
1424 3722 1530 3803 ruit
1581 3722 1821 3803 undique
1867 3722 2039 3787 turba,

446 3792 588 3845 Urbs
616 3793 882 3862 populosa
914 3802 1090 3857 sonat,
1118 3792 1381 3861 jaculatur
1407 3792 1614 3847 clamor
1640 3792 1873 3862 Olympo
1897 3810 1909 3845 :

444 3862 625 3936 Pergit
646 3863 701 3915 in
720 3878 1031 3936 occursum,
1062 3879 1264 3936 magno
1297 3863 1586 3936 comitante
1618 3863 1885 3936 triumpho
1920 3881 1930 3915 :

443 3932 601 4005 Plebs
625 3952 639 3996 ;
675 3934 873 4005 pariter
903 3932 1339 4003 prOperat'laztus
1362 3935 1640 4005 majorque
1661 3934 1966 4005 minorque,

447 4003 628 4075 Patres
657 4019 719 4057 ac
745 4004 994 4071 juvenes,
1028 4005 1199 4074 pueri,
1234 4003 1579 4075 innuptzeque
1610 4004 1824 4074 puellas,

443 4073 639 4145 [utres
671 4076 989 4142 conjunctze,
1031 4073 1689 4145 matrumqne’sub‘ubere
1721 4076 1867 4133 nati;

442 4144 595 4216 Etas
615 4153 808 4216 cuncta
842 4146 1004 4216 volat,
1038 4147 1172 4200 laetis
1207 4144 1584 4199 resonantibus
1624 4146 1857 4216 hymnis,

444 4215 679 4287 suscipit
707 4215 990 4286 egregium
1024 4225 1250 4285 patrem,
1284 4233 1444 4287 quem
1476 4215 1755 4287 planxerat
1785 4216 1935 4273 olim.

444 4286 776 4366 Abscessum
806 4288 1006 4366 sua-de.
1030 4287 1178 4347 sede,
1214 4286 1418 4366 quievit
1446 4286 1513 4340 ab
1545 4287 1646 4341 isto

440 4359 576 4410 Actu
602 4357 627 4394 ά
657 4358 849 4421 turba;
884 4357 1080 4411 dehinc
1114 4357 1244 4411 socni
1276 4358 1571 4411 incubuere
1603 4359 1813 4411 serenis

439 4427 558 4480 Jam
589 4427 835 4496 dapibus,
873 4428 1071 4495 pariter
1100 4428 1348 4482 convivia
1382 4428 1497 4482 laeta
1529 4427 1915 4498 frequentant;

444 4498 735 4552 Instructas
765 4499 951 4567 epulas
981 4507 1190 4553 certant
1218 4499 1557 4553 circumdare
1590 4515 1808 4552 mensas
1842 4516 1853 4553 :

443 4568 639 4641 Sicque
668 4568 811 4621 diem
845 4569 1024 4641 laetum
1055 4570 1274 4634 ducunt,
1321 4571 1473 4641 dum
1499 4586 1696 4639 vesper
1744 4571 2033 4641 Olympum

440 4638 645 4710 Clausit
676 4657 690 4701 ;
717 4640 1128 4710 suadebantque
1158 4641 1399 4694 cadentia
1431 4638 1612 4694 sidera
1642 4638 1909 4694 somnum.

438 4712 504 4762 At
536 4708 682 4762 ferus
712 4709 813 4762 ista
844 4718 1001 4763 tuens
1032 4708 1305 4764 Ebroinus
1337 4719 1517 4764 mente
1550 4711 1785 4773 sinistra,

440 4778 625 4850 Livida
656 4780 817 4834 corda
852 4780 1045 4850 premit
1074 4781 1207 4837 diris
1238 4781 1436 4835 infecta
1471 4782 1713 4835 venenis.

440 4849 593 4902 Haud
621 4858 823 4919 poterat
856 4849 1076 4920 placida
1109 4868 1207 4921 per
1237 4854 1348 4906 haec.
1389 4853 1692 4905 consistere
1725 4862 1923 4907 mente.

438 4928 541 4993 Qut
573 4922 843 4993 membris
863 4922 1074 4975 solitam
1104 4923 1278 4976 noctis
1302 4931 1561 4991 pnestare
1587 4923 1846 4993 quietem.

440 4989 582 5062 Quin
612 4991 793 5062 potius
823 4991 1062 5045 fraudem
1094 4989 1362 5047 celaverat
1390 5010 1485 5047 ore
1508 4989 1706 5047 sereno
1742 5012 1752 5045 :

440 5061 894 5134 Donecobtectus
926 5064 1164 5118 tenebris
1203 5063 1406 5133 aufugit
1438 5064 1658 5134 iniquis,

440 5130 796 5253 IchOmIlaélég
813 5134 941 5193 abit.
979 5150 1177 5203 magno
1205 5130 1475 5187 fraudatus
1508 5130 1739 5187 honore.

559 5218 666 5253 ers.
748 5209 757 5221 ‘
809 5244 821 5253 .

559 5218 666 5255 ers.
694 5207 796 5257 369
809 5244 821 5256 .

492 5390 516 5435 μ
536 5377 571 5435 ,Α
584 5371 900 5435 ῡεριυίειζηϐῐ.
924 5386 968 5435 v_.
996 5380 1202 5435 186.249.
1227 5380 1285 5423 L't
1309 5378 1455 5422 modo
1492 5378 1770 5429 Virgilium,
1797 5380 1860 5422 ita
1903 5389 2035 5422 nunc

439 5427 613 5471 auctor
633 5428 912 5473 Lucretium
945 5430 1177 5475 imitatur.

490 5484 516 5519 b
546 5480 680 5533 ouis,
704 5480 813 5526 cod.

490 5553 512 5580 ο
543 5533 609 5578 cr.
624 5545 681 5589 v.
712 5537 802 5584 186.
824 5538 935 5589 2.19,,
962 5539 1058 5579 eos.

491 5590 518 5648 it
548 5588 684 5648 49m.
705 5589 890 5648 Forsan
928 5588 1194 5648 legendum
1216 5589 1399 5635 luctu?
1435 5590 1580 5648 _Ac_si
1615 5590 1826 5648 dixisset
1865 5591 2036 5637 noster

438 5640 525 5702 {aut
542 5639 714 5702 dicere
738 5639 1197 5702 voluissetinrbeui
1228 5654 1255 5686 a
1303 5653 1395 5688 suo
1435 5645 1876 5702 luctu__quievi_sse,
1918 5655 2033 5702 cum

438 5690 775 5747 Leodegarius
799 5690 1046 5739 fuisset'in
1079 5696 1247 5740 sedem
1287 5706 1427 5741 suam
1467 5690 1746 5749 restitutus,
1768 5698 1831 5742 iis
1852 5690 2035 5745 amotis

2161 1909 2222 1960 [It
2258 1908 2414 1977 lupus
2442 1907 2883 1971 infestus,'siccis
2912 1910 3041 1963 dum
3077 1907 3322 1962 faucibus
3354 1915 3495 1969 aret,

2158 1978 2316 2050 )Iolle
2356 1994 2523 2047 pecus
2555 1988 2771 2050 vastans
2801 1981 2992 2033 avidus
3024 1980 3335 2050 manditque
3368 1978 3639 2050 trahitque

2156 2048 2384 2120 Territat
2415 2049 2769 2120 imbellesque
2799 2052 2942 2103 feras
2973 2051 3058 2103 leo
3088 2048 3314 2103 vocibus
3343 2049 3492 2111 atris,

2160 2119 2365 2191 Irarum
2394 2120 2603 2191 plenus,
2641 2119 2960 2191 trepidantia
2991 2120 3127 2174 colla
3160 2121 3392 2191 fatigans

2156 2188 2349 2312 Erigit,
2384 2199 2476 2243 aut
2505 2190 2662 2243 aliter
2694 2188 2847 2245 furiis
2868 2192 3102 2260 jactatus
3133 2200 3180 2244 et
3214 2188 3312 2253 ira,

2156 2260 2244 2312 Ca}
2284 2260 2405 2312 ibus
2438 2260 2692 2312 insistens
2723 2262 2876 2312 diris.
2920 2262 3201 2312 funditque
3230 2278 3307 2312 (ειη

2155 2260 2405 2332 βῖεάίιηιδ
2438 2260 2692 2313 insistens
2723 2262 2876 2327 diris,
2920 2262 3201 2332 funditque
3230 2274 3484 2332 cruorem

2154 2331 2452 2384 Inuocuum
2511 2332 2756 2385 homines
2784 2329 3128 2401 prostrantur
3154 2348 3301 2386 more
3330 2339 3351 2363 °
3380 2329 3565 2401 duelli.

2154 2401 2288 2453 Nam
2320 2401 2502 2471 plures
2534 2400 2821 2472 procerum
2852 2403 2960 2456 vita
2991 2403 3237 2472 spoliavit
3268 2410 3319 2455 et
3344 2400 3529 2461 armis,

2158 2471 2375 2543 Finibus
2405 2481 2456 2525 et
2488 2471 2675 2542 patriis
2705 2474 2902 2527 multos
2934 2473 3211 2543 depellere
3241 2479 3431 2543 certat,

2153 2542 2366 2595 Divitiis
2406 2544 2543 2596 alios
2574 2560 2829 2613 proceres
2859 2542 3177 2613 proscripsit
3210 2542 3425 2596 amatis.

2153 2612 2279 2666 Tale
2311 2614 2491 2667 scelus
2525 2612 2769 2683 patrans,
2800 2612 2917 2668 actu
2952 2616 3246 2669 bacchatur
3277 2612 3479 2682 iniquo.

2156 2684 2365 2760 Interea
2396 2694 2545 2737 vates
2568 2685 2838 2760 residens,
2874 2686 3169 2760 urbemque
3199 2686 3533 2760 gubernans

2154 2754 2512 2808 Commissam
2536 2756 2657 2819 sibi,
2692 2772 2787 2809 seu
2817 2756 3036 2809 monitis
3068 2752 3379 2809 sacraverat
3408 2752 3586 2806 almis.

2154 2824 2447 2879 Confestim
2478 2826 2660 2880 infelix
2690 2826 2979 2891 Ebroinus,
3017 2835 3238 2891 pectore
3271 2834 3446 2887 torvo,

2153 2895 2385 2948 Sedibus
2423 2905 2475 2949 et
2505 2896 2739 2966 propriis
2772 2905 2965 2952 tractat
2996 2895 3287 2950 detrudere
3317 2904 3513 2950 vatem.

2157 2987 2186 3038 «_
2217 2965 2309 3038 Ille
2342 2965 2511 3029 meis,
2534 2965 2721 3038 inquit,
2756 2968 2953 3037 palmis
2980 2968 3184 3021 illaesus
3210 2967 3399 3033 abibit,

2153 3035 2255 3103 Qui
2286 3038 2442 3090 toties
2475 3035 2657 3092 contra
2687 3035 2903 3093 mecum
2931 3039 3169 3093 conflixit
3200 3038 3397 3097 eundo,

2153 3106 2219 3188 Ut
2259 3124 2367 3187 non
2398 3108 2662 3188 percipiat
2690 3110 2897 3188 meritis
2928 3126 3049 3180 qua:
3075 3117 3319 3188 gesserat
3339 3106 3473 3188 lolim
3496 3108 3523 3160 ξ)

2153 3177 2415 3247 Percipiet
2448 3177 2644 3248 potius,
2675 3177 2966 3234 vindictam
3001 3177 3193 3233 sentiet
3225 3178 3350 3233 ille!

2154 3248 2316 3320 Illum?
2340 3258 2578 3319 pr0pter,
2612 3250 2925 3319 compulsus
2952 3267 3071 3303 sum
3103 3251 3333 3320 perdere
3364 3252 3588 3315 crinem,

2150 3318 2420 3391 Depulsus
2453 3336 2642 3391 regno,
2678 3318 3051 3376 monachalem
3083 3318 3301 3375 sumere
3332 3322 3584 3377 formam.

2149 3389 2409 3459 Conjugis
2438 3389 2726 3459 amplexus
2758 3392 2945 3445 dulces
2975 3400 3027 3445 et
3058 3392 3209 3446 basia
3238 3391 3391 3459 liqui,

2149 3409 2409 3459 bOUJllng
2438 3409 2726 3459 amplexus
2758 3409 2945 3445 uuices
2975 3409 3027 3445 et
3059 3409 3209 3446 nasxa
3238 3409 3274 3445 ιι
3318 3410 3391 3457 Ill,

2149 3458 2348 3531 Oscula
2379 3475 2479 3531 nec
2509 3459 2674 3531 prolis
2704 3462 2845 3531 collo
2876 3478 3144 3531 suspensa
3173 3409 3445 3519 tenebam.

2148 3527 2193 3609 ρ
2222 3528 2353 3609 mihi
2384 3528 2429 3581 si
2460 3527 2752 3609 quisquam
2780 3530 2921 3584 ﬁdus
2952 3527 3089 3609 Hanc
3119 3533 3354 3609 vindicet
3384 3535 3519 3609 iram
3546 3533 3557 3587 !

2148 3600 2262 3683 lmine
2290 3599 2438 3665 ades,
2472 3616 2504 3653 ο
2536 3599 2780 3683 quisquis
2807 3617 3036 3683 cernens
3065 3602 3260 3669 injuria
3290 3605 3483 3683 qualis.
3524 3625 3545 3651 ν

2144 3670 2297 3723 Talia
2328 3670 2574 3723 tractanti
2601 3672 2851 3724 astabant
2880 3672 2987 3726 duo
3016 3682 3195 3726 mente
3227 3670 3484 3735 nefanda,

2147 3741 2239 3792 IIis
2273 3741 2482 3794 tristem
2514 3741 2728 3795 blandis
2757 3741 2914 3797 dictis
2945 3742 3180 3797 mulcere
3215 3742 3456 3797 feruntur
3496 3762 3510 3796 :

2148 3832 2171 3884 ε
2206 3812 2361 3884 Nunc
2390 3811 2830 3884 miserasvoces,
2864 3812 3136 3884 princeps,
3181 3814 3390 3878 jactare
3438 3830 3537 3884 per
3582 3828 3742 3867 auras

2142 3881 2363 3954 Desine,
2400 3882 2575 3952 pande
2601 3882 2779 3954 libens
2810 3881 2931 3954 quae
2961 3883 3029 3937 sit
3054 3881 3325 3937 sententia
3354 3881 3533 3939 cordis
3567 3902 3579 3936 :

2142 3952 2259 4033 Dic,
2294 3968 2416 4024 age,
2452 3970 2551 4033 nos
2581 3952 2738 4033 dictis
2771 3952 3193 4033 ultrqparemus
3225 3963 3489 4033 ovantes;

2144 4023 2285 4097 Ecce
2309 4023 2493 4076 sumus
2516 4023 2735 4097 jamjam
2766 4023 2950 4077 famuli
2989 4025 3261 4095 complere
3307 4028 3453 4097 quod
3496 4035 3673 4097 Optas.
3712 4049 3732 4081 ι

2144 4094 2317 4147 Diddo
2347 4110 2486 4148 unus
2516 4094 2709 4161 dictus,
2743 4111 2954 4149 necnon
2988 4094 3357 4161 Wegemarus
3390 4105 3417 4140 ε
3450 4105 3503 4152 et
3531 4094 3689 4153 alter
3723 4115 3734 4153 :

2143 4186 2164 4235 vi
2198 4164 2343 4219 Ecce
2373 4180 2545 4225 meos,
2579 4164 2771 4219 dilecta
2811 4182 3024 4231 manus,
3058 4168 3296 4221 miserati
3327 4168 3585 4235 dolores;

2138 4234 2368 4308 Semper
2398 4252 2495 4308 vos
2521 4235 2709 4308 firmos
2741 4238 2908 4290 tenui.
2936 4239 3091 4291 Nunc
3124 4238 3213 4295 ite.
3255 4247 3445 4308 parate.

2139 4305 2389 4373 Insidias,
2423 4306 2590 4371 dixit;
2626 4316 2803 4361 vatem
2834 4308 3089 4378 depellite
3122 4305 3273 4363 sede:
3309 4331 3333 4358 ι

2348 4404 2494 4457 XIII.
2529 4405 2993 4474 Augustodunum
3024 4409 3199 4461 armis
3229 4407 3529 4463 obsidetur.

2069 4489 2117 4548 D
2137 4499 2304 4554 Ocius
2327 4508 2414 4572 ast
2446 4501 2519 4553 illi
2551 4509 2755 4555 certant
2785 4502 3007 4572 implere
3032 4504 3273 4571 jnhentis

2141 4571 2430 4645 I_mperium
2463 4588 2685 4645 saevum,
2717 4571 2875 4645 velox
2902 4574 3007 4626 ruit
3038 4574 3273 4645 undique
3305 4574 3478 4632 turba.

2140 4642 2307 4695 Ferro
2337 4651 2580 4695 armante
2611 4643 2791 4695 minax
2822 4644 2979 4707 duro,
3014 4644 3097 4696 vel
3134 4642 3363 4698 fustibus
3392 4646 3542 4699 atris.

2141 4714 2269 4784 Pars
2299 4712 2429 4784 lituo
2460 4721 2677 4766 resonat
2708 4730 2894 4780 vacuo,
2930 4730 3057 4784 pars
3090 4716 3313 4769 vocibus
3343 4716 3506 4780 altis;

2138 4783 2272 4836 Pars
2300 4783 2488 4855 clipeis
2518 4792 2740 4855 cnerata
2772 4785 2877 4838 ruit
2905 4783 3028 4855 post
3059 4794 3208 4855 terga
3243 4786 3489 4840 rotundis

2139 4857 2231 4906 Ast
2263 4853 2351 4906 alii
2381 4854 2574 4923 palmis
2606 4863 2817 4925 gestant
2843 4852 3049 4909 hastilia
3082 4852 3189 4910 lata
3224 4874 3236 4909 :

2140 4925 2272 4995 Pars
2306 4925 2513 4977 levibus
2542 4924 2739 4995 plantis
2771 4924 2904 4991 fidit,
2937 4942 3066 4995 pars
3099 4928 3313 4981 flectere
3346 4928 3482 4981 colla

2139 4994 2443 5066 Alipedum,
2482 4995 2795 5066 f'eretrisque
2824 4994 2972 5051 eavis
3002 5005 3054 5050 et
3084 4997 3289 5066 spicula
3319 4998 3501 5053 trudit.

2136 5065 2319 5137 Tantis
2348 5067 2502 5118 turba
2537 5064 2721 5119 furens
2747 5068 2911 5119 armis
2940 5083 3002 5122 ac
3033 5064 3172 5121 bella
3203 5068 3501 5137 lacessens,

2142 5136 2382 5257 Ibatvper
2413 5151 2652 5260 efégpos,
2688 5137 2985 5208 urbemque
3019 5139 3255 5193 tenebat.

2292 5223 2396 5260 crs.
2543 5249 2555 5260 .

2292 5223 2396 5261 OI'S.
2436 5223 2555 5261 452.

2136 5385 2241 5444 qui,
2263 5385 2383 5444 dum
2408 5386 2674 5444 exsularet,
2696 5385 2865 5444 vicem
2876 5395 3019 5432 suam
3040 5389 3304 5441 gerebant.
3327 5386 3512 5444 Quidni
3551 5386 3733 5431 melius

2140 5439 2406 5492 legendum
2429 5443 2571 5489 aestu,
2593 5442 2647 5483 ut
2679 5450 2724 5481 ν.
2748 5439 2867 5483 398?

2191 5502 2212 5546 9
2242 5498 2471 5546 nomen
2496 5493 2767 5546 legendum
2788 5496 2960 5539 morte.

2192 5541 2208 5575 ί
2235 5549 2355 5591 Actu
2376 5541 2734 5590 forsan‘wstu?

2138 5607 2215 5695 of:
2239 5604 2585 5695 regamur-us.
2626 5598 2765 5651 alibi,
2813 5602 3112 5653 Waimerus,
3165 5600 3430 5653 t'aimirm,
3472 5605 3747 5655 .t'agemar.
