3996 6184
223 293 360 347 1139
707 367 722 390 κ

224 418 514 471 Hortantnr
544 419 716 469 semet
747 412 881 468 socii
917 430 927 466 :
966 433 986 459 α
1025 407 1369 464 Circumdate
1397 419 1582 461 muros

226 487 404 553 Vallo,
438 502 536 541 seu
566 484 730 541 scalis
761 483 884 539 altis
915 497 1058 556 nunc
1076 479 1334 556 _sca_ndit_e
1362 484 1552 556 tectas

225 560 359 613 Pars
390 549 597 629 quatiat
625 556 814 629 subtus
845 554 1052 629 crebro
1069 549 1387 605 fundamina
1414 549 1555 629 inuri

227 620 609 709 ariete-apus-
636 627 797 709 etiam
825 625 1009 709 nervis
1034 624 1234 709 jactata
1254 620 1536 709 {sagittas
1570 634 1581 672 :

231 700 340 768 Qui
368 690 566 754 melior
589 697 806 766 jaculis,
837 695 977 768 adsit
1003 690 1177 758 {date
1207 691 1364 746 fortia
1395 690 1520 768 tela.

231 759 392 825 Nunc
421 785 561 840 opus
589 759 674 840 est
703 759 890 840 coepti,
920 765 1153 840 jnven_es
1187 779 1199 818 :
1233 761 1540 818 concurrite
1569 759 1769 840 cuncti.
1808 780 1830 809 ι»

231 830 488 896 Senserat
516 839 620 893 ista
647 838 746 892 Dei
775 830 1030 891 famulus.
1063 837 1198 888 Tum
1245 840 1546 904 congregat
1573 830 1598 866 δ
1618 846 1834 885 omnem

235 913 372 966 Cum
403 910 657 965 crucibus
687 916 946 964 cunctum
977 906 1152 962 cereis
1182 904 1530 974 lampadibus
1569 910 1709 972 atqe

233 983 449 1037 Clernm
483 998 496 1034 :
528 1001 549 1030 α
587 981 744 1034 Ferte
776 995 990 1045 cruces,
1027 977 1205 1032 claras
1235 982 1426 1029 ornate
1455 974 1742 1036 lucernas;

229 1053 421 1108 Ducite
451 1049 736 1122 relliquias
762 1057 980 1122 sanctas
999 1092 1016 1122 ,
1047 1048 1368 1122 cineresque
1399 1045 1664 1116 priorum.

229 1122 553 1192 Exemplum
584 1117 798 1175 Domini
831 1120 1124 1192 splendens
1152 1117 1427 1171 imitemur
1456 1123 1681 1170 ovantes
1716 1133 1728 1168 :

232 1191 441 1250 Obvius
473 1192 590 1263 ipse
621 1192 772 1262 prior
801 1191 970 1263 turbis
1000 1197 1375 1263 processerat,_
1399 1195 1450 1263 et
1481 1202 1581 1241 nos

235 1258 681 1334 Intrepidi'citius
711 1262 898 1334 turbas
926 1258 1280 1334 properemus
1302 1259 1379 1334 ad
1412 1258 1560 1311 istas.
1599 1279 1619 1306 »

235 1330 479 1390 Dixerat.
515 1335 784 1388 Innocuos
813 1330 982 1386 voluit
1011 1346 1232 1386 servare
1261 1330 1529 1396 bidentes,

237 1405 475 1478 Martyrii
507 1404 575 1459 ad
608 1403 843 1475 palmam
874 1403 1028 1458 larius
1057 1417 1115 1455 se
1147 1400 1377 1472 praebuit
1408 1399 1568 1454 ultro.

229 1520 376 1576 XIV.
393 1519 780 1589 Leodegarius,
800 1519 920 1573 dire
937 1534 1156 1572 exorem
1167 1520 1275 1581 ius,
1295 1517 1503 1589 iterum
1521 1517 1584 1570 in
1613 1533 1838 1572 meruis-

521 1588 660 1645 terio
694 1605 794 1661 per
823 1589 1117 1644 biennium
1148 1588 1485 1643 includitur.

233 1701 303 1752 At
333 1711 443 1752 non
471 1694 744 1753 carniﬁcis
773 1710 965 1766 mucro
989 1702 1118 1749 tunc
1149 1692 1372 1766 praebuit
1410 1692 1598 1756 ictum,

232 1769 502 1838 Tempore
533 1783 640 1838 quo
671 1766 837 1820 voluit
867 1765 1398 1838 caelestemcarpere
1431 1772 1630 1817 sertum
1667 1779 1678 1814 :

232 1836 475 1910 Martyrii
499 1836 664 1910 dilata
693 1845 794 1910 est,
827 1853 935 1891 non
968 1836 1240 1890 subtracta
1268 1850 1492 1910 corona.

230 1904 483 1964 Attamen
511 1908 736 1980 infausta
756 1904 984 1980 l'spreta
1007 1904 1561 1980 _revercntia__Cbristi,

233 1980 416 2036 Factio
444 1979 754 2050 perniciosa
779 1975 1276 2050 manus_injecerat_
1293 1975 1386 2040 illi,

233 2055 410 2122 Atque
442 2045 631 2122 oculos
661 2049 838 2122 claros
868 2047 1090 2122 nimium
1121 2047 1222 2122 sub
1251 2045 1428 2101 fronte
1460 2061 1650 2100 serena

234 2117 390 2176 Eruit
418 2135 484 2176 ac
514 2119 738 2174 strictim
770 2118 880 2173 telo
906 2117 1193 2173 terebravit
1221 2125 1396 2172 acuto.

233 2191 330 2245 Ille
362 2190 528 2262 igitur
554 2188 1008 2262 landesﬁDomino
1037 2195 1333 2262 gratesque
1363 2187 1629 2262 rependit.

235 2259 582 2332 Nam'fertur
609 2261 1162 2332 precibussummum
1207 2259 1457 2332 laudasse
1498 2259 1793 2332 Tonantem
1821 2275 1832 2310 :

241 2353 261 2384 ι
299 2333 378 2388 Sit
403 2331 522 2403 tibi,
553 2328 773 2403 magne,
807 2329 970 2396 salus,
1020 2330 1186 2403 virtus
1215 2338 1266 2383 et
1297 2329 1491 2403 gratia,
1527 2328 1761 2390 Christe,

234 2401 554 2458 Gloriﬁcare
582 2399 747 2458 hodie
777 2410 980 2456 tantum
1013 2401 1105 2472 qui
1134 2417 1222 2456 me
1253 2399 1506 2472 voluisti,
1528 2422 1548 2448 ν

237 2476 481 2546 Cumque
511 2474 689 2546 forent
717 2489 910 2546 vacuas
932 2470 1116 2546 patula
1146 2472 1261 2546 s_ub_
1278 2471 1453 2526 fronte
1485 2470 1754 2531 fenestra),

237 2547 351 2600 Lux
381 2542 563 2602 tamen
587 2545 812 2600 interior
839 2542 1024 2598 micnit
1054 2542 1352 2598 clarissima
1379 2558 1611 2612 semper.

239 2618 394 2690 Saeva
420 2632 616 2671 manus
645 2615 1145 2690 penitustcarnales
1175 2614 1368 2670 clausit
1395 2613 1624 2690 ocellos,

239 2689 461 2743 Summa
498 2685 690 2744 manus
730 2687 913 2744 cordis
944 2685 1132 2741 rutilos
1165 2685 1431 2740 reseravit
1461 2685 1684 2740 ocellos.

237 2759 333 2813 Vir
361 2758 600 2830 humilis,
633 2760 866 2830 patiens,
919 2765 1117 2826 orator,
1149 2756 1344 2822 cultor,
1376 2764 1584 2830 amator

237 2829 545 2913 Permansit
566 2826 792 2913 jugiter,
813 2835 1048 2913 palmam
1069 2843 1176 2913 quo
1205 2833 1457 2913 carperet
1477 2826 1693 2913 almam.

242 2901 445 2968 Rebus,
483 2897 586 2956 heu
609 2897 880 2957 l'nimin'm
911 2897 1192 2960 sceleratis
1221 2897 1410 2953 his’ita
1435 2897 1624 2970 gestis,

240 2973 411 3048 Canto
439 2972 690 3048 cpenobio
711 2974 958 3048 quodam
987 2971 1213 3048 custode
1242 2977 1454 3048 tenetur

233 3043 419 3112 Vates,
455 3043 581 3099 dum
613 3039 755 3100 binis
781 3061 970 3102 arcum
1000 3043 1081 3100 sol
1115 3041 1349 3098 volvitur
1375 3039 1533 3095 annis
1572 3057 1584 3092 :

239 3113 340 3169 Hic
367 3113 519 3170 latuit
547 3116 781 3186 patiens,
822 3117 1008 3172 multis
1029 3113 1276 3185 exempla
1304 3112 1641 3166 ministrans.

230 3219 352 3276 XV.
385 3222 442 3278 S.
475 3222 740 3289 Garinus,
774 3223 1095 3294 Leodegarii
1119 3223 1322 3294 frater,
1365 3217 1643 3294 lapidibus
1689 3217 1844 3273 obru-

523 3297 639 3360 ιω,
673 3291 1207 3364 τηανιῃνὶϊρειηῡιὶε
1237 3291 1554 3346 decoratur.

237 3387 376 3461 I_Iuic
407 3403 707 3461 germanus
736 3396 868 3461 erat,
902 3387 1389 3461 Garinusinomine
1419 3385 1614 3461 dictus,

240 3459 454 3534 Quique
484 3466 632 3534 metu
662 3459 899 3534 propriis
926 3459 1102 3534 fuerat
1129 3459 1388 3534 depulsus
1419 3459 1487 3512 ab
1525 3459 1658 3522 oris,

235 3533 353 3603 iluc
367 3529 754 3603 profugusque
766 3529 930 3598 illuc,
965 3531 1185 3588 incertis
1201 3529 1464 3603 passibus
1494 3546 1712 3584 errans.

237 3602 454 3675 Interea
483 3600 704 3675 profugi
731 3604 970 3675 propriis
1003 3600 1249 3675 remeare
1273 3602 1552 3675 jubentur,

239 3672 594 3746 Servitiisque
624 3672 707 3746 sui
731 3672 910 3729 solitis
939 3674 1192 3746 insistere
1213 3687 1236 3714 ο
1273 3673 1420 3746 regis
1455 3689 1467 3727 :

241 3743 392 3813 Quos
419 3743 562 3798 inter
587 3744 796 3814 pariter
825 3745 1062 3800 Garinns
1085 3745 1274 3815 jussus
1303 3743 1515 3798 adesse.

237 3815 355 3888 Nec
382 3815 563 3870 minus
589 3813 643 3870 et
673 3824 827 3888 vates
854 3825 978 3888 post
1005 3813 1120 3888 haac
1153 3814 1441 3888 adhibetur
1469 3813 1538 3869 ad
1567 3813 1764 3888 aulam.

237 3885 498 3960 Quosque
529 3893 689 3960 tuens
716 3884 1272 3960 princepsEbroinus
1297 3893 1478 3940 mente
1507 3884 1764 3958 maligna,

239 3955 600 4028 Blaspbemiis
630 3955 854 4028 frairem
887 3955 1050 4012 variis
1079 3957 1555 4028 irrisitrutrnmque
1584 3972 1596 4010 :

243 4046 268 4080 ι
299 4027 388 4082 Eri
411 4027 638 4092 meritis,
669 4027 820 4097 dixit,
855 4029 1052 4083 vestris
1081 4027 1325 4083 adsistite
1355 4035 1560 4098 turpes.
1601 4049 1620 4075 »

241 4098 340 4154 His
367 4106 548 4153 motus
574 4098 734 4154 dictis
762 4099 927 4154 fertur
953 4099 1155 4154 dixisse
1188 4099 1394 4160 beatus,

238 4171 426 4242 Longa
455 4171 676 4242 trahens
707 4171 898 4242 tacitus
927 4171 1123 4224 mentis
1158 4169 1409 4242 suspiria,
1445 4176 1594 4242 vates
1629 4188 1641 4224 :

245 4263 269 4312 et
303 4239 517 4296 Nostris
547 4241 664 4297 haec
691 4241 898 4296 meritis
937 4242 1190 4312 patimur,
1239 4239 1365 4312 quia
1391 4239 1634 4312 crimina
1674 4240 1840 4295 multa

241 4311 528 4384 Gessimus
557 4320 682 4384 ante
704 4313 905 4384 Deum,
939 4311 1168 4384 quorum
1198 4311 1565 4384 nujncgdamna
1607 4311 1836 4376 luemus,

244 4384 416 4453 Major
443 4383 601 4454 adest
629 4383 745 4438 istis
775 4381 994 4454 semper
1022 4382 1305 4438 clementia
1333 4381 1552 4454 Christi,

242 4453 764 4527 Nosquidignatur
791 4453 902 4527 vita
931 4455 1137 4527 donare
1167 4453 1411 4527 perenni.

243 4523 434 4581 Infelix
465 4523 723 4592 Ebroine,
756 4525 858 4580 tuis
883 4527 993 4594 jam
1023 4523 1211 4580 desine
1240 4523 1397 4580 factis
1431 4541 1444 4576 :

243 4598 410 4662 Ecce,
441 4595 562 4668 neci
591 4593 1000 4668 multos'stricto
1028 4611 1288 4668 mucrone
1319 4593 1554 4668 parasti;

246 4669 345 4750 In,
363 4667 942 4750 _potius,_mise_rande,
967 4667 1120 4750 subis
1151 4674 1418 4750 tormenta
1449 4681 1639 4746 severa
1667 4683 1678 4720 :

244 4740 329 4794 En
359 4736 456 4793 tibi
479 4745 640 4809 porta
667 4747 815 4809 patet
847 4739 1037 4793 subtus
1068 4738 1328 4794 ferventis
1357 4736 1563 4799 averni,

246 4811 612 4881 Flammarum
643 4809 774 4864 socii
805 4809 998 4881 ﬁentes
1028 4818 1080 4865 et
1109 4817 1261 4881 parta
1285 4809 1556 4881 gelienna,

245 4881 422 4936 Factis
451 4881 507 4935 ni
532 4880 691 4938 citius
715 4880 931 4936 veniam
959 4878 1224 4936 merearis
1259 4878 1326 4932 ab
1357 4878 1493 4932 istis.
1533 4900 1553 4926 υ

247 4951 361 5020 His,
395 4952 594 5024 magis,
625 4951 843 5024 auditis,
874 4951 1029 5024 furiis
1058 4951 1314 5024 incensus
1345 4957 1399 5004 et
1426 4949 1528 5024 ira,

247 5019 369 5077 Iton
400 5019 674 5077 Ebroinus
703 5023 777 5078 ait
809 5019 834 5079 τ’
859 5046 882 5076 α
919 5021 1054 5091 Quae
1080 5037 1180 5078 vos
1207 5020 1483 5076 dementia
1512 5019 1642 5076 fallit
1669 5020 1692 5073 ?

245 5092 384 5165 Hinc
412 5093 598 5165 procul
629 5094 697 5148 ite
727 5093 854 5159 citi;
885 5092 1346 5165 citinspropcllitc
1377 5091 1543 5157 tales;

244 5163 404 5220 Tales
433 5163 694 5217 desistant
723 5180 1005 5218 sermones
1036 5163 1180 5218 ferre
1210 5179 1310 5232 per
1335 5177 1496 5216 auras
1530 5181 1542 5216 :

243 5233 554 5308 Colloquiis
571 5232 950 5308 vanispariter
978 5235 1264 5308 verbisque
1295 5233 1565 5308 fruuntur.

243 5303 479 5363 Garinus
507 5304 666 5361 citius
694 5303 956 5374 plectatur
983 5303 1246 5377 grandine
1277 5305 1414 5358 saxi.

314 5378 470 5433 Vers.
504 5378 628 5432 496.

291 5503 318 5546 g
342 5484 570 5546 ζαοεᾳςρ,
593 5483 765 5546 forsan
789 5480 1030 5528 laetata?

290 5544 318 5580 ι»
348 5536 617 5585 Laudibus.
639 5536 750 5582 cod.

294 5604 318 5630 c
347 5592 594 5638 munere.
617 5589 850 5644 Mendose
875 5586 1148 5644 scripserat
1167 5587 1416 5644 notarius,
1436 5587 1636 5644 insiste.

299 5646 325 5706 ςι
354 5645 496 5706 Finis
524 5645 612 5706 Yix
631 5640 1018 5706 inconsultum-
1037 5640 1414 5706 sesesese!!!
1428 5641 1702 5706 restitues..-
1718 5640 1840 5706 931i?

246 5705 382 5751 sepe
403 5697 452 5740 in
476 5695 784 5743 solascismos
805 5696 1070 5751 impingas.
1099 5694 1374 5749 Scripserat
1394 5703 1454 5737 eo
1477 5694 1568 5738 loei
1592 5694 1839 5740 notarius.

1152 252 1244 340 in
1294 280 1526 337 OPERA
1577 273 1980 332 WALAFRIDI
2019 271 2268 328 suum
2316 270 2696 327 APPENDIX.

1861 401 1918 460 Α
1939 397 2229 463 Festinate,
2263 397 2388 462 viri,
2417 397 2637 452 tandem
2663 396 2912 451 damnate
2945 393 3276 465 superbum;

3402 270 3542 322 I150

1936 468 2270 525 Adstrictum
2302 468 2528 523 sudibus
2555 467 2705 522 duris
2732 467 2976 538 lorisque
3004 465 3190 537 ligate.
3226 483 3252 518 ι

1937 541 2181 596 Cernens
2213 541 2318 596 hoc
2373 547 2546 607 vates,
2578 554 2839 609 promens
2868 539 2966 592 has
2996 545 3217 608 pectore
3247 554 3415 594 voces
3450 558 3464 593 :

1940 634 1962 662 cl
1998 611 2044 667 Ο
2075 611 2263 676 decus,
2297 627 2329 665 ο
2358 626 2619 683 germane
2675 609 3131 683 mihilectissime
3160 623 3381 683 semper

1936 683 2054 737 Huc
2082 699 2270 736 aurem
2298 678 2519 736 mdnitis
2546 681 2737 751 paucis
2764 680 3011 743 adverte,
3043 678 3296 744 docebo;

1937 753 2112 808 Cbare
2139 754 2292 818 mihi,
2326 752 2512 818 frater,
2546 751 2762 806 ﬁrmum
2788 765 2932 806 nunc
2963 757 3156 820 pectus
3177 751 3392 820 habeto.

1935 825 2033 878 Est
2061 841 2217 895 opus,
2250 824 2352 878 ista
2381 824 2567 878 brevis
2595 837 2824 878 currens
2852 819 2998 877 vehit
3017 820 3201 895 omnia
3221 819 3346 876 ﬁnis
3383 829 3430 886 ἀς

1935 897 2050 976 1505
2087 891 2210 976 Quia
2239 896 2640 976 mortisrmara
2670 901 2816 976 tenet
2845 891 3129 976 sententia,
3161 901 3372 947 constat

1938 963 2227 1036 Suppliciis
2252 966 2450 1020 Christi
2478 980 2580 1036 pro
2610 964 2829 1036 nomine
2857 963 3090 1036 subdere
3117 978 3335 1036 corpus.

1937 1033 2064 1092 Nos
2078 1045 2259 1091 tamen
2287 1033 2566 1107 exspectat
2593 1035 2856 1090 caelorum
2884 1035 2939 1089 in
2969 1033 3384 1107 culmine’clara

1938 1109 2058 1161 Vita
2087 1123 2331 1172 manens,
2366 1104 2486 1178 quae
2515 1106 2624 1161 ﬁne
2650 1114 2821 1168 caret,
2857 1121 2979 1176 quae
2999 1104 3463 1174 permanetalma.

1938 1179 2022 1250 Ne
2048 1179 2279 1242 timeas;
2314 1195 2421 1250 quo
2450 1192 2765 1250 regnemus,
2815 1191 3174 1250 prOperemus
3225 1184 3468 1232 ovantes.
3514 1201 3534 1223 ιι

1940 1249 2054 1304 Nec
2082 1265 2234 1304 mora
2269 1267 2282 1304 :
2314 1245 2412 1319 per
2439 1245 2632 1304 veritos
2660 1245 2874 1319 certant
2903 1245 3185 1301 effundere
3215 1255 3418 1319 vestes,

1941 1321 2110 1390 Impia
2137 1320 2290 1374 turba
2317 1318 2448 1386 ruit,
2482 1320 2713 1390 pedibus
2744 1318 2829 1390 vix
2859 1319 3047 1390 ultima
3075 1318 3280 1390 tangit;

1941 1388 2084 1446 Aera
2107 1407 2206 1461 per
2235 1388 2788 1461 tenuem—subductis
2807 1397 2937 1461 tacta
2965 1388 3183 1444 lacertis

1942 1463 2079 1516 Saxa
2110 1459 2292 1516 volant
2329 1479 2340 1514 :
2376 1461 2552 1516 subito
2580 1460 2754 1514 nubes
2784 1460 3047 1513 densatur
3073 1459 3295 1522 acerba,

1942 1534 2118 1587 Saxea
2148 1533 2360 1604 grando
2390 1532 2569 1596 cadit;
2606 1531 2754 1584 furor
2799 1530 2998 1604 impius
3041 1545 3188 1583 arma
3237 1531 3540 1596 ministrat;

1940 1604 2010 1657 Et
2037 1601 2194 1658 roseo
2225 1603 2346 1657 duri
2378 1610 2713 1674 sparguntur
2742 1601 3006 1674 sanguine
3035 1609 3242 1655 cautes.

1943 1674 2035 1728 Ille
2065 1674 2206 1728 inter
2235 1672 2864 1743 Dominum—crepitantia
2891 1687 3022 1743 saxa
3051 1679 3324 1743 precatur,

1857 1759 1909 1816 Β
1943 1745 2144 1824 Paimis
2171 1745 2428 1824 expansis
2463 1763 2475 1824 ε
2512 1766 2533 1794 α
2567 1741 3053 1824 Quimedignaris
3082 1741 3153 1797 ab
3183 1741 3282 1796 ista

1937 1815 2147 1873 Auferri
2172 1815 2300 1881 vita,
2334 1815 2630 1870 cruciatum
2658 1815 2911 1884 martyris
2938 1815 3127 1878 instar,

1931 1886 1977 1967 ρ
2009 1888 2177 1967 Deus,
2209 1887 2638 1967 pei'petuzevita:
2665 1885 2796 1939 mihi
2827 1884 2996 1967 redde
3027 1898 3308 1938 coronam.
3349 1906 3368 1932 ι

1932 1958 2095 2027 Optat
2126 1966 2178 2012 et
2209 1955 2323 2028 ipse
2355 1957 2698 2028 simulvates
2720 1971 2842 2010 cum
2869 1955 3034 2028 fratre
3063 1969 3323 2009 coronam

1933 2025 2244 2100 Pércipere,
2269 2034 2323 2084 et
2353 2027 2565 2100 {regitis
2596 2027 2719 2082 vitas
2733 2025 3133 2100 jam_ciander_e
3159 2033 3387 2100 metam,

1935 2101 2002 2154 Ut
2033 2095 2192 2154 simul
2221 2099 2276 2152 in
2305 2095 2468 2154 cmlis
2490 2097 2796 2154 fruerentur
2825 2095 3036 2152 civibus
3065 2095 3239 2151 almis.

1937 2189 2079 2242 XVI.
2133 2187 2496 2259 Leodegarius
2545 2188 2732 2259 rariis
2766 2185 3398 2259 iorpzcrztis‘nﬂicitur,
3464 2201 3534 2240 ac

2246 2256 2512 2330 nam:ng
2541 2257 2940 2330 custodiendus
2973 2256 3240 2330 traditur.

1939 2329 2155 2384 Distulit
2184 2328 2369 2383 infelix
2399 2327 2668 2384 Ebroinus
2693 2327 2947 2398 martyris
2967 2327 3092 2380 almi

1937 2401 2259 2455 Accelerare
2289 2401 2432 2454 diem
2457 2419 2472 2462 ;
2507 2399 2674 2455 voluit
2705 2397 2924 2453 differre
2955 2411 3216 2453 coronam

1941 2473 2178 2536 Par-tam,
2210 2471 2546 2543 blaSphemis
2576 2469 2864 2525 Dominum
2911 2476 3313 2543 quo__carperet
3368 2470 3536 2526 acris.

1939 2544 2055 2596 Neu
2087 2542 2255 2612 possit
2285 2537 2491 2597 m'eritis
2523 2550 2829 2596 sanctorum
2859 2537 3310 2612 aequalisihaberi
3336 2556 3348 2593 :

1941 2609 2118 2682 Quam
2146 2613 2410 2668 Dominus
2440 2613 2639 2667 famulo
2668 2612 2865 2666 devoto
2892 2609 3070 2666 servat
3098 2609 3426 2670 habendam,

1942 2684 2195 2765 Impietas
2227 2686 2462 2765 humana
2493 2684 2638 2765 cupit
2667 2682 2971 2765 subducere
3001 2689 3258 2765 quantum

1941 2752 2078 2825 Altis
2109 2771 2138 2806 e
2170 2755 2390 2809 sedibus
2413 2752 2623 2821 fratres,
2657 2753 2829 2825 pietas
2861 2752 3039 2807 tamen
3071 2752 3192 2806 illos

1942 2823 2075 2881 cum
2105 2826 2258 2880 caelis
2288 2826 2455 2880 sociat
2486 2823 2690 2880 tantum
2717 2823 2901 2895 divina
2930 2840 3030 2895 per
3057 2839 3254 2878 aevum.

1942 2897 2090 2968 Ergo
2121 2904 2270 2968 putat
2299 2897 2526 2952 demens
2554 2896 2793 2968 divinam
2818 2894 3061 2968 ﬂectere,
3093 2909 3247 2968 more

1943 2964 2208 3032 Humano,
2241 2976 2516 3022 mentem:
2550 2966 2648 3022 sed
2678 2982 2787 3021 non
2817 2967 2962 3021 Deus
2993 2965 3222 3020 flectitur
3239 2964 3345 3019 ulla

1945 3038 2180 3119 Fraude,
2205 3039 2293 3119 pia
2321 3053 2354 3092 a
2375 3038 2549 3119 servis
2571 3037 2667 3119 qui
2691 3051 2990 3119 numquam
3011 3035 3273 3119 avertitur
3300 3051 3448 3092 aure.

1870 3123 1919 3185 α
1943 3108 2094 3185 inde,
2128 3105 2221 3185 ubi
2251 3108 2530 3185 conspexit
2562 3105 2700 3185 vatis
2721 3105 3029 3185 praecordia
3059 3105 3235 3177 ﬁrma,

1942 3179 2230 3254 Ingemuit,
2261 3179 2421 3254 nigro
2442 3180 2700 3254 stimulos
2729 3179 2832 3254 Sub
2860 3186 3096 3254 pectore
3116 3194 3341 3254 versans

1939 3247 2093 3304 Mens
2122 3247 2542 3317 infecta'malis;
2573 3251 2774 3306 ardens
2801 3247 2948 3305 furor
2973 3247 3179 3304 addidit
3204 3249 3360 3305 iram.

1941 3323 2076 3376 Tum
2104 3321 2310 3387 mitem,
2343 3322 2622 3388 humilem,
2655 3321 2969 3388 patientem,
3003 3321 3168 3376 corde
3196 3329 3444 3388 venusto,

1941 3392 2213 3448 Piscinam
2241 3393 2533 3464 quamdam
2560 3391 2720 3446 nudis
2751 3391 3002 3464 incedere
3029 3391 3228 3462 plantis

1937 3464 2106 3517 Jussit
2137 3463 2469 3535 (quaet/asta
2496 3464 2597 3518 sub
2625 3463 2842 3534 gurgite
2862 3471 3038 3535 gestat
3066 3470 3256 3517 acutos

1942 3536 2002 3606 In
2030 3533 2260 3600 morem,
2293 3534 2524 3606 lapides,
2557 3533 3056 3606 clavorum):ﬁgere
3086 3549 3330 3603 gressus.

1942 3605 2062 3674 Quo
2077 3606 2264 3674 jussus
2285 3616 2324 3670 τ’,
2349 3604 2516 3662 nudis
2554 3605 2785 3676 pedibus
2815 3604 3119 3676 calcaverat
3147 3619 3381 3671 amnem,

1941 3679 2081 3731 Dum
2112 3692 2269 3732 cruor
2297 3674 2599 3732 horrendus
2629 3677 2801 3732 scissa
2830 3676 2897 3730 de
2926 3674 3071 3746 pelle
3102 3677 3357 3738 cucurrit.

1940 3749 2007 3802 Et
2035 3747 2208 3818 roseis
2238 3748 2366 3803 rivis
2398 3747 2637 3802 bibulam
2660 3746 2897 3818 perfudit
2925 3761 3170 3818 arenam.

1940 3819 2058 3890 Jem
2091 3817 2346 3890 fatigatus
2378 3819 2608 3889 pedibus
2637 3817 2722 3890 vel
2751 3833 2983 3890 corpore
3014 3817 3214 3890 fessus,

1942 3888 2215 3960 Substitit,
2245 3897 2298 3944 et
2326 3888 2570 3960 trepidos
2601 3889 2810 3944 crebris
2831 3888 3002 3960 quatit
3033 3889 3232 3944 ictibus
3257 3896 3429 3944 artus.

1941 3959 2262 4031 Compulsus
2295 3959 2432 4031 latis
2445 3960 2666 4014 tandem
2695 3959 3059 4031 prosternitur
3077 3959 3250 4031 arvis,

1943 4029 2258 4101 Dumilabia
2288 4030 2496 4086 abscidi
2528 4031 2674 4084 ferro
2696 4029 2786 4084 vel
2808 4031 2993 4101 lingua
3009 4029 3271 4099 jubentur
3300 4049 3312 4084 :

1939 4100 2146 4174 Ablatis
2173 4102 2362 4174 oculis,
2393 4101 2593 4174 lingua
2619 4100 2960 4172 geminisque
2991 4101 3218 4169 labellis,

1941 4172 2237 4243 Gressibus
2270 4172 2358 4227 ille
2392 4171 2647 4243 fatigatis,
2678 4189 2774 4227 seu
2804 4171 3033 4242 corpore
3066 4179 3195 4238 toto,

1940 4242 2147 4298 Ofﬁciis
2177 4243 2349 4297 solitis
2381 4242 2653 4297 summum
2684 4243 2908 4297 laudare
2938 4243 3234 4298 Tonantem

1938 4313 2194 4386 Nequivit
2221 4333 2234 4379 ;
2271 4312 2476 4386 laudes,
2495 4315 2728 4386 Domino
2758 4313 2857 4386 sed
2887 4321 3065 4386 mente
3080 4315 3326 4386 gerebat

1941 4384 2200 4454 Supplex,
2233 4393 2396 4456 atque
2428 4384 2777 4456 piastristi
2805 4384 3004 4456 direxit
3025 4384 3306 4456 ad'aures.

1871 4490 1924 4549 n
1946 4455 2575 4549 assesasses
2608 4457 2902 4549 iure“
2934 4455 3038 4549 sibi
3065 4456 3464 4549 ςξθνίιεδεεεθν

1946 4526 2216 4580 Auxilium
2248 4526 2445 4580 Christi
2477 4527 2580 4581 sibi
2610 4535 2868 4582 constans
2888 4534 3035 4596 optat
3062 4527 3280 4582 adesse.

1946 4597 2114 4664 Tunc,
2147 4597 2344 4667 pietate
2375 4613 2568 4652 carens
2596 4597 2888 4664 Ebroinus,
2920 4597 3086 4652 corda
3116 4613 3328 4654 veneno

1947 4667 2110 4748 Plena
2139 4683 2359 4748 gerens,
2393 4684 2812 4748 sensnvacnus,
2836 4667 3005 4748 t‘erus,
3033 4683 3212 4748 asper,
3231 4683 3464 4748 amarus,

1946 4738 2192 4793 Accers’it
2219 4738 2508 4809 quemdam
2538 4739 2728 4804 citius;
2749 4739 2850 4810 cui
2879 4738 3116 4810 denique
3145 4738 3278 4794 dixit
3310 4755 3322 4793 :

1950 4831 1973 4890 at
2010 4810 2280 4890 Cernebas
2309 4810 2602 4890 quondam,
2628 4809 2830 4890 tumida
2857 4825 2995 4880 cape
3023 4809 3210 4890 mente
3222 4809 3539 4890 superbum,

1946 4880 2120 4934 Arctis
2154 4881 2294 4935 hunc
2327 4880 2576 4935 claustris
2605 4881 2903 4936 vinclorum
2930 4888 3106 4948 necte,
3137 4880 3438 4950 Waninge.

1947 4953 2178 5023 Parcere
2207 4965 2311 5023 nec
2337 4965 2496 5023 cures
2521 4971 2535 5016 ;
2567 4951 2745 5006 veniet
2771 4967 2892 5006 mea
2915 4951 3111 5019 jussio,
3143 4967 3266 5023 qua?
3284 4952 3428 5006 illum

1947 5021 2148 5076 Puenali
2179 5021 2389 5075 meritis
2418 5022 2697 5076 damnabit
2727 5031 2872 5078 sorte
2903 5021 3180 5091 suprema}

1946 5094 2120 5164 Perge
2151 5092 2305 5146 citus.
2347 5114 2368 5141 υ
2403 5093 2585 5164 Pergit
2617 5093 2793 5157 velox,
2826 5093 2918 5164 qui
2941 5093 3097 5161 jussa
3128 5093 3427 5156 facesseris,

1945 5163 2126 5234 Usque
2149 5163 2534 5234 monasterium
2564 5172 2719 5218 caute
2744 5163 3044 5233 perducere
3065 5173 3252 5230 certat,

1945 5233 2088 5287 Olim
2119 5233 2459 5289 Fiscamnum
2492 5242 2703 5288 constat
2733 5234 2878 5304 quod
2908 5235 3125 5289 nomine
3155 5235 3392 5298 dictum;

1944 5305 2265 5376 Virgineum
2293 5320 2516 5358 examen
2549 5305 2747 5358 mansit
2776 5320 2882 5376 quo
2911 5314 3079 5360 matre
3110 5307 3212 5360 sub
3239 5323 3364 5372 una,

2080 5377 2207 5430 'ers.
2241 5377 2363 5429 5M.

1942 5481 2054 5538 sine
2079 5482 2184 5526 nilo
2204 5490 2356 5525 sensu
2379 5495 2389 5525 :
2422 5482 2501 5525 Est
2523 5490 2652 5538 opus
2672 5480 2774 5538 ista
2797 5480 2960 5538 brevis
2989 5493 3200 5538 currens
3219 5483 3354 5538 venit
3371 5494 3540 5534 omam

1942 5535 2408 5635 gugltggmque
2427 5534 2673 5580 resarcire
2717 5536 2923 5590 textum,
2949 5536 3083 5582 haud
3104 5538 3244 5584 salva
3273 5537 3544 5594 latinitate,

1995 5655 2017 5680 ο
2047 5642 2353 5700 onojussus.
2379 5641 2545 5686 forsan
2559 5640 2713 5694 jussu
2733 5643 2819 5687 aut
2839 5641 2929 5702 qui
2941 5640 3123 5700 jussus
3147 5644 3168 5690 ζ’
