3996 6184
356 274 490 327 1145

362 396 611 469 Martyris
638 394 848 450 ablatus
881 393 1083 469 fertur;
1116 393 1213 448 sed
1242 391 1471 469 clericus
1509 391 1655 446 idem

361 461 519 525 Dum'
535 475 763 532 remeat,
790 465 1040 536 preprias
1069 474 1279 519 mature
1302 473 1356 517 ut
1388 464 1587 517 viseret
1607 461 1775 527 aedes,

364 540 623 611 Repperit
656 538 877 611 exuviis
903 536 1182 611 spoliatam
1214 536 1383 605 haspe
1414 549 1669 611 acerram
1692 564 1734 589 ι.

364 606 621 668 Concitus
651 610 741 663 ille
772 607 904 678 petit
935 606 1149 661 rediens
1179 606 1489 660 veneranda
1519 606 1787 678 sepulcra,

366 683 619 738 Crinibus
645 677 921 743 extractis,
952 684 1008 749 et
1056 678 1257 749 pugnis
1295 685 1515 746 pectora
1547 677 1820 749 tundens;

364 756 479 808 Nec
510 768 735 807 caruere
766 765 922 821 gente
950 747 1243 821 lacrymis,
1261 764 1360 821 nec
1383 755 1594 817 guttura
1621 747 1779 821 pulsu
1804 762 1818 807 ;

366 823 710 889 Vociferans,
743 816 1284 891 lacrymans,‘__nimio
1315 816 1549 891 clamore
1564 816 1797 891 _rueb_at,

368 894 672 950 Persistens
698 888 922 962 supplex
952 889 1226 962 precibus,
1260 889 1523 962 horisque
1547 888 1755 941 diurnis

368 965 587 1021 Addidit
615 971 667 1017 et
697 959 933 1023 noctein,
954 959 1215 1032 rogitans
1246 959 1349 1013 sibi
1392 959 1624 1032 reddere
1651 975 1893 1017 censum.

373 1037 476 1091 Fur
504 1035 683 1089 fessus
714 1033 872 1088 rediit
903 1030 1149 1099 demens,
1175 1038 1435 1085 onerante
1466 1030 1749 1095 cothurno,

368 1107 570 1161 Invitus
598 1104 820 1159 domino
848 1102 1065 1156 tandem
1110 1100 1285 1172 spolia
1316 1101 1499 1172 ampla
1544 1101 1749 1168 rejecit.

370 1182 436 1231 At.
468 1176 719 1231 dominus
750 1174 894 1230 servi
922 1180 1099 1232 natrat
1130 1170 1359 1242 perjuria
1390 1170 1527 1225 falsa
1562 1190 1574 1226 :

377 1248 547 1317 Digna
579 1248 675 1299 sed
725 1245 983 1317 immitem
1038 1244 1281 1317 sequitur
1306 1258 1427 1317 mox
1479 1243 1612 1317 ultio
1640 1252 1925 1317 utrumque
1951 1265 1965 1307 ;

367 1312 503 1373 Nam
534 1317 798 1371 Dominus
828 1316 992 1369 vitam
1023 1312 1186 1369 celeri
1230 1329 1353 1367 cum
1384 1312 1488 1367 ﬁne
1520 1314 1751 1385 reliquit,

367 1391 433 1443 Et
464 1404 652 1443 servus
682 1394 862 1457 raptor
890 1401 1050 1456 poena
1099 1386 1378 1438 damnatur
1397 1385 1611 1439 acerba.

445 1479 509 1531 II.
546 1478 780 1532 ΕΙ)νοίηο
808 1476 1161 1529 nuntiantur
1180 1473 1479 1534 miracula,
1506 1475 1731 1545 ejusque
1754 1466 1967 1529 invidia

691 1564 757 1601 ac
788 1562 939 1599 mors
970 1546 1206 1616 inopina.
1236 1547 1589 1616 referuntur.

371 1621 485 1674 Nec
513 1620 717 1672 latuere
749 1616 839 1670 diu
869 1613 1164 1670 crescentia
1195 1615 1353 1685 signa
1384 1613 1631 1667 dolosum

374 1691 600 1744 Diversa
628 1689 681 1742 in
708 1686 923 1758 populis
956 1684 1285 1758 Ebroinum’;
1322 1699 1523 1758 ru_mor_
1534 1684 1735 1758 ubique

374 1761 591 1816 Iudiciis
622 1754 1116 1813 certis—manifestat
1144 1756 1287 1826 quod
1319 1754 1470 1825 prius
1511 1755 1622 1815 ille,

372 1831 578 1885 Invidia
610 1829 863 1893 faciente,
897 1827 1039 1881 mala
1070 1827 1339 1881 celaverat
1370 1835 1504 1879 arte.

375 1900 714 1971 —Adspicc,
738 1915 862 1953 cum
891 1897 1357 1971 Dominqmartyr
1377 1896 1490 1971 jam
1522 1905 1715 1971 regnat
1736 1899 1790 1951 in
1821 1914 1970 1962 arce,

372 1967 662 2038 Invidiosa,
698 1967 885 2040 rapax,
920 1968 1203 2033 homicida,
1242 1967 1483 2030 immitis,
1522 1968 1735 2022 adulter
1767 1986 1779 2022 :

377 2044 720 2113 Fulgescunt,
754 2039 986 2113 radiant,
1020 2040 1269 2113 flagrant,
1307 2046 1691 2113 monstrantur,
1726 2050 1976 2092 amantur

377 2109 543 2186 Signa
574 2111 849 2186 pii_va_tis;
885 2110 1056 2186 virtus
1102 2110 1353 2186 decorata
1383 2109 1616 2186 nitescit.

374 2178 549 2264 ISITDC,
574 2178 711 2264 quid
742 2182 857 2264 haec
885 2179 1091 2260 poteris
1123 2178 1261 2264 falsa
1288 2179 1535 2264 proferre
1575 2180 1833 2264 loquela?

376 2254 537 2323 Quid,
569 2250 673 2307 nisi
703 2252 866 2307 corde
890 2250 1091 2323 gemis,
1126 2250 1320 2303 tacitus
1349 2251 1616 2323 pavitans,
1642 2250 1900 2306 Ebroine.

378 2320 633 2397 Optatam
667 2320 946 2397 etumqu
972 2328 1142 2397 certat
1183 2329 1399 2397 captare
1421 2320 1692 2397 medelam

375 2391 615 2466 Quisque
646 2394 757 2448 suis
782 2391 1056 2466 membris
1082 2408 1094 2444 :
1129 2391 1277 2445 sanis
1308 2407 1429 2444 nam
1459 2391 1683 2445 callibus
1711 2392 1830 2459 iste,

379 2462 470 2521 Ille
500 2462 670 2521 oculis
702 2464 885 2519 radios
914 2462 1117 2534 gaudet
1147 2477 1425 2516 remeasse
1474 2478 1720 2534 serenos,

378 2537 631 2607 Expulsis
661 2533 1128 2607 tenebris,’nocuo
1158 2535 1402 2607 caruisse
1433 2533 1631 2587 colore.

378 2602 476 2663 Ast
492 2608 631 2661 alius
664 2607 816 2660 triste
846 2603 1046 2658 exultat
1074 2602 1348 2658 vomuisse
1387 2619 1654 2657 venenum

384 2678 671 2742 Daemonis,
706 2685 757 2730 et
786 2682 1011 2729 cunctos
1035 2682 1188 2727 curat
1221 2690 1479 2728 concessa
1510 2682 1748 2743 potestas

382 2749 584 2804 Indicio
614 2757 694 2801 est
724 2761 957 2817 regnare
985 2745 1131 2815 polo,
1167 2745 1252 2817 cui
1286 2753 1479 2817 tartara
1512 2761 1653 2798 saeva

377 2819 654 2874 Promittis
683 2815 941 2883 voluisse,
975 2824 1062 2869 tua
1093 2824 1171 2869 est
1205 2815 1430 2884 depulsa
1461 2823 1722 2885 potestas.
1750 2847 1817 2854 -—

377 2891 595 2945 Talibus
624 2887 880 2943 attonitus
912 2886 1082 2939 doluit
1117 2885 1288 2956 signis
1318 2886 1592 2939 Ebroinus
1617 2905 1630 2950 ;

382 2964 508 3017 Haec
537 2961 628 3028 ait,
663 2976 727 3014 ex
758 2959 867 3011 imo
896 2972 1154 3025 rumpens
1188 2958 1325 3010 hanc
1359 2963 1576 3028 pectore
1598 2972 1809 3021 vocem,

384 3034 477 3086 His
508 3026 729 3102 questus
758 3027 1034 3102 lacrymis,
1071 3026 1571 3102 dicens_uxori_s_ad
1603 3041 1765 3079 aures
1800 3043 1811 3081 :

387 3126 405 3151 α
427 3092 541 3156 Heu
564 3101 692 3155 mihi
719 3099 729 3153 !
752 3092 1104 3171 quid-tanturn
1124 3097 1353 3171 populos
1372 3096 1983 3171 celebraresepulcrum
2006 3092 2054 3154 Ο

383 3174 557 3227 Audio
577 3174 605 3226 ?
634 3166 974 3243 quid-tantus
1003 3167 1176 3243 plebis
1207 3183 1508 3243 concursus
1539 3166 1767 3243 adillud

380 3237 734 3299 Pervehitdr?
764 3242 985 3305 Verum,
1020 3238 1233 3306 conjux,
1266 3254 1334 3290 an
1374 3237 1510 3291 falsa
1540 3237 1792 3291 videntur
1816 3241 1841 3292 ἲ

382 3314 588 3369 Estimo
616 3312 756 3367 falsa
784 3310 963 3380 magis
994 3309 1251 3380 vulgares
1282 3308 1359 3361 ire
1390 3324 1695 3380 peraures,

382 3388 619 3455 Martyra
647 3378 903 3455 (τυπιωῄῗὶ
926 3378 1118 3455 dignas
1149 3378 1312 3455 talem_
1345 3378 1606 3455 meruisse
1635 3394 1865 3433 coronas
1896 3396 1906 3432 :

378 3449 595 3510 Talibus
623 3449 900 3523 auspiciis,
935 3449 1235 3523 credo,_est
1280 3449 1471 3503 delusa
1497 3457 1731 3523 caterva.

381 3527 486 3581 Sed
518 3520 809 3587 tamenfut
837 3531 1013 3578 certos
1043 3520 1201 3577 faciat
1240 3537 1357 3585 nos,
1394 3520 1612 3573 nuntius
1641 3521 1800 3585 adsit,

379 3598 593 3668 Quique
623 3603 708 3649 eat
739 3602 793 3649 et
817 3594 1025 3668 _redeat
1076 3592 1282 3668 rapidis
1311 3591 1411 3668 sub
1440 3591 1720 3668 gressibus
1746 3610 1760 3655 ;
1785 3590 1853 3644 ad
1884 3605 1985 3645 nos

381 3662 539 3724 Certa
569 3666 767 3729 ferens,
800 3664 996 3719 dubios
1027 3671 1178 3718 curet
1210 3662 1509 3717 dissolvere
1538 3662 1731 3716 nodos.

381 3740 557 3814 Unde,
592 3753 713 3809 age,
745 3751 867 3814 care
887 3751 1090 3814 comes,
1110 3734 1304 3814 aliquis
1334 3734 1570 3813 mittatur
1607 3732 1873 3813 alumnus,

378 3803 599 3882 Pergat,
622 3803 674 3863 Et
695 3809 765 3882 ad
794 3807 1057 3882 tumulum
1086 3803 1263 3882 veniat
1292 3804 1383 3875 qui
1413 3812 1605 3882 cuncta
1635 3803 1892 3882 requirat.
1933 3828 1953 3848 η

384 3874 634 3943 Fortiter,
659 3880 730 3933 ad
760 3874 1334 3948 tumulumlgradiens,
1362 3891 1430 3948 se
1450 3874 1634 3929 dicere
1645 3874 1808 3942 jussit

382 3951 667 4017 Custodes,
700 3948 818 4002 istis
848 3964 968 4018 quae
998 3944 1082 4000 sitv
1106 3946 1370 4000 sententia
1393 3944 1562 4018 firma

382 4024 589 4087 Rebus,
626 4014 746 4091 quae
778 4014 1011 4091 populus
1042 4026 1283 4085 resonat,
1300 4016 1405 4091 _q_ui
1437 4032 1562 4071 vera
1588 4014 1840 4091 fatentur.

379 4093 612 4149 Nuntius
642 4087 734 4145 ille
760 4087 929 4144 miser
958 4096 1202 4143 sanctum
1234 4087 1509 4142 celebrare
1535 4087 1843 4155 sepulcrum

385 4163 618 4229 Distulit,
651 4177 715 4217 ac
746 4176 942 4216 vacuas
985 4159 1360 4228 depromserat
1390 4174 1485 4213 ore
1512 4156 1755 4229 loquelas
1791 4175 1803 4210 :

388 4257 409 4284 «
443 4228 684 4288 Mortuus
712 4233 800 4286 hic
832 4230 1096 4285 recubans
1125 4229 1217 4282 vili
1246 4229 1346 4281 sub
1378 4228 1580 4297 cespite
1613 4236 1806 4291 tectus,

386 4305 578 4375 Inquit,
614 4320 721 4357 non
752 4301 950 4373 poterit
976 4299 1209 4375 validam
1238 4307 1497 4368 przestare
1542 4298 1833 4375 medelam.
1877 4319 1895 4341 ι»

385 4369 512 4431 Hééc
544 4376 681 4428 fatus
713 4369 921 4441 vecors,
956 4370 1187 4441 pedibus
1216 4385 1339 4423 mox
1374 4369 1603 4441 perculit
1632 4384 1820 4422 urnam

385 4446 725 4516 Despiciens,
760 4439 913 4516 abiit.
940 4440 1235 4516 Confestim
1266 4439 1433 4511 pestis
1455 4439 1647 4516 iniqua

386 4510 622 4586 Corripit
652 4517 813 4580 hunc,
848 4515 1022 4586 donec
1050 4510 1293 4566 lacerans
1317 4527 1385 4586 _ac
1418 4510 1945 4586 visc_era_torquens,

386 4580 655 4642 Tristibus
688 4585 930 4656 exequiis
962 4584 1123 4638 vitam
1155 4599 1277 4638 cum
1309 4580 1444 4656 fine__
1464 4580 1699 4651 reliquit.

386 4660 509 4713 Non
540 4658 714 4711 risere
744 4652 835 4711 tuo
863 4655 1117 4719 adventu,
1151 4670 1253 4709 nec
1283 4652 1483 4725 gaudia
1530 4660 1733 4721 portas,

388 4729 484 4783 His
518 4729 672 4783 laetus
710 4726 946 4781 dominis
976 4726 1066 4849 qui
1100 4734 1150 4779 te
1180 4723 1400 4788 misere,
1436 4723 1628 4777 viator.

388 4801 548 4849 Disce
578 4799 681 4849 tuis
704 4798 881 4849 omnis
900 4797 987 4849 nul
1014 4813 1103 4849 um
1117 4805 1467 4849 contemnere
1491 4803 1628 4847 sanet

388 4801 548 4854 Disce
578 4799 681 4852 tuis
704 4798 881 4865 poenis
900 4797 1103 4850 nullum
1117 4805 1467 4850 contemnere
1491 4801 1770 4847 sanctum:

390 4872 617 4926 Sanctos
634 4869 724 4940 qui
747 4868 952 4940 temnit,
977 4867 1254 4940 dominum
1268 4874 1617 4940 contemnere
1638 4873 1847 4918 certum
1866 4873 1947 4917 est
1973 4884 1985 4927 ;

387 4938 684 5012 Peplitibus
710 4939 902 5012 melius
931 4938 1084 5012 ﬂexis
1113 4952 1305 4992 orasse
1350 4938 1563 4990 beatum

387 5006 632 5082 Namque
647 5010 804 5082 foret,
833 5009 1031 5079 plantis
1052 5025 1207 5082 quam
1228 5024 1438 5082 sacram
1474 5006 1984 5082 tundere_tumham.

458 5077 727 5137 Pendulus
761 5077 1053 5149 expectans
1072 5077 1373 5143 Ebroinus,
1406 5077 1632 5147 portitor
1660 5078 1728 5129 ad
1754 5093 1814 5149 se

395 5152 538 5220 Quid
569 5152 726 5218 ferat,
760 5160 809 5205 et
830 5147 1055 5213 dubius,
1091 5150 1237 5204 varia
1271 5166 1393 5204 cum
1416 5156 1598 5202 mente
1626 5147 1879 5209 nutabat;

389 5227 467 5278 Ac
499 5240 684 5278 secum
713 5222 877 5275 tristis
905 5222 1068 5276 tacita
1095 5237 1220 5275 cum
1250 5236 1383 5275 voce
1424 5227 1663 5273 susurrat.
1692 5237 1703 5271 :

395 5317 415 5343 α
453 5294 560 5348 Cur
594 5302 770 5347 cessat
799 5293 956 5347 toties
995 5292 1224 5345 famulus
1258 5292 1349 5362 qui
1379 5291 1579 5362 missus
1600 5289 1820 5343 abibat?

391 5365 496 5419 Cur
522 5365 685 5419 etiam
717 5364 893 5418 tardat
938 5379 1189 5418 remeans
1209 5364 1236 5417 ἱ)
1264 5361 1351 5417 vel
1384 5378 1493 5416 non
1524 5361 1641 5414 sine
1670 5376 1834 5414 causa
1857 5362 1883 5414 ‘P

393 5439 496 5491 Aut
526 5436 688 5490 istum
721 5450 972 5505 suprema
1000 5434 1117 5487 tulit
1149 5449 1291 5499 sors,
1324 5440 1380 5486 ut
1408 5433 1555 5503 prius
1587 5432 1739 5485 illum

467 5508 621 5562 Vers.
658 5507 785 5560 870.

444 5618 654 5670 anaspe
684 5620 938 5670 parram,
977 5621 1064 5657 seu
1097 5611 1303 5656 domum
1336 5609 1491 5663 janua
1518 5610 1595 5653 vel
1634 5607 1743 5653 ostii
1784 5609 1988 5653 cardine

395 5665 648 5709 nudatam.
675 5665 742 5710 Cf.
775 5666 924 5717 Cang.

1499 265 1657 320 VITA
1710 265 1763 318 s.
1801 245 2279 316 'LEODEGARII.
2312 254 2531 307 -—-LIB.
2566 253 2643 310 ιι.

2014 4444 2068 4504 D
2090 4424 2267 4504 Quam
2297 4424 2498 4504 praesul
2530 4417 2702 4504 ienuit
2750 4421 2957 4487 sedem,
2990 4434 3161 4504 quam.
3183 4417 3350 4504 dogrn

3528 241 3663 293 1146

1991 387 2047 447 Α
2068 381 2174 451 Qui
2202 387 2361 451 caput
2384 386 2517 451 ante
2548 390 2646 431 suo
2690 374 2835 451 vatis
2856 385 3114 451 mucrone
3147 368 3402 451 peremsit
3434 384 3447 422 :

2071 440 2221 508 ﬁlius
2346 450 2569 526 cineres.
2607 445 2876 526 extemplo
2897 442 3145 526 membra
3167 440 3385 526 redacta

2071 522 2468 593 Comperimus.
2517 517 2689 573 Simili
2742 514 2836 593 hic
2861 514 3020 569 etiam
3048 526 3193 567 nunc
3225 518 3367 593 sorte
3402 517 3633 565 tenetur.

2069 580 2458 674 Iiorsanﬂpngna
2489 604 2713 674 sequax‘
2745 586 3059 640 redeuntem
3090 581 3324 674 percullt
3345 580 3522 647 istum,

2076 668 2142 747 Et
2160 652 2554 747 p‘arili'damno‘
2571 652 2910 738 perduxerat
2957 652 3130 747 usqne
3157 652 3418 733 favillam.

2070 722 2212 804 Quid
2241 732 2514 790 facimus?
2534 722 2645 804 late
2676 729 2827 796 cujus
2855 741 2996 780 nunc
3029 722 3207 804 gloria
3236 722 3453 802 crescit,

2068 793 2271 861 Nostra
2301 806 2462 861 etiam
2492 802 2718 856 nimium
2740 793 3052 868 Vturpantur'
3075 801 3227 866 gesta
3253 793 3457 862 priora.

2071 879 2239 932 Fama
2266 875 2414 931 volat
2443 874 2622 942 hujus,
2656 870 2911 926 redolens
2940 880 3159 920 rumore
3178 877 3453 942 corusco;

2069 949 2292 1019 Nosque
2320 945 2421 1019 rei,
2453 932 2679 1019 ferimur
2706 948 3024 1019 cunctorum
3071 934 3298 991 vocibus
3331 932 3457 1019 acti.

2072 1001 2300 1084 Μὶρὼ
2330 1001 2468 1071 forte
2500 1013 2673 1086 magis
2717 1009 2931 1082 placido
2979 1019 3230 1086 sermone
3259 1001 3530 1059 redundet

2071 1076 2240 1157 Hujus
2268 1087 2408 1142 fama
2437 1085 2560 1157 viri,
2589 1076 2850 1157 conemur
2889 1087 3034 1157 sorte
3064 1076 3285 1157 sinistra

2072 1147 2357 1228 Objectare
2390 1155 2561 1212 malas
2591 1154 2668 1228 illi
2698 1152 2969 1228 falsasque
3014 1147 3278 1228 loquelas,

2071 1214 2379 1285 Ne‘nostrze
2410 1229 2463 1282 in
2493 1224 2694 1297 pepulo
2723 1214 2995 1297 minuatur
3023 1214 3202 1297 gloria
3230 1214 3424 1297 laudis.
3453 1236 3474 1262 »

2141 1301 2294 1356 Talia
2322 1286 2662 1361 tractantem,
2696 1292 2926 1348 maturis
2958 1286 3206 1361 cursibus
3237 1286 3389 1361 illum

2072 1372 2219 1426 1Mors
2250 1371 2427 1441 rapuit
2448 1356 2657 1441 ;_szeva'
2683 1363 2949 1441 condebat
2979 1360 3131 1416 fauce
3162 1356 3385 1423 baratri,

2071 1425 2264 1513 Multos
2293 1425 2384 1513 qui
2416 1425 2486 1494 ad
2513 1445 2744 1513 mortem
2796 1435 2982 1513 stricto
3012 1445 3271 1513 mucrone
3300 1425 3480 1509 coegit
3515 1443 3527 1477 :

2072 1499 2334 1567 Fervidus
2360 1512 2505 1565 hunc
2533 1507 2750 1580 gladius
2780 1505 2889 1560 vita
2918 1502 3167 1580 spoliavit
3194 1507 3248 1580 e_t
3275 1499 3462 1553 armis.

2070 1586 2165 1637 Est
2196 1582 2465 1653 completa
2494 1570 2593 1635 Diei
2640 1577 2782 1653 veris
2810 1570 3074 1632 sententia
3095 1570 3281 1653 ‘dictis,

2068 1656 2153 1721 Ut,
2176 1641 2339 1721 cujus‘
2358 1653 2665 1724 quicunque
2698 1648 2893 1724 furens
2932 1641 3293 1724 maculaverit
3322 1646 3494 1703 artus,

1999 1742 2050 1801 Β
2073 1715 2281 1801 [undat
2299 1715 2508 1801 .et'ipse
2526 1715 2707 1801 suum,
2720 1798 2727 1801 _
2750 1716 2942 1801 gladiq
2965 1715 3209 1801 feriente,
3244 1724 3513 1767 cruorem.

2074 1794 2190 1850 Tali
2220 1794 2316 1849 sed
2348 1786 2563 1847 tandem
2596 1786 2885 1845 multa'tum
2912 1786 3018 1840 fine
3073 1793 3363 1856 tyrannum

2075 1864 2316 1921 Suﬂiciat
2342 1864 2546 1918 dixisse
2571 1882 2583 1925 ;
2615 1860 2813 1916 dehinc
2836 1859 2950 1928 jam
2972 1854 3173 1912 caetera
3194 1854 3388 1908 dicam.

2079 1990 2170 2043 III.
2211 1990 2404 2043 Oritur
2458 1992 2568 2042 tres
2605 1986 3067 2056 interfpiscopos
3098 1982 3163 2056 de
3204 1981 3397 2034 sancto
3428 1976 3678 2044 martyre

2577 2054 3165 2125 levando'disputatio.

2079 2167 2171 2220 His
2202 2166 2273 2219 ita
2304 2165 2614 2223 transactis.
2651 2162 2824 2217 virtus
2848 2161 2962 2228 jam
2990 2157 3242 2229 proditur
3271 2156 3414 2210 alma

2078 2236 2347 2307 Martyris,
2383 2243 2435 2289 et
2465 2241 2579 2289 toto
2604 2233 2880 2307 fragrabat
2928 2228 3137 2307 fervida
3168 2241 3361 2307 regno.

2081 2295 2251 2379 thue
2281 2295 2417 2379 focis
2448 2321 2571 2359 cum
2600 2295 2761 2379 tliuvra
2784 2301 2979 2379 calent,
3005 2299 3091 2354 vel
3120 2295 3467 2379 trita'sinapis

2079 2366 2296 2433 Semina
2318 2376 2641 2446 depromunt
2669 2372 2897 2446 nitidum
2945 2370 3253 2446 fragranter
3282 2366 3528 2446 odorem,

2078 2452 2183 2503 Aut
2211 2447 2335 2518 pilis
2364 2439 2605 2518 gravidis
2634 2445 2820 2518 herbae
2841 2439 3138 2497 tunduntur
3166 2439 3395 2518 olentes,

2081 2520 2146 2573 Et
2174 2508 2426 2588 preclusa
2454 2516 2655 2570 micant
2676 2515 2821 2588 vasis
2850 2519 3127 2584 unguenta
3157 2508 3360 2565 cavatis
3383 2525 3398 2572 ;

2081 2586 2235 2643 Haud
2266 2587 2425 2643 aliter
2454 2601 2674 2642 rumore
2714 2586 2805 2657 pio
2833 2600 2939 2657 per
2979 2595 3225 2654 quosque
3256 2591 3543 2657 recurrens

2083 2661 2244 2714 Fama
2270 2658 2447 2723 volat;
2479 2656 2666 2728 populi
2713 2648 2975 2728 miracula
2999 2648 3223 2728 magna
3252 2648 3610 2728 frequentant.

2082 2730 2288 2784 :Emula
2309 2721 2495 2800 quaee:
2520 2721 2704 2800 multis
2750 2725 2962 2800 celabat
2991 2721 3224 2800 perfidia
3253 2727 3396 2774 ante.

2082 2803 2294 2856 Interea
2323 2794 2471 2871 regis
2501 2798 2687 2869 magni
2736 2796 2981 2853 defertur
3002 2794 3068 2847 ad
3098 2807 3257 2871 aures

2082 2859 2419 2927 Cunctorun‘i
2431 2859 2624 2924 vatuni'
2660 2883 2946 2939 procerum
2972 2879 3188 2939 quoque
3217 2861 3360 2916 fama
3387 2859 3569 2913 beata.

2083 2942 2392 2997 Occurrunt
2416 2941 2624 2995 alacres
2656 2934 2900 2994 certatim
2932 2934 3066 2991 calle
3095 2934 3256 2989 citato

2086 3013 2391 3079 Pontiﬁces,
2426 3010 2624 3071 clerus,
2657 3008 2929 3071 monachi,
2980 3005 3260 3076 majorque
3285 3001 3567 3069 minorque
3601 3012 3614 3050 :

2086 3082 2365 3137 Unanimis
2413 3081 2653 3137 celebrat
2699 3080 2924 3145 virtutes
2968 3092 3131 3131 sexus
3156 3083 3403 3145 uterque.

2085 3153 2246 3208 Clara
2275 3152 2536 3207 salutiferi
2567 3151 2826 3205 miracula
2856 3144 3109 3219 martyris
3138 3144 3329 3219 omnes

2087 3223 2360 3278 Laudibus
2388 3223 2661 3294 astrigero
2686 3222 2922 3293 jungunt
2950 3210 3100 3294 trans
3130 3215 3313 3271 nubila
3344 3210 3530 3268 circlo.

2088 3294 2375 3349 Pontifices
2406 3289 2889 3359 ternisurgunt’ex
2920 3289 3137 3359 agmine
3168 3294 3339 3359 tanto,

2086 3365 2376 3418 Vincianus
2405 3372 2456 3419 et
2487 3356 2796 3417 Ansoaldus
2825 3370 2879 3416 et
2908 3356 3390 3418 Ermanacharius,

2087 3435 2328 3503 Quorum
2361 3434 2591 3504 quisque
2623 3433 2706 3487 sui
2738 3447 2940 3504 corpus
2969 3430 3294 3504 decreverat
3324 3439 3446 3479 esse

2084 3499 2247 3569 Iuris,
2282 3513 2333 3558 et
2365 3499 2623 3560 étumulo
2653 3499 2878 3572 cupiunt
2898 3499 3120 3553 auferre
3142 3499 3363 3553 beatum
3397 3512 3409 3547 :

2161 3597 2183 3625 α
2218 3576 2360 3630 Ecce
2391 3574 2497 3629 mei
2530 3573 2666 3641 juris
2693 3573 2853 3625 tellus
2885 3578 3030 3625 tenet
3050 3585 3180 3624 ossa
3210 3573 3442 3627 sacrata,

2086 3647 2301 3701 Primus
2330 3645 2434 3709 ait;
2470 3634 2733 3715 requiem,
2768 3642 2857 3715 hic
2885 3642 3014 3715 dum
3067 3646 3288 3715 sanctus
3315 3634 3687 3715 astrapetivit,

2086 3718 2348 3789 Ceperat,
2379 3705 2468 3771 hic
2495 3705 2731 3789 primum
2776 3711 2948 3784 signis
2979 3718 3058 3789 est
3086 3708 3331 3789 proditus
3360 3705 3535 3789 almis.
3558 3726 3580 3752 »

2163 3774 2185 3839 ἓ
2221 3774 2459 3854 Talibus,
2494 3774 2632 3841 alter
2676 3785 2767 3852 ait,
2801 3774 3129 3854 contendere
3157 3778 3347 3833 desine
3378 3774 3582 3838 verbis,

2089 3860 2316 3923 Frater;
2352 3844 2531 3912 amata
2578 3855 2709 3910 mihi
2755 3844 3098 3909 manifestum
3129 3858 3212 3904 est
3259 3862 3425 3902 carne
3457 3844 3688 3987 propin-

3529 3930 3688 3987 quum

3529 3930 3696 3987 quum

2086 4001 2243 4054 Hunc
2264 3997 2379 4053 fore
2410 4017 2423 4064 ;
2456 3999 2603 4053 hunc
2641 3997 2771 4052 aluit
2814 3994 3073 4066 parochia
3103 4007 3261 4066 qnam
3283 4004 3418 4066 rego
3447 3985 3651 4057 praesul
3679 4005 3692 4050 ;

2088 4070 2225 4125 Hinc
2253 4059 2519 4124 oriundus
2550 4075 2689 4135 erat,
2715 4059 2906 4121 sumsit
2922 4059 3226 4136 primordia
3259 4061 3378 4136 vitae
3404 4059 3430 4095 δ
3466 4076 3479 4112 :

2088 4141 2293 4210 Quare,
2318 4140 2443 4209 jure
2493 4139 2625 4193 mihi
2658 4133 2867 4210 martyr
2893 4133 3210 4192 conceditur
3226 4133 3423 4210 almus'
3457 4153 3478 4177 »

2158 4204 2387 4274 Tertius,
2422 4210 2510 4265 his
2540 4209 2719 4275 dictis,
2752 4204 2928 4263 vatem
2967 4204 3263 4276 compescit
3284 4210 3575 4270 utrumque
3608 4216 3620 4250 :

2007 4348 2013 4355 _
2092 4305 2113 4333 α
2147 4282 2370 4355 Talibus
2421 4282 2724 4355 adstantem
2769 4279 2952 4355 verbis
2982 4292 3216 4355 onerare
3246 4281 3517 4330 catervam

2085 4354 2203 4408 Jam
2236 4353 2412 4417 sinite,
2445 4361 2499 4407 et
2529 4353 2707 4423 potius
2730 4351 2945 4423 tandem
2984 4365 3104 4402 mea
3147 4347 3288 4423 dicta
3317 4351 3517 4423 tenete.

3354 4422 3438 4467 ate
3468 4427 3624 4466 8301⁷0

2090 4487 2355 4549 Instruxit
2384 4494 2531 4555 felix.
2566 4496 2706 4548 hanc
2734 4500 2953 4548 sacrent
3000 4487 3244 4544 membra
3299 4487 3476 4548 beata,

2089 4568 2216 4620 Hmc
2245 4566 2400 4619 decet
2431 4565 2650 4619 alterius
2681 4564 2827 4617 sedis
2860 4578 2967 4633 quo
2996 4562 3049 4633 in
3068 4567 3214 4633 sorte
3245 4557 3504 4633 quiescat.
3536 4575 3558 4603 ι

2160 4636 2483 4690 Conticuere
2505 4651 2716 4700 omnes,
2752 4626 2935 4705 digitis
2964 4630 3125 4705 simul
3154 4644 3252 4685 ora
3264 4626 3616 4699 premebant.

2090 4707 2187 4761 His
2215 4707 2394 4770 dictis,
2426 4705 2669 4760 melioris
2700 4702 2861 4775 opem
2888 4702 3411 4775 nanciscier_optant

2090 4778 2313 4832 Consilii
2346 4795 2358 4831 :
2393 4784 2632 4831 statuunt
2668 4770 2922 4846 precibus
2946 4773 3148 4846 jejunia
3192 4770 3369 4846 jun_gi.

2090 4849 2186 4902 His
2208 4848 2413 4919 pariter
2442 4856 2650 4919 certant
2670 4843 2969 4919 'summum
3016 4844 3234 4919 pulsare
3255 4843 3577 4919 Tonantem,

2090 4911 2263 4987 Gujus
2284 4920 2428 4974 hunc
2448 4918 2658 4973 meritis
2689 4917 2867 4987 potius
2913 4911 3218 4987 concedere
3248 4911 3429 4987 vellet,

2090 4981 2254 5044 Totus
2286 5006 2519 5059 namque
2551 4990 2671 5043 dies
2690 4981 3271 5059 hymnislextenditur
3302 4981 3478 5042 almis,

2090 5060 2342 5133 Pcrvigili
2373 5057 2615 5133 excubiis
2643 5057 2769 5114 cura
2794 5073 2899 5112 nox
2931 5057 3050 5133 ipsa
3100 5062 3338 5133 tenetur.

2091 5124 2496 5191 Postfventura
2525 5131 2643 5185 dies
2677 5145 2888 5184 sacram
2920 5124 3005 5181 cui
3047 5126 3257 5179 tradere
3288 5124 3521 5194 palmam

2091 5202 2365 5272 Depulsis,
2399 5202 2559 5255 vellet
2605 5200 2867 5272 tenebris,
2900 5196 3363 5272 aurorarubebat
3395 5212 3409 5247 :

2092 5268 2321 5337 Interea,
2359 5281 2411 5327 et
2443 5272 2678 5327 thbus
2712 5271 2871 5325 rutilo
2903 5268 3139 5322 surrexit
3171 5268 3241 5322 ab
3272 5274 3411 5321 ortu.

2092 5343 2382 5399 Pontifices
2403 5359 2530 5397 aras
2559 5350 2755 5397 ornant
2787 5342 3093 5410 missasque
3113 5338 3407 5395 celebrant.

2092 5417 2360 5469 Intentum
2381 5413 2642 5485 populum
2665 5428 2821 5468 sacro
2846 5411 3102 5466 libamine
3124 5414 3372 5480 pascunt,

2162 5504 2318 5557 Vers.
2344 5505 2468 5557 943.

2142 5608 2791 5672 b.raec.eorum.sqmenti.ae
2807 5598 3557 5672 levent391§;£°99£ﬁﬂti.‘tm
3582 5596 3696 5641 Pic-

2090 5652 2785 5717 invii‘hammwéraegenie
2807 5652 2925 5707 βίοι.
2957 5652 3226 5705 oriundum
3254 5652 3538 5699 autumant.
