4024 6194
312 315 446 367 1149

327 433 611 490 Lanificam
642 435 800 491 bonis
832 436 993 490 tantis
1016 436 1130 503 jam
1162 434 1321 489 turba
1344 433 1563 506 quievit.

327 507 431 561 Sed
468 506 737 577 stupidam
770 506 976 561 cunctis
1008 522 1121 561 rem
1150 503 1400 578 gesserat
1431 505 1645 578 Arbiter
1690 503 1850 571 altus;

326 578 420 631 Ille
478 576 652 647 liquor
672 578 851 647 duplis
883 578 1079 632 iterum
1098 576 1435 632 remeaverat
1465 576 1644 642 undis;

324 649 513 702 Dulcia
534 656 713 702 musta
732 649 972 717 madent,
996 664 1202 719 perque
1222 656 1272 702 et
1290 664 1389 701 sua
1404 647 1623 702 vascula
1643 656 1916 703 crescunt.

324 721 439 773 Nec
462 719 716 773 claustris
746 727 1001 774 contenta
1023 719 1154 788 suis,
1169 719 1283 787 jam
1314 734 1418 772 una
1446 730 1711 789 permarva

328 792 499 865 Larga
532 790 721 865 ﬂuunt,
757 790 901 865 rivis
921 787 1147 865 planum
1193 789 1411 865 maduit
1448 787 1837 865 pavimentum.

326 862 556 941 {\dditur
585 869 639 914 et
670 860 830 941 signo
860 860 1098 941 signum,
1133 860 1395 941 miracula
1418 860 1586 941 initis.
1620 882 1637 896 ι

327 932 454 985 Inde
486 940 676 1001 petunt
700 931 882 987 vicum
913 931 1085 987 veloci
1106 932 1246 987 calle
1276 931 1491 998 viando,

325 1004 498 1070 Quem
524 1003 676 1070 juxta
708 1002 903 1057 ﬂuvius
931 1012 1084 1057 vasto
1108 1003 1208 1057 sub
1239 1002 1457 1073 gurgite
1479 1008 1678 1073 tranat.

324 1075 477 1128 Ilunc
508 1074 641 1128 adiit
670 1073 890 1127 ﬂuvium
919 1075 1218 1145 gaudenter
1247 1072 1407 1126 turba
1437 1072 1746 1145 pedestris;

328 1145 608 1199 \‘incenna
637 1153 687 1198 et
716 1145 913 1199 ﬂuvius
931 1143 1212 1199 vocitatur
1243 1143 1637 1198 Sannouavius.

322 1217 465 1270 Ecce
498 1215 675 1269 minax
708 1214 898 1269 tumuit
930 1225 1109 1270 mente
1128 1215 1387 1270 stridente
1418 1214 1682 1284 procella,

325 1290 400 1341 Ac
431 1302 531 1356 per
564 1294 717 1356 terga
747 1286 1043 1340 frctifuriis
1073 1287 1268 1355 agitata
1297 1286 1556 1356 cucurrit.

322 1355 592 1409 Turbidus
614 1355 673 1409 et
692 1366 891 1426 pontus
923 1357 1081 1411 undis
1110 1355 1382 1411 incanduit
1413 1356 1566 1409 atris:

323 1431 496 1480 Auras
525 1428 591 1479 ad
623 1443 849 1497 superas
878 1430 1075 1483 nothus
1104 1427 1357 1481 volvebat
1388 1441 1598 1497 arenas.

317 1499 431 1552 Nec
461 1498 613 1551 iteris
644 1496 874 1567 spatium
906 1498 1094 1568 patuit,
1132 1514 1233 1552 nec
1266 1505 1389 1568 apta
1422 1496 1625 1568 carinis

322 1568 597 1623 Fluctibus
619 1566 883 1623 in’mcdiis
906 1566 992 1623 via
1013 1587 1025 1622 :
1045 1593 1066 1616 «ι
1095 1568 1335 1631 cernitis,
1358 1567 1528 1638 inquit
1551 1568 1630 1637 (ut
1647 1566 1909 1637 aequori),

320 1641 576 1711 Personat
607 1656 636 1693 e
666 1639 905 1711 scopulis
925 1649 969 1705 λ,
1003 1655 1203 1711 magno
1230 1655 1288 1693 se
1320 1654 1597 1693 murmure
1643 1638 1871 1692 miscent
1897 1679 1909 1701 ,

320 1712 385 1765 Et
414 1710 567 1781 venti
590 1710 798 1780 pariter
827 1719 1015 1781 parant
1044 1710 1337 1781 conﬂigere
1360 1711 1502 1777 telis,

323 1782 497 1853 [nque
524 1780 699 1837 vicem
728 1780 927 1853 pugnis
948 1780 1277 1836 contendunt
1304 1781 1482 1834 Eurus
1511 1788 1563 1834 et
1589 1783 1791 1853 Auster
1814 1799 1827 1841 ς

319 1852 590 1906 Montibus
619 1868 648 1906 e
680 1852 905 1906 summis
938 1853 1208 1906 undarum
1238 1858 1493 1920 personat
1525 1852 1678 1904 echo.

322 1924 416 1976 llis
447 1922 581 1992 ripis
611 1924 779 1977 satius
806 1923 1060 1993 rapidum
1091 1938 1445 1992 compescere
1477 1938 1751 1993 gressum,

321 1992 498 2060 Quam
527 1993 766 2066 tumidis,
801 1992 937 2066 navi
954 1994 1142 2059 fracta,
1176 1992 1519 2066 submergier
1539 1992 1719 2066 undis.

319 2065 561 2118 Tandem
590 2064 820 2119 desinite
851 2063 1033 2119 inﬁdis
1060 2081 1158 2120 vos
1186 2063 1422 2120 credere
1448 2065 1642 2119 ventis.
1682 2084 1705 2112 »

319 2139 385 2188 At
414 2142 569 2204 pater
592 2135 896 2205 intrepidus
916 2153 1104 2190 rerum
1136 2136 1223 2191 cui
1253 2135 1459 2190 credita
1489 2150 1623 2189 cura
1652 2142 1752 2188 est:

322 2232 341 2277 ις
390 2207 517 2260 ΙΙωο
560 2206 702 2261 vada
733 2204 929 2276 nempe
951 2208 1096 2262 Deus
1128 2206 1325 2277 poterit
1355 2220 1722 2276 compescere,
1757 2204 1908 2269 dixit,

319 2276 424 2344 Qui
456 2277 730 2348 quondam
752 2279 904 2347 ponti
939 2276 1200 2332 mandans
1259 2277 1607 2348 cont'regerat
1664 2276 1836 2348 iram;

319 2346 488 2411 —Tu,
518 2362 693 2413 mare,
713 2346 847 2403 cede
880 2349 1021 2415 loco,
1049 2348 1367 2418 tumidique,
1403 2346 1660 2416 silescite,
1692 2346 1858 2400 venti.
1885 2368 1905 2395 ν

318 2418 499 2472 Prisca
529 2419 685 2490 quies
701 2419 883 2483 rediit,
917 2420 1148 2474 cessavit
1179 2419 1362 2474 cerula
1393 2419 1570 2488 ponti;
1612 2449 1680 2458 --

317 2490 438 2559 Ipse
471 2489 627 2560 etiam
660 2491 860 2560 poterit
893 2500 1197 2545 commotos
1228 2499 1472 2544 sternere
1501 2490 1713 2543 ﬂuctus.

317 2560 531 2632 Pergite
562 2559 811 2632 ﬁdentes.
846 2562 1070 2632 puppim
1101 2560 1396 2632 submittite
1427 2576 1643 2630 corpus.
1689 2581 1710 2632 xy

317 2632 410 2711 ilis
428 2630 632 2711 gestis,
667 2630 1148 2711 cecidere—minae,_
1164 2631 1498 2711 turbansque
1528 2630 1767 2711 procella

316 2702 541 2756 Immitis
571 2717 858 2767 conversa,
895 2704 949 2757 in
975 2703 1105 2757 mite
1135 2702 1357 2773 lympha
1386 2702 1636 2773 quiescit.

314 2774 432 2828 Huc
462 2773 658 2827 mulier
688 2774 995 2844 peregrina,
1033 2790 1132 2828 suo
1163 2789 1283 2829 cum
1314 2773 1546 2844 pignore
1578 2787 1745 2835 caeco,

314 2844 570 2916 Excubiis
600 2845 965 2916 precibusque
997 2844 1160 2898 simul
1190 2859 1298 2915 quo
1327 2852 1486 2916 nocte
1517 2844 1620 2897 sub
1649 2844 1764 2914 ipsa

312 2914 566 2985 Martyris
595 2914 815 2970 almiﬁci
837 2942 862 2977 ι,
880 2914 1219 2970 ὶηθᾱίοαῐιιὶἁ
1242 2915 1487 2969 membra
1518 2918 1769 2985 quierunt

315 2987 644 3041 Pernoctans
675 2986 833 3042 solita
853 2994 1165 3042 remearunt
1193 2987 1337 3041 dona
1364 2986 1557 3039 salute.

314 3057 512 3127 Sicque
542 3057 633 3111 diu
664 3057 868 3113 clausae
884 3066 1196 3112 reserantur
1222 3056 1400 3111 fronte
1426 3056 1695 3112 fenestrae.

312 3128 558 3182 Exsultat
589 3129 822 3199 genitrix
854 3130 1013 3183 tantis
1044 3128 1211 3182 ditata
1234 3128 1488 3181 medelis.

351 3271 442 3326 VI.
490 3273 566 3327 De
598 3273 894 3328 miraculis
924 3273 987 3327 in
1017 3272 1367 3327 Pictaviensi
1396 3270 1530 3325 urbe
1558 3272 1827 3341 patratis.

310 3396 432 3450 Jam
464 3412 733 3465 suspensa
760 3396 851 3449 diu
883 3396 1083 3466 przesul
1117 3410 1216 3449 sua
1229 3401 1353 3450 vota
1374 3401 1635 3459 meretur;

312 3466 589 3536 Comperit
617 3468 912 3521 adventum
942 3466 1140 3522 celeris
1169 3467 1450 3536 propiasse
1480 3473 1716 3519 catervae
1744 3482 1755 3517 :

311 3537 520 3609 Obvius
549 3537 667 3609 ipse
700 3554 798 3592 sua
828 3538 1044 3593 tandem
1072 3537 1140 3591 de
1172 3537 1301 3591 sede
1326 3536 1681 3609 propinquat,

309 3606 586 3676 Quocum_
596 3609 881 3679 perplures
910 3624 1169 3679 proceres
1198 3607 1519 3663 comitantur
1546 3606 1766 3679 beriles,

310 3679 561 3734 Clericus
589 3677 729 3734 ordo
760 3677 926 3734 simul
971 3680 1363 3734 monachorum
1409 3677 1654 3732 examine
1702 3694 1901 3747 pompa

309 3749 495 3821 Plebs,
531 3751 746 3821 vulgus,
805 3767 1015 3821 pauper
1044 3750 1266 3814 mixtus,
1298 3748 1384 3803 vel
1441 3766 1603 3821 sexus
1646 3757 1897 3821 uterque,

311 3820 447 3875 Cum
478 3818 734 3875 crucibus
767 3818 957 3883 rutilis,
989 3820 1150 3875 claris
1176 3837 1299 3876 cum
1333 3821 1488 3874 thure
1517 3818 1792 3884 lucernis;

308 3891 509 3945 Nubila
540 3900 730 3947 cuncta
752 3900 937 3946 tonant
960 3909 1196 3958 sursum,
1220 3892 1378 3945 simul
1399 3906 1533 3944 arva
1557 3891 1895 3945 tremiscunt.

310 3962 553 4033 Quisque
582 3963 743 4017 alium
774 3970 946 4017 certat
977 3962 1165 4032 rapido
1196 3978 1528 4033 praecurrere
1559 3962 1718 4033 calle,

310 4032 529 4106 Cornua
551 4034 650 4106 qui
681 4033 1104 4106 feretritangat,
1133 4034 1223 4104 qui
1252 4032 1464 4106 timbria
1493 4032 1659 4106 pepli,

309 4102 413 4171 Qui
444 4102 659 4176 subigat
687 4104 924 4174 scapulis
947 4102 1178 4174 pondus,
1214 4103 1304 4174 qui
1327 4119 1527 4176 magna
1558 4102 1756 4158 talenta

311 4176 471 4229 Ferre
501 4175 681 4246 queat.
714 4176 965 4240 Demum,
1002 4182 1256 4246 suscepto
1286 4175 1516 4246 pignore
1548 4182 1715 4242 tanto,

309 4246 584 4317 Pictavent
602 4247 799 4317 praesul
831 4247 985 4301 laetus
1016 4245 1256 4315 perrexit.
1284 4245 1362 4298 ad
1386 4246 1595 4299 urbem.

310 4318 425 4371 Huc
457 4316 619 4370 etiam
646 4318 791 4371 venit
812 4317 1007 4371 mulier
1035 4332 1154 4387 qua)
1182 4331 1414 4386 corpore
1447 4323 1577 4379 toto,

379 4386 626 4442 Curvatis
656 4388 860 4453 nervis,
894 4386 1170 4458 spectabat
1188 4403 1400 4458 cernua
1421 4395 1638 4451 terram,

303 4457 419 4513 Nec
440 4466 650 4528 poterat
680 4456 937 4523 sursum,
954 4474 1164 4512 annoso
1185 4456 1451 4527 languore
1484 4466 1694 4523 coacta,

307 4528 591 4584 Cervicem
609 4529 824 4593 ﬂexam,
857 4529 1139 4599 pr0prium
1161 4529 1248 4584 vel
1278 4528 1467 4583 tollere
1488 4529 1714 4583 vultum.

313 4623 334 4646 ιε
370 4600 438 4653 Et
466 4600 617 4665 mihi,
645 4600 738 4670 qui
766 4600 972 4669 multis,
998 4608 1221 4670 martyr,
1256 4600 1498 4654 concede
1528 4599 1777 4663 salutem,

304 4670 542 4740 Largiris
570 4671 766 4725 virtute
798 4671 916 4735 Dei,
958 4692 979 4719 »
1014 4671 1147 4724 dixit
1170 4671 1428 4738 resolute,

305 4740 598 4810 Corporeis
627 4740 805 4811 pcenis
835 4743 1040 4797 clarum
1060 4741 1426 4795 reminiscitur
1442 4741 1676 4796 orbem“.

264 4838 273 4843 ·
302 4812 424 4866 Mox
458 4812 558 4867 soli
583 4813 816 4867 Domino
845 4812 1038 4868 laudes
1067 4820 1364 4883 gratesque
1381 4812 1649 4882 rependit.

373 4883 667 4939 Gressibus
688 4883 813 4953 inde
844 4892 1030 4952 petunt
1050 4884 1187 4937 lactis
1209 4892 1451 4937 sanctam
1476 4883 1889 4953 Radegundem,

302 4952 662 5025 Quaemeritis
689 4952 862 5025 fulget
892 4954 1081 5020 sacris,
1098 4970 1265 5024 super
1302 4956 1500 5008 azthera
1530 4952 1682 5017 nota;

303 5024 402 5078 Hic
424 5024 596 5091 jacuit
622 5024 858 5093 juvenis,
895 5025 1012 5078 diro
1043 5032 1330 5093 torquente
1374 5025 1580 5089 dolore,

300 5095 553 5217 ngfavus,
578 5095 811 5218 gfiigus,
837 5096 960 5150 totis
1004 5095 1371 5166 membrisque
1401 5096 1622 5149 solutis:

421 5180 541 5218 nas.
618 5192 622 5195 Α

421 5180 541 5218 nas.
581 5169 717 5219 1149

362 5349 378 5372 ι
415 5340 665 5406 scopulis.
706 5343 945 5406 Medicam
984 5353 1189 5406 manum
1241 5341 1565 5406 desiderabat
1604 5343 1766 5406 textus
1808 5345 1892 5390 in-

296 5397 594 5494 ﬁgirziius'ac
632 5397 839 5442 mutilus
880 5413 889 5441 :
938 5397 1186 5452 cernitis,
1232 5397 1418 5455 inquit,
1459 5402 1705 5451 personat
1734 5408 1757 5443 e
1784 5408 1890 5457 spc-

296 5459 652 5567 ciiifsi‘lmiﬂci.
690 5505 825 5567 yanp
862 5505 1476 5567 vocemnconferrejuvat
1514 5516 1645 5567 cum,
1670 5505 1890 5567 Insolito.

291 5550 646 5661 (iﬁqm‘tumuto
690 5559 736 5603 S.
785 5557 1079 5613 Leodegarii
1127 5550 1467 5614 inscribitur,
1504 5550 1890 5607 vocabuloHaF

292 5625 625 5762 gigans-um.
664 5663 788 5707 solis
829 5673 1041 5719 nempe,
1090 5664 1443 5711 reminiscitur
1486 5666 1655 5712 orbem
1681 5702 1692 5722 ,
1730 5668 1797 5713 Ct.
1840 5680 1887 5714 v.

1414 312 1565 365 VITA
1602 312 1656 365 S.
1694 308 2147 365 LEODEGARII.
2196 336 2263 347 —
2304 309 2427 362 LIB.
2471 310 2536 361 Il.

3472 313 3607 365 1150

1950 434 2006 494 Α
2028 431 2277 505 Martyris
2308 438 2360 486 et
2375 430 2587 505 meritis
2613 430 2847 487 surrexit
2876 430 2966 488 hic
2998 447 3215 505 quoque
3245 449 3426 505 sanus.

2098 490 2350 556 Protinus
2370 502 2675 573 agminibus
2708 518 2898 573 sospes
2927 490 3358 559 comes‘additur
3387 504 3511 567 illis,

2024 573 2376 643 Prosperiore
2409 573 2515 637 via,
2542 573 2727 644 pepuli
2740 575 2851 642 jam
2884 582 3024 629 tecta
3045 575 3259 629 subibat

2026 644 2332 716 Doctiloqui
2362 644 2519 716 vatis,
2553 645 2825 716 quondam
2853 645 2945 715 qui
2976 646 3263 699 schismate
3287 662 3430 701 saevo

2022 715 2514 785 Ililarius’prOpriis
2544 715 2719 769 fnerat
2748 716 3011 785 depulsus
3045 717 3114 770 ab
3144 717 3275 782 oris,

2024 784 2179 839 Falsa
2211 784 2301 855 pio
2330 784 2524 841 doctor
2547 786 2713 841 verbo
2744 784 2872 840 dum
2905 787 3163 855 dogmata
3193 788 3431 849 damnat,

2021 857 2217 927 Arrius
2248 856 2434 911 infelix
2464 873 2586 927 qua"
2617 858 2817 927 sparsit
2850 858 3095 927 partibus
3129 859 3300 912 orbis.

2021 874 2217 909 Al‘I‘lltS
2248 874 2434 911 inteux
2464 874 2586 927 qum
2617 874 2641 910 s
2684 874 2817 911 arsu
2850 874 3095 927 partibus
3129 874 3240 912 OI‘DI

2019 927 2109 999 Lis
2138 926 2310 999 fuerat
2341 927 2464 999 talis
2495 944 2617 982 cum
2648 874 2765 982 Κείιο
2787 937 2902 983 orta
2934 928 3240 999 [duobuslﬂ

2022 998 2253 1051 llilarius
2284 998 2444 1051 talem
2474 999 2785 1057 doctrinam
2817 998 3001 1068 pandit
3030 1000 3095 1051 ab
3127 998 3255 1054 ore:

2026 1092 2046 1111 α
2081 1069 2258 1123 'l‘crna
2289 1078 2472 1123 manet
2503 1086 2757 1139 persona,
2792 1071 2909 1124 Deo
2952 1070 3252 1124 substantia
3300 1069 3549 1140 simplex,
3592 1095 3610 1115 n

2018 1140 2207 1193 Arrius
2236 1140 2303 1192 ad
2328 1148 2510 1193 ternas
2541 1149 2746 1193 ternam
2778 1141 3055 1207 conjunxit
3081 1142 3271 1195 usiam.

2090 1211 2185 1265 llic
2208 1211 2365 1265 binos
2390 1211 2519 1265 bino
2542 1212 2820 1265 medicans
2852 1212 3118 1282 languore
3142 1212 3363 1282 repulso

2020 1281 2111 1332 Vir
2142 1282 2503 1353 gelidojacuit
2538 1282 2722 1353 stratis
2745 1282 2847 1334 sub
2877 1281 3111 1351 corpore
3140 1281 3344 1353 segnis.

2020 1350 2335 1405 Lutuiuibus
2366 1351 2606 1405 fraudata
2637 1352 2729 1406 diu
2750 1353 2848 1406 sub
2880 1350 3039 1408 nocte
3070 1350 3270 1422 puclla.

2018 1424 2141 1490 Ipsa
2162 1422 2345 1492 puclla
2376 1438 2589 1477 sacram
2612 1440 2711 1492 per
2743 1423 2857 1477 lucc
2876 1423 3178 1493 permansit
3209 1424 3273 1477 ad
3310 1440 3483 1489 aram,

2017 1492 2222 1547 ()tlieiis
2255 1493 2461 1547 intenta
2490 1493 2613 1563 piis,
2637 1495 2764 1547 dum
2800 1492 2903 1547 vita
2936 1494 3192 1548 manebat
3224 1514 3236 1558 ;

2016 1564 2265 1635 Martyris
2297 1572 2349 1618 et
2380 1564 2642 1623 tumulum
2674 1580 2874 1636 magno
2906 1564 3205 1620 celebravit
3236 1567 3462 1620 honore.

2016 1671 2127 1723 VII.
2170 1670 2377 1735 Quibus
2411 1672 2714 1726 miraculis
2743 1672 2796 1724 S.
2840 1672 3123 1726 Maxentii
3158 1673 3369 1727 cellula
3395 1715 3410 1737 ,
3445 1688 3613 1742 quam

2237 1742 2371 1796 olim
2402 1742 2771 1812 Leodegarius
2796 1747 3045 1807 rexerat,
3068 1744 3421 1797 illustratur.

1934 1802 1984 1860 Β
2019 1840 2232 1910 Martyr
2247 1846 2389 1910 amat
2412 1838 2684 1910 placidam
2717 1838 2978 1892 membris
3008 1848 3229 1908 captare
3259 1839 3517 1910 quietem,

2018 1911 2086 1963 Et
2119 1908 2482 1982 stationet'rui,
2518 1909 2725 1982 dudum
2759 1926 2867 1982 quo
2898 1919 3115 1964 rexerat
3136 1908 3355 1982 agmen.

2014 1983 2131 2034 1am
2165 1981 2402 2045 tandem,
2432 1980 2654 2051 praesul,
2689 1995 2789 2035 nec
2812 1980 3028 2051 linquas
3056 1980 3189 2035 vota
3211 1980 3453 2036 morari:
3482 2028 3485 2029 ,

2017 2053 2193 2124 Perge
2213 2051 2379 2124 celer,
2415 2050 2598 2124 populi
2629 2066 2833 2124 magno
2851 2051 3144 2124 comitante
3176 2051 3468 2124 triumpho;

2016 2122 2285 2176 Cornibus
2306 2120 2429 2192 ipse
2450 2121 2708 2175 humeros
2730 2120 2964 2192 supplex
2997 2122 3259 2177 subnecte
3285 2120 3470 2177 feretri
3498 2122 3509 2176 l

2013 2193 2347 2262 Exspectant
2379 2200 2589 2263 patrem
2620 2193 2873 2247 monachi
2900 2208 3148 2248 remeare
3182 2193 3451 2263 priorem:

2015 2263 2245 2317 Sedibus
2277 2271 2328 2315 et
2356 2262 2586 2333 placidis
2617 2270 2828 2333 spectat
2849 2263 3147 2317 Maxentius
3169 2263 3364 2330 almus,

2014 2338 2091 2389 Ac
2121 2350 2307 2387 secum
2338 2332 2582 2392 relevere
2604 2332 2751 2403 cupit
2775 2335 2889 2401 jam
2911 2334 3157 2390 membra
3185 2334 3367 2389 beata.

2015 2404 2290 2459 Pontificis
2321 2404 2561 2475 scapulis
2589 2412 2799 2475 martyr
2830 2404 3121 2461 subvectus
3138 2404 3339 2473 abibat,

2014 2478 2154 2530 Dum
2185 2476 2373 2548 spatiis
2394 2474 2571 2548 largis
2588 2474 2947 2548 numerosum
2984 2476 3217 2531 occurrit
3246 2474 3410 2548 ovile,

2012 2548 2180 2616 Queis
2202 2545 2457 2600 alimenta
2489 2545 2642 2615 prius
2663 2554 2877 2602 sacrato
2908 2546 3166 2618 dogmate
3196 2546 3424 2618 praebet,

2014 2618 2374 2687 Suscepitque
2402 2626 2612 2688 patrem
2664 2617 3063 2674 monachorum
3092 2617 3215 2673 laeta
3242 2617 3566 2688 phalanges.

2084 2689 2179 2768 His
2210 2688 2378 2758 igitur
2407 2687 2625 2768 populis
2654 2687 2818 2768 tantis
2847 2688 3089 2768 admixta
3116 2687 3334 2743 meabat

2010 2759 2251 2823 Femina;
2288 2758 2618 2813 seminecem
2648 2758 2816 2814 tristis
2847 2759 2946 2813 sub
2965 2768 3186 2823 pectore
3206 2768 3393 2814 natum

2010 2830 2169 2901 (Huic
2198 2830 2357 2884 ﬂatus
2389 2830 2636 2885 modicus
2669 2838 2874 2884 tantum
2904 2829 3005 2884 sub
3030 2838 3255 2901 gutture
3273 2829 3494 2900 mansit)

2012 2890 2286 2982 gesserat,
2323 2917 2385 2955 ac
2416 2900 2675 2982 lacrymis
2693 2901 2885 2982 oculos
2916 2890 3139 2982 perfusa
3170 2901 3389 2982 tenebat
3423 2921 3436 2966 ;

2010 2971 2590 3044 Vociferansmgenitrix
2621 2972 2849 3044 supplex
2882 2971 3123 3044 clamore
3144 2972 3387 3043 peralto:

2013 3066 2033 3088 ‹‹
2070 3043 2258 3097 Redde
2279 3042 2410 3114 mihi
2430 3050 2633 3109 natum,
2669 3042 2847 3099 solum
2881 3042 3006 3113 quia
3035 3042 3193 3114 gesto
3216 3044 3470 3109 cadaver,

2010 3114 2184 3168 Cerne
2216 3112 2484 3168 infelicem
2504 3123 2757 3179 matrem,
2789 3112 3017 3182 necjam
3046 3112 3212 3169 modo
3239 3122 3472 3169 matrem

2006 3185 2153 3238 Mors
2176 3192 2228 3237 et
2261 3200 2371 3256 ego
2396 3184 2871 3256 internospugnis
2903 3184 3271 3256 conﬂigimus,
3308 3184 3499 3255 inquit.

2006 3256 2134 3309 Haec
2166 3255 2407 3308 tenebris
2436 3255 2729 3309 furibunda
2760 3255 2941 3308 meum
2974 3255 3090 3308 vult
3115 3256 3323 3310 credere
3369 3263 3553 3308 natum
3584 3275 3601 3316 ,-

2005 3326 2084 3378 Tu
2115 3325 2377 3391 clemens,
2399 3325 2641 3380 concede
2670 3325 2869 3397 iterum
2882 3325 3228 3397 resipiscere,
3263 3334 3470 3396 martyr

2005 3400 2113 3450 Aut
2141 3396 2345 3466 pariter
2375 3411 2561 3452 coram
2601 3395 2782 3466 capiat
2829 3405 2850 3430 °
2881 3395 3008 3452 nos’
3030 3405 3171 3452 terra
3203 3395 3526 3461 dehiscens;

2005 3467 2163 3520 Basia
2188 3483 2289 3521 nec
2318 3475 2509 3536 potero
2541 3466 2729 3521 dilecti
2760 3466 3013 3537 linquere
3035 3469 3165 3523 nati.
3207 3492 3228 3516 ››

2006 3539 2147 3610 Ecce
2179 3545 2401 3610 repente
2429 3553 2569 3608 puer
2607 3537 2801 3609 gracili
2832 3554 2957 3610 cum
2988 3555 3121 3593 voce
3176 3538 3491 3610 respondit:

2011 3633 2031 3654 α
2069 3609 2166 3664 Dic
2197 3608 2291 3662 ubi
2320 3608 2414 3673 sis,
2445 3608 2651 3671 mater";
2684 3624 2774 3662 me
2798 3609 3015 3679 suscipe
3037 3618 3244 3677 natum,

2004 3680 2230 3745 Adsum,
2293 3687 2469 3733 mater
2499 3679 2593 3741 ait,
2628 3678 2707 3732 tili
2735 3678 3034 3734 carissime.
3074 3698 3107 3727 ir
3130 3680 3283 3735 Matri

2005 3750 2214 3805 Gaudia
2241 3766 2439 3820 magna
2468 3750 2583 3803 tulit
2600 3749 2770 3820 geniti
2793 3766 2896 3820 pro
2944 3767 3168 3805 munere
3198 3758 3364 3806 tanto.

2005 3767 2214 3805 uauma
2241 3767 2328 3804 ma
2371 3767 2439 3804 na
2468 3767 2770 3820 tutugeniu
2793 3767 2896 3820 pro
2944 3767 3168 3805 munere
3198 3767 3265 3804 ia:

2002 3820 2237 3876 Lmtiﬁca
2269 3767 2411 3893 regit
2440 3820 2676 3893 genitrix
2698 3836 2835 3893 cum
2854 3820 3083 3893 pignore
3114 3837 3265 3875 sano.

2074 3893 2280 3947 Luscus
2302 3890 2410 3946 adit
2436 3890 2658 3963 quidam
2689 3890 2949 3945 feretrum
2975 3908 3119 3963 cum
3168 3892 3401 3963 conjuge
3432 3907 3596 3955 caeca,

2004 3964 2099 4044 Yir
2118 3971 2346 4044 gestans
2376 3962 2591 4044 oculum
2620 3962 2797 4042 solum
2828 3964 2929 4017 sub
2943 3962 3134 4044 “fronte
3166 3980 3422 4044 serenum
3448 3983 3461 4028 ;

2003 4033 2208 4102 Conjux
2230 4034 2493 4089 ambobus
2515 4034 2705 4096 caruit,
2743 4050 2904 4105 quam
2936 4033 3065 4089 fune
3083 4035 3314 4089 maritus

2004 4106 2253 4177 Ingratus
2283 4104 2439 4177 toties
2459 4104 2618 4158 tardo
2649 4104 2750 4177 sub
2782 4105 2922 4159 calle
2955 4107 3199 4177 regebat.

2001 4176 2233 4229 Credula
2256 4176 2421 4230 corde
2440 4184 2553 4229 tum
2582 4175 2801 4240 mulier,
2832 4177 2976 4247 quod
2996 4175 3227 4231 reddere
3259 4176 3431 4245 possit

2000 4247 2281 4300 Amissum
2312 4247 2496 4300 lumen
2522 4253 2732 4316 martyr
2768 4263 2779 4300 :
2817 4248 2913 4301 sed
2947 4248 3027 4301 vir
3048 4248 3325 4303 dubitavit.

2004 4317 2094 4370 Vir
2124 4318 2324 4372 dubius
2341 4317 2775 4387 caruitpostbtec
2806 4318 2903 4371 sed
2934 4318 3137 4372 lumine
3171 4318 3307 4381 solo,

2000 4389 2276 4443 Ambobus
2308 4388 2505 4442 mulier
2536 4387 2742 4442 meritis
2760 4389 2960 4444 donata
2992 4390 3237 4445 recessit.

2000 4460 2088 4513 Sic
2122 4458 2319 4531 inﬁdus
2341 4459 2448 4513 abit
2480 4474 2660 4531 caecus
2706 4474 3046 4531 cernensque
3075 4460 3279 4516 fidelis.

1918 4515 1969 4575 D
2070 4531 2184 4585 Nec
2215 4530 2403 4584 sileam
2434 4546 2556 4599 quae
2589 4529 2696 4581 sint
2726 4515 2992 4585 miracula
3024 4530 3158 4587 facta
3183 4515 3326 4587 beati

1992 4600 2438 4672 Maxentiseptis.
2478 4600 2871 4672 Monachorum
2906 4603 3021 4656 hmc
3053 4603 3272 4672 agmina
3294 4612 3525 4672 promta

1994 4670 2203 4744 Obvius
2235 4671 2317 4725 ire
2342 4670 2716 4744 parant_patri,
2742 4671 2873 4744 dum
2903 4670 3139 4744 namque
3167 4670 3371 4744 puella,

1995 4740 2190 4814 Qﬂicio
2225 4740 2492 4805 cessante,
2522 4740 2716 4809 jacens
2747 4742 2951 4814 tardata
2983 4740 3272 4814 quotannis

1994 4813 2386 4887 Membrorum,
2438 4827 2642 4887 nomen
2664 4813 3078 4887 sancti,_rumor
3100 4814 3378 4887 frequenti

1992 4884 2350 4954 Expressum,
2382 4890 2439 4937 ut
2467 4883 2706 4952 primum
2736 4884 2934 4953 patulis
2956 4885 3114 4940 simul
3144 4883 3362 4941 auribus
3390 4886 3589 4953 hausit,

1992 4956 2249 5029 Protinus
2278 4971 2387 5009 una
2410 4968 2641 5029 manus,
2674 4956 2897 5027 proprio
2914 4957 3184 5029 redeunte
3216 4957 3405 5029 vigore

1996 5027 2119 5105 l’ost
2141 5035 2325 5081 ternos
2347 5026 2521 5105 soles,
2546 5040 2767 5105 corpus,
2782 5026 2785 5027 ⁷
2803 5027 3054 5105 veniente
3088 5028 3265 5105 beato,

1992 5098 2110 5151 Jam
2134 5105 2302 5151 totum
2332 5096 2528 5151 meruit
2560 5095 2713 5150 solita
2745 5099 2987 5169 gaudere
3031 5099 3221 5154 salute.

2070 5169 2428 5223 Vens.1213.

2038 5344 2066 5405 ,ἦ
2084 5343 2280 5405 Duobus
2301 5345 2447 5400 adde,
2477 5346 2678 5405 ut_re_or,
2699 5346 2989 5405 adsensum
3010 5348 3057 5393 et
3085 5348 3147 5393 ad
3189 5351 3403 5405 metrum
3442 5349 3588 5405 virgis,

1992 5397 2179 5459 tjilario
2222 5408 2403 5459 nempe
2428 5397 2490 5459 _'et
2527 5397 2949 5459 arto,'_aliterque
2987 5411 3211 5459 versum,
3249 5402 3438 5459 attinge
3476 5397 3590 5459 τιςξέ

1988 5450 2152 5511 fuerat
2179 5462 2290 5511 gum
2324 5450 2475 5498 tanta
2501 5450 2976 5511 virtsiﬂosversus
2996 5465 3100 5511 prta
3122 5457 3320 5511 cteteris
3359 5450 3588 5511 incondi-

1989 5506 2356 5565 t‘ossictorsan
2380 5507 2899 5565 nonnulliexcipient.
2936 5506 3011 5565 ,ut'
3037 5509 3165 5565 ipsis
3197 5512 3370 5565 noster
3404 5510 3588 5565 evadat

1989 5559 2326 5665 gig‘tlziyiensts
2346 5562 2509 5615 poeta,
2532 5559 2760 5616 indeque
2790 5562 2948 5607 velint
2980 5559 3197 5608 auctoris
3239 5562 3455 5618 patriam
3489 5562 3589 5610 dis-

1989 5672 2077 5761 co-r
2083 5665 2313 5778 (sugg;
2325 5665 2562 5711 Notarius
2583 5666 2776 5724 absque
2796 5678 2949 5715 sensu
2972 5668 3242 5725 scripserat
3267 5683 3279 5715 :
3309 5671 3403 5714 Aut
3434 5668 3582 5729 parit
