4024 6194
295 157 432 209 1153

368 280 422 329 In
447 280 692 343 psalmum
715 279 776 327 ll.
1805 269 1903 343 Ῐξίξ

367 347 420 395 In
445 332 691 408 psalmum
715 344 800 394 III.

368 414 419 462 In
447 400 686 477 psalmum
718 411 798 461 IV.

366 480 419 529 In
449 468 689 541 psalmum
712 478 773 526 V.
1805 468 1902 541 399

368 545 421 595 In
444 534 687 608 psalmum
716 545 796 593 Vl.

367 612 419 661 In
445 600 688 674 psalmum
711 611 816 660 VII.
1805 600 1904 674 Ζβσξ

367 679 419 728 Iu
445 668 685 742 psalmum
713 678 838 727 VIII.
1806 668 1905 742 Ξ(ξρ

368 745 421 795 In
446 733 689 808 psalmum
714 745 798 795 1x.
1808 733 1903 808 res

367 812 420 862 In
443 800 682 874 psalmum
705 812 769 862 X.

370 879 421 928 In
444 867 685 942 psalmum
708 879 794 927 XI.

370 945 422 994 In
448 932 689 1007 psalmum
713 945 821 994 XII.
1807 932 1904 1007 776

268 1052 275 1063 ,
370 1012 424 1062 In
449 997 688 1073 psalmum
712 1011 844 1060 xm.
1806 997 1903 1073 ῃ]

372 1079 424 1127 In
449 1066 690 1139 psalmum
716 1076 842 1126 xw.
1807 1066 1903 1139 ἷξε)

369 1145 423 1194 In
451 1132 688 1205 psalmum
713 1144 818 1192 XV.
1807 1132 1903 1205 780

371 1211 425 1260 In
447 1200 691 1273 psalmum
716 1209 843 1258 XVI.
1808 1200 1897 1273 Z§1

373 1278 426 1326 In
449 1265 694 1339 psalmum
730 1276 880 1326 XVII.

375 1345 426 1393 In
450 1331 695 1406 psalmum
720 1342 896 1392 xvm.
1809 1331 1905 1406 Z89

372 1410 424 1459 In
452 1397 699 1471 psalmum
722 1409 850 1458 XIX.

371 1478 424 1525 In
452 1464 691 1538 psalmum
715 1476 822 1525 XX.
1809 1464 1907 1513 793

303 1595 577 1645 EPITOME
650 1592 1237 1645 COMMENTARIORUM
1300 1587 1531 1640 RABANI
1594 1586 1655 1635 IN
1722 1583 1907 1633 LEVI-

375 1728 618 1779 Praafatio.
1811 1720 1909 1768 795

376 1797 537 1846 CAPUT
563 1809 773 1847 νιιιιιωι.
1813 1786 1911 1836 795

379 1863 498 1912 CAP.
528 1862 589 1912 II.
1814 1853 1910 1903 798

376 1930 494 1979 CAP.
521 1929 606 1978 III.
1811 1920 1904 1969 801

377 1997 497 2046 CAP.
525 1996 605 2044 IV.
1812 1986 1910 2036 800

380 2062 499 2114 CAP.
528 2062 589 2111 V.
1810 2054 1910 2101 805

379 2130 499 2179 CAP.
529 2128 613 2177 VI.
1811 2118 1909 2169 806

377 2196 499 2246 CAP.
524 2194 630 2244 VII.
1810 2187 1910 2235 808

378 2262 498 2312 CAP.
524 2260 650 2311 VIII.
1810 2253 1910 2302 810

380 2330 501 2379 CAP.
528 2328 611 2378 IX.
1812 2320 1904 2367 811

380 2396 501 2445 CAP.
527 2395 589 2443 X.
1813 2385 1911 2435 812

382 2464 501 2513 CAP.
527 2462 610 2511 XI.
1812 2453 1912 2501 813

380 2529 499 2579 CAP.
528 2528 635 2577 XII.
1813 2520 1910 2567 817

382 2597 505 2645 CAP.
527 2594 656 2645 XIII.
1814 2586 1913 2635 819

382 2663 501 2713 CAP.
528 2660 655 2711 XIV.
1813 2652 1912 2701 822

380 2730 501 2779 CAP.
527 2727 628 2777 XV.
1814 2719 1913 2768 824

379 2796 499 2845 CAP.
525 2794 649 2843 XVI.
1814 2786 1912 2835 826

381 2863 502 2912 CAP.
528 2860 681 2912 XVII.
1812 2851 1913 2900 8‘29

382 2928 503 2979 CAP.
534 2925 703 2979 XVIII.
1814 2920 1911 2968 830

382 2995 503 3045 CAP.
528 2994 658 3045 XIX.
1815 2985 1914 3035 830

382 3062 503 3111 CAP.
524 3062 630 3112 XX.
1816 3052 1915 3101 833

386 3128 506 3178 CAP.
534 3128 663 3178 XXI.
1818 3118 1917 3168 854

386 3194 506 3246 CAP.
531 3193 686 3246 XXII.
1818 3185 1915 3233 836

386 3262 504 3312 CAP.
533 3260 707 3312 XXIII.
1817 3252 1912 3300 837

383 3328 502 3379 CAP.
529 3327 682 3378 XXIV
695 3362 708 3375 .
1818 3319 1909 3367 841

382 3396 500 3446 CAP.
527 3394 675 3445 XXV.
1819 3386 1917 3435 842

384 3464 503 3513 CAP.
531 3460 702 3511 XXVI.
1817 3452 1917 3501 813

384 3529 502 3579 CAP.
531 3525 723 3579 XXVII.
1818 3518 1915 3567 817

317 3647 579 3698 HOMILIA
635 3646 697 3694 IN
746 3643 984 3693 INITIUM
1040 3640 1373 3691 EVANGELII
1420 3641 1473 3689 S.
1531 3639 1765 3688 ΜΑΤΤΗ.
1820 3638 1919 3687 849

539 3710 870 3764 EXPOSITIO
905 3710 967 3759 IN
1002 3706 1295 3770 QUATUOR
1330 3704 1706 3756 EVANGELIA.

394 3805 666 3858 Admonitio
687 3802 978 3854 Martiansei.
1819 3798 1910 3847 861

390 3874 639 3937 Expositio
661 3872 710 3921 in
736 3868 1054 3937 Evangelium
1072 3867 1313 3937 711attbzei.
1819 3866 1916 3937 §§§

452 3932 516 3977 5—-
652 3939 707 3988 In
731 3936 1043 3997 Evangelium
1070 3934 1237 3983 Marci.
1820 3932 1916 3980 887

454 4032 519 4043 —
653 4005 708 4054 In
732 4002 1049 4065 EVangelium
1075 4002 1237 4050 Lucae.
1820 3999 1916 4047 893

456 4098 519 4109 —
655 4072 709 4121 In
734 4069 1047 4131 Evangelium
1072 4066 1289 4117 Joannis.
1819 4065 1919 4115 903

389 4140 561 4201 Incipit
582 4137 880 4200 capitulatio.
1818 4132 1908 4201 911

383 4200 595 4268 Explicit
618 4205 805 4266 passio.
1161 4267 1167 4268 7
1233 4267 1238 4268 7
1285 4267 1290 4268 7
1332 4266 1359 4268 77
1407 4267 1439 4268 ἢ
1819 4200 1918 4268 912

319 4266 605 4324 PICTUIUE
641 4269 1063 4322 HISTORIARUII
1104 4267 1246 4317 NOVI
1281 4266 1463 4315 ’I‘EST.
1820 4266 1918 4313 91ῖὶ

317 4375 398 4425 DE
433 4371 1051 4425 ECCLESIASTICARUM
1097 4370 1310 4420 RERUM
1366 4367 1654 4418 EXOIIDIIS
1696 4369 1777 4418 ΕΤ
1831 4368 1919 4415 IN-

916 4436 1271 4488 CREMENTIS
1284 4472 1296 4483 .

390 4535 615 4585 Praatatio
640 4532 873 4583 auctoris.
1820 4526 1919 4576 919

384 4604 545 4654 CAPUT
582 4613 789 4651 Primum
814 4624 879 4635 —
904 4599 971 4648 De
994 4596 1209 4647 exordiis
1247 4595 1539 4658 templorum
1580 4597 1628 4643 et
1667 4594 1913 4708 ειιωίιὸιῖιῄ

387 4737 504 4785 CAP.
533 4737 593 4785 II.
620 4760 684 4771 —-
708 4734 924 4795 Qualiter
948 4731 1207 4793 religiones
1225 4728 1431 4779 diversa.
1470 4726 1765 4795 seinvicem
1805 4726 1918 4795 inii-

323 4805 437 4853 tata!
459 4802 577 4859 sint,
597 4806 644 4850 et
660 4792 776 4864 quid
795 4792 1054 4851 commune
1074 4796 1366 4864 habuerunt,
1389 4794 1504 4864 quid
1518 4794 1779 4864 diversum.
1817 4792 1911 4864 921

388 4870 507 4918 CAP.
535 4869 619 4918 III.
647 4860 713 4904 -'-
736 4868 805 4916 De
831 4865 1052 4929 profectu
1077 4863 1325 4926 religionis
1348 4861 1655 4912 Christianae.
1817 4860 1916 4929 9:}?

388 4936 507 4986 CAP.
534 4935 615 4985 IV.
639 4959 702 4972 —
728 4934 779 4983 In
809 4926 927 4995 quas
952 4932 1122 4993 plagas
1146 4930 1274 4988 cmli,
1302 4934 1497 4979 orantes
1521 4930 1793 4995 vertantur.
1819 4926 1919 4995 922

387 5004 504 5052 CAP.
528 5003 589 5052 V.
611 5027 676 5037 —
702 5002 771 5050 De
793 4992 924 5049 vasis
948 4992 1055 5059 qusi
1075 4996 1363 5059 simpliciter
1385 4996 1524 5059 signa
1548 4993 1793 5044 dicuntur.
1818 4992 1917 5043 924

386 5069 503 5120 CAP.
526 5070 606 5118 VI.
626 5093 692 5104 —
707 5066 955 5131 Expositio
978 5065 1227 5114 nominum
1253 5062 1571 5127 quorumdam
1597 5062 1753 5111 sacris
1776 5060 1920 5131 rebus

322 5134 668 5196 adiacentium.
784 5126 799 5131 ⁷
1272 5126 1279 5127 ί
1652 5195 1658 5196 7
1819 5126 1920 5177 924

388 5195 509 5253 CAP.
532 5202 639 5252 VII.
679 5226 744 5238 —-
784 5198 1036 5263 Quomodo
1076 5196 1337 5250 Theotisce
1367 5197 1538 5247 domus
1578 5195 1662 5245 Dei
1697 5196 1921 5312 αἰθεῑὸἒό

387 5338 512 5387 CAP.
547 5336 673 5387 VIII.
700 5361 765 5372 —
790 5337 857 5387 De
884 5332 1174 5397 imaginibus
1193 5336 1242 5382 et
1268 5331 1490 5394 picturis.
1602 5396 1605 5397 7
1818 5329 1919 5397 927

386 5404 506 5454 CAP.
533 5403 617 5453 IX.
644 5429 708 5441 —
734 5403 800 5453 De
823 5395 1021 5463 templis
1046 5404 1096 5451 et
1120 5399 1355 5450 altaribus
1378 5396 1679 5449 dedicandis.
1819 5395 1918 5446 930

386 5472 503 5520 CAP.
528 5471 589 5520 X.
618 5496 682 5508 ο-
707 5469 830 5531 Quid
856 5468 962 5520 ﬁeri
988 5466 1165 5519 debeat
1212 5466 1261 5515 in
1295 5465 1415 5515 locis
1459 5466 1556 5516 Deo
1597 5464 1913 5515 consecratis.

1259 144 1418 214 ουλε
1462 144 1533 196 IN
1582 140 1722 196 HOC
1760 135 1956 191 TOMO
2006 131 2534 189 CONTINENTUR.

3476 125 3608 177 1154

2078 262 2198 310 CAP.
2227 259 2312 309 XI.
2341 284 2404 294 —
2434 255 2561 319 Quid
2584 255 2701 304 item
2730 254 2833 303 ﬁeri
2858 264 2951 302 non
2974 253 3164 302 debeat.
3514 252 3608 319 931

2078 327 2197 375 CAP.
2226 326 2331 376 XII.
2360 350 2424 360 —
2449 318 2517 373 De
2544 321 2713 371 orandi
2736 319 2893 370 modis
2916 334 2973 368 ac
3000 319 3227 369 distantia
3252 330 3443 367 vocum.
3512 318 3611 368 932

2079 395 2199 443 CAP.
2226 392 2356 442 XIII.
2396 417 2460 427 —
2496 389 2677 450 Quibus
2712 387 2865 449 prosit
2901 387 3057 435 cultus
3098 385 3307 443 divinus,
3353 388 3402 434 et
3440 384 3613 446 quibus

2014 472 2111 511 non
2124 495 2136 506 .
3515 452 3616 501 953

2078 527 2197 575 CAP.
2226 525 2352 574 XIV.
2379 548 2443 559 —
2468 524 2631 571 Iustas
2659 520 2927 570 oblationes
2952 523 3003 569 et
3027 519 3179 579 magis
3221 518 3425 568 virtutes
3466 529 3611 578 quam

2013 593 2281 653 corporalia
2306 602 2506 640 munera
2532 591 2685 639 Deum
2712 587 3013 636 desiderare.
3513 584 3613 653 937:1

2079 650 2199 707 CAP.
2225 658 2330 707 XV.
2359 681 2423 691 —
2449 658 2515 705 De
2541 654 2868 704 oblationibus
2892 657 3134 702 veterum.
3514 650 3615 699 935

2080 726 2199 774 CAP.
2227 724 2353 773 XVI.
2383 748 2446 756 —
2476 725 2540 771 De
2567 721 2820 770 sacriﬁciis
2844 720 2965 769 Novi
2991 720 3315 779 Testamentl,
3338 721 3385 766 et
3406 729 3489 767 cur
3517 730 3615 766 mu-

2014 794 2113 841 tata
2139 791 2238 840 sint
2260 803 2346 851 per
2370 789 2619 839 Christum
2645 787 2909 837 sacriﬁcia.
3488 784 3616 851 76576

2078 859 2195 906 CAP.
2224 850 2373 906 XVII.
2402 881 2462 891 —
2490 857 2560 905 De
2586 856 2764 903 virtute
2790 854 3225 911 sacramentorum,
3274 856 3323 900 et
3345 863 3431 900 cur
3455 850 3516 899 ab
3543 850 3614 899 eis

2012 924 2268 973 eriminosi
2295 922 2668 983 suspendantur.
2866 986 2869 987 7
3017 985 3024 987 7
3078 986 3082 987 7
3142 979 3192 987 77
3282 984 3290 987 _
3517 915 3613 987 ρξ’(

2079 993 2198 1039 CAP.
2222 982 2394 1039 XVIII.
2423 1014 2485 1024 —
2513 987 2635 1049 Quid
2661 986 2959 1037 oﬂ'erendum
2988 985 3050 1035 sit
3075 986 3122 1034 iu
3142 982 3291 1034 altari
3515 982 3616 1032 938

2078 1059 2199 1106 CAP.
2226 1057 2355 1106 XIX.
2376 1082 2440 1092 —
2461 1057 2563 1104 Non
2591 1054 2650 1103 ab
2681 1054 2788 1105 aliis
2813 1066 2956 1115 quam
2982 1067 3007 1101 a
3031 1051 3234 1113 jejuniis
3257 1049 3618 1164 communicsgié

2083 1135 2149 1164 m-

2015 1124 2150 1172 dum.
3519 1117 3584 1164 93

2078 1190 2198 1238 CAP.
2224 1190 2332 1239 XX.
2362 1214 2425 1223 —
2450 1188 2584 1249 Quod
2608 1187 2689 1237 alii
2717 1187 2893 1247 rarius,
2920 1185 3002 1235 alii
3031 1185 3243 1246 crebius,
3281 1184 3361 1234 alii
3402 1182 3616 1245 quotidie
3667 1212 3673 1219 -

2016 1254 2476 1306 communicandum
2504 1255 2691 1304 dicant.
3520 1250 3619 1298 9-10

2081 1324 2199 1371 CAP.
2217 1323 2347 1371 XXI.
2364 1346 2427 1357 —
2444 1321 2615 1370 Utrum
2641 1321 2795 1371 semel
2818 1320 2894 1368 vel
2922 1319 3097 1380 szepius
3121 1319 3169 1367 in
3190 1319 3267 1367 die
3293 1316 3486 1377 offerre,
3504 1328 3619 1365 con-

2014 1390 2178 1438 veniat
2201 1394 2251 1438 et
2274 1388 2634 1437 communicare
2650 1423 2661 1435 .
3518 1384 3617 1434 9-13

2079 1455 2198 1504 CAP.
2220 1455 2370 1504 XXII.
2392 1479 2456 1489 —
2485 1455 2551 1503 De
2578 1453 2745 1503 ordine
2772 1453 2932 1503 missae
2958 1456 3006 1501 et
3032 1451 3262 1502 otl‘erendi
3290 1450 3492 1500 ratione.
3519 1448 3618 1499 943

2078 1523 2197 1571 CAP.
2225 1521 2398 1570 XXIII.
2426 1546 2491 1556 —
2515 1522 2582 1569 Dc
2609 1525 2829 1581 tempore
2859 1520 3042 1568 missas.
3517 1516 3611 1566 951

2079 1590 2198 1637 CAP.
2224 1588 2393 1638 XXIV.
2422 1613 2486 1623 —
2510 1589 2577 1636 De
2604 1588 2732 1635 vasis
2759 1590 2807 1635 et
2830 1586 3049 1634 vestibus
3076 1586 3254 1634 sacris.
3516 1582 3609 1633 951

2081 1656 2200 1704 CAP.
2226 1654 2373 1703 XXV.
2401 1679 2466 1689 —
2490 1655 2559 1703 De
2587 1654 2722 1702 horis
2765 1652 3016 1702 canonicis
3058 1655 3107 1700 et
3149 1662 3359 1712 genuum
3389 1649 3610 1699 ﬂexione.

2015 1723 2081 1771 De
2102 1722 2315 1783 hymnis,
2334 1722 2453 1769 item
2482 1726 2530 1769 et
2553 1720 2830 1777 cantilenis,
2858 1724 2906 1768 et
2930 1718 3245 1768 incrementis
3284 1729 3471 1767 eorum.
3519 1716 3618 1765 952

2082 1788 2207 1837 CAu.
2234 1788 2405 1837 XXVI.
2432 1812 2497 1823 —
2522 1788 2589 1836 De
2620 1787 2847 1849 baptismi
2875 1786 3179 1835 incremento
3204 1787 3251 1834 et
3278 1784 3543 1849 mersione,
3569 1786 3618 1849 et

2018 1854 2175 1903 causis
2200 1854 2616 1917 baptizandorum.
2686 1848 2697 1849 ί
3520 1848 3620 1917 7957

2083 1922 2204 1970 CAP.
2232 1916 2425 1970 XXVII.
2454 1945 2517 1955 —
2542 1922 2609 1969 De
2633 1918 2834 1969 decimis
2859 1918 3048 1969 dandis.
3518 1916 3611 1966 961

2086 1990 2206 2036 CAP.
2233 1987 2446 2037 XXVIII.
2476 2011 2541 2022 —
2564 1987 2634 2035 De
2660 1985 2842 2035 Iitaniis
2865 1984 3085 2047 agendis.
3522 1982 3621 2032 962

2084 2055 2203 2103 CAP.
2234 2054 2409 2103 XXIX.
2435 2078 2499 2087 —
2526 2054 2593 2101 De
2618 2065 2743 2114 aqua
2766 2052 3048 2114 sparsionis.
3520 2048 3618 2099 963

2085 2122 2205 2170 CAP.
2233 2120 2383 2169 XXX.
2414 2144 2477 2154 —
2501 2120 2570 2168 De
2595 2117 2938 2168 benedictione
2964 2117 3113 2166 cerei.
3523 2114 3622 2165 963

2084 2187 2203 2236 CAP.
2232 2186 2404 2235 XXXI.
2433 2211 2498 2221 —
2522 2185 2829 2247 Comparatio
2856 2183 3296 2233 ecclesiasticorum
3323 2180 3546 2231 ordinum
3572 2184 3623 2230 et

2020 2252 2345 2303 saecularium.
3524 2248 3625 2297 965

2088 2320 2167 2369 DE
2202 2319 2629 2370 SUBVERSIONE
2666 2318 3048 2368 JERUSALEM.
3523 2314 3623 2364 965

2019 2430 2373 2480 \VALAFBIDI
2416 2430 2670 2480 OPERUM
2925 2427 3230 2478 SECUNDA.
3290 2451 3352 2461 —
3410 2423 3619 2475 HISTO-

2422 2580 2566 2629 VITA
2608 2581 2657 2629 S.
2696 2578 2890 2629 GALLI
2927 2577 3221 2627 ABBATIS.

2090 2672 2351 2723 Mabillonii
2378 2672 2746 2723 observationes
2770 2673 2984 2735 praeviaa.
3522 2670 3624 2721 973

2090 2740 2319 2789 Praefatio
2343 2741 2572 2790 auctoris.
3086 2742 3097 2750 ‘
3519 2737 3620 2787 975

2090 2807 2277 2856 LIBER
2312 2807 2557 2856 PRIMUS.
3524 2804 3625 2854 979

2089 2872 2252 2921 CAPUT
2292 2886 2491 2921 PRIMUM.
2525 2899 2587 2908 —
2614 2874 2795 2934 Quibus
2838 2872 3137 2935 profectibus
3176 2870 3347 2921 beatus
3386 2871 3551 2920 Gallus
3592 2883 3620 2919 a

2024 2940 2232 3001 pueritia
2260 2940 2348 2989 sub
2376 2940 2656 3001 magisterio
2679 2940 2836 2989 sancti
2861 2939 3144 2990 Columbani
3186 2951 3335 3001 usque
3372 2938 3434 2987 ad
3455 2950 3623 2986 sacer-

2023 3006 2151 3055 dotis
2175 3006 2438 3067 profecerit
2459 3007 2765 3068 dignitatem.
3522 3003 3624 3053 979

2088 3073 2208 3121 CAP.
2238 3073 2293 3121 ll.
2327 3098 2391 3107 —
2434 3072 2649 3133 Qualiter
2693 3072 2850 3122 sancti
2891 3072 3016 3133 viri,
3058 3084 3148 3133 pro
3190 3072 3387 3121 nomine
3429 3070 3621 3120 Domini

2028 3138 2470 3200 peregrinationem
2498 3139 2735 3202 aggressi,
2765 3140 2825 3189 ad
2848 3140 3141 3200 Sigibertum
3167 3151 3334 3201 regem
3378 3149 3621 3200 pervene-

2025 3205 2142 3263 rint,
2171 3209 2221 3253 et
2245 3206 2514 3255 Luxovium
2539 3210 2789 3269 cmperunt
2812 3206 3042 3255 incolere.
3525 3203 3623 3254 979

2090 3273 2211 3319 CAP.
2237 3272 2322 3321 III.
2340 3298 2403 3307 —
2422 3274 2523 3331 Qua
2556 3273 2846 3321 auctoritate
2868 3272 3033 3322 beatus
3054 3270 3379 3320 Columbanus
3400 3271 3639 3321 Theodo-'

2025 3336 2177 3386 ricum
2208 3350 2374 3399 regem
2401 3338 2655 3399 corripuit,
2695 3343 2743 3387 et
2790 3338 2963 3399 quibus
3004 3338 3123 3387 odiis
3162 3350 3270 3387 eum
3296 3337 3622 3387 Brunichildis

2023 3404 2084 3452 de
2114 3415 2267 3465 regno
2292 3404 2373 3453 illo
2410 3403 2631 3463 ejecerit,
2676 3405 2978 3465 qualiterque
3021 3406 3081 3454 ad
3127 3404 3413 3453 Lotharium
3454 3416 3621 3465 regem

2026 3469 2233 3532 indeque
2259 3470 2318 3520 ad
2344 3469 2738 3519 Theodebertum
2765 3483 2872 3519 cum
2897 3470 2998 3519 suis
3024 3471 3317 3532 pervenerit.
3525 3471 3624 3521 980

2092 3538 2209 3584 CAP.
2231 3536 2312 3586 IV.
2334 3561 2396 3571 —
2414 3536 2684 3597 Quomodo,
2711 3537 2905 3598 optione
2929 3537 3041 3586 data
3067 3536 3341 3597 quaerendae
3366 3536 3625 3586 habitatio-

2027 3603 2122 3663 nis,
2149 3603 2211 3653 ad
2238 3603 2503 3653 Tuconiam
2531 3606 2788 3664 venerunt,
2814 3606 2862 3651 ct
2886 3603 2998 3663 quid
3017 3603 3197 3652 ibidem
3224 3607 3496 3662 gesserunt.
3525 3603 3618 3653 981

2091 3671 2212 3719 CAP.
2237 3670 2296 3717 V.
2324 3695 2382 3705 —
2414 3670 2658 3719 Adventus
2678 3682 2846 3719 eorum
2864 3668 2921 3719 ad
2942 3670 3265 3718 Willimarum
3283 3668 3622 3730 presbyterum

2025 3737 2150 3797 apud
2177 3736 2447 3799 Arbonam,
2476 3741 2525 3786 et
2550 3737 2828 3786 humanitas
2852 3735 2974 3796 ejus,
2997 3739 3043 3785 et
3066 3734 3297 3795 Brigantii
3324 3746 3624 3784 commemo-

2026 3802 2171 3851 ratio.
3525 3800 3623 3852 982

2090 3870 2209 3918 CAP.
2235 3869 2318 3918 VI.
2346 3894 2411 3905 —
2436 3870 2498 3919 Ut
2524 3870 2748 3919 eumdem
2774 3867 2936 3918 locum
2961 3868 3188 3928 adierint,
3214 3870 3261 3917 et
3293 3868 3405 3929 quid
3429 3867 3479 3917 in
3503 3880 3621 3917 con-

2026 3940 2174 3985 ventu
2199 3935 2361 3999 populi
2386 3935 2556 3985 beatus
2579 3936 2742 3986 Callus
2768 3936 2939 3986 fecerit
2964 3949 2977 3985 :
3006 3934 3215 3998 qualiter
3236 3934 3499 3984 oratorium
3524 3948 3622 3985 res-

2026 4004 2347 4064 tauraverint,
2373 4006 2422 4053 et
2447 4003 2657 4063 quandiu
2680 4002 2857 4052 ibidem
2884 4001 3209 4051 constiterint.
3521 4001 3622 4051 983

2092 4071 2209 4118 CAP.
2236 4071 2340 4118 VII.
2371 4095 2434 4105 —
2460 4070 2587 4130 Quas
2609 4070 2881 4119 daemonum
2905 4081 3050 4118 voces
3072 4066 3237 4117 Gallus
3273 4067 3533 4129 audierint,
3574 4072 3623 4119 et

2026 4137 2263 4197 quomodo
2287 4136 2418 4185 idem
2444 4149 2585 4185 error
2610 4135 2917 4185 abscesserit.
3521 4135 3622 4184 984

2092 4204 2211 4250 CAP.
2237 4203 2365 4251 VIII.
2394 4227 2458 4237 --
2482 4201 2776 4251 Machinatio
2801 4206 2849 4251 et
2894 4201 3073 4251 malitia
3100 4200 3367 4251 incolarum
3391 4201 3622 4251 adversus

2023 4272 2216 4383 (siancitos
2242 4268 2393 4330 viros,
2440 4274 2487 4318 et
2514 4275 2621 4331 post
2647 4273 2943 4331 praeceptum
2984 4267 3119 4318 ducis
3160 4268 3415 4318 consilium
3458 4267 3627 4387 (11δὸεῄ

2058 4346 2117 4382 en
2156 4348 2192 4383 ι.

2246 4401 2328 4450 IX.
2357 4426 2420 4437 —
2446 4400 2676 4462 Qualiter,
2714 4400 3073 4452 discedentibus
3098 4400 3309 4462 caeteris,
3349 4400 3514 4450 Callus
3529 4371 3620 4451 "SE

2024 4466 2361 4516 infirmitatem
2392 4467 2700 4529 remanserit,
2743 4480 2931 4530 quaque
2971 4466 3234 4517 sedulitate
3277 4480 3306 4517 a
3342 4467 3620 4518 Willimaro

2025 4533 2316 4596 presbytero
2341 4538 2566 4597 receptus
2590 4535 2673 4583 sit.
3522 4535 3623 4586 985

2089 4602 2208 4649 CAP.
2235 4601 2296 4649 X.
2312 4626 2376 4636 —
2400 4600 2665 4650 Insinuatio
2688 4600 2935 4650 Hiltiboldi
2958 4601 3148 4650 diaconi
3173 4600 3235 4650 de
3258 4600 3368 4651 loco
3389 4602 3618 4652 solitaria;

2028 4665 2357 4727 habitationis,
2387 4680 2530 4729 quam
2556 4667 2632 4717 vir
2654 4667 2846 4716 Domini
2871 4666 3201 4719 desiderabat.
3519 4668 3619 4717 986

2090 4733 2207 4782 CAP.
2234 4734 2318 4783 XI.
2346 4758 2408 4770 —
2434 4734 2682 4797 Quomodo
2707 4747 2815 4783 cum
2840 4734 3042 4785 diacono
3065 4736 3315 4785 desertum
3339 4738 3617 4797 penetrans,

2026 4802 2242 4861 optatum
2268 4804 2508 4863 repererit
2530 4801 2688 4851 locum
2731 4801 2919 4863 sibique
2946 4802 3272 4866 praeelegerit,
3312 4804 3361 4851 et
3400 4801 3461 4851 de
3502 4801 3621 4851 obe-

2024 4866 2209 4917 dientia
2233 4867 2358 4917 ursi.
3522 4868 3624 4918 986

2091 4935 2210 4984 CAP.
2237 4934 2343 4983 XII.
2374 4959 2434 4970 —
2458 4934 2522 4984 Ut
2544 4932 2819 4984 daemonum
2842 4935 3205 4997 phantasmata,
3248 4934 3296 4983 in
3329 4934 3490 4997 specie
3516 4948 3621 5001 mu-

2025 5000 2198 5051 lierum
2225 5005 2440 5062 ostensa,
2466 5001 2634 5051 eodem
2659 5001 2769 5050 Ioco
2791 5006 2988 5052 sanctus
3012 5006 3156 5066 pater
3176 5001 3436 5064 depulerit.
3518 5000 3618 5052 988

2057 5067 2209 5183 70CAP.
2236 5068 2370 5118 XIII.
2411 5092 2461 5103 -—
2492 5068 2607 5117 Loci
2632 5067 2783 5129 ipsius
2807 5070 2981 5119 electio
3006 5073 3055 5119 et
3094 5068 3395 5132 serpentium
3438 5070 3623 5186 disc’eas9

2057 5147 2069 5183 ι
2110 5171 2121 5183 .

2028 5146 2121 5183 510.

2091 5202 2209 5251 CAP.
2237 5199 2363 5249 XIV.
2390 5224 2455 5236 —
2478 5198 2700 5261 Qualiter
2720 5199 2876 5251 locum
2906 5201 3131 5252 eumdem
3152 5200 3340 5264 jejunio
3361 5202 3620 5254 dedicave-

2025 5266 2109 5331 rit,
2137 5270 2188 5318 et
2211 5267 2272 5317 ad
2293 5268 2507 5317 castrum
2529 5278 2789 5328 regressus
2816 5270 3023 5318 mortem
3059 5268 3272 5334 episcopi
3313 5269 3614 5332 cognoverit.

2092 5401 2211 5450 CAP.
2238 5401 2342 5451 XV.
2371 5425 2434 5438 -
2466 5400 2716 5462 Quomodo
2755 5402 2816 5451 ad
2858 5401 3031 5453 ducem
3079 5415 3188 5453 cum
3230 5401 3518 5465 presbytero
3552 5403 3616 5452 sit

2028 5471 2275 5529 evocatus,
2330 5471 2379 5517 et
2417 5467 2531 5517 illuc
2572 5469 2645 5517 ire
2685 5468 2856 5519 nolens
2901 5469 3103 5521 Raetiam
3148 5469 3453 5529 commearit,
3502 5474 3549 5518 et
3588 5483 3613 5518 a

2025 5535 2209 5586 Joanne
2233 5535 2436 5587 diacono
2459 5538 2713 5598 susceptus
2734 5535 2817 5587 sit.
3523 5535 3623 5586 990
