3930 6136
1196 524 1808 620 TRADITIO
1906 523 2673 620 CATHOLICA.

1403 770 1806 835 S/ECULUM
1868 772 1943 835 X.
2016 772 2273 837 ANNUS
2333 773 2472 835 965.

1511 1032 2366 1170 ELENCHUS

348 1352 868 1425 AUCTORUM
941 1350 1055 1424 ET
1131 1349 1523 1422 OPEBUM
1607 1351 1757 1433 QUI
1825 1351 1914 1421 IN
1993 1350 2177 1422 HOC
2244 1351 2509 1423 TOMO
2569 1350 2794 1425 CXIV
2868 1351 3543 1428 GONTINENTUR

1710 1633 2169 1656 ψ-

1431 1833 1744 1896 SYMEON
1798 1834 2434 1898 METAPHRASTES.

338 1994 713 2076 Patrotogiae
754 1995 1075 2057 Editorum
1121 1995 1432 2072 Prwfatio.
3217 2000 3330 2058 col.
3505 1997 3549 2061 9

337 2102 556 2165 Leon-is
597 2102 814 2164 Allatii
856 2101 942 2163 De
981 2100 1298 2180 Symeonis
1341 2101 1773 2182 Metaphrastae
1812 2102 2052 2182 scriptis
2097 2100 2398 2163 Diatr-iba.
3463 2104 3546 2167 19

340 2207 428 2270 De
469 2209 830 2271 auctoritate
871 2210 930 2268 et
972 2208 1318 2270 testimonio
1370 2208 1826 2289 Metaphrastee,
1873 2211 2117 2270 auctore
2165 2207 2230 2270 Β.
2278 2207 2347 2270 P.
2395 2207 2704 2270 Honorato
2747 2226 2786 2270 a
2834 2209 2898 2272 S.
2949 2209 3172 2284 Maria,

461 2313 795 2377 Carmelita
839 2313 1226 2386 discalceato,
1274 2315 1344 2376 in
1389 2337 1419 2372 α
1454 2315 1787 2378 Réﬂexions
1830 2334 1936 2376 sur
1978 2318 2062 2375 les
2105 2314 2291 2391 régles
2333 2324 2390 2374 et
2429 2333 2534 2374 sur
2573 2314 2792 2390 l’usage
2835 2321 2905 2376 de
2956 2321 3013 2378 la
3061 2320 3174 2378 cri-

454 2423 634 2498 tique.
677 2442 714 2481 )›

3420 2425 3539 2487 15³1

337 2529 657 2610 Symeonis
701 2528 1134 2610 Metaphrastae
1174 2529 1537 2592 Encomium
1582 2530 1823 2590 auctore
1867 2527 2160 2590 Michaele
2201 2526 2416 2590 Psello.
3422 2531 3544 2595 183

339 2635 629 2716 Ejusdem
672 2636 1106 2717 Metaphrastae
1148 2636 1430 2714 Ofﬁcium
1471 2634 1679 2696 eodem
1720 2636 1984 2696 auctore.
3423 2639 3543 2701 199

674 2786 944 2831 SYMEONIS
984 2785 1403 2830 METAPHRASTE
1443 2767 1683 2829 OPERUM
1725 2785 1864 2829 PARS
1907 2785 2106 2830 PRIMA.
2148 2802 2225 2812 —
2267 2784 2530 2831 ASCETICA
2573 2785 2641 2830 ET
2683 2785 3065 2832 ΡΑΗΑΞΝΕΤΙΟΛ.

342 2872 543 2936 Oratio
585 2878 649 2934 in
691 2873 1195 2934 Lamentationem
1240 2872 1534 2948 Deiparae.
3417 2873 3543 2940 209

345 2978 658 3042 Sermones
698 2979 895 3040 Ethici
939 2978 1106 3039 XXV
1147 2998 1179 3039 e
1220 2982 1457 3053 scriptis
1500 2977 1703 3038 Basilii
1749 2977 1946 3054 Magni
1987 2982 2238 3040 collecti.
3035 2962 3038 2965 1
3417 2980 3541 3043 217

343 3087 733 3162 Paraphrasis
775 3091 837 3146 in
879 3084 1196 3147 Sermones
1239 3084 1302 3147 S.
1349 3084 1590 3147 Macarii
1633 3085 1918 3163 IEgyptii.
3415 3088 3542 3152 2‘19

343 3192 737 3254 Precationes.

3416 3195 3542 3260 219

740 3325 980 3389 OPERUI
1021 3343 1162 3388 PARS
1203 3343 1474 3389 SECUNDA.
1517 3361 1598 3373 —
1640 3344 1941 3399 EPISTOLAS,
1988 3343 2215 3390 SCRIPTA
2255 3343 2532 3390 CANONICA
2575 3345 2643 3388 ET
2685 3343 3006 3390 HISTORICA.

344 3431 586 3493 lambici
628 3436 898 3494 trimetri.

2358 3422 2366 3429 ’
3417 3433 3543 3497 224

342 3538 675 3615 Alphabeta
716 3543 964 3600 moralia
1004 3551 1272 3616 quatuor.
3418 3539 3543 3603 224

341 3644 643 3722 Epistolas.
3417 3645 3541 3708 227

342 3751 613 3828 Epitome
655 3769 972 3813 canonum.
3417 3751 3541 3815 235

342 3859 607 3920 Annales
636 3877 671 3920 a
698 3876 877 3935 regno
906 3857 1120 3920 Leonis
1163 3858 1408 3918 Armeni
1451 3877 1637 3934 usque
1679 3863 1751 3919 ad
1795 3857 2192 3934 Nicephorum
2237 3859 2518 3930 Phocam,
2546 3861 2670 3935 jam
2715 3861 2854 3919 editi
2899 3863 2959 3918 in
3004 3868 3162 3920 tomo

461 3963 614 4037 CIX,
660 3970 817 4026 inter
858 3964 1188 4041 Scriptores
1228 3974 1362 4041 post
1400 3963 1838 4040 Theophanem.

1184 4097 1423 4161 OPERUM
1468 4115 1606 4160 mas
1648 4115 1866 4161 TERTIA.
1901 4131 1981 4142 —
2022 4096 2073 4155 V
2106 4112 2180 4161 ns
2224 4114 2577 4160 smaronuu.

345 4206 642 4269 Monitum
685 4206 1030 4269 Editorum.
3419 4204 3540 4268 293

343 4304 598 4365 Martini
644 4302 903 4367 Hanckii
949 4302 1272 4383 Catalogus
1326 4304 1596 4366 Vitamm
1637 4321 1786 4382 quas
1827 4301 2092 4381 Symeon
2135 4301 2574 4384 Metaphrastes
2617 4305 2968 4381 composuit.
3418 4302 3539 4366 293

345 4409 619 4473 Danielis
659 4411 733 4472 de
775 4409 974 4473 Nessel
1018 4409 1340 4490 Catatogus
1383 4411 1457 4473 de
1497 4411 1724 4473 eodem.
3419 4407 3539 4472 299

346 4515 636 4595 Incipiunt
679 4517 826 4579 Vitae
869 4527 1228 4578 sanctorum.
3419 4513 3538 4579 305
