3930 6136
288 225 2832 269 W

1680 483 2256 595 NOTITIA

837 800 1553 889 SCRIPTORUM
1639 800 2197 888 SYMEONIS
2269 803 3114 889 METAPHRAST/E

1178 1086 1276 1157 (Ex
1319 1086 1518 1150 Allatio.
1552 1086 1628 1144 De
1671 1091 1996 1159 Symeonum
2031 1084 2265 1158 scriptis.
2300 1084 2445 1142 Paris
2473 1086 2630 1149 1664.
2666 1088 2772 1157 ιο.)

382 1472 509 1553 [24]
557 1473 676 1537 Sed
699 1474 822 1553 jam
858 1491 952 1536 me
977 1480 1145 1535 vocat
1183 1472 1254 1535 ad
1289 1492 1376 1547 se,
1413 1472 1582 1551 cujus
1615 1473 1702 1534 vel
1750 1470 1995 1531 soliusA
2021 1473 2135 1547 ait,
2167 1474 2360 1535 multa
2413 1473 2645 1536 addidit
2675 1491 2756 1535 ea:
2809 1476 3058 1554 proprio
3117 1474 3383 1554 ingenio,
3419 1490 3545 1536 non
3604 1480 3668 1534 ut

298 1560 625 1638 gratialtaac
640 1570 840 1624 nostra
855 1562 1117 1626 Diatriba
1139 1562 1410 1624 instituta
1425 1570 1513 1624 est
1537 1560 1790 1641 Symeon
1816 1560 1942 1622 Me-
2026 1576 2121 1621 res
2148 1568 2330 1642 gestae
2358 1561 2632 1639 fuerunt,
2664 1563 2770 1625 sed
2800 1571 2866 1625 ut
2892 1563 3028 1625 heri
3058 1572 3407 1644 potuerunt.

299 1650 658 1730 tapbrastes,
694 1660 814 1714 tum
842 1654 1081 1727 virtute,
1118 1661 1238 1714 tum
1272 1651 1507 1732 scriptis
1537 1651 1691 1711 ultra
1728 1650 1943 1712 huma-

301 1758 446 1801 num
499 1751 734 1822 captum
767 1741 1158 1817 admirabilis,
1191 1761 1306 1823 quo
1364 1740 1452 1800 vel
1485 1739 1610 1801 solo
1642 1737 1947 1801 fraudibus

301 1827 775 1892 adversariorum
797 1839 1142 1894 corruentes
1164 1829 1444 1893 Ecclesiae
1468 1836 1777 1891 structurae
1798 1827 1942 1889 soli-

307 1916 525 1980 dentur
573 1927 632 1981 et
661 1922 1085 1983 sustineantur.
1139 1919 1333 1983 Pietas
1364 1920 1506 1981 tanti
1563 1918 1695 1990 viri,
1729 1919 1950 1999 scripta

306 2006 771 2087 elegantissima,
803 2009 1038 2073 labores
1065 2008 1553 2089 ingeniosissimi,
1589 2006 1801 2087 vigilite
1832 2016 1945 2067 tam

306 2097 506 2173 utiles,
540 2098 776 2161 animus
825 2100 1117 2175 sincerus,
1148 2117 1347 2173 verax,
1386 2096 1630 2161 mentiri
1684 2095 1944 2170 nescius,

311 2188 685 2250 stomachum
726 2188 905 2250 movit
954 2188 1247 2251 haereticis
1282 2209 1298 2264 ;
1330 2207 1447 2249 non
1500 2187 1798 2268 patiuntur
1832 2193 1947 2245 tam

308 2285 585 2357 patenter
603 2295 709 2340 sua
734 2278 1062 2359 praestringi
1084 2297 1116 2340 a
1141 2278 1258 2357 [25]
1280 2286 1435 2339 lauto
1462 2278 1748 2357 scriptore
1774 2291 1946 2336 meu-

307 2365 499 2428 dacia.
538 2364 690 2438 Quid
711 2374 884 2446 ergo?
907 2367 1287 2447 Dejiciendus
1309 2376 1394 2429 est
1421 2368 1495 2429 de
1517 2369 1723 2446 gradu:
1750 2364 1948 2425 dimo-

311 2454 537 2518 vendus
564 2474 635 2519 ex
664 2456 986 2535 dignitate:
1021 2456 1300 2519 vilescat:
1338 2456 1437 2517 ﬁat
1465 2474 1617 2517 unus
1643 2474 1710 2515 ex
1740 2452 1947 2514 trivio:

306 2543 690 2607 insimuletur
733 2545 1151 2607 inconstantia:
1196 2545 1516 2620 mendacii,
1552 2541 1950 2620 negligentiae,

308 2630 1951 2713 iguorantiaamegeturilliingenium,studiutn,facultas,

2107 1650 2553 1731 Expendantur,
2589 1652 2691 1714 sed
2720 1652 2943 1732 judicio
2995 1653 3373 1734 prudentium
3413 1651 3666 1731 singula.

2031 1741 2353 1818 Μάγιστρος,
2381 1740 2700 1822 Magister,
2728 1760 2945 1803 nomen
2978 1744 3036 1803 in
3071 1743 3218 1806 Aula
3242 1742 3668 1822 imperatorum

2030 1830 2327 1909 dignitatis
2347 1839 2525 1912 atque
2549 1831 2749 1907 ofﬁcii,
2785 1832 3034 1912 ejusque
3056 1832 3211 1893 inter
3232 1832 3343 1892 alia
3365 1830 3671 1911 prmciptti,

2032 1926 2307 2001 tanquam
2362 1920 2460 2001 qui
2510 1920 2710 1981 titulos
2763 1921 2875 1980 sibi
2931 1921 3281 1993 vindicaret,
3331 1928 3672 1999 περιφανοῦ-,

2034 2018 2090 2069 et
2119 2007 2489 2086 περιϐλέπτου,
2530 2008 2685 2070 inter
2708 2009 2990 2089 patricios
3022 2010 3213 2072 locum
3251 2008 3522 2081 haberet,
3558 2010 3675 2068 ima

2033 2116 2211 2178 supra
2240 2098 2480 2161 eosdem
2518 2098 2857 2173 haberetur,
2895 2099 2955 2161 in
3009 2098 3277 2160 conciiiis
3308 2098 3572 2173 sederet,
3606 2097 3677 2157 ad

2033 2187 2417 2249 sustinendos
2451 2188 2508 2248 in
2544 2187 2896 2266 baptismate
2928 2188 3351 2268 imperatorum
3384 2188 3538 2248 filios
3569 2190 3678 2248 ai-

2033 2277 2415 2351 scisceretur,
2447 2277 2960 2356 consanguinitate
2992 2277 3337 2340 eorumdem
3385 2277 3678 2356 jungerc-

2039 2376 2154 2448 tur,
2180 2366 2548 2447 ignoratione
2571 2385 2769 2427 rerum
2793 2368 3132 2430 Graecarum
3168 2367 3227 2427 in
3263 2365 3679 2444 Ludi-Illugis-

2037 2466 2221 2530 trum,
2256 2467 2304 2517 st
2356 2457 2404 2516 si
2438 2456 2551 2516 'liis
2597 2456 2788 2536 placet
2818 2468 2874 2517 et
2922 2455 3310 2537 HoSpiniano,
3346 2455 3679 2519 trivialem.

2040 2551 2174 2627 Ipse
2206 2547 2302 2608 hic
2356 2545 2620 2617 demum,
2658 2565 2731 2607 ne
2766 2546 2983 2606 nimius
3037 2550 3170 2621 sim,
3206 2547 3346 2627 quid
3381 2546 3454 2607 de
3487 2564 3557 2606 ea
3589 2546 3683 2606 di~

2038 2635 2260 2714 gnilate
2290 2634 2594 2715 scripserit
2650 2634 3069 2696 Constantinus
3100 2635 3685 2716 Porphyrogenneta,

304 2720 731 2802 judiciumSic
749 2722 1247 2785 hominidemitur
1277 2722 1445 2784 fides.
1481 2721 1586 2783 Ubi
1612 2720 1956 2799 incorrupta
1984 2756 2016 2805 Β
2041 2726 2141 2802 qui
2172 2725 2326 2785 hanc
2359 2722 2513 2785 bene
2544 2726 2697 2785 scire
2728 2735 2983 2805 poterat,
3014 2725 3072 2785 in
3107 2724 3238 2786 Vita
3267 2724 3469 2786 Basilii
3502 2723 3691 2785 Μασο-

307 2810 460 2874 ﬁdes
507 2830 625 2873 non
658 2819 769 2887 est,
806 2812 1129 2874 credulitas
1164 2820 1275 2885 est,
1312 2808 1839 2881 inconsiderantiu,
1874 2819 1933 2866 te

308 2900 675 2966 meritas.Ne
699 2909 924 2965 temere
947 2900 1221 2965 dicantur
1246 2901 1518 2973 credere,
1545 2917 1617 2959 ne
1646 2915 1954 2979 perperam

308 2988 520 3066 ﬁdere,
546 2989 769 3054 dictum
795 2989 975 3053 veluti
1007 2990 1253 3052 dubium
1280 2988 1761 3061 examinandum,
1785 2985 1954 3067 judi-

311 3078 594 3155 candum,
626 3078 688 3140 in
739 3080 1015 3142 examine
1072 3090 1186 3141 tam
1224 3079 1404 3158 vario,
1442 3086 1501 3139 et
1551 3095 1755 3158 parum
1789 3093 1957 3155 aequo

313 3186 437 3231 non
462 3167 716 3231 deerunt
736 3168 1031 3230 machinae
1047 3169 1116 3230 ad
1142 3167 1779 3231 refellendum:sallem
1805 3165 1960 3226 trau-

312 3258 424 3320 dos
474 3266 533 3321 et
561 3257 684 3321 doli
733 3259 929 3321 locum
962 3258 1287 3334 invenient,
1320 3267 1380 3321 et
1420 3258 1671 3319 reddent
1714 3254 1959 3335 legentis

311 3346 576 3410 animum
611 3366 962 3427 suspensum
992 3356 1049 3411 et
1070 3348 1332 3410 anxium.
1370 3347 1522 3409 Ilinc
1546 3346 1741 3407 omnis
1766 3345 1960 3405 hiere-

313 3436 567 3502 ticorum
593 3436 651 3499 in
676 3438 1132 3519 Metaphrastem
1160 3437 1572 3500 maledicentia
1592 3435 1960 3513 eﬂluxit;quo

313 3525 551 3589 tandem
580 3526 1189 3591 lucro?consideretur
1214 3526 1513 3590 Gesnerus
1543 3526 1601 3585 in
1626 3523 1957 3586 Bibliothe-

312 3634 405 3681 ca.
447 3615 717 3695 Symeon
750 3616 1460 3696 Constantinupolitanus
1507 3615 1962 3693 Ludimagister

311 3705 561 3767 circiter
600 3722 796 3767 annos
825 3706 1047 3768 abhinc
1068 3706 1351 3768 ducentos
1392 3704 1720 3783 composuit
1754 3704 1959 3763 Graece

312 3791 754 3875 Metaphrases,
777 3794 842 3856 id
865 3792 1158 3869 est,Vitas
1178 3801 1524 3856 sanctorum
1546 3809 1675 3871 qua:
1700 3790 1961 3870 singulis

312 3879 1607 3963 mensibusproprielegunturliospinianus
1624 3879 1704 3941 De
1728 3878 1964 3959 templis

315 3974 520 4034 scribit
559 3973 724 4032 Illum
751 3976 923 4047 fuisse
968 3975 1239 4032 trivialem
1276 3972 1746 4045 Constantinopoli
1792 3969 1964 4026 Ludi-

2040 2814 2237 2887 donis,
2273 2814 2430 2895 quod
2483 2832 2598 2874 non
2633 2815 2711 2874 ita
2742 2812 2985 2875 obvium
3042 2816 3115 2875 sit
3147 2814 3399 2876 referam
3480 2817 3693 2875 Narrat

2040 2905 2330 2985 siquidem
2359 2904 2461 2966 ille
2482 2903 2557 2965 de
2575 2903 2791 2966 Basilio
2821 2925 2833 2966 :
2868 2909 2977 2971 Τῆς
3004 2903 3053 2959 δὲ
3076 2906 3322 2983 προνοίπς
3342 2906 3577 2981 ἀγούσης
3602 2908 3692 2960 τον

2042 2995 2311 3050 Βασίλειον
2342 2994 2663 3073 εὖμηχάνῶς
2697 2994 2824 3070 πρὸς
2858 2993 2986 3072 ὅπερ
3018 2992 3282 3062 ἐϐούλετο,
3320 2993 3508 3057 abdito;
3543 2995 3681 3068 μετᾶ

2041 3085 2136 3151 τὴν
2181 3084 2241 3141 ἐκ
2284 3089 2379 3149 τῆς
2413 3083 2684 3149 στρατείας
2717 3083 3049 3161 ὒποστροφὴν
3096 3080 3211 3161 [26]
3242 3085 3534 3138 υἱοποιετκι
3567 3086 3689 3138 τοῦ-

2043 3196 2131 3230 τον
2165 3176 2191 3229 ὁ
2239 3172 2505 3249 βασιλεύς.
2544 3170 2840 3251 Ἐτύγχανε
2880 3172 2979 3249 γὰρ
3021 3172 3257 3236 καθάπαξ
3289 3172 3480 3237 οἷκεξας
3526 3177 3691 3248 γονῆς

2042 3262 2303 3340 ἀμοιρῶν,
2337 3264 2422 3317 καὶ
2468 3261 2563 3328 τῆς
2609 3261 2712 3316 τῶν
2756 3261 3056 3338 μαγέστρων
3106 3259 3486 3337 ὑπερλάμπροις
3533 3262 3692 3335 τιμῆς

2044 3352 2206 3418 ἀξιον.
2254 3351 2372 3431 Ἐφ’
2405 3355 2481 3407 ὧν
2535 3358 2601 3426 τῇ
2651 3350 2910 3427 βασκανὲέ
2956 3351 3281 3427 ῥηγνύμενος
3315 3352 3341 3405 ὃ
3397 3349 3692 3427 λογοθέτης

2045 3440 2367 3517 Συμϐατιος,
2401 3442 2488 3497 καὶ
2542 3442 2606 3496 τὰ
2636 3441 2779 3506 ἑξῆς.
2849 3438 3271 3501 Verumtamen
3300 3440 3692 3517 providentia

2042 3533 2266 3610 ferente
2317 3529 2651 3601 Basiliam,
2683 3529 2759 3589 ad
2796 3528 2879 3598 id,
2914 3530 3068 3607 quod
3101 3527 3313 3590 liberat
3360 3528 3692 3607 aptissime,

2042 3620 2208 3682 illico
2255 3628 2385 3699 post
2419 3618 2588 3680 illum
2621 3618 3119 3679 exercitationem
3176 3625 3228 3677 et
3259 3617 3550 3688 reditum,
3586 3618 3693 3678 im-

2039 3716 2285 3791 perator
2311 3708 2576 3770 eumdem
2605 3724 2712 3785 pro
2739 3706 2889 3786 ﬁlio,
2923 3705 3082 3786 quod
3135 3708 3265 3785 ipse
3295 3723 3335 3768 η
3349 3704 3503 3767 ullos
3538 3705 3697 3767 tibe-

2042 3817 2141 3861 ros
2193 3797 2466 3869 habebat,
2523 3797 2791 3877 adaptut,
2826 3803 2879 3858 et
2938 3796 3365 3871 magistrorum
3418 3796 3693 3875 prazfut—

2043 3894 2214 3967 gente
2257 3887 2553 3964 dignitate
2582 3886 2967 3948 condecorat.
3025 3884 3134 3945 His
3166 3884 3486 3965 rumpitur
3520 3887 3691 3946 invi-

2049 3977 2151 4039 dia
2215 3976 2519 4056 logei/tcta
2569 3974 2939 4054 Symbatius,
2974 3982 3088 4037 etc.
3129 3973 3539 4052 Magistrorutn
3604 3974 3701 4032 di-

317 4062 1167 4142 magistrum.mendaciurum
1204 4060 1507 4141 Legendus
1530 4046 2024 4139 scripsissentecc
2050 4066 2240 4145 gnitas
2275 4046 2362 4125 'ea
2392 4073 2502 4139 est,
2538 4046 2633 4125 ut-
2654 4082 2761 4125 nec
2792 4063 2864 4125 ab
2918 4046 3299 4144 imperatoris
3332 4063 3470 4123 ﬁliis
3503 4064 3701 4142 negli-

318 4149 576 4229 amplius
600 4149 819 4213 abhinc
832 4152 1112 4213 ducentis
1128 4152 1355 4230 uiginti
1378 4151 1558 4212 annis
1578 4150 1821 4209 vixisse.
1851 4148 1963 4207 Ca-

319 4238 623 4302 saubonus
646 4239 707 4300 in
729 4239 1050 4302 Baronium
1076 4240 1320 4302 exercit.
1352 4239 1622 4313 16,uum.
1651 4238 1748 4299 95:
1780 4239 1967 4297 Meta-

312 4329 713 4410 pttrastw,qui
725 4331 914 4392 vitam
938 4337 992 4389 et
1006 4346 1108 4391 res
1123 4336 1325 4410 gestas
1338 4330 1599 4406 Longini
1622 4328 1798 4388 istius
1818 4327 1963 4386 scri-

314 4423 458 4500 psit,
485 4425 720 4481 tantum
754 4419 1085 4482 tribuimus
1129 4435 1238 4481 nos
1269 4426 1562 4499 quantum
1602 4425 1653 4477 et
1694 4415 1961 4494 debetur,

320 4512 430 4589 qui
454 4506 776 4587 diligentia
796 4525 1061 4589 summa,
1089 4508 1191 4570 sed
1209 4507 1439 4584 iudicio
1466 4505 1634 4567 nullo
1657 4505 1723 4567 in
1745 4521 1815 4566 ea
1847 4502 1968 4564 cot-

320 4596 569 4661 tections
580 4597 659 4659 sit
672 4607 1170 4678 versatuszneque
1186 4599 1371 4659 aliter
1391 4595 1588 4658 Baron
1600 4596 1691 4655 ius
1696 4596 1729 4672 j
1742 4594 1819 4655 ud
1827 4596 1909 4654 ica
1923 4599 1942 4652 t
1953 4637 1967 4652 .

320 4691 521 4765 quoties
533 4689 772 4748 intendit
791 4692 1026 4749 animum
1048 4707 1061 4748 :
1087 4689 1231 4764 quod
1255 4690 1472 4747 utinam
1500 4704 1708 4759 semper
1734 4688 1967 4759 fecisset.

320 4774 413 4840 Ne
439 4774 572 4839 alia
594 4777 726 4839 loca
757 4777 888 4856 ejus
911 4778 1243 4855 proferam,
1267 4776 1332 4837 in
1362 4773 1579 4855 quibus
1611 4772 1971 4853 Metaphra-

319 4873 449 4942 stes,
474 4875 532 4927 ut
564 4869 789 4926 anilium
832 4884 971 4942 sape
1003 4867 1325 4941 fabularum
1374 4866 1759 4925 hamasrarium
1797 4883 1976 4926 severe

324 4956 634 5035 castigat:
668 4956 733 5016 in
754 4955 867 5016 hac
886 4955 1142 5017 historia
1182 4971 1301 5016 non
1324 4960 1562 5015 constat
1581 4954 1712 5031 ipse
1731 4952 1870 5014 sibi.
1904 4952 1975 5014 Et

324 5064 493 5109 num.
509 5045 610 5108 96:
640 5045 887 5107 Primus
908 5044 1072 5106 enim
1096 5045 1253 5123 quod
1266 5043 1507 5122 quidem
1532 5040 1705 5102 hodie
1722 5043 1971 5117 sciatur,

324 5133 782 5215 Metaphrastes,
816 5133 1074 5214 scriptor
1104 5133 1321 5213 Oppido
1370 5148 1594 5203 recens,
1627 5137 1678 5191 et
1704 5147 1975 5211 persazpe

322 5223 715 5297 vanissimas,
739 5237 1118 5303 magnusque
1151 5219 1500 5299 fabularum
1531 5219 1797 5279 (milium
1830 5238 1971 5281 con-

320 5314 648 5386 sarcinator,
670 5316 786 5387 ejus
807 5317 889 5373 rei
903 5314 1163 5372 meminit.
1203 5312 1261 5369 Et
1289 5313 1454 5369 alius:
1485 5308 1638 5368 Vitas
1664 5313 1976 5375 sanctorum

323 5398 658 5466 translatus
683 5398 909 5461 Latine
951 5399 1113 5476 apud
1149 5397 1574 5478 Lipomanum,
1603 5407 1658 5458 et
1710 5396 1974 5465 Surium

322 5490 631 5561 habemus;
651 5489 763 5551 sed
777 5488 1043 5567 plurima
1066 5489 1131 5549 in
1159 5488 1237 5549 iis
1266 5485 1540 5565 fabulose
1560 5488 1784 5567 scripta
1812 5499 1972 5566 sunt,

324 5579 548 5661 Nempe
597 5576 1060 5659 Uetaphrastes,
1100 5584 1165 5639 ut
1196 5574 1608 5639 Bellurminus
1668 5580 1978 5643 verissime

2049 4164 2308 4234 geretur,
2360 4154 2461 4215 sed
2510 4154 2582 4214 ad
2633 4172 2763 4216 eam
2823 4153 3003 4214 veluti
3063 4152 3202 4234 quid
3258 4152 3596 4225 sublimius,
3634 4173 3701 4214 ex

2050 4245 2332 4306 inferiore
2367 4244 2792 4324 imperatorum
2829 4243 2928 4305 lilii
2972 4243 3214 4322 gradum
3245 4242 3534 4305 facerent.

2131 4334 2233 4398 illa
2266 4334 2364 4414 qui
2415 4334 2639 4408 dicunt,
2678 4350 2857 4413 quare
2892 4352 3009 4393 non
3065 4332 3318 4410 produnt
3349 4333 3705 4392 auctorem?

2050 4423 2220 4505 Apud
2254 4442 2426 4505 quem
2462 4420 2783 4483 invenere?
2818 4430 2872 4482 et
2913 4421 3207 4482 invenisse
3235 4439 3546 4481 necessum
3585 4431 3701 4490 est,

2051 4514 2108 4574 ni
2160 4530 2297 4574 suas
2332 4510 2767 4584 meditationes,
2805 4519 2859 4570 et
2893 4529 3008 4571 non
3059 4528 3183 4571 rem
3220 4522 3444 4588 geSIatu
3483 4509 3704 4571 litteris

2055 4601 2357 4664 mandant.
2410 4599 2558 4662 Vide
2590 4600 2727 4682 quid
2766 4600 2841 4660 de
2897 4598 3154 4677 magistri
3190 4598 3472 4677 dignitate
3506 4597 3702 4659 disse-

2055 4691 2491 4765 runtCodinus,
2528 4687 2809 4751 Historici
2850 4688 2973 4761 alii,
3008 4698 3063 4747 et
3087 4685 3459 4750 Glossatores
3489 4687 3704 4750 Grmco

2057 4779 2322 4843 Barbari.
2358 4778 2426 4841 Et
2458 4787 2519 4839 ut
2547 4777 2820 4840 acerbius
2851 4778 3174 4849 insaniant,
3199 4777 3443 4837 audiant
3477 4786 3534 4837 et
3565 4778 3704 4837 dis-

2056 4877 2346 4943 cant,tum
2372 4868 2609 4929 demum
2629 4868 2903 4941 fremant,
2930 4865 3383 4945 Metapltrastem
3405 4866 3705 4927 Conslan-

2058 4956 2303 5037 tinopoli
2335 4966 2529 5018 ortum
2562 4956 2778 5017 illustri
2815 4955 3058 5027 familia,
3098 4973 3449 5033 summoque
3483 4973 3710 5032 go-nere

2060 5045 2663 5127 prognalum,divitiis
2692 5044 3118 5119 abundantem,
3147 5042 3218 5103 ab
3243 5043 3711 5123 imperatoribus

2056 5136 2232 5198 variis
2246 5135 2636 5215 dignitatibus
2661 5136 3268 5201 contlecoratummou
3301 5133 3555 5211 potuisse
3572 5153 3711 5195 esse

2058 5226 2161 5288 imi
2185 5225 2449 5287 subsellii
2475 5226 2684 5299 virum,
2713 5223 2898 5284 multo
2934 5228 3128 5282 minus
3159 5221 3487 5283 Trivia/em
3526 5224 3714 5284 Ludi-

2003 5331 2022 5381 :
2060 5321 2442 5395 magistrum.
2469 5313 2969 5377 MichaelPsellus
2990 5311 3349 5375 Encomioin
3376 5310 3655 5371 eumdem
3693 5331 3707 5375 :

2066 5409 2161 5463 Καὶ
2209 5406 2332 5482 τόγε
2362 5405 2812 5482 θαυμασιώτερον,
2846 5405 2931 5457 καὶ
2990 5401 3067 5456 διὸ
3100 5400 3303 5475 μᾶλλον
3339 5401 3394 5455 Eia
3424 5423 3503 5456 τις
3549 5400 3702 5457 523',-

2061 5517 2148 5551 νον
2199 5496 2535 5572 θαυμάσειεν,
2570 5491 2649 5547 ὅτι
2694 5494 2786 5548 καῖ
2840 5493 3021 5568 γένους
3055 5490 3109 5545 εὖ
3156 5489 3317 5568 ἔχων,
3354 5491 3439 5545 καὶ
3489 5491 3553 5544 τὰ
3605 5497 3708 5556 τῆς

2058 5582 2294 5647 εὖκλείας
2356 5584 2563 5640 οἴκοθεν
2620 5580 2970 5658 κεκτημένος,
3031 5580 3184 5654 βχθεϊ
3243 5599 3294 5633 τε
3358 5577 3706 5649 πλούτιρκο-

3836 486 3837 579 1

3836 596 3839 691 1

3836 708 3841 785 1

3840 820 3843 889 1

3844 930 3845 991 1
