3930 6136
229 266 310 337 37

957 273 1052 338 DE
1097 275 1438 340 SCRIPTIS
1483 274 1867 340 SYMEONIS
1909 275 2498 340 METAPHRAST/E
2542 273 2931 338 DIATRIBA.

3532 266 3608 337 38

227 411 533 489 [brastem
590 417 902 472 auctorem
956 411 1224 490 agnoscit
1260 429 1273 473 :
1337 412 1394 472 id
1429 414 1475 473 si
1533 431 1734 473 verum
1788 430 1884 472 cs-
1908 429 1946 471 Α
1976 418 2089 473 tem
2117 412 2300 474 reiab
2323 413 2454 474 aliis
2476 412 2764 474 auctorib.
2790 413 3321 486 edoctum,mutato
3354 410 3526 491 style,
3552 416 3612 470 et

225 509 339 566 set.
379 501 560 561 aliam
611 508 1114 580 quoque-inlatam
1167 501 1574 580 Metaphrastae
1635 501 1885 563 habere-

230 610 390 652 mus.
451 589 655 650 Narrat
686 589 738 650 is
788 599 1059 652 auctc-ra
1112 592 1386 670 martyrio
1440 591 1582 653 dicti
1615 594 1887 654 Autono—

229 679 314 740 mi
345 679 419 740 ad
457 699 566 741 sua
594 697 788 760 usque
821 689 1088 760 tempora
1119 680 1396 741 ducentis
1434 686 1606 742 annis
1639 690 1886 761 praeter-

226 768 483 846 gressis,
517 768 769 829 cadaver
798 768 1118 830 illiuslicet
1153 769 1212 830 in
1245 772 1566 850 sepulchro
1603 770 1885 850 positum,

229 859 536 936 integrum
573 859 1111 939 incorruptumque
1145 860 1519 938 perdurasse.
1545 861 1634 922 En
1664 860 1841 922 verba
1869 880 1882 920 :

229 952 379 1028 Ἐγὼ
411 950 465 1006 δὲ
500 954 726 1007 νικῶντα
757 952 852 1006 τὸν
883 950 1116 1018 ἀθλητὴν
1149 954 1284 1025 ὁρῶν
1315 955 1413 1019 τὴν
1443 955 1593 1033 φύσιν
1633 955 1720 1010 καὶ
1753 955 1888 1027 μετὰ

228 1043 484 1112 θάνατον,
522 1042 652 1118 πρὸς
701 1039 1005 1117 δοξολογὶαν
1058 1048 1190 1099 Θεοῦ
1232 1041 1586 1116 διανίσταμαι,
1621 1041 1885 1098 ἐπιϐαλὼν

226 1133 331 1207 γὲρ
395 1153 525 1187 ποτε
561 1131 652 1193 τὰς
705 1128 857 1205 ὄψεις
892 1135 968 1202 τῷ
996 1131 1144 1210 τάφῳ
1188 1139 1279 1187 τοῦ
1311 1132 1597 1210 μάρτυρος,
1629 1134 1690 1187 τὸ
1749 1135 1885 1209 ἱερὸν

229 1222 440 1284 exh-ioc
499 1221 827 1298 ιέὕεαεηὶμεην³
859 1223 950 1276 καὶ
1003 1220 1274 1290 ἀήττητον
1307 1221 1407 1276 ὑπό
1452 1242 1512 1298 γε
1544 1221 1634 1288 τῆς
1696 1221 1885 1300 ἰσχύος

226 1316 323 1364 τοῦ
353 1312 580 1366 Θανάτου
612 1311 920 1384 μεμενηκὸς
963 1307 1286 1376 κατενόησα.
1337 1311 1396 1368 Ὀ
1430 1312 1530 1388 γὰρ
1581 1316 1752 1366 πᾶσαν
1798 1317 1888 1366 τοῦ

227 1397 373 1466 ζώου
406 1395 800 1471 τὴν-σύμπηξιν
835 1398 1104 1475 τριημέρῳ
1135 1397 1455 1472 διαστήματι
1510 1397 1650 1453 λύειν
1679 1399 1884 1478 αὐχῶν,

225 1487 408 1542 ’ἐτεσιν
438 1485 544 1554 ἤδη
575 1485 861 1551 διακοσίοις
907 1489 1065 1566 τρίχα
1097 1509 1188 1544 του
1217 1488 1420 1564 γενείου
1465 1485 1762 1565 διαφθεῖραι
1796 1488 1891 1543 οὐκ

227 1577 490 1656 ἴσχυσεν,
528 1575 647 1631 ἀλλ’
697 1575 734 1642 ἥ
766 1597 822 1631 τε
884 1577 1030 1651 κόμη
1087 1581 1185 1642 τῆς
1245 1576 1484 1656 κεφαλῆς
1516 1575 1745 1652 δαψιλὴς
1803 1580 1891 1634 καὶ

227 1664 565 1740 ἆλύμαντος,
600 1664 688 1721 ὅτε
745 1669 844 1732 τῆς
875 1671 1086 1744 μορφῆς
1139 1666 1424 1745 χαρακτὴρ
1469 1666 1803 1732 συνεστηκώς
1835 1689 1890 1721 ἰε

1975 501 2159 562 forma
2191 502 2430 564 dicendi
2465 504 2519 561 in
2556 501 2864 564 meliorem
2907 512 3282 580 prospectum
3317 500 3554 562 dedisse
3589 520 3602 560 :

1976 611 2094 653 non
2127 593 2205 654 ita
2232 601 2449 666 tamen,
2488 601 2550 652 ut
2579 591 2945 668 antiquiores
2978 588 3458 652 obliterarentur.

2055 682 2194 755 Quis
2227 683 2384 743 enim
2448 690 2534 743 tot
2565 681 2928 743 voluminum
2962 689 3184 743 struem
3220 681 3331 742 sibi
3367 695 3612 758 compa-

1974 780 2185 846 rasset,
2223 781 2279 832 et
2310 791 2382 833 ex
2447 771 2564 832 illis
2595 771 2755 831 Vitas
2787 770 3146 849 dempsisset
3182 767 3206 830 ἲ
3237 767 3336 832 Sic
3392 767 3611 829 factum

1973 871 2153 934 esl,ut
2178 869 2441 941 utrisque
2469 858 2979 940 permanentibus,
3007 877 3124 919 non
3151 865 3378 920 tantum
3403 873 3614 919 recens

1972 953 2194 1031 scripta
2219 970 2252 1011 a
2283 949 2597 1030 Symeone,
2624 949 2726 1010 sed
2756 949 3058 1028 antiquior
3089 951 3432 1023 etiam,cum
3459 947 3611 1010 dici-

1973 1051 2064 1102 tur
2097 1047 2270 1101 vitam
2306 1041 2465 1100 illam
2493 1058 2522 1099 a
2555 1037 2848 1118 Symeone
2867 1039 3220 1117 descriptam
3250 1039 3455 1112 fuisse,
3481 1039 3574 1100 Me
3595 1072 3614 1086 -

1974 1133 2292 1210 taphrasta:
2324 1129 2433 1206 ipsi
2463 1127 3014 1190 asserereturHinc
3049 1128 3248 1207 plures
3271 1127 3612 1207 Metaphra-

1972 1229 2077 1281 stae
2108 1229 2330 1294 aetates,
2363 1228 2420 1279 et
2452 1219 2619 1297 plura
2650 1217 2708 1278 in
2745 1236 2877 1278 eum
2913 1236 2948 1278 a
2979 1236 3183 1297 parum
3222 1215 3616 1297 prudentibus

1971 1320 2534 1389 congeruntur,cum
2558 1308 2813 1370 aliorum
2842 1307 3043 1379 vita,et
3060 1308 3219 1369 falsae
3242 1305 3616 1368 narrationes

1971 1401 2390 1481 Metaphrastze
2418 1417 2452 1458 a
2487 1397 2699 1458 talibus
2728 1395 3081 1458 criminibus
3109 1415 3291 1457 vacuo
3342 1395 3614 1474 integro-

1974 1508 2089 1570 que
2119 1489 2399 1551 referant.
2438 1486 2520 1550 Sit
2552 1486 2804 1566 exempli
2837 1502 3052 1547 causa:
3088 1485 3617 1564 ScripsitSymeon

1971 1578 2159 1640 Vitam
2190 1577 2378 1639 sancti
2403 1576 2731 1652 Eustachii,
2758 1585 2816 1636 et
2847 1574 3100 1635 ﬁliorum
3129 1591 3144 1646 ς
3179 1583 3315 1635 ante
3338 1573 3615 1636 eumdem

1973 1667 2428 1749 Metaphrastem
2453 1665 2524 1727 ab
2550 1667 2680 1727 aliis
2707 1664 3147 1732 concinnataet
3169 1664 3220 1724 si
3241 1681 3358 1724 non
3382 1662 3462 1725 ita
3487 1663 3617 1724 ele-

228 1759 326 1810 καὶ
371 1753 657 1821 ἁλώϐητος
689 1759 757 1831 τῇ
815 1776 870 1811 τε
903 1751 1056 1833 δορᾶς
1118 1757 1341 1827 εὖτονῖᾳ,
1377 1753 1512 1828 μηδὲ
1541 1753 1632 1817 τοὶς
1682 1757 1780 1825 ὑπττ

2065 1767 2183 1820 iter
2214 1759 2272 1818 in
2325 1756 2594 1818 Ecclesia
2625 1755 2953 1834 legebatur.
3007 1753 3304 1814 Laudatur
3327 1771 3360 1814 a
3387 1753 3617 1815 Joanne

224 1845 356 1923 τρίχ
364 1867 428 1907 ας
463 1843 772 1923 ἀποϐαλὼν,
805 1843 1004 1920 ἀνέῳγε
1035 1841 1089 1899 δὲ
1121 1843 1263 1916 αὐτῷ
1295 1845 1381 1899 καὶ
1424 1846 1451 1900 ὁ
1481 1844 1586 1900 τῶν
1630 1845 1886 1920 ὀμμάτων

757 1891 772 1924 2

225 1935 456 2007 κύκλος,
490 1933 558 1988 δι’
615 1937 690 1988 ὤν
723 1934 840 2008 ἐμοὶ
871 1931 1021 1990 δοκεῖ
1050 1935 1137 1989 καὶ
1185 1934 1472 2008 θεώμενος,
1509 1932 1648 1990 αἰδοῖ
1677 1937 1766 1990 του]
1796 1935 1886 1991 νό-

227 2047 338 2098 μον)
389 2028 488 2089 τῆς
516 2021 792 2101 -ιεελευτῆς²
827 2022 924 2089 τὴν
975 2023 1183 2089 σιωπὴν
1241 2029 1557 2099 προιτιμᾷν,
1593 2021 1782 2090 ἕστηκε
1833 2021 1887 2079 δὲ

228 2113 322 2167 καὶ
352 2113 382 2167 ὁ
436 2117 539 2172 πᾶς
571 2119 662 2168 τοῦ
691 2111 938 2186 σώματος
971 2113 1132 2174 τόπος
1173 2110 1274 2179 τήν
1302 2110 1431 2167 ἰδίαν
1465 2117 1734 2190 συνττιρὼν
1790 2115 1887 2191 ἁρ-

231 2206 427 2276 μονίαν
457 2205 544 2259 καὶ
574 2203 689 2261 οὔτε
722 2209 819 2270 τῆς
850 2203 1086 2270 κεφαλης
1113 2202 1227 2263 οὐδ’
1249 2203 1386 2268 ὅλως
1407 2203 1746 2283 ἆποῤῥαγεὶς,
1776 2205 1889 2262 οὔτε

228 2301 340 2349 τῶν
373 2299 576 2349 Αοιπών
609 2295 805 2371 poplum
838 2293 938 2360 τὴν
969 2291 1240 2350 διάστασιν
1270 2295 1581 2364 ὑπομείνας.
1615 2295 1764 2351 Οὕτω
1793 2297 1890 2374 γὰρ

231 2386 260 2438 ὁ
297 2381 674 2460 μεγαλόδωρος
713 2384 896 2461 Κύριος
962 2381 1194 2454 δοξάζειν
1223 2383 1338 2440 οἶδε
1380 2385 1500 2447 τοὺς
1547 2386 1757 2449 eius-for;
1793 2390 1888 2443 αὒ-

231 2473 344 2527 τῶν
378 2471 566 2544 μέλεσι
596 2469 810 2536 ὃοξασαι
842 2473 1253 2550 προελομένους.
1288 2473 1420 2553 ligo
1450 2482 1646 2534 autem
1677 2475 1891 2536 videns

233 2557 531 2621 athletam
589 2561 781 2622 etiam
835 2567 966 2639 post
1009 2569 1259 2624 mortem
1308 2565 1652 2624 vincentem
1702 2570 1888 2625 natu-

236 2667 400 2723 ram,
437 2665 710 2729 ersurgo
740 2650 826 2710 ad
857 2650 1045 2711 Deum
1077 2652 1568 2730 gloriﬁcandum.’
1601 2653 1891 2721 iniicieus

230 2740 406 2800 enim
461 2738 793 2817 aliquando
825 2738 1026 2800 oculos
1077 2741 1153 2800 in
1185 2743 1526 2818 sepulcrum
1588 2745 1891 2823 martyris

1974 1850 2342 1910 Damasceno
2372 1856 2430 1908 et
2459 1845 2767 1906 aliis.Eam
2804 1847 2848 1905 si
2883 1845 3018 1920 quis
3049 1841 3472 1922 Metaphrastae
3511 1841 3616 1902 tri-

1975 1936 2329 2016 bueret,jam
2351 1935 2463 1996 alia
2483 1943 2624 1996 aetas
2650 1943 2786 1996 ante
2813 1934 3002 2014 ipsum
3029 1931 3464 1994 Damascenum
3489 1931 3615 1992 Me-

1975 2025 2216 2106 phraste
2243 2031 2610 2105 assurgeret,
2636 2023 2896 2104 vitiaque
2944 2022 3227 2084 similium
3260 2021 3618 2101 scriptorum

1977 2123 2034 2176 in
2061 2115 2513 2196 Metaphrastem
2537 2111 3188 2192 refunderentur,quod
3221 2111 3510 2171 absonum
3535 2109 3622 2170 in-

1975 2205 2340 2284 dignumque
2376 2213 2533 2266 tanto
2567 2203 2692 2265 viro
2721 2201 2918 2264 fuerit.
2957 2204 3040 2263 ita
3072 2200 3247 2262 etiam
3280 2200 3353 2260 de
3397 2206 3619 2260 sancte

1977 2293 2303 2374 Eupraxize,
2339 2293 2599 2355 Danielis
2648 2291 2902 2364 abbatis,
2934 2290 3178 2350 Joannis
3209 2290 3616 2368 Chrysostom.

1979 2384 2323 2462 Euphemiaa
2355 2383 2646 2462 martyris,
2685 2381 2957 2458 Procopii
2999 2379 3292 2458 martyris,
3328 2377 3618 2440 Anastasii

1974 2471 2190 2544 Persas,
2219 2471 2628 2552 Amphilochii
2659 2471 2984 2534 Iconiensis
3013 2469 3302 2549 episcopi,
3329 2468 3619 2528 aliorum-

1975 2581 2090 2642 que
2125 2579 2200 2623 ne
2230 2561 2498 2641 singulos
2529 2578 2896 2632 recenseam,
2931 2558 3064 2620 vitis
3105 2557 3470 2619 censendum
3503 2564 3618 2632 est,

1973 2654 2128 2727 Quas
2159 2654 2260 2716 ubi
2287 2654 2542 2735 primum
2582 2653 2868 2732 genuinas
2898 2647 3312 2730 Metaphrastm
3340 2668 3370 2710 a
3402 2647 3624 2727 spuriis

1975 2744 2345 2817 distinxeris,
2371 2752 2492 2805 tum
2527 2742 2765 2804 demum
2799 2741 2872 2801 de
2907 2747 3076 2801 aatate
3107 2736 3438 2818 Symeonis,
3465 2740 3623 2817 ejus-

232 2829 456 2908 σερε-τί
486 2844 700 2890 sacras
731 2829 858 2906 ejus
910 2827 1234 2908 religa-ias,
1270 2847 1404 2910 quia
1434 2831 1676 2894 invictis
1705 2850 1890 2894 man-
1976 2852 2092 2914 que
2123 2833 2480 2914 integritate,
2515 2842 2573 2894 et
2613 2833 2670 2893 in
2704 2830 3042 2892 enarranda
3089 2827 3348 2890 Historia
3375 2828 3620 2890 veritate

225 2925 441 2980 serant
463 2936 500 2980 ο
528 2918 749 2980 "tortis
775 2918 1197 2994 viribusﬂuae
1221 2921 1572 2982 universum
1597 2921 1894 2984 animalis
1970 2923 2264 3002 judicium
2300 2923 2477 2996 feres;
2502 2921 2648 2983 alias
2676 2920 3029 2982 sententiam
3057 2918 3325 2992 ditferas,
3351 2928 3410 2979 et
3437 2935 3472 2979 a
3498 2917 3620 2979 cri-

233 3009 757 3087 compositionem,
778 3024 844 3070 se
874 3009 1058 3068 trium
1090 3008 1327 3070 dierum
1355 3011 1556 3090 spatio
1581 3011 1896 3090 gloriatur
1978 3011 2406 3074 minationibus
2437 3010 2840 3085 abstineas,ne
2865 3009 2924 3070 in
2949 3010 3366 3070 immerentem
3395 3007 3618 3069 nullam

235 3097 706 3196 dissolui-uram,
750 3097 887 3196 jam
945 3097 1244 3196 (lucentis
1281 3101 1467 3162 asinis
1513 3117 1635 3161 non
1693 3102 1954 3196 valuitc
1978 3102 2054 3164 ob
2083 3121 2322 3164 causam
2355 3101 2610 3182 injurias
2639 3100 2846 3162 audias
2877 3099 3082 3162 Risum
3118 3098 3261 3160 mihi
3300 3116 3459 3180 saepe
3490 3116 3622 3159 mo-

229 3185 528 3264 prtrclari
555 3185 733 3248 illius
760 3187 886 3248 viri
914 3189 1008 3248 vei
1036 3187 1130 3249 vel
1153 3187 1348 3262 pilum
1379 3193 1895 3270 corrumpere;sed
1914 3185 1954 3196 “’
1977 3210 2115 3254 vere
2146 3192 2205 3268 ii,
2229 3193 2328 3272 qui
2360 3189 2647 3272 quidquid
2681 3187 2998 3252 habuerint
3023 3187 3096 3250 de
3126 3187 3260 3250 Vita
3280 3195 3620 3250 sanctorum

234 3283 295 3336 el
320 3292 491 3338 como
518 3276 738 3352 capitis
767 3282 854 3338 est
875 3275 1151 3352 densa,el
1181 3276 1402 3352 illwsa,
1429 3286 1484 3341 et
1510 3280 1724 3357 forma
1744 3280 1891 3344 cha-
1978 3282 2110 3343 sine
2139 3282 2401 3343 auctoris
2434 3280 2694 3355 nomine,
2733 3280 2790 3341 id
2823 3288 3008 3341 totum
3041 3278 3172 3340 sine
3201 3278 3316 3340 alio
3348 3277 3624 3339 examine

235 3374 444 3426 racler
474 3367 756 3426 consistit
786 3365 1225 3447 integer,pelle
1256 3369 1430 3448 ﬁrma
1456 3375 1512 3431 et
1545 3371 1893 3450 intensa,ne
1977 3371 2155 3433 stulte
2171 3371 2351 3432 nimis
2365 3379 2542 3451 atque
2563 3367 3621 3450 impudenterliletaphrastaadedunt.

234 3455 492 3516 amissis
523 3454 765 3534 quidem
788 3456 940 3535 pilis
969 3455 1133 3518 labri
1159 3460 1516 3536 superioris.
1551 3459 1667 3522 Est
1694 3469 1891 3523 autem
2058 3460 2122 3522 Id
2156 3460 2206 3521 si
2239 3462 2673 3522 considerasset
2702 3458 3082 3520 doctissimus
3120 3457 3519 3519 Bellarminus
3548 3455 3624 3517 de

231 3545 295 3603 ei
323 3543 494 3604 orbis
523 3561 753 3622 quoque
782 3551 1029 3624 apertus
1059 3549 1392 3620 oculorum,
1420 3566 1526 3627 per
1553 3566 1702 3628 quos
1725 3551 1896 3613 intu-
1981 3551 2409 3632 Scriptoribus,
2447 3551 2507 3611 in
2536 3568 2608 3611 eo
2646 3548 2763 3610 0th
2781 3548 3030 3611 ectando
3064 3566 3182 3608 non
3216 3548 3294 3608 ita
3340 3544 3617 3625 profusus

233 3634 364 3723 euri
416 3633 578 3693 mihi
605 3633 933 3694 videbatur
963 3633 1123 3713 quod
1176 3634 1361 3714 legem
1393 3643 1631 3700 tantum
1684 3643 1897 3714 mortis
1981 3641 2212 3703 fuisset.
2245 3639 2416 3701 Illud
2445 3649 2645 3700 autem
2671 3636 3109 3700 observandam
3153 3654 3189 3697 a
3220 3635 3628 3717 Metaphraste

233 3728 353 3795 Ipse
382 3725 671 3796 reveritus,
692 3726 967 3784 silentium
994 3727 1424 3787 simularel.Stal
1445 3737 1623 3788 autem
1645 3734 1896 3790 universa
1979 3732 2244 3811 scriptas
2260 3730 2450 3808 fuisse
2471 3728 2778 3791 Historias
2799 3729 2869 3791 de
2899 3725 2969 3789 Vi
2977 3728 3055 3789 tis
3083 3725 3452 3789 Sanctorum
3473 3724 3626 3787 mul-

235 3830 443 3886 quoque
473 3817 664 3888 ﬁgura
695 3818 808 3888 ejus
834 3819 1079 3889 corporis
1134 3835 1290 3876 suam
1318 3835 1648 3879 conservans
1677 3839 1898 3896 compa-
1985 3824 2056 3878 lis
2088 3821 2299 3879 additis
2325 3839 2388 3877 es:
2403 3823 2648 3894 proprio
2668 3821 3023 3893 ingenio,uou
3042 3824 3201 3877 utres
3221 3827 3364 3891 geste
3378 3819 3623 3890 fuerant,

233 3923 399 3986 gem,
438 3913 497 3968 et
546 3923 657 3968 nec
687 3910 818 3984 ejus
844 3910 1065 3987 cupitis
1095 3917 1343 3990 ruptum
1386 3911 1759 3992 estaliquid,
1791 3931 1902 3976 nec
1981 3909 2084 3972 sed
2120 3914 2186 3972 ut
2210 3910 2340 3988 geri
2369 3916 2722 3986 patuerant:
2773 3909 2945 3970 addit
2977 3907 3136 3969 enim
3181 3906 3626 3986 Metaplirasles

235 3995 580 4066 reliquarum
602 3996 846 4067 partium
868 3997 1013 4068 facta
1044 4005 1122 4054 est
1154 3999 1264 4055 ulla
1295 4018 1324 4054 a
1354 4016 1410 4058 se
1438 4002 1657 4057 invicem
1688 4002 1902 4074 disjun-
1985 4001 2148 4060 multa
2167 4003 2568 4076 colloquia,sive
2583 4002 2827 4074 dialogos
2849 4005 3166 4072 martyrum
3189 4015 3314 4055 cum
3337 4003 3630 4071 persecuto-

237 4085 370 4140 ctio.
405 4083 495 4139 Sic
527 4086 670 4141 enim
692 4085 978 4158 muniﬁcus
1011 4088 1268 4146 Dominus
1295 4091 1396 4147 scit
1424 4092 1663 4149 vicissim
1690 4093 1901 4166 gloriﬁ-
1982 4087 2177 4162 ribus,
2199 4088 2446 4167 aliquas
2469 4089 2648 4149 etiam
2671 4086 3089 4149 conversiones
3109 4084 3490 4146 adstantium
3512 4101 3629 4162 pa-

243 4189 381 4230 care
427 4189 536 4239 eos,
567 4175 666 4246 qui
690 4175 808 4233 suis
845 4175 1093 4232 membris
1121 4179 1398 4237 voluerunt
1425 4197 1549 4238 eum
1575 4182 1896 4254 gloriﬁcare.
1979 4197 2246 4254 genarum
2265 4184 2324 4236 in
2343 4187 2489 4237 tanta
2508 4189 2808 4245 numero,ut
2831 4177 3170 4237 incredibiles
3187 4177 3499 4236 videantur.
3519 4175 3626 4232 De-

328 4268 711 4328 Autonomus
761 4267 1106 4348 martyrium
1167 4269 1486 4332 subiitsub
1537 4271 1900 4335 Diocletiano
1981 4269 2172 4348 nique
2196 4267 2494 4329 miracula
2511 4267 2804 4348 plurima,
2827 4274 2880 4327 el
2912 4267 3185 4328 maxime
3219 4266 3283 4326 in
3307 4265 3623 4327 eversione

245 4359 406 4416 circa
429 4353 906 4432 ann.Dom.303,
938 4356 1091 4419 adde
1115 4359 1322 4421 intacti
1350 4379 1384 4421 a
1417 4362 1733 4440 [utredine
1763 4382 1898 4425 cor-
1983 4357 2338 4438 templorum
2359 4366 2416 4417 et
2436 4357 2762 4436 idolorum,
2798 4373 3053 4436 quorum
3078 4353 3254 4417 nulla
3284 4360 3371 4416 est
3393 4352 3624 4416 mentio

247 4449 411 4534 poris
467 4462 656 4534 annos
703 4444 845 4534 200,
878 4446 992 4506 erit
1050 4447 1247 4510 Christ
1295 4451 1437 4526 503,
1473 4470 1590 4531 quo
1645 4453 1903 4534 scriptor

251 4532 407 4593 Vitae
427 4531 686 4595 vivebat.
721 4533 837 4597 Sed
867 4534 964 4595 hic
988 4534 1166 4598 fuerit
1196 4538 1496 4600 Anastasii
1523 4531 1901 4619 imperatoris

246 4620 526 4682 decimus
560 4621 792 4696 tertius,
823 4641 961 4702 ergo
997 4633 1117 4685 tum
1150 4645 1390 4707 quoque
1422 4627 1650 4690 vivebat
1678 4631 1901 4692 scribe-

244 4709 467 4790 batque
496 4709 944 4791 Metaphrastes.
980 4712 1125 4774 Rem
1159 4715 1330 4796 plane
1365 4717 1903 4791 ridiculam.Quare

241 4799 396 4861 Vita:
461 4800 666 4874 editae,
701 4801 792 4862 vel
854 4801 1104 4864 edenda:
1133 4817 1407 4868 accurate
1452 4808 1904 4870 consideranda;

242 4897 410 4962 sunt,
450 4896 571 4950 tum
605 4890 848 4952 demum
881 4892 1293 4973 Metaphrastie
1321 4896 1664 4958 asserendae
1712 4897 1904 4960 Disci-

244 4979 375 5067 puli
408 4979 565 5067 enim
600 4998 815 5040 omnes
866 4981 986 5042 sive
1023 4985 1317 5057 monachi,
1352 4987 1474 5046 sive
1522 4985 1635 5047 alia
1664 5005 1902 5067 quoque

245 5065 660 5155 ecclesiastica
691 5067 980 5147 dignitate
1012 5072 1422 5150 prazccllentes
1445 5065 1900 5155 Metaphrastem

245 5154 524 5217 abdicant
559 5174 572 5218 :
599 5175 738 5218 cum
776 5157 876 5218 ille
903 5161 1290 5224 saecularibus
1314 5164 1567 5240 negotiis
1596 5154 1710 5242 [’43]
1736 5165 1902 5227 addi-

243 5252 399 5316 ctus,
427 5245 705 5325 quamvis
739 5251 957 5326 pietate
988 5260 1046 5312 et
1077 5253 1392 5314 sanctitate
1417 5253 1664 5330 insignis
1693 5255 1753 5315 in
1787 5273 1901 5316 sre-

242 5333 384 5395 culo
406 5335 578 5396 vitam
600 5335 984 5413 egeritJllud
1011 5359 1126 5421 quo
1154 5360 1250 5418 δυο
1281 5341 1478 5403 animo
1503 5345 1902 5421 reputanduni

1983 4446 2146 4527 apud
2165 4444 2933 4509 vetereshistoricosltlulta
2955 4444 3257 4507 addidisse
3277 4443 3353 4505 de
3377 4461 3483 4505 suo
3501 4444 3622 4505 Me-

1985 4536 2370 4617 taphrastem.
2433 4535 2558 4597 Hoc
2587 4554 2727 4596 vero
2757 4533 3128 4616 probandum
3181 4543 3292 4596 est.
3325 4533 3444 4596 Sed
3494 4533 3628 4614 quis

1985 4627 2086 4689 ille
2111 4626 2354 4708 lynceus
2383 4625 2610 4687 fuerit?
2639 4625 2771 4706 quis
2800 4625 2859 4686 in
2895 4625 3340 4687 obscurissimis
3368 4623 3628 4704 antiqui-

1988 4715 2120 4777 tatis
2145 4715 2406 4776 tenebris
2433 4713 2872 4790 videns,addita
2899 4733 2934 4775 a
2953 4733 3091 4776 vere
3114 4713 3297 4794 gestis
3325 4718 3628 4775 secernet?

1986 4806 2228 4868 Etiamsi
2274 4806 2402 4884 ipsa
2433 4808 2580 4867 Acta
2626 4813 2941 4884 martyrum
2972 4806 3358 4885 autographa,
3393 4810 3452 4866 et
3497 4801 3631 4863 vita;

1985 4897 2128 4975 ipsa:
2157 4893 2230 4954 ab
2264 4895 2620 4967 iisdemmet,
2657 4913 2909 4974 quorum
2934 4894 3066 4954 Vita
3099 4905 3410 4956 enarratur
3439 4893 3629 4953 histo-

1984 4986 2130 5046 riam
2190 4983 2570 5055 haberemus,
2604 4983 2830 5044 diﬂicili
2880 4992 3002 5045 tum
3049 4985 3224 5045 etiam
3267 4981 3542 5044 examine
3571 4981 3628 5043 id

1987 5092 2300 5156 possemus
2329 5073 2845 5154 consequizneque
2875 5074 3034 5135 enim
3061 5073 3256 5133 omnia
3288 5073 3345 5132 in
3379 5069 3498 5132 illis
3528 5089 3634 5133 re-

1987 5163 2212 5225 censita
2235 5163 2671 5243 sunt,nihi|que
2696 5165 3030 5242 neglectum
3058 5163 3134 5222 ita
3163 5171 3225 5222 ut
3250 5161 3324 5222 ab
3353 5161 3471 5222 alio
3495 5159 3635 5222 addi

1991 5273 2108 5315 non
2145 5253 2420 5332 potuerit.
2458 5251 2528 5314 Et
2549 5271 2737 5333 quare
2775 5255 2970 5332 potius
2995 5253 3106 5329 [44]
3143 5269 3258 5311 non
3288 5250 3473 5313 multa
3504 5249 3636 5330 ipse

1990 5341 2420 5422 omiserit,qua2
2439 5342 2634 5402 minus
2653 5341 3136 5420 probaret,quam
3157 5337 3638 5402 addiderithar-

245 5432 359 5497 est,
385 5423 571 5499 Vitas,
609 5442 766 5500 quas
788 5426 1216 5508 Metaphrastes
1247 5429 1642 5508 concinnavit,
1677 5432 1906 5513 pleras-
1991 5441 2080 5495 rat
2112 5440 2400 5511 praeterea
2423 5450 2519 5492 res
2542 5441 2757 5508 gestas,
2793 5449 2919 5492 non
2941 5439 3008 5493 ut
3037 5449 3131 5492 res
3157 5435 3345 5507 gestae
3371 5430 3642 5508 fuerunt,

245 5531 362 5594 que
384 5513 458 5575 ab
482 5514 627 5574 aliis
651 5521 831 5576 antea
853 5515 1032 5579 luisse
1056 5519 1411 5601 descriptas,
1438 5538 1575 5581 cum
1602 5529 1798 5583 tamen
1825 5522 1911 5584 illi
1994 5523 2098 5586 sed
2145 5529 2214 5584 ut
2246 5528 2386 5602 geri
2415 5526 2762 5600 potuerunt.
2798 5518 2970 5582 Unde
3003 5521 3062 5581 id
3112 5519 3294 5581 habet
3326 5516 3646 5579 Bellarmi-

249 5621 355 5668 nec
377 5604 565 5688 stylus
592 5602 996 5686 satisfaceret,
1030 5626 1141 5672 nec
1172 5605 1448 5675 Historiae
1478 5611 1666 5674 series
1697 5613 1909 5677 verita-
1999 5632 2112 5676 nus
2140 5613 2165 5673 ἱ)
2194 5609 2484 5674 Habuisse
2527 5608 2656 5692 ipse
2685 5616 2914 5670 rectum
2947 5616 3218 5674 actorum
3252 5605 3555 5677 ordinem,
3589 5609 3647 5666 et
