3930 6136
372 254 449 317 39

1800 248 2085 319 LEONIS
2138 244 2475 333 ALLATII.

3684 251 3765 316 40

369 397 435 451 ιιι
460 407 558 451 res
578 398 740 469 gesta
762 398 854 453 est
874 389 948 452 ab
969 389 1084 452 alio
1109 389 1604 469 conscriptam,et
1628 388 2009 469 publicatam,
2036 398 2072 446 A
2108 406 2342 449 manam
2407 386 2786 469 divinamque
2842 386 3100 462 intersit,
3150 387 3293 470 quid
3349 388 3503 450 inter
3556 387 3752 449 histo-

365 481 517 538 unde
541 482 959 540 immutationis
979 482 1310 554 hujusmodi
1341 482 1773 552 Metaphrastt‘m
1805 494 2020 551 arguc-
2106 477 2323 551 ricum,
2378 486 2434 539 et
2486 477 2931 555 evangelistam,
2967 476 3110 557 quid
3158 476 3318 539 inter
3368 477 3642 555 dogmata
3694 487 3755 538 et

363 563 469 628 rit?
495 566 709 629 Prodat
729 567 787 628 in
814 566 1034 629 lucem.
1068 564 1238 629 Alias
1262 566 1345 629 illi
1368 586 1434 628 ex
1468 567 1706 645 ingenio
1728 575 1787 627 et
1812 565 2014 644 suspi-
2103 566 2590 641 consuetudines,
2622 567 2761 647 quid
2796 567 2950 627 inter
2979 584 3075 628 res
3108 571 3437 647 praecipuas
3465 574 3523 627 et
3555 569 3750 642 potis-

360 656 535 720 cione
558 656 810 737 quadam
837 676 943 719 sua
967 655 1258 718 asserenli
1287 676 1404 718 non
1423 659 1760 718 credemus.
1792 653 2004 734 Suspi-

359 752 531 807 cetur
560 746 663 807 ille
682 744 969 827 quidquid
995 745 1155 819 velit,
1179 746 1457 807 acumine
1481 744 1850 823 ingenii.quo
1871 742 2006 823 pol~

358 833 463 910 let,
497 834 718 897 edicet.
754 834 870 898 Res
898 854 1030 897 cum
1094 836 1153 895 in
1186 835 1337 896 facto
1369 836 1674 909 consistat,
1706 833 1819 895 nisi
1876 850 2003 895 rem

357 922 603 1004 ipse,uti
633 933 796 1003 gesta
821 925 998 997 est,in
1033 923 1294 985 medium
1332 923 1614 1005 proferat,
1649 941 1773 985 rem
1806 923 2002 993 aliter,

358 1021 415 1075 et
443 1014 528 1075 uti
558 1013 683 1093 geri
718 1013 1238 1094 potuerit,narrari
1269 1032 1303 1075 a
1333 1013 1732 1094 Metaphraste
1764 1031 1882 1073 non
1904 1011 1999 1073 di-

353 1104 779 1166 cemus.Addil
800 1102 1101 1183 colloquia
1126 1109 1186 1165 et
1207 1101 1486 1182 dialogos
1508 1110 1836 1182 martyrum
1861 1119 1998 1165 cum

350 1192 829 1271 persecutoribus
859 1190 1012 1264 Quid
1037 1198 1087 1253 si
1105 1190 1205 1253 illa
1227 1190 1437 1253 habuit
1463 1191 1589 1272 ipse
1614 1210 1688 1254 ex
1713 1190 1847 1252 aliis
1870 1208 1999 1251 ma-

352 1279 675 1360 nuscriptis
698 1291 757 1342 et
774 1280 947 1342 libris
969 1279 1465 1356 authenticis,qui
1489 1280 1666 1341 modo
1693 1279 1786 1342 vel
1812 1280 2000 1359 negli-

350 1367 550 1448 gentia
567 1369 1349 1445 hnminum,velrusticitate
1372 1370 1468 1431 illa
1483 1370 2003 1435 sua,velvetustate

348 1458 937 1528 obsoleverinﬂDilige
957 1459 1074 1516 nlla
1089 1458 1417 1516 Graecorum
1440 1468 1847 1530 Imperatorum
1869 1474 2005 1530 quo-

348 1561 476 1605 rum
501 1546 749 1605 maxime
774 1558 891 1606 tum
912 1554 1033 1606 erat
1058 1563 1231 1618 penes
1250 1553 1580 1606 univprsum
1598 1551 1794 1607 orbem
1811 1559 2003 1609 aucto-

2097 656 2304 732 simas,
2344 674 2493 737 quas
2542 658 2627 718 vel
2662 656 2959 718 levissima
3013 656 3425 718 immutatione
3466 656 3751 718 vulnerar

2097 745 2275 821 veris,
2311 754 2371 807 et
2416 747 2573 807 inter
2619 744 2971 820 levissimas,
3018 752 3080 805 et
3122 743 3446 807 scribentis
3497 745 3751 807 arbitrio

2093 833 2401 908 obnoxias,
2437 852 2570 915 quas
2601 843 2902 912 utcunque
2951 844 3207 896 narratae
3261 834 3401 895 dum
3437 852 3472 896 a
3501 834 3750 896 veritate

2092 942 2211 985 non
2241 924 2568 1000 receditur,
2595 923 2742 986 nulli
2769 923 3191 985 detrimentum
3219 923 3570 1004 adjungunt.
3598 923 3749 997 Quis

2091 1013 2152 1073 in
2213 1013 2550 1077 referendis
2618 1012 2934 1093 colloquiis
3005 1013 3370 1075 verosimilia
3443 1012 3747 1075 damnet?

2085 1102 2316 1183 Operas
2376 1113 2434 1164 et
2480 1100 2794 1165 facultates
2854 1102 3100 1165 collatas
3143 1102 3216 1164 ab
3270 1102 3742 1184 imperatoribus

2085 1192 2325 1255 abuide
2354 1193 2649 1273 expressit
2682 1192 2913 1255 Psellus
2943 1193 3003 1253 in
3038 1194 3306 1256 oratione
3337 1211 3351 1256 :
3395 1194 3532 1249 Φκσί
3560 1198 3620 1271 γέ
3655 1217 3741 1257 τοι

2084 1281 2213 1359 μηδ’
2268 1283 2327 1340 ἐκ
2357 1284 2623 1361 παρέργου
2656 1290 2840 1340 τοῦτον
2890 1285 3053 1359 ἧφοκι
3084 1286 3176 1338 τοῦ
3224 1284 3560 1362 πράγματος,
3593 1282 3741 1358 μηδὲ

2085 1374 2244 1429 αότὸν
2274 1374 2594 1452 προθέμενον
2647 1374 2690 1429 εἰ
2734 1374 2811 1446 μὴ
2846 1372 2967 1428 ὅσον
3009 1370 3306 1449 βούλεσθκι.
3355 1371 3621 1429 Βκσὶλειον
3682 1372 3737 1427 δὲ

2084 1463 2270 1521 τοῦτον
2328 1462 2688 1540 παρακλήσεις
2747 1462 2833 1518 ἐπὶ
2889 1461 3041 1517 τοῦτο
3090 1463 3449 1540 προήνεγκειν,
3495 1461 3588 1517 καί
3642 1462 3733 1524 οἶς

2083 1553 2413 1633 ἑιρροντὲζιτο
2462 1551 2618 1628 λόγος
2649 1553 2735 1607 καὶ
2763 1551 2991 1613 σύνεσις.
3032 1551 3125 1607 Καὶ
3167 1551 3235 1615 ἦν
3268 1554 3407 1623 αὐτῷ
3437 1553 3470 1618 ἦ
3513 1573 3729 1629 napae-

346 1638 506 1705 ritas,
534 1638 593 1695 in
623 1638 737 1695 illis
754 1638 1160 1710 conquirendis
1190 1654 1301 1695 non
1329 1638 1525 1696 defuit.
1560 1640 1785 1696 Maximi
1811 1654 1951 1709 sum}

2122 1644 2212 1709 ευὴ
2245 1641 2297 1706 ἐξ
2350 1641 2585 1715 ἑτοίμου,
2620 1638 2811 1702 κύκλος
2842 1659 2898 1694 τε
2932 1639 2991 1696 οὔ
3018 1639 3219 1717 βραχὺς
3274 1644 3378 1693 τῶν
3411 1660 3467 1693 τε
3496 1642 3726 1711 πρώτως

347 1735 440 1784 tus
456 1735 572 1786 tum
588 1742 660 1785 ex
681 1729 1090 1800 imperatorum
1103 1732 1450 1796 aerario,tum
1466 1743 1533 1786 ex
1558 1744 1720 1801 τιμερε
1737 1729 1803 1785 iis
1819 1730 1951 1799 ipsii

2122 1730 2552 1805 ηημαινομένων
2572 1729 2669 1796 τὴν
2693 1726 2799 1793 λὲξι
2816 1751 2852 1808 ι,
2871 1732 2955 1783 καὶ
2980 1733 3083 1783 τῶν
3107 1728 3241 1801 μετὰ
3256 1734 3418 1782 τπῦτκ
3439 1728 3717 1784 τεθέντών’

348 1816 931 1891 Metaphrastaa,cujus
955 1817 1154 1890 amplae
1176 1829 1336 1877 erant
1363 1820 1736 1887 taculia:es,in
1763 1821 1873 1877 hoc
1894 1835 1951 1877 ne

2122 1821 2175 1877 xi
2218 1818 2379 1881 ἄλλος
2412 1818 2497 1875 ἐπ’
2530 1816 2696 1892 ἅλ)ῳ·
2734 1820 2761 1873 6
2819 1817 2915 1891 μὲν
2946 1818 3011 1872 τὰ
3042 1822 3223 1894 πρῶτα
3273 1824 3460 1895 ποιῶν,
3493 1819 3518 1872 6
3548 1815 3602 1873 δὲ
3657 1820 3724 1875 τὰ

347 1907 507 1985 gotio
526 1906 1147 1984 decreti,eﬂ‘usissime
1172 1908 1534 1987 suppeditati
1558 1918 1716 1973 Sunt:
1745 1928 1862 1971 non
1890 1909 1992 1970 de-

345 1994 505 2054 fuere
525 1997 1148 2068 comitum.eorumque
1168 1994 1635 2055 doctissimorum
1662 1996 1990 2055 auxilia.E.i

341 2104 583 2167 quoque
604 2094 959 2168 tempestate
982 2086 1185 2166 plures
1219 2087 1605 2166 manuscripti
1633 2087 1871 2150 codices
1894 2087 1993 2149 ha-

344 2174 661 2250 bebantur,
690 2194 866 2256 quam
901 2176 1011 2238 hac
1055 2185 1256 2237 nostra
1279 2184 1472 2249 astate,
1503 2195 1636 2237 cum
1670 2186 1731 2237 et
1770 2176 1990 2238 Barba-

340 2282 544 2328 rorum
567 2264 1015 2328 incursionibus
1037 2264 1316 2328 universa
1328 2264 1552 2330 Graecia
1574 2264 1788 2327 afﬂicta
1809 2276 1990 2340 est,et

336 2355 566 2417 similes
606 2355 845 2417 codices
876 2355 1379 2435 nequissimorum
1414 2355 1723 2417 hominum
1759 2354 1989 2416 scelere

336 2443 512 2505 variis
539 2443 734 2507 modis
759 2442 1246 2523 deperditizadde
1272 2444 1647 2506 curiosorum
1676 2444 1983 2506 hominum

334 2532 738 2596 sollicitudine
768 2543 825 2594 et
851 2533 1071 2608 studio,
1106 2533 1220 2594 alio
1247 2543 1425 2614 atque
1455 2534 1572 2595 alio
1603 2534 1914 2615 exportati.

415 2620 556 2693 Quis
588 2621 789 2699 itaque
844 2624 980 2700 jure
1011 2625 1337 2699 negaverit.
1376 2641 1507 2702 qua:
1555 2624 1988 2703 Metaphrastes

334 2711 709 2773 concinnavit
765 2711 826 2772 in
858 2710 988 2772 aliis
1018 2709 1351 2786 codicibus,
1384 2712 1576 2793 iisque
1635 2711 1752 2774 [ide
1784 2711 1983 2791 dignis

333 2818 452 2866 non
486 2800 812 2882 perlegisse
842 2801 871 2862 ?
905 2799 976 2863 Et
1006 2808 1199 2881 potest
1231 2800 1465 2863 tandem
1499 2800 1769 2881 quilibet,
1802 2801 1985 2863 dum-

334 2890 512 2953 modo
541 2909 744 2953 rerum
801 2888 1189 2953 substantiam
1224 2908 1343 2952 non
1395 2890 1750 2965 immutarit,
1783 2890 1900 2954 alio
1931 2900 1989 2954 et

332 2980 452 3043 alio
483 2980 661 3044 modo
695 2998 820 3043 rem
854 2980 1091 3042 efferre.
1129 2978 1357 3043 Etenim
1386 2981 1435 3041 si
1461 2980 1673 3042 iisdem
1709 2980 1837 3061 ipse
1862 2981 1985 3043 for-

338 3069 1522 3146 mulisetluminibus,acveteresilli,rem
1549 3070 1982 3151 exscripsisset,

333 3156 603 3222 Vitarum
668 3160 1024 3239 exscriptor,
1059 3178 1178 3221 non
1228 3168 1437 3222 auctor
1476 3159 1594 3222 dici
1644 3160 1981 3222 meruisset.

2076 1908 2309 1986 δεύτερα,
2330 1910 2418 1965 καὶ
2440 1908 2523 1964 ἐπὶ
2556 1909 2757 1971 τούτοις
2788 1909 2833 1962 οἱ
2866 1907 2927 1962 tit
2949 1906 3392 1984 συγγεγραμμένα
3423 1905 3726 1984 ἐξακριϐού-

2074 2020 2247 2074 μενοι,
2273 1996 2351 2052 ἵν’
2380 1996 2460 2052 ὅτι
2489 1997 2611 2059 τοὺς
2644 1995 2979 2074 ὑπογραφέας
3012 1993 3184 2066 λάθοι,
3219 1996 3348 2072 πρὸς
3379 1995 3478 2059 τὴν
3505 1996 3729 2052 intento

2076 2088 2243 2163 μένην
2291 2080 2668 2163 διορθώσονται
2700 2084 2923 2142 ἔννοιαν.
2958 2086 3031 2143 0-5
3061 2083 3158 2160 γὰρ
3195 2085 3319 2149 ἒνῆν
3353 2084 3494 2157 αὖτῷ
3521 2084 3606 2140 διὰ
3660 2087 3725 2141 τὸ

2075 2173 2278 2241 πλῆθος
2308 2181 2415 2230 τῶν
2460 2172 2889 2253 συγγραμμάτων
2942 2170 3202 2236 πολλάκις
3237 2172 3303 2228 τὰ
3332 2173 3462 2231 αὐτὰ
3518 2172 3724 2230 ἀνακυ-

2073 2263 2227 2321 κλεῖν
2255 2285 2313 2320 τε
2341 2265 2430 2320 καὶ
2458 2264 2672 2341 ὲφορᾷν,
2705 2261 2852 2318 Ἀλλ’
2888 2263 2931 2318 εἰ
2962 2264 3048 2317 καὶ
3078 2260 3244 2325 πολὺς
3267 2263 3294 2317 6
3325 2260 3487 2332 ζῆλος
3516 2262 3725 2339 ὀνόμα-

2070 2376 2163 2419 τος
2212 2356 2298 2410 καὶ
2329 2356 2363 2421 ἡ
2417 2354 2625 2432 φροντὶς
2658 2350 3000 2431 περιττοτέρα
3032 2357 3122 2406 τοῦ
3177 2349 3409 2420 δέοντος,
3443 2349 3479 2417 ἤ
3510 2350 3724 2416 μᾶλλον

2069 2445 2199 2521 πρὸς
2250 2445 2403 2499 τοῦτο
2433 2441 2497 2510 δὴ
2526 2442 2844 2521 ἀξιόχρεως
2897 2438 3016 2496 ἀλλ’
3048 2438 3138 2517 ὅγε
3170 2440 3371 2520 στάχυς
3421 2439 3720 2509 ἐνενικήκει

2071 2539 2259 2610 μακρῷ
2288 2532 2385 2600 τὴν
2418 2537 2639 2611 σπόρᾷν,
2674 2532 2761 2586 καὶ
2789 2532 2851 2585 τὸ
2882 2529 3040 2596 λήϊον
3063 2529 3182 2586 οἷον
3204 2528 3407 2587 οὐδέπω
3433 2532 3519 2588 καὶ
3550 2533 3723 2606 τήμεο

2069 2642 2179 2700 ρον.
2220 2620 2343 2678 Εἴτε
2374 2623 2460 2677 καὶ
2493 2619 2659 2696 μηδὲν
2689 2619 2823 2677 ἄλλο
2853 2626 2931 2694 τῷ
2962 2618 3103 2699 ἀνδρὶ
3152 2616 3553 2693 διεσπούδαστο,
3583 2619 3720 2695 μηδ’

2069 2711 2399 2790 ἀποχρῶντα
2418 2712 2486 2767 τὰ
2512 2710 2573 2766 νὰ
2598 2708 2733 2766 ἄλλα
2755 2709 3057 2784 σύμπαντα,
3081 2709 3169 2765 καὶ
3192 2709 3309 2765 καθ’
3334 2705 3557 2765 ἕκαστον
3582 2711 3718 2787 πρὸς

2069 2800 2315 2880 ἀφορμὴν
2346 2800 2608 2879 εὐφημίας
2660 2798 2871 2877 ἀρκοῦν,
2910 2795 3047 2854 ἀλλὰ
3074 2799 3201 2875 τόγε
3233 2807 3469 2856 τοιοῦτον
3500 2796 3716 2854 ἑλέσθαι

2069 2889 2403 2965 στούδασμα,
2435 2890 2523 2947 καὶ
2554 2888 2692 2946 οὕτω
2724 2886 3145 2964 καταπράξισθαί
3173 2908 3230 2942 τε
3264 2888 3350 2943 καὶ
3381 2884 3717 2965 ἀκριϐώσας-

2067 2982 2176 3054 ttat,
2209 2979 2463 3057 αὔταρκες
2494 2980 2607 3035 ἀντὶ
2638 2979 2833 3039 παντὸς
2865 2975 3032 3034 ἄλλου
3061 2977 3189 3057 πρὸς
3219 2978 3487 3055 ἒγκωμιον
3515 2983 3593 3042 τῷ
3622 2977 3720 3032 ἂν.

2068 3067 2168 3146 δρί.
2202 3067 2402 3132 P0rro
2432 3075 2635 3130 autem
2665 3067 2873 3129 dicunt
2895 3083 3033 3129 eum
3064 3083 3188 3128 non
3216 3064 3431 3128 leviter
3444 3072 3505 3128 et
3534 3068 3720 3144 quasi

2067 3156 2247 3219 aliud
2273 3165 2546 3238 agentem
2574 3155 2731 3219 hanc
2760 3171 2889 3217 rem
2937 3171 3062 3218 esse
3090 3171 3441 3236 aggressum
3474 3176 3491 3227 ;
3524 3172 3719 3234 neque

335 3246 604 3313 Studium
637 3248 840 3311 simile
861 3247 1201 3311 laudaverat
1223 3249 1280 3310 in
1305 3250 1699 3312 Vitaloannis
1727 3248 1982 3313 Damas-
2066 3248 2263 3328 ipsum
2294 3247 2496 3309 idsibi
2510 3245 2998 3327 proposuisse,ut
3017 3246 3235 3323 faceret
3266 3250 3563 3324 quantum
3581 3245 3715 3307 vel-

333 3336 490 3413 ceni,
515 3337 775 3399 Joannes
807 3335 1143 3416 patriarcha
1164 3336 1740 3419 Hierosolymitanos
1762 3356 1775 3401 :
1815 3341 1871 3397 Et
1893 3339 1981 3396 οὖν
2067 3336 2303 3399 let.Sed
2326 3336 2716 3417 imperatoris
2736 3335 3205 3399 adhortationes
3223 3351 3357 3396 eum
3375 3334 3455 3397 ad
3471 3332 3585 3397 hoc
3603 3338 3718 3397 ad-

329 3427 426 3496 τὴν
478 3426 674 3485 ἐκείνου
707 3428 917 3508 μορφὴν
947 3426 1086 3484 οὕτω
1115 3428 1176 3484 το
1207 3426 1451 3504 λαμπρὸν
1502 3427 1898 3501 ἐπισπεύδουσι,
1932 3452 1951 3483 τ

2122 3443 2317 3501 ηενρ,
2341 3432 2398 3488 et
2425 3427 2499 3502 ii,
2534 3425 2754 3505 quibus
2775 3442 2940 3487 curae
2960 3430 3099 3487 erat
3127 3425 3411 3486 doctrina
3441 3429 3499 3487 et
3522 3424 3711 3486 intel-

326 3513 426 3593 ἄρα
453 3515 569 3572 δέον
599 3515 726 3594 περῖ
773 3518 866 3579 τὰς
902 3516 1131 3595 ἱστορίας
1165 3522 1269 3573 τῶν
1330 3517 1568 3594 πράξεων
1599 3516 1951 3593 ἠμελημένουι

2122 3516 2342 3596 gentia,
2376 3523 2437 3577 et
2479 3522 2800 3595 promptus
2827 3516 2887 3577 ei
2936 3514 3059 3592 fuit
3091 3519 3445 3595 apparatus,
3464 3520 3535 3575 et
3584 3529 3713 3576 non

325 3604 416 3677 ἑᾷν
455 3606 578 3669 τοὺς
610 3604 824 3683 λόγους,
859 3605 952 3661 διπί
1002 3605 1261 3668 ἀκαλλεῖς
1294 3624 1310 3681 ς
1370 3609 1658 3683 Οὗμενοῧν,
1695 3616 1822 3671 Τοῖς
1872 3607 1951 3686 γὰι

2122 3622 2289 3668 trvus
2317 3604 2483 3668 orbis
2525 3621 2755 3685 eorum,
2784 3606 2891 3685 qui
2938 3606 3140 3685 primo
3170 3603 3496 3669 dictionem
3543 3608 3713 3667 nolis

327 3692 722 3771 ἀγροικοτέροις
742 3693 1138 3771 συγγνώμη,ὡς
1162 3693 1372 3775 ἔχουσι,
1390 3694 1728 3774 σχεδιάζουσι
1754 3694 1947 3773 λόγους

2122 3694 2460 3774 :cipiebant,
2493 3699 2553 3758 et
2580 3711 2804 3769 eorum,
2830 3696 2941 3775 qui
2953 3702 3166 3775 postea
3189 3693 3698 3757 transcribebant:

328 3783 423 3845 τὰς
455 3781 665 3859 πράξεις
690 3780 736 3837 δ’
765 3782 1101 3858 ἱστοροῦντᾶς
1122 3788 1228 3840 τῶν
1259 3782 1721 3861 ἐνπρεστησάντων
1739 3789 1972 3864 Χριστῷ,

329 3874 414 3934 οἷς
447 3872 475 3927 6
506 3868 664 3949 λόγος
696 3871 757 3928 τὸ
780 3867 1204 3946 σπουδαζόμενον
1230 3871 1469 3950 γέγονεν,
1493 3873 1552 3930 οὔ
1584 3874 1972 3951 συγγνωστέον,

328 3959 474 4036 βίους
506 3959 667 4037 ἁγίων
697 3958 1155 4039 παρεωραμένοις,
1189 3959 1646 4042 ἐσχεδιασμένοις,
1679 3964 1753 4024 ὡς
1791 3961 1971 4041 ἔτυχε,

2056 3791 2117 3847 et
2145 3784 2307 3848 alius
2332 3791 2466 3864 post
2493 3784 2710 3859 alium,
2743 3782 2851 3846 ille
2877 3782 3121 3864 quidem
3153 3785 3357 3864 prima
3410 3784 3704 3868 faciebat,

2058 3872 2158 3937 hic
2188 3890 2329 3936 vero
2355 3873 2617 3937 secunda
2645 3872 3047 3941 eccscribebat.
3077 3873 3147 3936 Et
3158 3880 3294 3953 post
3319 3872 3427 3935 hos
3453 3873 3572 3935 alii
3592 3876 3704 3955 qui

2058 3980 2194 4043 qua:
2240 3965 2469 4044 scripta
2521 3964 2797 4043 fuerant,
2847 3962 3101 4043 pulchre
3148 3961 3601 4044 intelligebant,
3635 3970 3706 4027 ut

333 4050 421 4107 καὶ
454 4047 659 4125 μᾶλλον
686 4047 886 4127 ἀνδρῶν
903 4050 1177 4126 τοιούτῶν,
1203 4055 1288 4115 οἷς
1306 4052 1444 4119 πνοὴ
1466 4052 1553 4109 καὶ
1574 4053 1687 4123 ζωὴ
1711 4053 1773 4109 τὸ
1793 4050 1951 4131 λόγοις

2122 4052 2218 4116 ιοά
2245 4053 2578 4132 scriptores
2607 4051 2896 4128 latuerat,
2918 4052 3001 4115 ad
3022 4053 3399 4133 propositam
3423 4054 3703 4134 corrige-

330 4137 691 4216 ἑπαγρυπνεϊν
719 4138 1111 4219 Ε’(ρημάτισεν.
1135 4138 1341 4220 Igitur
1367 4142 1425 4203 si
1453 4142 1620 4203 circa
1637 4141 1951 4220 imaginun

2122 4149 2188 4206 nt
2204 4141 2753 4206 sententiam.Nam
2770 4141 2893 4221 [46]
2906 4147 3149 4223 propter
3161 4144 3526 4222 scriptorum
3546 4145 3707 4206 mul-

325 4226 700 4313 eﬁigiaturas
754 4233 1080 4307 tantapore
1104 4230 1403 4310 probatur
1444 4230 1512 4294 id
1539 4248 1728 4311 genus
1754 4231 1969 4308 studii,
2058 4234 2391 4299 titudinem
2423 4250 2544 4294 non
2570 4231 2792 4294 licebat
2812 4232 2867 4293 ei
2893 4248 3054 4312 saepe
3073 4231 3284 4294 eadem
3309 4230 3620 4294 revolvere
3648 4242 3708 4296 et

324 4316 661 4397 dignumne
699 4317 921 4396 fuerit,
958 4320 1123 4399 quod
1150 4322 1422 4402 ipsorum
1480 4321 1620 4383 bene
1647 4317 1973 4400 praclare-
2054 4322 2443 4387 intueri.Sed
2462 4322 2776 4400 elsifuerit
2796 4320 3284 4389 multuslabor.et
3303 4323 3499 4399 maior
3517 4340 3706 4404 quam

320 4424 440 4486 que
467 4414 639 4495 gesta
671 4406 1096 4489 negligantur,
1130 4418 1188 4473 et
1219 4409 1469 4473 inculta:
1506 4411 1749 4487 iaceant
1778 4408 1971 4472 histo-
1990 4481 2034 4495 _
2054 4432 2170 4495 par
2196 4419 2347 4475 esset
2375 4410 2745 4486 sollicitudo,
2770 4413 2892 4474 imo
2921 4427 3066 4474 vero
3093 4411 3303 4492 digna,
3329 4429 3464 4492 quo:
3492 4414 3563 4474 in
3592 4412 3706 4476 hoc

323 4481 437 4559 rite
468 4481 499 4557 lt
525 4494 664 4559 Non
688 4481 983 4578 pro/ccta.
1030 4481 1186 4560 Nam
1216 4506 1284 4563 ut
1313 4481 1563 4562 interim
1602 4481 2469 4576 concedaturbadhiberetur;
2496 4481 2820 4564 sementem
2844 4506 3049 4564 tamen
3080 4481 3251 4582 longe
3278 4481 3424 4565 eicit
3443 4504 3619 4585 spica
3643 4510 3704 4567 et

322 4586 813 4665 simplicioribus
867 4589 1071 4660 uenia,
1118 4589 1249 4668 qui,
1311 4605 1428 4667 qua
1478 4596 1733 4668 possunt
1788 4605 1970 4663 opera
2052 4608 2245 4674 seges,
2274 4591 2481 4671 qualis
2528 4589 2794 4653 nondum
2825 4590 2947 4668 fuit
2995 4606 3184 4670 usque
3217 4591 3287 4652 in
3332 4589 3700 4653 hodiernam

325 4674 716 4752 tumultaria,
749 4676 1028 4739 divorum
1067 4677 1223 4740 Acta
1269 4676 1655 4741 conscribunt
1691 4697 1704 4740 :
1755 4677 1972 4739 diserti
2052 4684 2236 4747 diem.
2276 4681 2573 4758 Quocirca
2614 4681 2822 4752 etiam,
2855 4680 2912 4741 si
2940 4679 3099 4744 nihil
3128 4679 3302 4742 aliud
3349 4699 3386 4743 a
3416 4682 3551 4744 viro
3580 4680 3700 4745 illo

324 4771 552 4844 tamen,
614 4766 975 4846 ingenioque
1041 4765 1357 4845 pollentes,
1417 4783 1796 4847 nequaquam
1867 4766 1970 4828 di-
2052 4771 2893 4852 fuissetelaboratum,etnon
2910 4770 3036 4834 alia
3057 4774 3432 4853 omnia,quaz
3452 4771 3699 4836 velsin-

320 4853 562 4943 gnandi
587 4861 727 4917 sunt
756 4856 961 4929 venia,
996 4857 1073 4931 si,
1109 4856 1266 4937 quod
1297 4857 1555 4935 faciunt,
1594 4858 1974 4936 contemptui
2053 4861 2199 4943 gula
2227 4862 2528 4943 sufﬁciunt
2550 4864 2631 4927 ad
2660 4862 2894 4925 tandem
2918 4860 3393 4938 conciliandam,
3426 4880 3570 4943 opus
3597 4871 3702 4926 ta-

321 4942 568 5020 habent,
621 4943 781 5008 Vitas
830 4953 1207 5022 sanctorum,
1237 4947 1583 5027 praesertim
1632 4947 1691 5008 si
1716 4944 1972 5010 illorum

322 5034 581 5112 spiritus
627 5052 701 5097 ac
732 5035 861 5099 vita
912 5034 1269 5115 invigilavit
1330 5034 1536 5117 libris,
1568 5044 1689 5099 etc.
1739 5037 1970 5118 Ampli-

324 5124 592 5187 ticaverit
622 5127 821 5201 etiam,
858 5133 922 5188 ut
971 5126 1291 5205 legentium
1321 5127 1534 5189 animis
1578 5129 1969 5206 satisfaceret,

323 5213 482 5295 quod
520 5219 575 5275 in
608 5215 739 5277 aliis
772 5215 1079 5278 historicis
1121 5216 1414 5292 laudatur,
1450 5218 1862 5300 expetiturque
1892 5218 1965 5280 ab

323 5302 768 5383 omnibus,jure
794 5308 851 5366 in
874 5305 1271 5386 Metaphraste
1294 5324 1409 5368 non
1432 5309 1961 5389 reprehendimus.

321 5393 398 5456 At
426 5391 554 5472 [45]
586 5411 688 5455 res
717 5393 846 5473 ipse
875 5412 1072 5457 sacras
1104 5396 1507 5476 pertractavit,
1541 5398 1598 5460 in
1630 5397 1845 5479 quibus
1879 5398 1967 5461 vel

321 5482 761 5559 immutare,vel
782 5481 1004 5547 addere
1025 5503 1258 5547 summa
1291 5486 1521 5566 religio.
1558 5485 1971 5551 Parcantmihi

322 5576 425 5666 qui
456 5576 568 5641 ista
597 5584 930 5662 opponunt.
964 5579 1253 5645 Nesciunt
1281 5579 1425 5663 quid
1458 5582 1614 5646 inter
1643 5579 1820 5646 tidem
1853 5582 1970 5646 hu-

2055 4970 2198 5016 men
2229 4952 2353 5015 tale
2377 4956 2703 5033 suscepisse
2735 4959 2789 5015 et
2822 4952 2892 5013 id
2949 4959 3076 5015 tam
3104 4950 3399 5032 prmclare
3426 4952 3702 5033 effectum

2053 5042 2425 5119 reddidisse,
2459 5044 2591 5106 viro
2618 5060 2731 5122 pro
2762 5042 2976 5122 quovis
3002 5041 3079 5103 ad
3108 5041 3350 5104 laudem
3379 5042 3698 5122 sufficeret.

2122 5130 2384 5211 Aliquos
2404 5133 2592 5195 etiam
2616 5133 3044 5195 conversiones
3063 5134 3404 5194 astantium
3423 5149 3705 5212 pagano-

2047 5241 2171 5282 rum
2192 5228 2255 5283 in
2278 5232 2432 5283 tanto
2461 5241 2722 5284 numero:
2754 5225 3024 5282 miracula
3041 5227 3360 5297 plurima,el
3381 5227 3615 5283 maxime
3644 5228 3707 5283 in

2048 5311 2322 5370 eversione
2340 5311 2668 5383 templomm
2689 5318 2738 5368 et
2760 5311 3275 5383 idolorum,quorum
3294 5312 3453 5368 nulla
3466 5315 3542 5368 est
3560 5329 3706 5369 men-

2052 5400 2139 5462 tio
2168 5396 2334 5478 apud
2362 5406 2586 5460 veteres
2637 5396 2979 5458 historicos.
3013 5396 3243 5459 Nullam
3279 5414 3409 5459 esse
3439 5397 3703 5460 mentio-

2051 5511 2186 5556 nem
2208 5493 2364 5574 apud
2385 5500 2625 5554 veteres
2652 5490 3173 5568 historicos,nemo
3191 5509 3352 5569 vere,
3387 5510 3580 5574 neque
3612 5497 3703 5554 in-

2051 5599 2245 5664 genue
2276 5581 2513 5659 dixerit,
2546 5578 2662 5646 nisi
2690 5580 2795 5665 qui
2826 5584 3023 5648 omnia
3050 5582 3431 5664 antiquorum
3477 5599 3699 5647 monu-
