3930 6136
381 290 464 367 43
1758 292 2038 367 LEOle

2208 298 2420 368 LATII.
2998 317 3000 321 '
3258 352 3261 354 -
3706 296 3781 370 44

382 445 555 508 teque
581 437 729 495 dicta
749 437 804 493 in
832 436 1271 508 Metapbrastcm
1299 436 1809 495 relundanturﬁcc
1834 438 2028 493 melius

2227 440 2388 500 sacri
2409 444 2572 500 senis
2596 446 2650 501 et
2674 439 3342 519 auachordce.Symeon
3363 442 3780 517 admirabilis,

382 528 539 608 sapit
562 529 912 590 Franciscus
935 525 1285 590 Goduvinus
1316 526 1391 588 de
1423 525 1777 606 praesulibus
1811 526 2041 605 Augliae
2123 544 2296 607 quem
2317 528 2385 588 in
2407 529 2569 589 Paro
2589 526 2795 589 insula
2816 534 3195 607 compemisti.
3222 529 3316 611 Et,
3352 549 3458 606 pro
3479 532 3786 611 uiguitate

382 635 510 697 cap.
537 619 596 679 ’7.
627 619 706 679 De
729 617 1025 696 Symeone
1049 614 1531 696 Mctaphraste,si
1560 633 1675 677 non
1699 615 1920 693 suﬁicit
1951 616 2041 677 αἱ·
2124 615 2390 677 laudasti
2407 614 2633 678 Lesbios
2652 615 3013 689 illustria,et
3035 618 3247 680 diuina
3267 625 3788 693 certamina,vere

381 710 566 783 scisse,
592 706 753 787 quod
775 706 848 768 de
864 707 1200 767 Sozomeno
1233 703 1514 767 Melchior
1534 705 1762 781 Canus,
1792 705 2040 767 Graecus
2129 704 2661 779 Theoctistw,aDeo
2679 706 2741 783 fa
2753 705 3158 784 briratm,quoe
3186 706 3621 788 angelicam,et
3646 715 3789 768 tmt-

381 800 430 856 is
446 800 583 873 fuit,
609 801 657 854 el
679 798 787 855 hac
809 798 967 853 natio
986 804 1082 863 est,
1107 812 1403 868 semperque
1423 797 1536 867 fuit
1566 796 1641 853 ad
1670 796 2040 853 mentiendum
2124 801 2243 852 tum
2265 812 2376 852 non
2397 799 2770 868 incorporeum
2791 796 3018 854 absolvit
3042 798 3318 869 sapienter
3347 799 3468 856 citae
3485 799 3786 863 rationem.

379 881 880 964 promptula,[48]
906 898 1087 961 quam
1113 881 1338 957 dignus
1360 881 1827 961 sitﬁdejudicet
1855 884 2039 943 Baro-
2123 881 2269 943 Cum
2322 882 2522 963 itaque
2553 891 2780 943 certum
2829 882 2925 957 sit,
2964 882 3136 942 vitam
3200 884 3354 945 hanc.
3402 884 3787 952 Theoctistaz.

387 975 555 1052 nius,
592 973 761 1052 rujus
786 971 967 1033 verba
996 969 1261 1032 libenter
1281 973 1714 1050 usurpaverim
1738 971 1808 1032 de
1839 989 1904 1033 eo
1931 972 2043 1033 hac
2123 970 2378 1051 qua3[49]
2409 988 2528 1050 prae
2550 970 2828 1032 manibus
2857 977 3122 1032 omnium
3160 973 3575 1052 est,scriptam
3599 971 3790 1032 fuisse

387 1062 449 1117 in
470 1075 633 1118 causa
654 1060 858 1116 laturus
881 1059 1218 1117 sententiam:
1242 1060 1323 1116 sic
1350 1061 1499 1116 enim
1522 1060 1635 1117 ille:
1660 1061 1804 1117 Sicut
1826 1062 1881 1114 in
1913 1060 2040 1117 aliis
2124 1080 2157 1121 a
2185 1061 2609 1139 Metaphraste,
2638 1061 2697 1120 in
2732 1078 2920 1141 eaque
2953 1059 3159 1139 agatur
3190 1060 3265 1122 de
3297 1070 3468 1123 aetate
3496 1061 3787 1131 auctoris,

386 1149 567 1206 multis
594 1151 675 1207 ibi
704 1166 739 1206 a
767 1167 819 1204 se
840 1150 1033 1222 positis
1065 1167 1245 1203 errare
1276 1150 1683 1221 Metaphrastem
1713 1157 1920 1207 certum
1944 1157 2039 1216 est,
2124 1156 2351 1210 certum
2404 1168 2640 1229 quoque
2666 1157 2936 1211 remanet
2967 1158 3200 1229 tempus
3255 1149 3564 1230 Symconis
3595 1149 3789 1211 Meta-

384 1238 467 1296 ita
494 1245 547 1295 et
565 1240 624 1294 in
643 1240 729 1296 his
750 1237 1146 1295 hallucinatum
1167 1254 1276 1296 esse
1294 1245 1521 1295 constat.
1548 1243 1625 1294 Ac
1637 1242 1772 1312 jure
1801 1242 2041 1311 profecto
2129 1239 2405 1318 phrastaa.
2437 1236 2818 1318 Quaecunque
2868 1238 3026 1299 enim
3060 1239 3136 1299 de
3185 1256 3250 1298 se
3295 1248 3523 1312 auctor,
3561 1239 3656 1300 vel
3715 1239 3789 1300 de

386 1332 504 1385 tum
532 1327 743 1385 demum
769 1333 992 1401 poterat
1020 1328 1432 1386 mendacissimi
1479 1327 1761 1386 nebulonis
1799 1330 2046 1400 stigmata

388 1420 839 1499 inurere,quem
863 1422 1031 1495 ter,si
1052 1436 1169 1480 non
1194 1428 1407 1499 quater
1422 1419 1792 1486 mendacius
1809 1419 2047 1498 falsita-

388 1510 466 1570 tis
499 1515 627 1569 tum
653 1508 996 1587 nuperrime
1021 1509 1301 1586 arguisse
1325 1507 1739 1585 deprehendet,
1775 1508 2047 1589 quisquis

384 1597 651 1676 paucula
682 1597 829 1675 folia
857 1597 1055 1659 locum
1086 1596 1258 1659 illum
1290 1599 1698 1676 praecedentia
1727 1597 2043 1659 evolucrit.

390 1685 556 1747 Belle
587 1686 895 1766 equidem.
932 1686 1354 1765 Metaphrastes
1384 1685 1622 1748 Graecus
1656 1702 1743 1748 est
1781 1709 1793 1745 :
1855 1686 2045 1749 Graeci

2128 1325 2396 1388 Himerio
2429 1337 2634 1388 contra
2667 1327 2890 1388 Arabes
2921 1328 3151 1388 Cretam
3210 1327 3412 1400 misso,
3450 1336 3681 1403 narrat,
3719 1346 3790 1389 ea

2132 1434 2389 1477 evenere
2414 1426 2679 1495 tempore
2711 1416 2926 1477 Leonis
2960 1416 3337 1495 imperatoris
3359 1414 3564 1477 Basilii
3595 1415 3791 1478 Mace-

2130 1505 2302 1566 donis
2327 1504 2457 1575 ﬁlii,
2492 1514 2547 1565 et
2580 1503 2944 1567 Constantini
2970 1504 3550 1585 Porphyrogennetae
3573 1507 3787 1585 patris,

2129 1595 2228 1674 qui
2253 1593 2326 1654 ob
2354 1594 2775 1665 doctrinam,et
2796 1594 3055 1675 reliquas
3080 1594 3222 1654 alias
3244 1593 3615 1675 disciplinas,
3650 1596 3787 1676 qui-

2130 1682 2240 1743 bus
2273 1681 2573 1756 inclaruit,
2602 1684 2886 1762 sapientis
2917 1681 3027 1742 sibi
3048 1694 3507 1759 cognomentum
3526 1685 3786 1764 accepit.

391 1782 529 1835 sunt
552 1775 807 1856 prompti
832 1775 902 1835 ad
926 1775 1359 1837 mentiendum.
1386 1777 1539 1854 Ergo
1564 1776 1722 1837 nulla
1758 1776 1904 1837 tides
1931 1775 2045 1836 Me-
2071 1807 2106 1856 Β
2128 1771 2385 1833 Addesis
2417 1771 2778 1844 Cedrenum,
2815 1771 3124 1843 Zonaram,
3161 1770 3601 1852 Curopalatem,
3633 1773 3788 1834 reli-

392 1864 707 1945 taphrastre
759 1863 1121 1925 adhibenda.
1177 1862 1467 1940 Sequere,
1502 1883 1712 1925 omnes
1761 1864 2044 1925 Historici

390 1953 774 2015 ecclesiastici
824 1952 1192 2033 antiquiores
1246 1952 1431 2015 Grmci
1485 1963 1672 2029 sunt;
1717 1971 1854 2031 ergo
1889 1954 2043 2014 dicta

392 2060 601 2104 eorum
631 2050 769 2102 sunt
793 2041 1138 2119 rejicicnda.
1170 2039 1231 2103 Si
1257 2042 1393 2120 quia
1417 2040 1630 2114 Grzeci,
1657 2042 1792 2102 ideo
1821 2042 1933 2103 title
1952 2061 2046 2102 ca-

392 2140 806 2210 rent,quanam
838 2130 1066 2190 ratione
1091 2129 1477 2191 suadebimur
1496 2129 1672 2190 dictis
1691 2138 1772 2189 tot
1796 2131 2048 2191 sanctis-

393 2221 675 2282 simorum
713 2222 975 2292 Patrum,
1011 2218 1502 2279 totconciliorum
1521 2219 1810 2279 decretis?
1841 2216 2044 2281 Godu-

393 2310 560 2369 vinus
614 2307 1024 2388 respondebit,
1073 2307 1320 2367 omnino
1373 2326 1582 2368 omnes
1630 2307 1701 2369 ad
1750 2328 1954 2384 unum,
1991 2323 2046 2369 ct

393 2415 597 2460 eorum
621 2397 776 2459 dicta
794 2397 995 2458 omnia
1020 2395 1545 2476 negligenda,quia
1563 2397 1905 2461 Graecorum
1931 2393 2026 2459 sci

391 2487 567 2549 licet:
606 2505 679 2548 ne
706 2496 904 2550 tamen
928 2487 1235 2565 vera,quia
1259 2505 1374 2546 non
1400 2485 1753 2566 probantur,
1781 2506 1887 2548 nec
1910 2494 2045 2547 sunt

394 2593 427 2636 e
456 2574 705 2637 cerebro
735 2575 1138 2635 recentiorum
1196 2574 1638 2635 haereticorum.
1672 2577 1763 2636 An
1816 2574 2043 2635 mentiti

392 2672 533 2724 sunt
552 2681 807 2743 unquam
832 2662 1101 2742 Angli,et
1132 2662 1377 2742 reliquae
1397 2663 1666 2724 nationes
1697 2665 2041 2724 occidenta-

393 2753 575 2828 les,ut
600 2771 818 2831 nempe
851 2761 1124 2832 tanquam
1153 2770 1456 2831 nunquam
1497 2753 1875 2813 mentitorum
1904 2753 2041 2815 ﬁdei

392 2841 754 2903 credamus?
781 2840 935 2904 Male
968 2840 1244 2920 equidem
1281 2860 1414 2902 cum
1463 2841 1712 2902 historia
1745 2851 1866 2904 tum
1903 2861 2043 2922 pro-

393 2931 548 3002 fana,
585 2938 705 2991 tum
738 2930 1150 2991 ecclesiastica
1180 2938 1477 3008 ageretur,
1517 2930 1567 2990 si
1626 2929 1799 2991 tidem
1838 2949 2043 2992 eorum

397 3018 630 3100 penitus
656 3018 1059 3098 'vcllamus,qui
1083 3018 1401 3099 aliquando
1417 3019 1490 3080 ab
1508 3018 1639 3080 aliis
1653 3018 2046 3099 scriptoribus

398 3107 714 3181 mendacii,
748 3118 844 3168 aut
874 3106 1146 3169 falsitatis
1188 3108 1648 3188 redarguuntur.
1687 3107 1830 3171 Cum
1885 3109 2040 3170 enim

395 3196 672 3258 homines
730 3209 893 3271 sunt,
932 3206 1179 3278 possunt
1237 3198 1296 3258 in
1329 3198 1628 3278 aliquibus
1676 3198 1825 3270 falli,
1863 3209 1921 3260 et
1967 3198 2047 3259 ita

394 3286 651 3347 humana
680 3286 1022 3348 conditione
1056 3297 1338 3367 poscente
1368 3288 1694 3367 saepissime
1739 3286 2044 3361 falluntur,

396 3394 513 3435 non
565 3376 644 3437 ita
676 3385 899 3452 tamen,
936 3387 996 3436 ut
1052 3377 1234 3438 multo
1269 3377 1488 3459 saepius
1542 3393 1684 3437 vera
1720 3396 1837 3438 non
1889 3395 2046 3438 nun-

396 3465 562 3537 tient,
598 3480 655 3525 et
689 3467 765 3526 ita
790 3467 905 3527 sint
941 3476 1000 3528 ut
1036 3467 1143 3546 ipsi
1184 3467 1410 3540 dicunt,
1446 3474 1505 3526 et
1538 3475 1804 3528 narrant.

478 3553 768 3616 Baronius
802 3556 862 3615 in
893 3556 1225 3617 Annalibus
1256 3564 1391 3617 ante
1426 3575 1644 3617 annum
1688 3557 1828 3630 859,
1857 3554 2043 3618 Meta-

395 3643 698 3724 phrastem
731 3645 944 3704 vixisse
974 3645 1197 3722 colligit
1222 3665 1288 3706 ex
1309 3654 1486 3707 astate
1507 3645 1810 3707 Michaelis
1838 3646 2039 3722 Pselli,

396 3734 494 3813 qui
528 3750 596 3794 co
619 3751 777 3794 anno
799 3733 1054 3808 vivebat,
1080 3744 1139 3796 et
1170 3735 1503 3796 orationem
1530 3737 1587 3795 in
1619 3735 1784 3797 illum
1812 3734 2041 3797 habue-

396 3829 633 3897 rat,qua
658 3822 871 3883 asserit
900 3822 973 3882 de
1000 3824 1128 3901 ejm
1150 3822 1311 3882 obitu
1339 3823 1581 3884 audisse
1611 3827 1842 3904 eos,qui
1870 3824 2040 3885 vide-

395 3910 787 3984 rant,felicem
815 3910 996 3991 ipsius
1015 3911 1083 3971 ad
1110 3911 1296 3972 Deum
1328 3911 1865 3984 transitquuare
1888 3913 2046 3979 circa

396 4016 615 4060 annum
650 3999 959 4060 minimum
988 4000 1549 4079 octingentesimum
1583 4002 2043 4081 Metaphraslem

396 4087 672 4151 ﬂoruisse
702 4107 950 4151 necesse
977 4091 1194 4170 est,qui
1231 4108 1382 4151 anno
1405 4090 1903 4171 859.jampridem
1936 4090 2045 4152 de-

398 4178 635 4239 functus
657 4179 948 4241 laudatur.
978 4179 1296 4241 Baronium
1328 4179 1515 4241 secuti
1538 4188 1674 4241 sunt
1701 4181 1899 4259 plures
1923 4179 2045 4256 alii,

397 4286 549 4347 quos
570 4268 666 4329 hic
685 4287 1154 4330 commemorare
1179 4288 1426 4331 necesse
1451 4288 1571 4331 non
1597 4278 1706 4332 est:
1736 4269 2050 4332 sententia),

395 4356 846 4418 fundamentum
874 4358 1100 4419 nullum
1125 4358 1283 4420 aliud
1319 4359 1635 4440 erit,quam
1669 4359 1899 4421 Psellus
1920 4358 2048 4439 ipse

398 4448 695 4508 Grationis
714 4457 943 4509 auctor:
978 4466 1110 4508 nam
1141 4449 1297 4510 idem
1323 4448 1531 4527 ipsein
1560 4452 1829 4527 ejusdem
1858 4451 2048 4511 Meta-

398 4535 653 4616 phrastat
672 4538 1214 4612 venerationem,ac
1238 4516 1456 4599 cultum
1482 4516 1741 4601 ofﬁcium
1770 4546 1826 4598 in
1846 4539 2051 4601 Eccle-
2070 4516 2117 4568 θ

396 4625 484 4686 sia
512 4625 951 4686 concinendum
986 4629 1337 4706 composuit.
1377 4630 1431 4690 Is
1464 4627 1525 4689 in
1558 4629 1805 4690 canonis
1833 4628 1945 4690 ode
1984 4631 2043 4706 5,

398 4714 584 4775 refert
603 4714 768 4775 illum
804 4715 1055 4777 consilio
1078 4726 1252 4797 atque
1276 4718 1500 4779 monitu
1527 4718 1681 4781 Parii
1711 4719 2044 4781 anachore-

398 4812 472 4866 ιω
498 4822 714 4865 munus
744 4822 1081 4884 aggressum
1132 4805 1455 4881 scribendi,
1493 4811 1747 4888 primum
1779 4808 2043 4869 omnium

399 4892 760 4974 colloquium
818 4894 964 4955 illud
995 4896 1328 4976 scripsisse,
1362 4907 1419 4957 et
1468 4897 1822 4960 Theoctistm
1852 4896 2042 4961 Vitam

399 4983 681 5064 graphice
702 4984 1023 5046 admodum
1043 4985 1381 5047 celebrasse
1409 5009 1422 5045 :
1458 4989 1528 5045 Τὸ
1551 4991 1758 5065 πρῶτόν
1790 5010 1881 5043 σου
1912 4988 2043 5065 σύγ-

397 5094 616 5150 γρςμμα
659 5073 719 5130 ἐκ
762 5077 1009 5153 προνοίας
1061 5080 1274 5151 Οεῖκῆς,
1308 5079 1396 5132 καὶ
1456 5077 1673 5152 ὁμιλίας
1727 5079 1911 5154 γέγονε
1952 5074 2046 5132 τοῦ

398 5162 539 5238 ἱεροῦ
596 5163 890 5241 πρεσϐύτου
953 5167 1039 5220 καὶ
1096 5174 1384 5241 μονοιστοῠ⁷
1421 5167 1642 5241 Συμεὼν
1686 5166 1952 5239 θεσπέσιε,
1987 5165 2045 5219 ὃν

399 5249 455 5304 ὲν
512 5251 671 5329 Πάρῳ
712 5254 779 5327 τῇ
834 5256 983 5327 νήσῳ
1024 5254 1383 5332 τεθεώρηκας.
1444 5253 1531 5327 Et,
1588 5255 1773 5321 Ἀξίως
1817 5252 2041 5329 ὲξύμνη-

398 5360 491 5401 σας
510 5338 605 5404 τῆς
639 5338 859 5403 Λεσϐίοις
886 5344 950 5398 τὰ
978 5342 1198 5420 λαμπρά
1228 5345 1316 5399 καὶ
1345 5347 1461 5400 θεῖα
1494 5344 1859 5423 ἀγωνίσματα,
1885 5350 2042 5399 Θεοκ-

397 5428 580 5493 τίστης
628 5427 724 5495 τῆς
755 5429 916 5493 ὄντως
949 5430 1233 5510 ἀγγελικὸν
1266 5434 1455 5510 μικροῦ
1511 5433 1599 5489 καί
1632 5433 1915 5508 ἀσώματον
1946 5453 2040 5488 τε·

392 5516 629 5585 -λεσάσης
674 5519 957 5598 πανσόφως
986 5528 1046 5579 τὸ
1101 5521 1419 5598 πολίτεομα.
1483 5522 1690 5584 Prima
1720 5528 1823 5583 tua
1878 5538 2040 5584 com-

397 5608 689 5675 mentatio
718 5623 796 5670 ea:
822 5608 1033 5671 divina
1051 5608 1526 5692 providentia,et
1552 5610 1852 5693 colloquia
1876 5612 2042 5689 facta

2127 1878 2399 1940 quosque
2433 1860 2714 1921 Ecclesia:
2756 1858 2974 1922 Graecae
3008 1860 3351 1940 scriptores.
3386 1860 3490 1922 His
3521 1860 3792 1923 Diatriba

2130 1968 2261 2009 mea
2291 1950 2364 2009 de
2398 1948 2604 2010 Psellis
2631 1950 2895 2010 conclusi
2923 1948 3277 2029 Symeonem
3320 1951 3788 2031 Metaphrastem

2129 2040 2397 2098 Vitarum
2434 2038 2779 2118 scriptorem
2812 2038 2923 2098 sub
2959 2040 3156 2100 Leone
3188 2039 3481 2105 ﬂoruisse.
3523 2042 3796 2101 muneri-

2137 2126 2244 2188 bus
2270 2147 2337 2186 ac
2369 2127 2755 2206 dignitatibus
2794 2136 3068 2189 auctum:
3102 2127 3214 2188 sub
3257 2130 3466 2189 eodem
3504 2129 3792 2210 scriptio—

2131 2236 2267 2277 nem
2327 2235 2599 2277 exorsum
2655 2235 2809 2292 e~se,
2856 2228 2916 2280 et
2968 2215 3077 2277 sub
3133 2218 3521 2278 Constantino
3576 2218 3797 2280 Leonis

2131 2306 2276 2380 lilio,
2312 2316 2612 2385 etnepole
2644 2307 2937 2376 Romano,
2973 2316 3142 2367 aetate
3174 2308 3348 2367 etiam
3386 2308 3790 2388 provectiore,

2128 2396 2379 2456 assiduis
2421 2396 2727 2456 laboribus
2755 2394 3107 2456 absolvisse.

2208 2481 2346 2545 Haec
2396 2485 2772 2546 doctissimus
2823 2485 3146 2547 Bollandus
3182 2504 3295 2546 non
3353 2504 3792 2567 usquequaque

2128 2573 2416 2655 probavit.
2449 2573 2577 2635 Non
2601 2582 2740 2635 erat
2760 2583 2895 2635 tum
2929 2574 3249 2635 admodum
3286 2582 3435 2637 nutu
3465 2586 3792 2655 provectus

2125 2665 2595 2738 Melaphrastes.ut
2617 2668 2708 2738 qui
2728 2668 3085 2739 imperatoriae
3107 2668 3326 2724 virtutis
3349 2669 3666 2740 tyrocinium
3685 2685 3787 2741 po-

2126 2770 2270 2814 nere
2309 2753 2418 2815 sub
2439 2761 2722 2815 veterano
2752 2754 2900 2815 duce
2918 2755 3263 2832 juberetur.
3303 2754 3509 2816 Fuerit
3529 2761 3678 2817 tunc
3710 2756 3793 2815 ‘20

2126 2850 2237 2904 aut
2259 2841 2333 2903 2'2
2354 2860 2653 2903 annorum
2679 2862 2696 2902 :
2720 2847 2915 2923 potuit
2942 2846 3131 2923 igitur
3153 2861 3382 2905 annum
3402 2842 3636 2906 Christi
3664 2844 3785 2905 957

2125 2936 2231 2992 aut
2251 2931 2371 2995 960
2388 2932 2573 2993 vitam
2593 2932 2807 2993 deinde
2823 2932 3369 3013 producere,atque
3392 2934 3477 2994 ita
3492 2934 3603 2994 sub
3622 2933 3788 2995 Con-

2125 3024 2401 3083 stantino
2434 3020 2959 3101 Porphyrogenito
2992 3025 3205 3084 Leonis
3233 3021 3358 3102 ﬁlio
3391 3030 3519 3084 tum
3556 3022 3788 3085 Theoc-

2128 3113 2294 3172 tistes
2315 3130 2440 3172 eam
2470 3110 2815 3184 Vitam,tum
2834 3111 2961 3173 alia
2983 3112 3256 3174 divorum
3276 3119 3411 3173 acta
3434 3129 3497 3173 eu
3512 3131 3563 3174 m
3585 3112 3794 3175 elucu-

2131 3202 2339 3262 braase
2371 3206 2592 3262 certum
2614 3201 2874 3274 videtur,
2897 3218 3018 3262 non
3047 3208 3109 3263 ut
3134 3200 3396 3264 Attat-ius
3418 3201 3659 3282 scribit,
3688 3205 3802 3264 sub

2129 3298 2318 3351 Leone
2331 3297 2391 3351 et
2412 3288 2981 3352 Constantinolt'on
3010 3293 3074 3352 in
3109 3292 3223 3352 hac
3253 3289 3383 3353 Vita
3404 3289 3671 3353 Leonem
3694 3293 3801 3353 di-

2128 3387 2287 3440 serte
2303 3382 2394 3436 τὸν
2417 3382 2739 3457 μακαρίτην,
2772 3379 2973 3459 felicis
3006 3386 3308 3442 memoria:
3335 3380 3635 3459 appelt’at,
3669 3398 3799 3460 qua

2131 3469 2373 3531 ratione
2396 3466 2562 3547 loqui
2586 3469 2656 3530 (le
2680 3471 2938 3531 mortuis
2959 3468 3317 3532 solemus.Si
3338 3487 3406 3530 ea
3424 3474 3633 3549 prima
3660 3472 3795 3550 ejus

2129 3563 2512 3619 Commutatio
2539 3562 2674 3633 fuit,
2706 3561 2850 3619 nihil
2868 3563 3039 3633 igitur
3062 3561 3157 3619 sub
3187 3562 3360 3619 Leone
3388 3564 3625 3633 scripsit,
3650 3564 3795 3636 quod

2126 3648 2367 3727 quidem
2390 3648 2647 3710 ediderit
2669 3653 2732 3709 in
2749 3646 3174 3727 lucemNeque
3192 3652 3233 3711 A
3249 3648 3511 3710 (exaudi
3525 3669 3557 3707 ο
3577 3667 3787 3715 rerum

2120 3741 2378 3812 potiente,
2412 3742 2492 3797 ita
2522 3741 2757 3799 laudare
2796 3741 3098 3798 Himerium
3119 3757 3288 3798 ausus
3307 3747 3458 3799 esset.
3499 3742 3783 3817 Praecipue

2126 3824 2401 3904 publicus
2428 3843 2527 3888 res
2559 3833 2824 3889 tractare
2853 3827 2963 3888 sub
2996 3825 3190 3888 Leone
3215 3833 3412 3904 capit.
3461 3828 3570 3887 alii
3604 3831 3779 3890 etiam

2129 3914 2374 3989 addunt,
2399 3916 2575 3978 valde
2606 3914 3113 3980 adolescentulum
3156 3917 3221 3977 in
3255 3919 3495 3978 Cretam
3538 3919 3780 3998 profec-

2129 4009 2254 4065 tum
2284 4004 2494 4081 fuisse.
2525 4003 2860 4066 Pendamus
2888 4022 3015 4066 rem
3040 4023 3145 4066 suo
3179 4003 3463 4083 pondere.
3499 4005 3688 4087 quue
3721 4017 3786 4069 ut

2128 4092 2466 4154 accuratius
2487 4094 2788 4167 succedat,
2817 4094 2992 4154 verba
3016 4092 3328 4174 Symeonis
3359 4095 3682 4157 recitemus
3715 4115 3784 4158 ex

2129 4180 2262 4243 Vita
2312 4191 2529 4244 sanctte
2566 4182 2961 4246 Theoctistes.
3023 4189 3299 4259 Γενομένῳ
3328 4188 3418 4259 μοί
3468 4207 3600 4241 παῖε
3650 4188 3785 4242 κατὰ

2130 4274 2228 4339 τὴν
2263 4273 2454 4348 Πᾶρόν.
2484 4272 2675 4349 Γέγονε
2700 4271 2777 4350 δέ,
2808 4274 2902 4330 Καὶ
2926 4273 3024 4349 γὰρ
3056 4272 3140 4328 ἐπὶ
3174 4275 3382 4342 Κρήτην
3415 4270 3661 4331 διέπλεον
3683 4276 3784 4332 ὑπὸ

2131 4368 2222 4417 τοῦ
2292 4362 2584 4439 μακαρίτου
2643 4361 2871 4426 Λέοντος
2930 4361 3105 4417 ἐκεῖσε
3177 4364 3458 4442 ’πεμφθεὶς²
3528 4363 3782 4438 Λέοντος,

2132 4452 2292 4528 φημὶ,
2326 4449 2417 4505 τοῦ
2449 4449 2702 4529 εὖνυχοῦς
2761 4450 2925 4513 ὅντως
2959 4449 3246 4526 βασιλέως,
3281 4453 3369 4507 καὶ
3399 4452 3498 4516 τὴν
3531 4452 3785 4533 εὐτυχίαν

2136 4533 2410 4614 Ῥωμαίων
2464 4545 2542 4612 τῷ
2612 4540 2761 4617 τάφῳ
2830 4540 3219 4614 ἆναθάψαντος.
3297 4539 3660 4615 Ἐπεμπὸμην
3729 4542 3786 4599 δὲ

2131 4628 2611 4706 συστρατευόμεδος
2673 4619 2907 4707 Ἠμερὲῳ
2967 4634 3039 4702 τῷ
3096 4629 3255 4704 πάνυ,
3293 4635 3368 4703 τῷ
3400 4650 3787 4710 στρατηγικω-

2130 4719 2273 4792 τάτῳ
2329 4716 2535 4784 δηλαδὴ
2578 4717 2673 4774 καὶ
2726 4718 2948 4798 ἄρχοντι
3003 4726 3097 4775 τοῦ
3159 4740 3217 4774 τε
3276 4717 3489 4797 δρόμου,
3545 4723 3634 4777 καὶ
3692 4729 3789 4779 τοῦ

2130 4805 2320 4867 στολου
2376 4811 2595 4882 παντὸς,
2630 4806 2663 4875 ἢ
2695 4808 2820 4885 τόγε
2872 4807 3223 4886 ἀληθέστερον
3272 4806 3662 4882 ποιησάμενος,
3697 4814 3788 4868 καὶ

2128 4896 2292 4975 μικρὰ
2345 4896 2525 4953 τούτου
2577 4898 2829 4970 μνησθεὶς
2885 4896 3127 4970 ἀτιμάσω
3184 4898 3277 4953 τὸν
3335 4895 3491 4976 ἄνδρα
3542 4897 3627 4955 ἐπὶ
3682 4900 3787 4967 τὴν

2129 4997 2396 5068 παροῦσαν
2454 4988 2586 5052 τέως
2645 4989 2889 5045 ὑπόθεσιν
2947 4989 3089 5065 εἶμι,
3150 4988 3351 5046 ἐκείνου
3413 4990 3546 5046 κατὰ
3597 4993 3785 5071 καιρὸν

2129 5077 2594 5154 μνησθησόμενος.
2661 5077 3026 5154 Ἐστελλόμην
3102 5089 3380 5159 τοιγαροῦν
3459 5087 3613 5137 τοῦτο
3682 5082 3788 5156 μὲν

2129 5169 2313 5241 εκείνῳ
2411 5168 2892 5246 συστρατευόμενος
2928 5215 2943 5241 ,
3015 5169 3101 5224 καὶ
3184 5165 3636 5248 προϐιϐαζόμενος
3708 5173 3786 5235 εἷς

2124 5271 2316 5336 πεῖραν
2408 5257 2694 5336 στρατικὴν
2729 5306 2745 5338 ,
2822 5260 2912 5314 οἷα
2993 5256 3176 5323 πῶλος
3261 5259 3421 5337 μητρὶ
3492 5260 3622 5335 πρὸς
3714 5262 3781 5316 τὰ

2125 5347 2470 5425 γενναιότατα
2535 5352 2638 5404 τῶν
2712 5348 3176 5425 στρατηγημάτων
3247 5348 3561 5424 συσκαὲρων.
3627 5351 3780 5406 Οὕτω

2124 5438 2221 5517 γὰρ
2292 5439 2358 5506 ἦν
2430 5442 2457 5494 ὁ
2526 5439 2618 5493 τοῦ
2674 5438 2966 5515 μκκπρίτου
3034 5458 3135 5512 μου
3206 5436 3472 5501 Βασιλέως
3549 5439 3775 5503 σκοπὸς⁶

2123 5534 2278 5584 τοῦτο
2350 5527 2404 5583 δὲ
2485 5523 2906 5605 πρεσϐευόμενος
2979 5529 3106 5605 πρὸς
3179 5530 3297 5590 τοὺς
3384 5527 3479 5594 τὴν
3558 5530 3775 5607 Κρήτην

2122 5616 2349 5698 ἔχοντας
2369 5614 2631 5697 Ἄραϐας.
2668 5617 2816 5679 Cum
2838 5614 3175 5699 aliquando
3203 5617 3267 5678 in
3295 5614 3451 5677 Paro
3469 5632 3654 5680 essem
3674 5617 3777 5683 in-
