3930 6136
229 263 297 327 45

905 265 999 327 DE
1057 260 1401 326 SCRIPTIS
1443 257 1823 324 SYMEONIS
1875 253 2466 320 METAPHRASTAS
2511 251 2902 316 DIATRIBA.

3517 250 3594 314 46

226 393 349 454 suta
380 412 394 456 :
428 396 527 470 fui
553 403 778 471 autem,
818 413 959 456 nam
987 396 1056 455 in
1105 395 1352 456 Cretam
1401 392 1762 472 navigabam
1812 407 1849 452 a
1873 396 1907 445 Α
1936 389 2174 450 Partim
2188 384 2769 449 adArabasCretam
2783 383 3125 472 obtinentes
3147 383 3596 472 legatione/im-

226 480 407 543 Leone
433 482 616 545 beata:
638 485 963 546 memoriae
986 500 1054 545 eo
1078 485 1320 556 missus,
1351 485 1572 558 Leone,
1601 483 1665 543 in
1688 498 1872 562 quam

227 571 325 632 illo
349 589 488 632 vere
507 575 828 649 fortunato
850 574 1351 652 imperatore,qui
1373 574 1560 650 ipsam
1584 571 1872 632 Romana-

221 677 334 718 rum
356 665 687 734 felicitatem
716 681 903 720 secum
930 665 1150 721 videtur
1181 667 1237 720 in
1262 664 1573 737 sepulcrum
1599 664 1868 719 intulisse.

227 745 465 803 llittebar
487 758 664 805 autem
686 766 798 806 una
821 750 1063 806 militans
1086 764 1214 804 cum
1232 749 1534 806 clarissimo
1556 748 1651 803 illa
1674 746 1866 804 Hime-

222 839 500 904 rio,utpote
517 833 748 890 ducendi
759 835 1029 890 exercitus
1037 835 1152 902 peri
1158 831 1384 895 tissimo,
1395 831 1840 903 Dromipraafecto
1853 870 1868 894 ,

222 924 303 995 qui
325 926 374 974 et
403 918 678 973 universa)
708 917 877 973 classi
894 915 1209 988 imperabat,
1242 921 1360 986 aut,
1381 921 1444 972 ut
1463 915 1641 972 verius
1662 914 1865 977 dicam,

226 1008 345 1079 ipsis
369 1003 548 1057 animi
566 1001 1107 1070 perturbationibus;
1131 1001 1224 1056 sed
1244 1018 1306 1054 ne
1336 999 1518 1054 multis
1548 1000 1866 1070 e/ferendam

223 1088 468 1147 laudibus
492 1086 650 1141 illius
677 1086 936 1158 peritiam
958 1085 1080 1142 belli
1103 1084 1216 1157 [50]
1243 1083 1679 1139 administrandi
1697 1082 1868 1137 obiter

220 1171 800 1251 attingens,levieius
818 1172 976 1244 facta
999 1169 1579 1244 mentiane,dedecus
1601 1170 1658 1230 ei
1665 1169 1865 1247 potius

1955 496 2148 557 gerer.
2176 475 2260 538 Ne
2283 476 2378 537 hic
2401 473 2823 551 reieram,quae
2852 473 3016 535 Plato
3043 470 3238 534 lib.xn
3259 470 3343 533 De
3364 471 3596 550 legibus

1956 566 2175 641 statuit,
2223 566 2477 645 majores
2519 564 2692 624 annis
2722 561 3151 644 quinquaginta
3179 560 3250 622 ad
3287 559 3593 640 publicum

1957 673 2170 715 munus
2195 672 2444 734 peregre
2470 653 2624 715 mitti
2653 674 2665 710 :
2691 651 2947 730 ideoque
2969 649 3214 730 πρέσϐεις
3238 648 3376 726 dici,
3397 667 3589 728 senes,

1954 752 2100 806 natu
2129 743 2505 822 grandiores,
2542 747 2714 804 a‘tate
2744 747 3050 822 provecta.
3080 737 3150 799 Et
3178 739 3334 820 quod
3366 737 3595 801 Plinius

1953 838 2274 913 scripserat
2304 832 2376 894 ad
2406 831 2749 910 Trajanum.
2791 832 3050 892 Cautum
3076 835 3191 902 est,
3222 829 3483 904 domine,
3516 846 3595 892 ne

1953 925 2091 1002 quis
2113 923 2307 1001 capiat
2330 921 2805 1000 magistrorum,
2822 936 2975 981 neve
2989 919 3067 979 sit
3084 919 3370 980 insenatu
3394 919 3596 979 minor

1951 1029 2246 1073 annorum
2266 1010 2699 1090 trigintaAnte
2714 1007 2873 1070 enim
2895 1007 3053 1069 illam
3074 1014 3305 1068 atatem
3319 1007 3596 1069 homines

1950 1118 2144 1180 neque
2173 1100 2288 1176 [51]
2314 1117 2513 1159 rerum
2540 1099 2936 1176 gerendarum
2962 1117 3094 1172 usu,
3120 1114 3316 1178 neque
3335 1095 3595 1159 auctori-

1949 1196 2062 1250 tate
2081 1188 2236 1269 apud
2260 1206 2384 1261 eos,
2413 1186 2629 1266 quibus
2653 1186 3020 1267 persuadere
3052 1193 3368 1263 conantur,
3397 1183 3592 1248 excel-

221 1265 412 1325 ridear
449 1260 774 1336 inussisse,
806 1259 884 1321 ad
903 1261 1276 1339 propositam
1303 1260 1540 1319 interea
1563 1264 1773 1318 narrat

2035 1288 2076 1338 ut
2107 1257 2135 1337 τ’
2156 1277 2276 1338 imo
2311 1257 2464 1337 dolis
2496 1257 2676 1337 etiam
2709 1275 2865 1336 haud
2903 1274 3222 1336 difﬁculter
3251 1257 3587 1354 capiuntur,

219 1370 345 1412 nem
371 1351 570 1422 redeo,
597 1348 669 1409 de
691 1366 755 1409 eo
781 1349 1182 1426 appartunius
1207 1348 1486 1448 dicturus
1507 1345 1682 1448 alias.
1712 1345 1771 1406 Μ

2034 1366 2098 1428 od
2123 1366 2197 1428 de
2219 1365 2338 1427 illis
2365 1365 2699 1426 enuntiaret
2716 1363 2898 1426 Arist.
2922 1363 3026 1426 lib.
3044 1380 3082 1424 ιι
3103 1345 3586 1429 Βιιοιοῐῖοοτιιιῐιξ

220 1441 375 1503 tebar
397 1439 592 1532 igitur
609 1440 844 1532 partim
866 1453 997 1498 cum
1021 1435 1472 1532 eo_militans,et
1494 1435 1576 1494 ad
1597 1437 1856 1532 impera:
1961 1435 1977 1447 '
2021 1453 2193 1517 Addo
2243 1452 2421 1515 verba
2476 1451 2708 1530 Synesii
2761 1453 2836 1514 de
2879 1451 3083 1532 Βρεηο
3117 1451 3192 1512 ad
3223 1451 3585 1516 Arcadium:

221 1536 385 1590 toria?
406 1530 565 1588 artis
587 1528 1009 1588 documentum
1039 1525 1288 1604 aliquod
1306 1523 1763 1604 promovendus,

2037 1545 2181 1624 (υρόν
2215 1545 2314 1622 γὰρ
2343 1545 2378 1612 ή
2413 1545 2599 1621 νεὸρης
2635 1535 2717 1622 ἐφ²
2748 1542 2969 1618 έκὰτερα
3002 1540 3161 1622 ῥοπῇ³
3198 1543 3376 1622 ὥσπερ
3405 1542 3456 1598 οί
3483 1564 3589 1599 πο·-

219 1620 466 1697 eguulus
486 1615 1095 1694 matri,adprtectura
1119 1615 1251 1692 ejus
1270 1621 1771 1711 stratagem-emat

2034 1643 2096 1690 toi
2125 1633 2246 1696 ταῖς
2277 1633 2532 1695 δοθείσαις
2564 1631 2696 1687 add”
2727 1629 2994 1711 ἀφορμαῖς
3027 1629 3426 1710 ἀπληστότερον
3451 1631 3586 1688 ἐπε-

218 1710 441 1769 sitiens:
459 1707 528 1766 id
553 1707 713 1767 enim
737 1707 1041 1784 praecipua
1054 1706 1366 1782 Augustus
1381 1701 1708 1778 spectabat:
1723 1719 1770 1778 ρ.

2037 1745 2244 1802 χοιρται.
2272 1719 2598 1780 Vehemens
2617 1726 2705 1782 est
2725 1701 2988 1800 impetus
3001 1721 3263 1780 inventa:
3284 1701 3347 1780 in
3365 1727 3589 1782 utram-

221 1811 303 1864 tim
325 1813 384 1864 ut
404 1806 474 1861 ad
496 1806 720 1862 Arabas
739 1803 952 1861 Cretam
969 1803 1263 1860 obtinentes
1293 1802 1556 1873 legatione
1583 1802 1854 1872 fungerer.
1887 1802 1908 1803 ἡ
1943 1829 2053 1890 que
2070 1818 2322 1889 partem,
2351 1826 2474 1870 ηοη
2492 1807 2676 1870 aliter
2702 1827 2772 1870 ar
2789 1825 3025 1881 amnes,
3049 1825 3174 1887 qua
3197 1808 3294 1869 via
3317 1807 3461 1870 άαια
3477 1815 3587 1885 ρει,

289 1901 541 1963 Planum
570 1907 682 1971 est,
709 1898 848 1958 dum
879 1899 1003 1959 haec
1025 1904 1412 1976 componeret
1433 1894 1861 1974 Melaphrastes
1944 1900 2357 1978 eruptionibus
2383 1897 2530 1960 illuc
2559 1905 2896 1959 excurrunt
2923 1897 3190 1958 avidius.
3224 1895 3478 1959 Lubrica
3501 1905 3590 1959 est

217 1993 464 2053 Leonem
489 1991 919 2067 imperatorem
939 1987 1048 2048 vita
1066 1986 1415 2046 defunctum
1440 1983 1770 2056 t'uisse,non
1790 2001 1857 2044 ex
1945 1989 2208 2050 moribus
2238 1996 2412 2050 mtas.
2468 1991 2594 2047 Imo
2628 1986 2678 2048 si
2712 2005 2912 2048 verum
2961 1993 3072 2062 est,
3108 1984 3266 2066 quod
3301 2004 3408 2047 nos
3440 2005 3587 2049 con-

215 2077 449 2139 verbulo
483 2086 740 2151 tantum,
778 2086 878 2134 ros
908 2077 1226 2152 μακαρίτου,
1263 2074 1366 2134 sed
1404 2073 1558 2152 quod
1591 2071 1649 2132 id
1677 2089 1855 2151 aper-
1937 2079 2171 2157 jectura
2204 2097 2320 2139 non
2354 2077 2649 2139 leviducti
2671 2075 3074 2152 asseruimus;
3104 2093 3296 2156 neque
3319 2094 3449 2138 eam
3476 2076 3589 2137 im-

213 2166 446 2229 tissimis
504 2164 713 2227 verbis
773 2165 1146 2238 enuntietur,
1210 2164 1431 2226 Λέοντος
1467 2209 1481 2232 ,
1543 2163 1704 2240 φημὶ,
1766 2169 1858 2217 τοῦ

216 2259 456 2335 εὐτυχοῦς
517 2256 686 2316 ὄντως
718 2254 1003 2332 βασιλέως,
1040 2254 1124 2310 καί
1153 2253 1250 2319 τὴν
1283 2252 1526 2329 εὐτυχίαν
1581 2251 1858 2325 Ῥωμαίων

216 2354 281 2420 τῷ
325 2348 477 2424 τάφῳ
527 2345 916 2417 ά-ιιθάψαντος.
974 2344 1189 2413 Leone,
1246 2343 1522 2418 inquam,
1575 2337 1690 2400 illo
1720 2356 1859 2400 vere

214 2438 511 2510 fortunato
534 2436 928 2510 imperatore,
963 2431 1068 2510 qui
1097 2432 1287 2506 ipsam
1321 2426 1737 2488 Romanarum
1765 2426 1856 2504 fe-

221 2523 508 2586 licitatem
551 2538 749 2582 secum
795 2521 1039 2581 videtur
1071 2521 1137 2579 in
1167 2517 1508 2596 sepulcrum
1552 2515 1856 2578 intulisse.

219 2611 325 2673 Risi
348 2612 668 2690 saepius,ut
691 2610 804 2670 hoc
823 2624 1063 2688 quoque
1083 2607 1176 2668 hic
1195 2604 1531 2680 obiter,etsi
1556 2624 1672 2666 non
1698 2614 1860 2666 extra

221 2705 519 2762 materiam
545 2697 1205 2773 observem,ridiculam
1228 2693 1568 2758 Genebardi
1601 2696 1657 2755 in
1679 2693 1860 2756 Chro-

221 2790 340 2851 nico
367 2808 526 2851 anno
550 2787 1001 2849 anteChristum
1023 2783 1858 2864 263interpretationem,qui

223 2887 444 2941 vertens
505 2877 612 2938 illa
669 2874 864 2938 Suidm
920 2874 994 2936 de
1049 2873 1342 2954 Symeone
1411 2873 1856 2951 ll'letaphraste,

223 2972 302 3026 Ἐν
355 2975 420 3045 τῇ
468 2975 564 3025 τοῦ
615 2967 908 3042 μακαρίτου
940 2964 1231 3042 Λογοθέτου
1261 2984 1520 3040 μεταφσει
1555 2963 1621 3037 τῇ
1672 2964 1744 3026 είς
1799 2966 1856 3018 τό

1943 2167 2211 2247 probavit
2233 2167 2580 2242 Bollandus,
2607 2165 2963 2246 Symeonem
2988 2183 3022 2225 a
3049 2165 3303 2226 secretis
3329 2165 3438 2226 sub
3471 2166 3587 2228 hoc

1941 2256 2160 2329 Leone,
2196 2255 2297 2336 qui
2327 2275 2536 2318 aurum
2572 2275 2605 2316 a
2635 2254 3007 2335 Rodopbyllo
3070 2253 3353 2316 relictum
3409 2253 3594 2316 Leoni

1941 2345 2240 2424 Tripolita:
2285 2345 2491 2406 infami
2550 2351 2833 2424 apostatae
2886 2342 3207 2416 obtulerat,
3246 2350 3308 2402 ut
3338 2360 3478 2405 eum
3510 2342 3585 2404 ab

1945 2433 2175 2496 excidio
2202 2433 2724 2495 Thessalonicensi
2750 2440 3070 2506 averteret,
3103 2430 3358 2510 ideoque
3382 2431 3584 2510 digni-

1945 2522 2162 2584 tatibus
2188 2530 2425 2584 auctum
2471 2523 2544 2582 ab
2576 2523 2964 2601 imperatore,
3005 2538 3123 2580 non
3157 2519 3340 2580 alium
3375 2520 3580 2596 fuisse,

1943 2631 2118 2692 quam
2145 2614 2497 2692 Symeonem
2529 2612 2685 2672 hunc
2717 2610 3203 2690 Metaphrastem,
3232 2608 3356 2687 jam
3391 2607 3580 2671 habe-

1944 2720 2072 2762 mus
2103 2701 2460 2776 certissime,
2483 2700 2844 2780 Symeonem
2869 2717 2940 2760 eo
2964 2707 3261 2778 tempore,
3287 2717 3407 2778 quo
3430 2699 3584 2762 Cre-

1944 2799 2062 2850 tam
2119 2789 2507 2867 adnavigabat
2559 2796 2724 2850 aetate
2784 2789 3022 2868 plenum
3081 2787 3286 2864 fuisse,
3355 2795 3580 2850 tantum

1939 2877 2127 2952 abest,
2166 2888 2229 2940 ut
2259 2879 2429 2941 valde
2458 2877 2941 2940 adolescentulus
2973 2887 3153 2950 esset,
3214 2884 3273 2936 et
3305 2876 3461 2938 infra
3490 2877 3582 2939 vi-

1938 2967 2084 3047 ginti
2140 2977 2260 3029 tres
2313 2986 2503 3029 annos
2562 2975 2792 3028 aetatem
2848 2971 3213 3029 numeraret.
3269 2963 3581 3046 Expeditio

220 3061 486 3136 μαρτύριον
521 3066 615 3115 τοῦ
644 3057 795 3134 ἁγίου
824 3060 1134 3132 Λουκιανοῦ,
1169 3051 1251 3112 ita
1283 3050 1636 3113 enuntiavit.
1673 3051 1772 3113 Νοι

2030 3058 2100 3118 im
2151 3057 2401 3119 Himerii
2453 3056 2694 3137 ponitur
2722 3075 2877 3116 anno
2915 3054 3137 3118 Christi
3169 3053 3308 3116 902.
3366 3055 3582 3117 Leonis

222 3149 538 3209 assentitur
563 3145 898 3206 Macaritus
919 3143 1262 3222 Logothetes
1283 3141 1348 3202 in
1377 3139 1484 3201 lib.
1510 3138 1856 3219 Metaphra-

220 3241 314 3309 sis,
345 3237 439 3297 liis
468 3233 676 3297 verbis
706 3250 724 3294 :
757 3251 894 3294 cum
929 3231 1262 3304 debuisset,
1305 3228 1472 3291 nobis
1520 3232 1857 3291 assentitur

221 3324 410 3388 beatus
438 3320 791 3401 Logotheta,
825 3319 1254 3399 Metaphrastes
1278 3319 1531 3393 scilicet,
1559 3319 1625 3378 in
1654 3315 1853 3379 Meta-

220 3413 439 3492 pttrasi,
459 3413 579 3474 hoc
602 3418 712 3485 est,
748 3409 810 3470 in
822 3407 952 3470 Vita
977 3415 1035 3470 et
1058 3407 1332 3488 Martyrio
1354 3408 1552 3469 sancti
1571 3407 1850 3468 Luciani.

227 3499 300 3562 Ne
321 3520 533 3562 novum
562 3500 719 3562 hunc
745 3506 1048 3561 auctorem
1074 3497 1417 3558 Macaritum
1444 3495 1852 3573 Logothetam,

225 3609 319 3670 per
344 3589 812 3671 imprudentiam
847 3589 1166 3649 conlictum
1201 3585 1260 3646 in
1295 3584 1640 3665 antiquitate
1686 3603 1854 3664 quae-

227 3680 591 3741 rereinsulse
614 3695 916 3757 cogamur.
936 3675 1086 3736 Tum
1113 3683 1238 3736 erat
1258 3675 1434 3738 valde
1451 3672 1856 3737 adolescentu-

225 3767 331 3843 lus,
347 3768 456 3842 vel,
475 3786 598 3830 non
620 3774 756 3828 erat
775 3765 1100 3828 admodum
1123 3773 1272 3826 natu
1295 3770 1617 3844 provectus
1635 3782 1648 3826 :
1667 3765 1857 3842 fuerit

225 3866 352 3920 tunc
373 3860 629 3937 viginti,
676 3865 782 3917 aut
815 3856 1032 3934 viginti
1062 3855 1321 3916 duorum
1357 3869 1683 3915 annorum.
1735 3852 1857 3914 Hoc

1873 3111 1915 3162 C

1937 3145 2179 3225 imperii
2237 3165 2390 3207 anno
2451 3146 2685 3206 decimo
2743 3143 3023 3224 septimo,
3080 3141 3463 3224 RodOphylli,
3524 3151 3584 3206 et

1937 3231 2247 3314 Symeonis
2279 3253 2412 3295 cum
2443 3233 2732 3313 Tripolita
2752 3233 2952 3294 Leone
2981 3241 3153 3313 pacta
3181 3250 3338 3293 anno
3361 3232 3582 3294 Christi

1935 3324 2076 3398 904,
2128 3342 2161 3385 a
2207 3321 2434 3386 Joanne
2470 3322 2796 3385 Camiuiata
2827 3321 2986 3383 illius
3038 3322 3141 3382 aevi
3173 3321 3486 3401 scriptore,
3520 3333 3580 3384 et

1937 3412 2038 3491 qui
2096 3412 2274 3474 rebus
2335 3413 2561 3487 aderat,
2624 3419 3014 3473 recensentur
3057 3409 3210 3471 libro
3243 3411 3318 3471 de
3349 3411 3581 3472 excidio

1939 3500 2483 3577 Thessalonicensi,
2539 3501 2597 3560 in
2642 3519 2757 3579 quo
2809 3503 3164 3580 Symeonem
3223 3499 3382 3562 hunc
3411 3508 3583 3563 aetate

1942 3600 2280 3672 provectum
2311 3599 2497 3665 vocat,
2537 3581 2742 3668 ’Ἄνδρκ
2775 3592 3022 3668 φρονήσει
3054 3586 3343 3664 βεϐηκὸτα,
3391 3598 3451 3650 ei.
3497 3590 3584 3649 διά

1941 3683 2120 3753 πείρας
2173 3682 2295 3736 ὄντα
2347 3679 2556 3736 πολλῶν
2607 3680 2958 3757 πριγμάτων,
3000 3677 3208 3739 Virum
3252 3679 3584 3757 prudentia

1938 3775 2383 3848 pravectum,et
2402 3767 2735 3830 multarum
2759 3783 2962 3828 rerum
2979 3767 3359 3846 experientia
3381 3773 3585 3829 muni-

1943 3865 2070 3918 tum
2083 3864 2288 3938 pectus
2307 3865 2643 3937 gerentem.
2678 3857 2768 3917 An
2797 3856 3047 3916 duorum
3071 3873 3361 3916 annorum
3392 3855 3583 3918 inter-

225 3965 347 4008 vero
371 3967 484 4008 non
510 3945 824 4026 probatur.
848 3943 1128 4016 Quinimo
1151 3944 1202 4004 si
1226 3961 1346 4016 res,
1375 3943 1452 4003 de
1477 3960 1592 4022 qua
1615 3949 1756 4021 agit,
1777 3949 1860 4002 at-
1944 3948 2154 4008 vallum
2179 3954 2402 4006 tantum
2431 3946 2825 4020 liominem,et
2849 3943 3204 4025 prudentiae,
3231 3953 3287 4005 et
3313 3947 3581 4007 {etatisin

228 4037 429 4098 tentius
450 4035 890 4109 consideretur,
919 4033 1104 4094 multo
1130 4033 1366 4096 videtur
1390 4038 1528 4092 natu
1553 4031 1855 4110 grandior,
1941 4036 2058 4098 alio
2089 4043 2263 4115 atque
2289 4035 2404 4096 alio
2430 4044 2584 4096 statu
2619 4034 3020 4102 collocaverit,
3046 4041 3104 4093 et.
3131 4041 3351 4095 tantam
3378 4051 3581 4097 rerum

228 4126 550 4188 etmediam
580 4122 845 4185 hominis
871 4131 1104 4185 aetatem
1131 4121 1694 4199 decurrens..Aitde
1710 4138 1776 4182 se
1797 4125 1857 4182 in
1945 4125 2371 4206 experientiam
2406 4126 2755 4199 accreverit,
2786 4131 2848 4182 ut
2877 4121 3292 4185 adolescentes
3336 4122 3398 4185 in
3426 4123 3586 4186 viros

230 4215 417 4276 eadem
446 4214 586 4278 Vita
621 4236 634 4271 :
671 4212 814 4291 Ἐγὼ
845 4211 899 4267 δὲ
931 4214 1330 4291 περιεργότερος
1363 4211 1461 4284 ὤν,
1509 4211 1596 4267 καί
1629 4211 1782 4266 συνιέ·

2031 4221 2306 4289 mutet,et
2326 4219 2522 4274 minus
2548 4213 2866 4293 prudentes
2889 4213 2962 4274 ad
2990 4211 3319 4292 prudentiae
3341 4213 3583 4276 ultimos

227 4303 682 4382 δεινὸςῇῢος.Ε90
700 4319 836 4364 cum
855 4319 1042 4363 essem
1064 4301 1857 4374 curiosior,etsatissolers,
1941 4304 2158 4364 limites
2193 4301 2415 4383 ponat?
2459 4301 2748 4374 Quoniam
2787 4319 2924 4362 iero
2957 4301 3168 4380 legatio
3200 4306 3310 4364 ista
3338 4300 3584 4365 Rodho-

226 4410 492 4474 aesagaa:
512 4409 714 4454 mores
729 4390 1040 4453 hominum
1059 4390 1538 4470 percipiendi.At
1560 4388 1855 4449 solertiam
1880 4470 1912 4474 _
1945 4393 2148 4472 phylli,
2196 4401 2253 4452 et
2283 4390 2605 4471 Symeonis
2655 4408 2774 4452 non
2825 4391 2905 4450 ita
2934 4389 3103 4451 obvia
3137 4397 3252 4472 est,
3285 4400 3346 4454 et
3370 4393 3585 4472 jejune

229 4470 709 4562 sagacitatemque
733 4481 1197 4556 consimilem,et
1217 4479 1393 4556 longo
1415 4478 1850 4558 experimento,
1879 4470 1919 4521 Β
1941 4470 2260 4543 admodum
2285 4499 2317 4540 a
2337 4470 2614 4542 Cedreno
2631 4488 2923 4556 narratur,
2946 4481 3059 4541 erit
3075 4470 3278 4560 operae
3299 4470 3581 4560 pretium,

232 4579 280 4630 et
298 4579 456 4633 aetate
481 4578 765 4651 provecta
793 4565 1314 4647 consequimur.Et
1335 4566 1578 4645 quidem
1606 4565 1666 4626 in
1690 4568 1852 4626 den—

230 4658 406 4722 diculo
439 4667 626 4736 esset,
657 4661 706 4720 si
739 4659 871 4738 quis
906 4659 963 4718 in
987 4656 1243 4736 juvenili
1275 4664 1444 4717 aetate
1475 4655 1696 4716 similia
1719 4671 1854 4734 pro-

233 4747 500 4812 literatur.
543 4748 686 4821 Quis
719 4755 1005 4829 praeterea
1037 4745 1477 4808 adolescentem
1522 4762 1657 4805 cum
1693 4751 1851 4804 tanto

234 4833 367 4899 duce
395 4837 576 4902 simul
609 4834 1010 4899 militantem?
1040 4834 1184 4907 Quis
1204 4833 1536 4896 imberbem
1557 4840 1852 4894 oratorem

231 4923 291 4985 ad
320 4927 531 5007 Reges,
569 4935 628 4988 et
658 4926 1034 5008 potissimum
1071 4926 1400 4986 Barbarum
1449 4922 1702 4997 miserit,
1755 4920 1856 5002 qui

234 5018 576 5095 veneranda,
615 5014 998 5096 barbataque,
1048 5015 1224 5075 utita
1255 5012 1478 5086 dicam,
1531 5013 1741 5087 forma,
1794 5011 1856 5071 in

233 5121 334 5183 qua
380 5107 632 5168 credunt
660 5102 1038 5185 sapientiam,
1096 5102 1505 5182 prudentiam,
1557 5101 1857 5176 ﬁdemque

234 5190 412 5256 inesse
462 5194 649 5276 magis
678 5194 1023 5267 ﬂectuntur,
1055 5211 1235 5273 quam
1272 5190 1529 5254 imberbi
1561 5208 1629 5252 ac
1661 5188 1858 5269 depile

237 5279 567 5365 tacie,cujus
586 5291 646 5345 in
672 5282 1026 5364 peragendis
1049 5281 1302 5360 negotiis
1324 5279 1543 5342 nullam
1566 5282 1854 5340 rationem

241 5369 463 5438 habent.
497 5375 570 5437 Et
601 5371 1029 5453 Metaphrastes
1059 5379 1186 5432 tum
1224 5368 1589 5443 mittebatur,
1623 5369 1855 5429 Cretam

241 5458 301 5518 ad
353 5462 576 5526 Arabes
627 5462 802 5542 legati
859 5479 1077 5522 munus
1125 5459 1384 5521 obiens:
1443 5467 1606 5516 Τοῦτο
1648 5456 1702 5512 δὲ
1732 5476 1859 5531 πρε-

242 5545 531 5632 σϐευόμενος
584 5575 724 5632 προσ
774 5553 865 5610 τοὺ
919 5552 1014 5629 ρὴν
1074 5553 1286 5629 Κρήτήν
1330 5549 1555 5628 ἔχοντας
1587 5543 1864 5625 ’Ἂραϐαςι

1938 4570 1988 4630 si
2019 4588 2052 4630 a
2080 4571 2270 4630 Jonne
2305 4569 2652 4646 Caminiata,
2685 4578 2926 4629 auctore
2958 4587 3077 4629 non
3102 4569 3184 4631 ita
3208 4577 3346 4632 noto
3370 4571 3585 4633 audia-

1939 4669 2065 4721 tur:
2091 4648 2184 4713 Ἠν
2205 4657 2258 4713 δέ
2282 4681 2352 4722 εις
2372 4661 2506 4734 μετά
2523 4667 2612 4715 τοῦ
2626 4657 2815 4715 λοιποῦ
2834 4657 3065 4728 πλήθους
3084 4665 3190 4715 τῶν
3216 4661 3584 4739 αἰχμαλώτων

1937 4747 2250 4828 συλληφθεὶς
2312 4749 2563 4827 εὖνουχος
2608 4753 2700 4803 τοῦ
2756 4745 3041 4827 βασιλέως,
3074 4749 3162 4802 καὶ
3218 4751 3322 4803 τῶν
3379 4747 3583 4827 ὲξόχων

1938 4841 2020 4900 εἷς
2092 4835 2445 4914 Ῥοδοφύλλης
2519 4836 2656 4892 οὕτω
2714 4835 3065 4916 καλούμενος³
3126 4839 3182 4898 ὃς
3256 4836 3412 4916 ἔτυχε
3484 4839 3585 4915 πρὸ

1939 4933 2130 5003 μικροῦ
2185 4925 2274 4980 τοῦ
2305 4923 2544 4982 κινδύνου
2601 4926 2700 4992 τὴν
2730 4927 2816 4981 ἐπὶ
2846 4922 2990 4980 δύσιν
3019 4924 3256 4989 σταλείς³
3311 4927 3400 4984 καί
3428 4948 3587 4985 τινων

1943 5021 2137 5096 χρειῶν
2186 5013 2362 5071 ἕνεκεν
2422 5016 2554 5094 πρὸς
2599 5020 2666 5090 τῇ
2721 5013 2874 5070 πόλει
2934 5015 3214 5092 γενόμενος
3273 5014 3391 5091 μεθ’
3433 5017 3587 5093 ἡμῶν

1941 5103 2370 5187 ςυγκλεισθῆναι,
2405 5107 2491 5161 καὶ
2543 5109 2648 5159 τῶν
2697 5102 2959 5180 ῥηθέντων
2988 5103 3216 5180 ἀνιαρῶν
3263 5119 3590 5187 μετασχεῖν.

1938 5178 2031 5259 "0;-
2074 5195 2162 5250 καὶ
2224 5192 2435 5269 ἐκόμιζε
2490 5189 2605 5268 μεθ’
2663 5178 2852 5248 ἑοιυτοῦ
2899 5178 3122 5260 πλῆθοςή
3159 5178 3398 5274 χρυοίου,
3439 5178 3589 5274 ’ἕπερ

1942 5283 2122 5361 ’ἐλεγεν
2198 5283 2423 5360 ἀπάγειν
2481 5282 2780 5354 ἐπιχούρίας
2853 5283 2996 5344 τινός
3075 5281 3234 5360 χάριν
3304 5291 3395 5342 τοῦ
3453 5286 3590 5341 κατὰ

1945 5370 2189 5428 Σικελίαν
2261 5381 2485 5449 στρατοῦ
2560 5369 3000 5445 συμπλεκομένου
3072 5382 3188 5433 τοῖς
3276 5373 3412 5428 κατὰ
3493 5373 3590 5441 τὴν

1947 5460 2206 5540 Ἀφρικὴν
2277 5458 2562 5538 Βαρϐάροις
2620 5459 2722 5532 ἀεὶ,
2783 5461 2870 5515 καὶ
2913 5458 3118 5525 πολλῆς
3174 5456 3426 5535 δεομένου
3491 5467 3589 5528 τῆς

1947 5551 2001 5607 ἓν
2059 5562 2175 5613 τοῖς
2239 5550 2512 5629 πράγμασι
2571 5549 2892 5629 συνεργείας²
2953 5547 3117 5609 Οὗτος
3175 5548 3272 5603 οὒκ
3320 5549 3456 5610 κατὰ
3495 5548 3594 5619 τὴν
