3930 6136
315 358 385 423 51
1770 351 1967 414 LEON
1979 348 2047 413 IS
2096 350 2431 413 ALLATII.

3629 349 3709 415 52

318 498 415 557 tus
434 489 514 556 ad
544 489 965 572 Strymeonem
995 491 1331 571 dimiserat,
1368 488 1493 552 illis
1546 489 1835 551 citissime
1860 501 1969 565 per
1990 491 2026 540 A
2052 483 2235 548 tibus.
2270 481 2820 572 Postquamautem
2841 486 2970 559 eius
2999 483 3152 563 ﬁdes
3172 484 3294 562 fuit
3318 485 3387 546 in
3405 485 3502 548 his
3531 487 3713 548 rebus

315 582 541 646 veloces
571 598 863 657 cursores,
899 579 1055 643 unde
1098 578 1390 655 latebant,
1424 578 1686 641 advectis
1712 584 1766 637 et
1809 573 1963 635 Bar-

317 670 480 735 baris
503 669 1085 745 numeratis,urbem
1109 669 1185 732 ab
1205 668 1484 731 incendio
1513 672 1958 729 conservaram.

313 761 421 825 His
469 760 647 842 plane
676 758 1075 832 concluditur,
1108 758 1293 820 multo
1342 775 1518 835 quam
1575 756 1668 816 isti
1716 755 1958 828 faciunt,

314 852 669 933 Symeonem
696 856 866 910 astate
896 846 1280 929 grandiorem
1312 846 1520 909 fuisse.

380 938 476 1015 Et,
501 946 566 1001 ut
600 937 783 1018 magis
808 954 1072 1017 urgeam,
1098 938 1354 1017 Symeon
1378 936 1506 1015 ipse
1525 952 1690 996 suam
1715 952 1783 994 eo
1807 942 1963 994 tem-

313 1046 459 1111 pore
486 1034 718 1091 aetatem
745 1026 1057 1089 edisserat:
1086 1028 1144 1085 in
1173 1023 1313 1087 Vita
1335 1033 1563 1087 sanctae
1591 1022 1965 1086 Tbeoctistes

312 1129 559 1198 rogatur
586 1135 619 1179 a
650 1116 941 1198 Symeone
971 1115 1334 1177 anachoreta
1365 1133 1439 1177 ne
1470 1113 1768 1176 scribendi
1813 1130 1963 1174 onus

312 1208 622 1284 detrectet,
659 1224 989 1287 causasque
1020 1203 1376 1286 prattendat,
1406 1203 1624 1286 quibus
1655 1222 1718 1265 se
1760 1220 1791 1262 a
1826 1220 1963 1263 sus-

311 1297 589 1378 cipiendo
611 1293 917 1358 scribendi
941 1312 1190 1356 munere
1216 1292 1521 1355 subrabat.
1557 1292 1795 1361 Causas,
1819 1308 1966 1372 quas

308 1398 532 1462 poterat
556 1388 761 1447 afferre
783 1388 1194 1459 Metapbrastes
1217 1389 1509 1459 praecipue
1529 1400 1655 1444 esse
1678 1390 1959 1457 poterant:

311 1478 500 1555 Δὸγων
531 1472 1048 1552 ἀπορίανβουλείας,
1075 1485 1301 1551 γυναῖκα
1321 1476 1405 1529 καὶ
1426 1473 1605 1549 τέκνα,
1640 1470 1792 1530 οἷ’κου
1814 1492 1966 1549 φρον-

310 1564 477 1645 τίδας,
505 1563 754 1627 dicendi
784 1564 1082 1642 inopiam,
1114 1562 1501 1624 servitiorum
1528 1561 1961 1640 frequentiam,

311 1656 583 1727 uxoris,“
601 1655 846 1728 ﬁliorum
873 1655 1191 1723 molestiam,
1222 1659 1273 1712 et
1301 1653 1483 1711 domus
1504 1654 1758 1726 proprias
1786 1667 1961 1709 curas.

311 1740 618 1823 Neglectis
649 1740 916 1822 reliquis,
954 1741 1123 1815 duas,
1151 1740 1255 1802 sed
1289 1740 1631 1801 brevissime
1664 1744 1966 1800 examina-

2044 574 2400 651 spectata,et
2422 570 2753 643 praedicata
2779 574 2965 635 simul
2989 589 3125 634 cum
3155 574 3401 637 arcanis
3423 574 3712 653 publicas

2046 676 2280 739 quoque
2301 675 2487 720 curas
2506 662 2737 738 suscepi
2744 661 2942 733 t;adeo
2966 670 3033 722 ut
3074 661 3435 742 imperatori
3464 681 3710 726 renun-

2047 747 2236 809 tiaret
2267 764 2506 827 ea,quce
2526 749 2861 827 efferebant
2888 752 3109 824 exteri,
3141 760 3199 811 et
3221 768 3442 814 rursus
3475 754 3715 816 exteris

2046 837 2432 917 qumjubebat
2452 837 2952 915 imperator.Quae
2967 848 3164 900 autem
3189 850 3329 901 sunt
3347 841 3463 903 illae
3491 843 3709 915 πράξεις

2047 926 2457 1002 μδστικώτεραι,
2482 924 2643 987 illius
2675 927 2964 1008 temporis
2996 928 3255 1009 scriptor
3293 928 3533 1007 [gnatus
3569 930 3710 992 dia-

2047 1032 2233 1075 conus
2252 1015 2311 1075 in
2333 1015 2465 1077 Vita
2490 1017 2676 1077 sancti
2702 1017 3022 1097 Nicephori
3049 1018 3401 1098 patriarcha:
3417 1021 3712 1082 Constan-

2047 1103 2447 1184 tinopolitani,
2480 1105 2561 1165 ita
2619 1106 2897 1181 extvlicat.
2959 1111 3053 1166 Καὶ
3103 1109 3200 1165 τὴν
3256 1108 3339 1165 διὰ
3372 1112 3555 1187 χειρὸς
3616 1107 3709 1167 καὶ

2048 1191 2278 1267 μέλανος
2337 1193 2542 1274 τέχνην
2600 1197 2940 1269 ποιούμενος·
2990 1198 3152 1276 ἦ,ρέοη
3213 1199 3312 1277 γὰρ
3370 1200 3709 1278 δπογραφεὺς

2046 1296 2164 1345 τοῖς
2195 1288 2301 1337 τῶν
2344 1284 2677 1361 κρατούντων
2709 1286 3023 1359 μυστηρίοις
3058 1288 3509 1366 ὑπηρετούμενος,
3548 1288 3708 1346 Οὕτω

2049 1372 2147 1449 γὰρ
2196 1372 2335 1450 παρὰ
2363 1378 2429 1447 τῇ
2495 1372 2731 1429 Αὖσονίδι
2764 1372 3023 1449 διαλέκτῳ
3054 1378 3115 1433 τὸ
3147 1377 3443 1454 ἆσηκρῆτις
3504 1379 3708 1452 avom,

2051 1463 2163 1517 ὃεπὶ
2223 1460 2525 1539 μυστηρίων
2578 1466 3059 1541 μεθερμηνεύεσϐαι
3105 1464 3374 1541 βούλεται.
3408 1466 3489 1528 Et
3542 1484 3711 1542 eam,

2048 1566 2183 1630 qua:
2228 1566 2414 1611 manu
2462 1559 2517 1612 et
2574 1558 2911 1614 atramento
2972 1570 3077 1615 ars
3132 1556 3474 1632 factimtar,
3521 1574 3709 1618 exer-

2047 1656 2181 1700 cens
2216 1662 2228 1697 :
2291 1656 2547 1716 namque
2577 1640 2801 1704 electus
2857 1644 3065 1719 fuerat
3120 1644 3344 1725 scriba,
3377 1645 3708 1708 dominan-

2046 1730 2197 1790 tium
2245 1734 2494 1791 arcanis
2520 1732 2925 1794 subserviens.
2991 1732 3229 1808 Lingua
3288 1734 3554 1796 Ausonia
3611 1738 3703 1798 si-

312 1818 704 1911 δοξδουλείας,
731 1818 987 1893 servitia
1017 1828 1257 1911 publica
1289 1828 1472 1890 fuisse
1501 1827 1573 1889 ab
1605 1830 1962 1909 imperatore
1989 1850 2021 1898 Β
2044 1818 2285 1895 quidem
2308 1836 2345 1880 α
2373 1821 2619 1911 secretis
2646 1824 3174 1911 nuncupatur,qui
3196 1824 3358 1903 apud
3377 1841 3488 1887 nos
3513 1824 3588 1887 ab
3602 1845 3701 1884 ar.

307 1922 373 1985 in
402 1919 581 1983 variis
614 1920 874 1999 negotiis
904 1917 1253 2002 reipublicae
1302 1917 1679 1991 demandata,
1713 1915 1957 1977 dubium

309 2029 431 2074 non
463 2010 744 2089 est.PIrgo
769 2027 888 2070 non
913 2016 1037 2070 tum
1066 2007 1320 2089 primum
1355 2006 1526 2085 legati
1553 2023 1798 2067 munere
1820 2005 1958 2067 fun-

308 2100 580 2182 gebatur,
615 2099 719 2162 sed
751 2099 1044 2161 similibus
1103 2106 1399 2172 assuetus,
1429 2104 1606 2177 atque
1637 2096 1954 2164 exercitus,

310 2199 375 2255 ut
398 2193 527 2253 sine
550 2188 863 2251 mendacio
890 2188 1118 2265 aliquid
1143 2187 1254 2249 sibi
1295 2187 1397 2268 im;
1423 2185 1641 2248 onendi
1675 2184 1745 2246 ad
1779 2203 1957 2247 excu-

309 2280 581 2342 tiendum
604 2276 1435 2359 laborem,denegandumque
1451 2274 1606 2355 quod
1627 2274 1955 2354 petebatur,

308 2369 451 2432 satis
480 2368 910 2431 essent.Altera
934 2376 1044 2447 est,
1067 2373 1301 2440 uxor,et
1320 2365 1451 2440 ﬁlii,
1470 2367 1537 2421 Σὺ
1562 2366 1658 2439 μὲν
1676 2365 1809 2428 ἴσως
1834 2386 1959 2440 προ-

309 2460 509 2540 φασίσῃ
540 2459 657 2537 περὶ
676 2457 760 2513 ’ὧν
801 2455 971 2523 ἀξιοῦν
1003 2457 1166 2514 ἐθέλω
1195 2479 1287 2513 σου
1319 2458 1417 2524 τὴν
1469 2456 1707 2533 ἀγάπην,
1743 2454 1959 2532 ἀπορίαν

309 2548 506 2626 λόγων,
531 2548 567 2616 ἢ
594 2545 847 2603 δουλειῶν
881 2547 1201 2627 ἆφορμὰς,ἣ
1231 2546 1476 2623 γυναικὸς
1510 2546 1596 2600 καὶ
1627 2543 1850 2625 τέκνων,
1873 2545 1960 2599 καὶ

309 2636 467 2694 οἴκου
522 2634 816 2715 φροντίδας,
848 2634 883 2701 ἦ
940 2657 1087 2700 τινας
1136 2633 1301 2696 ἄλλας
1332 2635 1499 2696 αἰτίας
1557 2631 1958 2710 διακρουόμενος

309 2727 466 2800 ἡμῶν
490 2724 588 2792 τὴν
620 2721 1009 2800 ἂξίωσιν.Ἐγὼ
1038 2721 1091 2778 δε
1124 2744 1206 2779 σοι
1239 2726 1323 2780 καὶ
1355 2722 1659 2799 εὐημερίαν,
1696 2723 1779 2777 καὶ
1807 2721 1960 2777 εὔπο-

313 2817 427 2892 ρίαν
457 2813 671 2871 πάντων
711 2811 1135 2891 ἐπαγγέλλομαι,
1172 2812 1259 2869 καὶ
1287 2810 1493 2878 πολλὴν
1528 2811 1826 2890 ἐκεχειρίαν
1865 2813 1951 2867 5'3-

310 2916 448 2982 ρετν.
474 2904 560 2964 Tu
580 2903 820 2981 quidem
832 2904 1095 2982 fortasse
1111 2900 1191 2963 ad
1213 2908 1270 2963 te
1299 2900 1724 2963 excusandum
1746 2900 1815 2961 de
1833 2916 1954 2961 non

308 2991 685 3073 suscipiendo
715 2992 883 3067 eo,de
902 3007 1018 3070 quo
1036 3007 1169 3052 sum
1192 2996 1360 3054 tuam
1384 2998 1708 3071 rogaturus
1737 2990 1954 3050 chari-

311 3088 517 3157 tatem,
546 3083 612 3144 in
658 3081 919 3143 medium
958 3080 1236 3152 adduces,
1268 3096 1617 3143 sermonum
1655 3080 1952 3157 inapiam,

2043 1912 2213 1967 canis
2236 1908 2506 1986 exprimi
2529 1910 2748 1971 suevit.
2776 1908 3038 1971 Primum
3076 1929 3214 1989 ergo
3238 1910 3346 1972 fuit
3369 1928 3400 1971 a
3422 1914 3700 1990 secretis,

2043 2002 2101 2054 et
2148 2015 2182 2057 a
2212 1995 2477 2057 consiliis
2511 1997 2899 2072 imperatoris
2934 2017 2946 2060 :
3006 2000 3291 2079 deinceps
3322 2017 3439 2061 non
3473 2003 3699 2078 statim,

2041 2083 2146 2145 sed
2178 2093 2482 2165 postquam
2520 2086 2651 2165 ejus
2682 2087 2830 2149 ﬁdes
2860 2097 3122 2168 spectata
3153 2088 3549 2169 fuit,publicis
3581 2109 3695 2153 ne-

2042 2172 2218 2251 gotiis
2247 2175 2574 2236 destinatur
2603 2193 2616 2237 :
2676 2184 2735 2238 et
2761 2195 2870 2238 nos
2914 2177 3456 2258 adolescentulum,
3490 2189 3549 2240 et
3580 2199 3703 2241 non

2042 2262 2193 2323 ultra
2222 2263 2426 2341 viginti
2447 2274 2702 2345 quatuor
2730 2284 3023 2328 annorum
3050 2265 3702 2330 somniabimus?Tcm—

2045 2371 2153 2431 pus
2186 2351 2362 2431 idque
2391 2372 2509 2414 non
2530 2355 2845 2433 exiguum,
2882 2365 2940 2418 et
2973 2355 3352 2436 experientia
3383 2357 3557 2436 longa
3586 2377 3704 2419 an-

2043 2460 2257 2503 norum
2316 2442 2476 2505 serie
2508 2444 2843 2506 examinata
2897 2445 3076 2506 ﬁdem
3110 2444 3368 2508 hominis
3413 2465 3702 2528 compro-

2044 2530 2289 2595 babunt.
2324 2532 2653 2613 Sophocles
2684 2535 2744 2594 in
2776 2534 2992 2613 IEdipo
3021 2543 3269 2616 tyranno
3306 2557 3319 2599 :

2121 2661 2317 2731 Χρονος
2347 2651 2549 2710 δίκαιον
2580 2652 2737 2730 ἄνδρα
2787 2654 3010 2713 δείκνυσι
3044 2657 3228 2732 μὸνος.

2118 2744 2301 2802 Κακὸν
2332 2741 2384 2799 δὲ
2431 2743 2527 2802 κᾶν
2560 2743 2612 2800 ἐν
2644 2743 2817 2825 ἡμέρᾳ
2860 2747 3043 2823 γνοίης
3083 2752 3201 2822 μιᾷ.

2124 2859 2380 2939 Tempus
2410 2859 2631 2923 bonum
2661 2862 2937 2926 declarat
2964 2865 3325 2927 immensum
3356 2867 3590 2930 virum.

2121 2948 2270 3009 Cum
2299 2950 2379 3011 sit
2408 2948 2538 3012 dies
2566 2951 2718 3012 satis
2750 2969 2875 3012 una
2906 2953 3227 3031 prodendis
3254 2954 3456 3017 malis.

2120 3078 2195 3140 At
2217 3078 2473 3159 ponebat
2497 3088 2615 3141 tum
2642 3079 2876 3143 virtutis
2900 3081 3238 3145 tirocinium
3264 3082 3374 3145 sub
3396 3083 3694 3163 Himerio,

310 3178 422 3233 aut
442 3164 830 3234 Servitiorum
854 3171 1231 3259 occasiones,
1254 3175 1361 3231 aut
1392 3171 1622 3259 uxoris,
1648 3176 1706 3228 et
1736 3167 1954 3231 libero-
1976 3210 2016 3259 ο
2043 3169 2126 3259 [ta
2152 3176 2261 3259 est.
2300 3166 2412 3229 Sed
2442 3169 2610 3259 cujus
2640 3171 2874 3233 virtutis
2899 3177 2927 3234 ?
2954 3171 3128 3234 Aliud
3155 3182 3247 3235 est
3270 3173 3496 3237 militia;
3530 3184 3604 3256 ty:
3622 3198 3698 3239 o—

307 3277 467 3335 rum,
489 3264 548 3322 et
575 3259 1147 3339 domuscuram,aut
1176 3258 1415 3339 aliquas
1442 3258 1606 3320 alias
1628 3276 1957 3326 causas,re-
1989 3257 2002 3259 ί
2042 3257 2265 3318 cinium
2297 3275 2431 3318 cum
2482 3257 2541 3318 in
2574 3268 2764 3321 castra
2813 3259 3190 3335 deducimur,
3227 3261 3429 3345 ibique
3483 3266 3701 3345 primis

306 3366 527 3412 cusans
547 3349 712 3425 id,de
733 3365 847 3428 quo
888 3365 999 3410 nos
1032 3357 1087 3411 te
1114 3366 1417 3429 rogamus.
1454 3348 1585 3427 Ego
1616 3354 1818 3410 autem
1853 3346 1965 3410 tibi
2041 3347 2185 3408 artis
2244 3346 2518 3408 militaris
2574 3350 2889 3430 praeceptis
2937 3351 3266 3427 initiamur,
3319 3371 3437 3432 que
3498 3355 3698 3434 potius

308 3455 515 3501 rerum
557 3439 1056 3519 prosperitatem,
1089 3436 1496 3517 fertilitatem,
1530 3446 1587 3499 et
1634 3435 1959 3498 abundan-
2042 3435 2266 3496 militiae
2307 3436 2772 3516 auspicamenta,
2809 3450 2867 3501 et
2890 3439 3208 3507 elementa,
3244 3447 3306 3502 et
3333 3440 3697 3506 incunabula

310 3529 463 3592 tiam
518 3528 654 3610 [56]
706 3545 916 3591 rerum
958 3530 1230 3590 omnium
1276 3528 1593 3608 polliceor,
1629 3533 1686 3589 et
1713 3528 1847 3605 fore
1896 3533 1961 3587 ut
2041 3523 2159 3586 dici
2193 3533 2536 3588 merentur:
2572 3526 2731 3587 aliud
2765 3536 2856 3589 est
2912 3529 3323 3609 imperatot'ias
3346 3530 3576 3593 virtutis
3608 3533 3695 3595 ti—

307 3634 600 3697 magnum
632 3617 745 3679 tibi
771 3623 1052 3696 suppetat
1082 3623 1293 3679 otium.
1348 3614 1655 3688 Quomodo
1687 3633 1823 3692 ergo
1857 3613 1957 3694 qui
2040 3614 2353 3689 rocicium,
2395 3633 2525 3674 cum
2560 3616 2821 3677 emensis
2852 3617 3125 3679 militaris
3159 3618 3273 3697 [5'7]
3319 3620 3546 3699 peritiae
3582 3637 3693 3681 ru-

308 3705 537 3783 majora
592 3704 652 3764 in
686 3703 1018 3784 reipublica
1074 3723 1256 3784 opera
1287 3703 1583 3766 sustinere
1615 3712 1673 3764 et
1724 3711 1958 3782 poterat
2039 3703 2323 3764 dimentis
2347 3702 2418 3764 ad
2447 3705 2691 3783 majora,
2728 3714 2787 3767 et
2812 3705 3111 3769 nobiliora
3141 3708 3387 3786 gradum
3416 3707 3691 3782 facimus,

310 3802 369 3855 et
425 3791 675 3868 solebat,
729 3793 952 3873 quique
1008 3796 1178 3856 uxori
1232 3793 1549 3873 adjunctus
1607 3790 1829 3851 liberos
1883 3810 1951 3852 ex
2039 3801 2097 3853 et
2125 3792 2372 3871 regendi
2404 3791 2574 3864 alios,
2608 3801 2667 3855 et
2720 3795 2978 3856 ducendi
3013 3797 3329 3869 exercitus,
3367 3807 3423 3858 et
3448 3796 3693 3859 fallendi

307 3881 409 3943 illa
456 3889 910 3963 procreaverant
940 3880 1169 3963 plures,
1202 3881 1407 3961 viginti
1454 3880 1705 3941 duorum
1741 3879 1830 3941 vel
1863 3880 1948 3940 vi-
2037 3881 2344 3941 inimicum
2391 3888 2576 3942 artem
2645 3882 2989 3961 ediscimus,
3024 3885 3288 3966 provecti
3319 3887 3441 3966 jam
3494 3894 3689 3960 aetate,

306 3969 455 4050 ginti
486 3979 542 4033 et
572 3981 787 4052 qualor
817 3989 1106 4033 annorum
1132 3980 1278 4045 erat,
1306 3977 1364 4031 et
1396 3969 1571 4030 nimis
1599 3968 1949 4029 adolescen-
2038 3986 2153 4027 non
2202 3969 2475 4048 juvenes,
2511 3970 2705 4051 qualis
2737 3980 2860 4034 erat
2908 3974 3163 4053 Symeon
3226 3978 3335 4036 iste
3365 3974 3518 4056 apud
3570 3972 3685 4037 Hi-

310 4058 489 4134 tulus,
544 4068 602 4121 et
661 4079 776 4120 non
840 4061 1036 4141 potius
1092 4059 1499 4141 quadraginta,
1563 4065 1662 4118 aut
1722 4068 1774 4117 tr
1796 4058 1953 4137 ginta
2038 4062 2313 4132 merium,
2351 4068 2413 4120 ut
2471 4059 2601 4139 ipse
2658 4072 2862 4140 aperte
2914 4068 3042 4124 ait:
3102 4065 3300 4122 Τούτου
3359 4067 3454 4137 μὲν
3499 4064 3688 4138 ἐκείνῳ

306 4147 571 4227 puinque
617 4148 928 4210 minimum
962 4156 1133 4210 natus
1163 4148 1187 4209 Υ
1215 4146 1375 4212 Ordo
1424 4166 1660 4228 quoque
1692 4147 1816 4227 ipse
1848 4165 1949 4209 re-

2120 4151 2535 4228 ιτρατευόμενος,
2568 4152 2654 4205 καὶ
2686 4149 3133 4228 προϐιϐαζόμενος
3166 4168 3239 4216 εἰς
3290 4168 3482 4233 πεῖραν
3514 4176 3686 4231 στρα-

303 4252 439 4296 rum
496 4242 793 4313 gestarum
826 4234 885 4297 id
944 4237 1219 4318 postulat,
1258 4237 1314 4296 id
1371 4241 1657 4315 exposcit,
1704 4236 1761 4296 id
1823 4244 1946 4297 sta-

2120 4238 2284 4314 (ικὴν,
2321 4239 2416 4293 οἶα
2473 4238 2653 4298 π’ὒλος
2701 4242 2861 4316 μῆτρὶ
2912 4243 3041 4318 πρὸς
3095 4243 3157 4297 τὶ
3189 4245 3533 4321 γενναιότατα
3577 4249 3689 4299 τῶν

303 4321 458 4386 bilit.
519 4325 851 4405 Antequam
904 4327 1065 4387 enim
1116 4326 1548 4406 Metapbrastes
1582 4324 1780 4385 munia
1835 4344 1948 4404 pu-

2120 4327 2498 4403 .ατηγι,μάτων
2528 4329 2843 4406 συσκαίρων.
2875 4328 3116 4392 Partim
3150 4349 3283 4393 cum
3316 4349 3384 4394 eo
3414 4330 3692 4394 militans

303 4412 478 4501 hlica,
517 4421 569 4474 el
606 4413 935 4492 legationes
983 4417 1139 4497 apud
1173 4425 1403 4477 exteras
1436 4414 1703 4475 nationes
1732 4412 1945 4487 obiret,
2032 4416 2110 4477 ad
2161 4416 2574 4493 imperatoriae
2604 4418 2756 4478 artis
2805 4418 3171 4481 documenta
3219 4424 3687 4501 promorendus,

301 4501 367 4563 in
396 4500 526 4599 aliis
558 4502 791 4578 otﬁciis,
818 4523 951 4585 quas
978 4505 1279 4599 privatim,
1314 4514 1371 4567 et
1404 4506 1559 4566 inter
1589 4504 1949 4599 domesticos
1971 4511 2099 4599 Du!
2132 4503 2389 4582 equulus
2417 4506 2605 4599 matri
2632 4508 2782 4599 solet
2817 4508 2895 4599 ad
2951 4509 3690 4599 prceclarissimastrata-

301 4588 563 4670 parietes
593 4602 968 4667 exercentur,
995 4594 1149 4675 apud
1177 4594 1596 4675 imperatorem
1630 4592 1720 4654 sui
1753 4598 1949 4671 speci-
1973 4588 2010 4599 "
2032 4599 2275 4673 gemata
2296 4592 2598 4656 assiliens.
2635 4591 2960 4673 Strategica
2993 4597 3148 4658 enim
3184 4607 3294 4672 est,
3330 4607 3388 4659 ut
3419 4597 3690 4662 Onosan-

304 4696 440 4740 men
472 4679 741 4756 dederat,
776 4689 1016 4763 tumque
1045 4701 1181 4744 cum
1216 4683 1277 4745 iu
1313 4682 1567 4757 arcanis,
1601 4689 1660 4742 et
1705 4681 1950 4741 secretis
2033 4680 2137 4743 der
2166 4689 2225 4742 et
2248 4682 2362 4741 Leo
2385 4680 2712 4762 imperator
2738 4684 3317 4765 ιῐδάιιηι,ητρατηγῶν
3341 4689 3549 4764 ἀγαθῶν
3582 4690 3688 4746 ἅσ-

302 4767 570 4831 consiliis
592 4768 916 4832 ﬁdesillius
941 4771 1650 4853 innotuit,imperatorum
1675 4770 1949 4831 mandato
2036 4777 2604 4843 κησιςβινεηιιονιιιη
2638 4772 2856 4834 ducum
2882 4774 3468 4852 exercitatioquue
3498 4778 3686 4856 potis-

300 4856 569 4939 publicas
627 4877 802 4920 curas
829 4861 1110 4941 suscepit.
1168 4859 1449 4924 Psellus:
1503 4863 1597 4918 Καὶ
1626 4866 1807 4938 πρῶτα
1853 4860 1949 4933 μὲν

2120 4876 2276 4936 nam,
2314 4859 2466 4940 quod
2502 4868 2725 4921 asserat
2754 4862 3200 4943 Melaphrastes.
3238 4883 3354 4926 non
3383 4865 3452 4927 ad
3488 4882 3684 4943 πεῖραν

296 4959 421 5014 ταῖς
485 4949 881 5025 μυστικσιιτέρας
967 4951 1248 5032 ἐφεστήκει
1333 4952 1438 5009 τῶν
1510 4948 1787 5030 πράξεων,
1863 4953 1948 5006 καὶ

2120 4950 2420 5024 πατηγικήν,
2456 4951 2943 5012 exercitationem
2983 4955 3371 5034 strategicam
3426 4962 3680 5028 tantum,

297 5047 417 5100 τοῖς
498 5038 818 5117 ἀποῤῥήτοις
888 5039 1210 5118 βουλεύμασι
1280 5041 1532 5102 κοινωνὸς
1604 5040 1947 5115 παρειστήκει
2032 5035 2136 5098 sed
2168 5037 2238 5099 ad
2274 5039 2337 5094 τὰ
2367 5039 2711 5116 γενναιότατα
2741 5043 2844 5096 τῶν
2886 5044 3373 5124 στρατηγημάτων,
3407 5044 3488 5105 ad
3517 5061 3681 5123 ρνω-

296 5136 415 5191 τοῖς
456 5124 922 5201 συμϐουλεύουσιν.
987 5127 1134 5188 Ἐπεὶ
1192 5130 1245 5186 δὲ
1292 5133 1326 5198 ἡ
1372 5137 1464 5186 τοῦ
1523 5130 1718 5208 τροπου
1774 5130 1946 5191 πίστις

2120 5127 2371 5188 ενιέεἰηια
2416 5132 2871 5206 stratagemata.
2906 5127 3105 5207 Dices,
3139 5149 3202 5191 se
3233 5148 3443 5193 vocare
3481 5149 3679 5212 equu-

298 5210 355 5268 ἑν
396 5214 599 5279 τούτοις
657 5224 841 5275 τοῦτον
912 5217 1155 5299 ἐκήρυξε,
1217 5220 1351 5295 μετὰ
1419 5218 1525 5274 τῶν
1582 5215 1805 5290 ἀδύτων,
1858 5219 1949 5271 καὶ

2120 5232 2155 5274 n
2188 5214 2268 5277 ad
2316 5223 2593 5288 matrem,
2620 5216 2799 5272 πῶλον
2831 5220 2960 5297 πρὸς
2990 5227 3057 5295 τῇ
3091 5222 3276 5299 μητρί.
3334 5210 3683 5284 Simili—tudo

298 5300 396 5365 τὰς
426 5303 695 5377 κυσμικᾶς
728 5306 1003 5383 φροντίδας
1035 5306 1371 5387 συνείληφεν,
1404 5309 1474 5371 ὡς
1504 5307 1656 5363 αὖτὸν
1688 5306 1948 5381 γεγενῆς-

2120 5322 2151 5363 n
2177 5312 2405 5365 aetatem
2424 5305 2690 5383 respicit,
2718 5324 2781 5367 se.
2804 5306 3166 5369 docilitatem
3200 5318 3257 5369 et
3280 5307 3680 5388 disciplinam.

297 5393 383 5446 θαι
415 5389 729 5469 εἷσαγγελέα
777 5416 835 5450 τε
863 5404 939 5455 τῶ
970 5398 1245 5476 κρατοῦντι
1299 5397 1401 5452 τῶν
1432 5394 1642 5465 ἔξωθεν,
1670 5396 1754 5448 καὶ
1800 5392 1946 5470 ἐξαγ-

2124 5391 2544 5453 emadmodum
2572 5393 2732 5454 enim
2759 5395 3014 5475 equulus
3038 5399 3209 5459 matri
3233 5397 3681 5477 obtemperans,

298 5476 459 5557 γελέα
512 5483 618 5534 τῶν
666 5489 757 5538 τοῦ
788 5493 1101 5560 κρατοῦντος
1145 5499 1261 5550 τοϊς
1303 5483 1511 5551 ἔξωθεν.
1543 5482 1625 5543 Et
1675 5484 1941 5560 primum

2120 5480 2458 5561 sdiensque,
2490 5499 2559 5542 ea
2585 5500 2718 5561 qua:
2750 5484 2963 5545 matris
2997 5494 3160 5559 Sunt,
3194 5476 3475 5562 addiscit,
3506 5488 3583 5548 ita
3630 5500 3687 5551 et

296 5563 541 5647 quidem
592 5570 842 5656 praefuit
871 5573 1049 5637 rebus
1102 5577 1300 5656 magis
1355 5573 1602 5636 arcanis
1628 5581 1687 5633 et
1742 5587 1938 5631 seere-
2026 5569 2702 5652 quialiorum,imperto
2727 5572 3058 5652 morigerus
3083 5574 3309 5650 subest,
3345 5574 3682 5654 cujuscun-

314 5671 491 5718 orum
515 5655 911 5721 consiliorum
960 5664 1084 5743 fuit
1104 5655 1417 5746 particeps
1449 5678 1588 5725 cum
1618 5660 1940 5723 consulen-
2024 5678 2141 5742 que
2196 5659 2297 5722 ille
2326 5657 2407 5722 sit
2468 5657 2685 5737 aetatis,
2716 5678 2750 5721 a
2795 5660 3071 5740 ducente,
3104 5681 3172 5726 ac
3227 5673 3682 5741 manutenente,
