3930 6136
218 286 287 349 b3
894 291 992 353 DE
1044 288 1386 353 SCRIPTIS
1430 286 1813 352 SYMEONIS
1869 286 2456 351 METAPHRAST/E
2500 289 2890 353 DIATRIBA.
3323 331 3333 341 -
3504 282 3579 351 54

217 440 559 504 quacunque
585 423 691 486 ille
716 424 1095 505 exsequitur,
1121 432 1399 504 tanquam
1431 441 1465 485 a
1496 423 1719 504 majore
1750 441 1855 485 suo
1877 428 1914 477 Α
1941 423 2049 485 dro
2095 431 2262 483 actus
2295 430 2406 486 est.
2439 421 2709 504 Namque
2740 423 2928 505 potuit
2952 418 3295 500 aliquando,
3332 420 3417 482 vir
3446 421 3591 483 alias

216 510 501 572 instruitur
524 522 715 593 atque
751 514 1070 576 imbuitur.
1950 513 2455 592 prudentissimus
2488 522 2545 575 et
2594 513 2999 590 imperatoriae
3026 509 3259 574 virtutis
3315 510 3599 590 magister

271 604 426 677 Atque
459 608 535 660 ita
566 606 669 662 sub
697 606 1066 664 Comtanlino
1096 607 1560 679 Porphyrogenito
1587 606 1770 662 Leonis
1792 605 1863 676 βα
1946 600 2371 662 solertissimus
2395 602 2706 663 adversam
2735 601 2907 663 ferrm
2929 607 3338 666 aerumnamet
3358 598 3597 661 calami-

212 687 279 749 lio
301 697 413 749 tum
448 689 813 752 Theor-tistaz
839 708 977 752 eam
1004 693 1219 771 vitam,
1253 698 1381 753 tum
1426 691 1551 753 alia
1584 691 1862 753 divorum
1947 690 2163 751 tatibus
2190 709 2408 767 genere
2439 691 2692 753 fortunae
2723 691 2969 771 impetu,
3004 699 3062 753 et
3092 699 3154 751 ut
3190 684 3374 770 magis
3399 687 3595 749 infor-

210 784 323 838 σεῖο
348 795 477 838 eum
504 780 909 841 elucubrasse
951 787 1175 841 certum
1202 781 1593 855 videtur,non
1616 787 1682 842 ut
1705 778 1860 842 Alla-
1950 779 2112 841 tunio
2137 789 2402 857 gemeret
2428 780 2664 861 injuriis
2692 780 2978 860 principis
3001 777 3292 855 urgerin
3326 795 3460 840 vero
3481 775 3593 838 ad-

209 867 312 927 tius
328 867 533 929 scribit
553 867 674 929 sub
702 869 903 930 Leone
922 877 976 929 et
1002 868 1421 930 Constantino.
1461 868 1710 931 Allatius
1731 867 1863 930 Dia-
1948 871 2063 931 huc
2087 869 2547 931 examinandum
2579 878 2689 941 est,
2719 888 2790 930 an
2825 869 3161 933 Alexander
3180 869 3328 929 adeo
3352 866 3596 945 iniquus

210 953 362 1026 triba,
405 974 585 1031 (piam
623 956 958 1035 scripserat
991 957 1065 1017 de
1095 955 1329 1032 Psellis,
1356 958 1430 1020 de
1463 967 1645 1019 astare
1673 959 1859 1020 Meta-
1947 959 2219 1030 tuerit,ut
2244 958 2451 1021 laudes
2475 977 2709 1039 quoque
2731 958 2983 1022 Himerii
3004 959 3062 1019 in
3088 958 3294 1020 dolore
3320 963 3592 1036 poneret,

214 1044 425 1121 pbraste
477 1063 771 1124 quaerens
804 1045 980 1106 tradit
1011 1063 1145 1105 eum
1188 1045 1302 1108 sub
1336 1048 1557 1120 Leone,
1592 1055 1650 1107 et
1700 1048 1862 1108 Con-
1947 1048 2035 1108 vel
2089 1048 2170 1108 ita
2226 1046 2474 1108 sedulus
2503 1048 2731 1128 scripta
2771 1048 3027 1109 aliorum
3081 1046 3395 1126 indagarit,
3432 1053 3493 1105 ut
3544 1043 3595 1105 si

204 1133 437 1194 stantino
468 1134 723 1195 vixisse.
761 1134 821 1197 Si
844 1141 981 1195 ante
1010 1132 1227 1195 Leonis
1258 1134 1481 1195 obitum
1514 1153 1701 1196 annos
1731 1133 1857 1196 fere
1943 1136 2083 1216 quid
2138 1142 2195 1195 in
2234 1135 2349 1197 illis
2381 1137 2726 1217 esset,quod
2763 1138 2966 1198 minus
2994 1135 3308 1209 arrideret,
3345 1133 3593 1196 investi-

201 1220 383 1281 decem
416 1223 868 1303 \Ietapbrastes
897 1221 1166 1301 ejusdem
1200 1222 1415 1284 Leonis
1451 1223 1732 1284 mandato
1766 1223 1853 1285 le-
1942 1224 2155 1304 garet‘?
2206 1224 2398 1285 Homo
2431 1224 2677 1286 nefariis
2706 1225 3057 1287 libidinibus
3104 1224 3365 1303 deditus,
3400 1222 3594 1285 ventri

202 1312 306 1388 gari
339 1330 471 1389 prm.
492 1312 726 1372 inciam
761 1313 916 1392 apud
952 1312 1176 1373 Arabes
1208 1320 1556 1390 susceperat
1588 1312 1725 1374 filiis
1755 1331 1856 1374 au-
1945 1314 2339 1387 adilictus,dic
2362 1316 2736 1394 noctuqueiu
2768 1324 3077 1395 somno,et
3108 1314 3357 1393 segnitie
3387 1312 3597 1392 sepul-

199 1409 329 1472 rtus,
384 1420 447 1461 ac
508 1421 709 1483 prope
770 1400 1300 1483 quadragenariae,
1344 1402 1576 1464 malene
1623 1402 1860 1483 scripsit
1947 1413 2128 1476 tus,et
2171 1403 2344 1483 plane
2369 1403 2746 1482 juvenculus.
2782 1403 3087 1467 Cedrenus
3123 1425 3136 1466 :
3174 1399 3231 1463 Ὀ
3262 1403 3315 1459 δὲ
3347 1402 3593 1479 βαειλεὺς

200 1489 427 1551 Allatius
452 1511 595 1552 eum
635 1491 748 1552 Sub
773 1493 967 1552 Leone
998 1502 1055 1551 et
1086 1489 1469 1553 Constantino
1489 1490 1834 1554 vixisse‘lSei

1948 1493 2279 1568 ’Λλέξχνὸρος
2313 1495 2397 1548 καὶ
2451 1494 2614 1549 πάλαι
2644 1494 2755 1570 βίον
2787 1492 3115 1572 ἁϐροδίαιτον
3146 1493 3311 1572 ἔχων,
3350 1495 3436 1548 κκὶ
3471 1490 3590 1547 δια-

200 1579 418 1657 scripsit
449 1599 596 1641 cum
632 1583 1022 1659 scriptionem
1058 1598 1332 1641 exorsum
1365 1581 1477 1642 sub
1505 1580 1725 1661 Leone,
1750 1579 1834 1642 sul

1948 1583 2272 1662 κεχυμένον,
2305 1582 2401 1637 ναΐ
2448 1583 2578 1658 πρός
2625 1592 2759 1658 μόνα
2807 1582 3138 1658 ἐπτοημένου
3168 1583 3233 1638 τὰ
3282 1579 3591 1658 κυνηγέσια,

203 1668 586 1730 Constantino
640 1678 699 1731 et
755 1669 1021 1731 Romano
1073 1677 1287 1750 nepote
1328 1668 1674 1731 absolvisse.
1705 1669 1834 1743 Quit

1948 1675 2027 1727 καὶ
2073 1673 2163 1736 τὰς
2219 1670 2382 1734 illa:
2441 1670 2793 1745 ἀκολάστους,
2830 1677 2923 1729 Λαὶ
2986 1670 3430 1747 ἐκδεδιῃτημὲνας
3488 1674 3594 1725 τῶν

205 1764 308 1815 tum
335 1755 361 1818 ?
390 1762 626 1819 Annon
654 1761 848 1834 potuit
870 1758 1135 1819 scribere
1158 1758 1711 1838 quadragenarins?
1740 1760 1834 1820 Sci

1948 1760 2201 1838 πρέῖεων,
2237 1763 2320 1816 xxi
2356 1760 2522 1836 μηδὲν
2556 1760 2706 1838 ἔργον
2738 1761 3028 1839 βασιλέως³
3060 1763 3143 1817 sui
3174 1761 3278 1816 τῶν
3313 1758 3450 1815 ὅλων
3481 1757 3596 1837 ἐγέ-

199 1863 300 1905 non
329 1847 581 1922 scripsit
606 1846 989 1909 Theoctistes
1011 1850 1214 1912 vitam.
1244 1849 1364 1908 Nec
1388 1848 1639 1909 Allatius
1663 1848 1720 1908 id
1756 1848 1834 1909 di-

1948 1871 2056 1905 νετο
2118 1851 2404 1927 ἐγκρκτὴε,
2439 1850 2583 1908 οὖδὲν
2647 1849 2787 1914 ἄξιόν
2845 1849 3098 1928 λύτο·ηῆ
3156 1847 3493 1919 διενοήσατο,
3556 1845 3592 1913 ἢ

198 1935 286 1997 xit.
323 1953 431 1996 nec
465 1955 671 1997 caecus
717 1935 778 1996 id
811 1936 1075 2016 dixisset,
1114 1955 1247 1997 cum
1280 1945 1483 2017 aperte
1532 1938 1588 1997 in
1623 1956 1691 1998 ea
1722 1938 1856 1998 Vita

199 2023 416 2084 dicatur
441 2028 655 2087 Leone
683 2033 914 2085 mortuo
947 2023 1132 2085 Vitam
1162 2024 1446 2104 scriptam
1481 2023 1853 2088 fuisse.Dixit

199 2109 424 2169 Allatius
458 2116 848 2184 scriptionem
882 2128 1176 2171 exorsum.
1211 2112 1461 2170 Probare
1490 2114 1684 2171 debuit
1718 2116 1850 2172 Bol—

201 2192 413 2269 lendus,
449 2216 675 2274 praeter
700 2202 856 2261 Vitas
902 2214 952 2259 et
982 2203 1115 2260 Acta
1142 2210 1473 2260 sanctorum
1501 2203 1647 2260 nihil
1693 2203 1853 2261 aliud

199 2291 663 2363 scripsisse.Cum
683 2292 1027 2352 anachoreta
1061 2292 1450 2363 Metaphrasue
1470 2291 1751 2365 imponat.
1780 2309 1852 2351 ne

197 2382 405 2458 amp-12v
458 2385 670 2462 λόγων,
702 2400 1039 2446 sermonum
1074 2383 1446 2462 imperitiae:
1493 2384 1550 2444 in
1584 2383 1849 2445 medium

199 2472 611 2552 aderat,plane
629 2472 755 2551 jam
780 2480 1010 2534 certum
1044 2470 1284 2552 reliquit
1311 2471 1765 2552 Metaphrastem
1788 2473 1847 2534 in

196 2563 512 2627 scribendo
546 2566 806 2625 multum
841 2562 1117 2625 habuisse
1148 2582 1347 2637 usuri,
1374 2565 1432 2625 in
1464 2583 1655 2645 eoque
1685 2564 1846 2626 mul-

200 2661 307 2711 tum
339 2670 406 2714 se
441 2655 823 2715 exercuisse.
859 2652 1121 2725 Quanam
1155 2670 1295 2732 ergo
1321 2658 1549 2714 ratione
1590 2652 1846 2716 dicimus

198 2745 627 2816 letapbrastem
673 2747 781 2803 sub
805 2745 994 2803 Leone
1025 2760 1140 2803 non
1164 2745 1491 2814 scripsisse?
1519 2746 1671 2803 Inter
1703 2746 1845 2804 vitas

197 2829 376 2899 itaque
401 2839 743 2887 sanctorum
764 2835 1013 2900 primum
1036 2829 1222 2885 locum
1247 2829 1842 2899 occupat'fhcoctiste,

198 2930 318 2972 cum
338 2923 486 2976 ante
505 2912 655 2975 alias
674 2913 835 2974 illam
862 2911 1167 2993 scripserit
1195 2911 1270 2973 ita
1293 2910 1487 2974 Psello
1509 2922 1843 2994 asserente,

198 3014 323 3063 ante
351 3005 504 3066 alias
534 3006 921 3086 scriptiones,
956 3024 1072 3066 non
1100 3006 1264 3078 Μυκη,
1303 3024 1435 3066 cum
1469 3004 1582 3066 alia
1611 3022 1848 3086 quoque

201 3111 325 3153 eum
379 3096 705 3170 scripsisse
736 3094 1134 3156 ctrtissimum
1186 3094 1281 3155 sit.
1319 3094 1393 3156 Et
1440 3112 1710 3174 quaenam
1748 3094 1847 3155 ille

1864 3145 1908 3193 υ

1935 1939 2323 2011 κατεπριίξςιτο.
2390 1939 2717 2000 Enimvero
2771 1937 3127 2000 Alea-under
3164 1939 3297 2014 jam
3355 1937 3592 2013 pridem

1936 2027 2137 2089 mollis
2192 2027 2620 2107 dissolutceque
2650 2035 2923 2089 assuetus
2972 2029 3132 2098 vitae,
3165 2025 3428 2103 solisque
3476 2024 3588 2086 de-

1934 2117 2096 2178 ditus
2126 2117 2570 2196 venationibus,
2606 2116 2869 2196 aliisque
2920 2111 3463 2195 intemperantibus
3493 2121 3589 2175 at-

1935 2222 2047 2285 que
2099 2208 2543 2285 intempestivis
2575 2206 2934 2282 actionibus,
2968 2205 3209 2267 nullius
3258 2205 3593 2281 imperato-

1936 2312 2064 2356 rem
2123 2294 2381 2356 decentis
2436 2301 2530 2357 rei
2586 2295 2867 2374 gerendae
2914 2300 3197 2376 ignarus,
3240 2298 3594 2372 tantumque

1935 2382 2136 2454 luxui,
2171 2391 2228 2445 et
2259 2382 2621 2446 libidinibus
2653 2386 2939 2458 intentus,
2969 2384 3289 2462 imperium
3308 2380 3587 2460 adeptus,

1932 2471 2094 2534 nihil
2134 2471 2527 2534 memorabile
2553 2489 2744 2550 neque
2778 2472 3090 2553 cogitavit,
3122 2487 3311 2549 neque
3343 2474 3489 2550 egit.
3521 2466 3592 2529 Et

1928 2561 2350 2625 Constantinus
2378 2559 2679 2624 Manasses
2716 2580 2729 2620 :

1933 2662 1989 2728 Ὀ
2020 2671 2119 2746 γὰρ
2151 2667 2495 2747 Ἀλέξανδρος
2527 2682 2754 2748 τρυφαῖς
2782 2665 3111 2748 ἠσχολνηκὼς
3142 2666 3233 2723 καὶ
3264 2667 3450 2729 πότοις

1934 2749 2039 2807 Καὶ
2071 2750 2231 2822 μόνον
2261 2752 2350 2805 τὸν
2382 2747 2750 2825 γαργαλισίμὸν
2781 2751 2875 2805 τοῦ
2904 2747 3155 2821 σώματος
3191 2752 3501 2824 φροντίσας,

1934 2828 2103 2885 ’Άλλο
2133 2828 2179 2885 δ’
2211 2828 2357 2887 οὒδὲν
2377 2828 2624 2894 κατάξων
2655 2836 2744 2886 τοῦ
2775 2826 3046 2902 βκσιλεὶου
3074 2828 3298 2903 κράτους

1932 2912 2004 2988 ς)οὸ
2035 2908 2249 2985 δράσας,
2286 2913 2345 2967 οὗ
2376 2907 2753 2988 φθεγξάμενος,
2789 2909 2846 2965 ού
2879 2908 3032 2988 σχὼν
3062 2908 3201 2963 κατὰ
3231 2904 3473 2983 Ακρδίαν,

1934 2979 2026 3049 Ὠς
2060 2979 2212 3053 ἄνθος
2246 2979 2719 3068 ἕῤῥευέενόἷκτρὸν
2740 2979 3074 3066 ⁷ἐκμαρὶὠὲν
3104 2985 3261 3066 ἡλίῳ,

1936 3070 2030 3125 Καὶ
2064 3070 2256 3149 τάχιον
2290 3070 2491 3134 ἐξέλιπε
2524 3070 2699 3130 νόσοις
2732 3070 2905 3128 τακεὶς
2947 3068 3176 3147 φθινάσι.

200 3182 504 3263 scripserit
535 3185 563 3245 ?
596 3184 807 3247 Dicent
836 3182 936 3244 alii
974 3204 986 3245 :
1040 3183 1165 3264 ipse
1195 3183 1427 3245 divinus
1462 3202 1576 3244 non
1608 3202 1761 3259 sum,
1792 3175 1908 3243 et"
1930 3183 2087 3246 Nam
2122 3183 2468 3245 Alexander
2507 3182 2913 3262 voluptatibus
2945 3188 3000 3243 et
3032 3175 3581 3260 eompolationibus

206 3271 505 3333 borrinem
543 3281 885 3355 provectum
913 3281 1102 3345 aetate,
1138 3282 1196 3334 et
1226 3273 1323 3353 qui
1349 3272 1711 3346 scientiis,ac
1729 3272 1851 3334 dis-

204 3360 525 3441 ciplinis.et
557 3363 855 3443 praecipue
887 3362 1200 3424 relliorica‘.
1225 3380 1466 3441 operam
1490 3361 1848 3443 dederit,an-

203 3458 258 3509 ιε
286 3453 680 3531 quadraginta
719 3471 908 3513 annos
930 3452 1147 3531 aliquid
1172 3450 1512 3531 scripsisse,
1548 3451 1844 3512 edidisse-

204 3558 310 3618 que
343 3540 400 3600 in
440 3540 670 3620 vulgus,
703 3541 839 3622 quis
885 3541 1146 3620 prudens
1183 3539 1471 3617 negabit?
1522 3542 1844 3602 Possumus

204 3627 366 3689 etiam
398 3629 604 3692 dicere
635 3639 769 3691 ante
801 3630 1015 3691 Leonis
1063 3629 1437 3710 imperatoris
1468 3628 1687 3690 obitum
1715 3623 1843 3707 [58]

204 3718 583 3780 concinnasse
640 3719 763 3793 illa,
798 3737 926 3798 qua;
977 3720 1050 3778 de
1101 3717 1475 3779 Theoctistes
1528 3718 1845 3779 virtutibus

205 3808 453 3887 scripsit,
490 3808 927 3888 publicaturum
981 3826 1116 3867 vera
1157 3814 1360 3885 postea
1391 3825 1461 3867 ea
1514 3806 1842 3886 addidisse,

202 3915 323 3973 quia
350 3898 422 3958 de
452 3899 652 3958 Leone
675 3897 1045 3964 defuacto,et
1078 3896 1258 3956 rebus
1289 3894 1418 3974 ipse
1441 3896 1565 3956 suis
1587 3904 1844 3957 enarrat.

205 3983 578 4046 Prmfationcs
610 3984 867 4057 enim,nt
902 4002 1244 4045 sermonum
1271 3983 1556 4062 prooemia
1581 3985 1847 4064 smpissi-

204 4089 287 4133 me
312 4076 522 4155 opellis
549 4073 790 4152 scriptis
812 4073 1084 4134 addimus
1118 4072 1235 4149 Ego
1266 4080 1478 4151 praeter
1500 4071 1665 4133 Vitas
1691 4073 1845 4133 mul-

206 4170 253 4221 ta
276 4163 523 4244 hujusce
548 4164 832 4235 auctoris,
860 4170 917 4223 et
948 4162 1232 4237 carmine,
1269 4170 1325 4221 et
1356 4179 1552 4242 prosa,
1578 4162 1844 4222 oratione

205 4253 430 4332 scripta,
469 4270 659 4331 eaque
716 4250 1161 4329 elegantissima
1215 4248 1356 4322 vidi,
1392 4259 1449 4311 et
1498 4268 1605 4330 per
1658 4250 1840 4311 otium

208 4341 326 4420 legi,
362 4361 494 4423 quin
527 4341 683 4401 infra
713 4338 1065 4401 reccnsebo.

266 4435 316 4490 Si
359 4433 481 4490 Vita
518 4442 725 4490 sanrtm
746 4433 917 4489 Tht'Ut
940 4434 1095 4489 tistes
1125 4432 1308 4504 prima
1338 4433 1449 4503 ejus
1479 4434 1843 4489 commentatio

202 4519 328 4594 fuit,
356 4519 515 4580 nihil
554 4520 744 4599 igitur
774 4517 883 4579 sub
910 4519 1103 4578 Leone
1134 4517 1567 4597 scripsitque-et
1598 4519 1840 4597 quidem

204 4608 443 4669 ediderit
475 4613 534 4665 in
568 4607 782 4669 lucem.
817 4605 941 4667 Hoc
984 4624 1116 4666 vero
1150 4605 1357 4666 falsum
1389 4615 1477 4667 est
1509 4624 1523 4681 ;
1561 4624 1838 4685 namque,

204 4707 251 4756 η’
269 4714 438 4775 supra
464 4695 931 4768 dixi-itus,homo
952 4712 1018 4755 ea
1041 4706 1215 4755 actate
1240 4695 1290 4756 si
1309 4695 1464 4755 Vitas
1500 4702 1840 4755 sanctorum

203 4803 309 4846 non
333 4785 592 4863 scripsit,
628 4784 746 4844 alia
779 4783 1038 4863 scripsit.
1064 4783 1136 4844 At
1169 4802 1283 4844 non
1319 4783 1505 4845 edidit
1532 4784 1589 4843 in
1621 4782 1837 4844 lucem.

202 4871 333 4944 Quis
361 4871 420 4932 id
456 4871 586 4932 ait?
616 4871 675 4933 Si
710 4870 890 4932 edere
941 4871 998 4930 in
1039 4872 1252 4946 lucem,
1291 4871 1595 4947 publicare
1644 4869 1840 4946 fuerit,

203 4962 345 5021 mula
373 4970 507 5021 ante
538 4958 924 5023 Theoctistes
956 4961 1146 5020 Vitam
1183 4958 1543 5041 publicasse,
1575 4960 1706 5040 quis
1739 4978 1840 5020 ne-

201 5050 312 5120 get?
338 5050 539 5128 Neque
564 5048 927 5111 Alexandro
952 5064 1157 5110 rerum
1182 5050 1450 5127 potiente
1473 5050 1559 5110 ita
1586 5049 1839 5110 laudare

205 5139 522 5200 Himerium
550 5156 739 5200 ausus
768 5146 941 5197 esset.
977 5135 1257 5198 Solemne
1282 5137 1337 5197 id
1366 5136 1470 5197 fuit
1496 5137 1627 5198 aliis
1658 5136 1833 5198 etiam

202 5225 508 5290 historicis.
546 5225 703 5298 Quot
734 5223 938 5285 laudat
992 5224 1319 5303 Procopius
1351 5226 1505 5285 viros
1546 5224 1830 5295 illuslres,

206 5334 330 5392 qm‘s
350 5316 723 5378 Justinianus
754 5313 834 5373 im
848 5311 1493 5391 perator,etTheodnra
1516 5312 1666 5374 diris
1689 5314 1833 5375 ami-

208 5420 377 5464 serant
404 5408 758 5474 n:alis,adhu
824 5404 982 5461 Justi'
1014 5406 1142 5462 iano
1175 5407 1494 5475 superstite.
1532 5406 1679 5474 Quot
1708 5406 1834 5463 alii?

208 5510 265 5550 ut:
285 5492 537 5572 singulos
559 5506 945 5555 recenseam.
978 5487 1104 5550 Non
1127 5489 1328 5551 laudat
1358 5488 1689 5552 Ilimerium
1716 5494 1835 5553 Me-

207 5583 504 5666 taphrastes
534 5590 876 5667 propterea
902 5578 1055 5659 quod
1082 5581 1141 5641 in
1169 5578 1439 5642 exsilium
1472 5579 1543 5644 ab
1574 5578 1833 5642 Alexan-

1930 3275 2245 3347 indulgens,
2271 3292 2369 3332 nec
2392 3275 2503 3332 ulla
2538 3290 2598 3332 re
2629 3281 2782 3332 tanto
2811 3273 3032 3345 imperio
3079 3272 3267 3343 digna,
3292 3269 3375 3327 vel
3400 3284 3579 3341 opere.

1930 3359 2027 3422 vel
2044 3360 2236 3422 verbis
2256 3358 2645 3440 pet‘fecta,t'el
2661 3360 2866 3419 animo
2886 3357 3141 3435 denique
3160 3360 3583 3434 concepta,ceu

1930 3450 2039 3527 ﬂos
2061 3448 2211 3511 solis
2233 3449 2590 3527 efﬁcacitate
2612 3463 2983 3508 marcescens
3006 3442 3333 3507 exstinctus
3348 3450 3521 3516 est,et
3541 3460 3579 3503 a

1926 3538 2147 3599 morbis
2166 3537 2448 3600 celeriter
2473 3534 2928 3614 ubsumptus.Et
2952 3531 3302 3593 mirabimur
3324 3532 3372 3590 si
3392 3531 3577 3592 illata-

1930 3629 2226 3709 phrnstes,
2253 3625 2377 3686 vivo
2411 3624 2751 3687 Alexandro
2787 3623 2915 3702 [591
2951 3623 2999 3682 si
3036 3631 3230 3681 tamen
3270 3628 3413 3709 tum,
3443 3637 3578 3681 cum

1928 3708 2027 3777 illa
2045 3715 2472 3793 Metaphrastes
2494 3712 2811 3787 scriberet,
2846 3711 3183 3776 Alexander
3204 3708 3453 3783 vivebat,
3479 3708 3579 3789 qui

1930 3804 2111 3865 Leoni
2147 3803 2435 3864 tredecim
2474 3810 2694 3863 tantum
2725 3820 2964 3862 menses
2998 3798 3341 3879 supervixit,
3375 3796 3582 3858 laudes

1931 3894 2061 3954 illas
2093 3912 2198 3953 suo
2232 3892 2495 3953 Himerio
2530 3892 2811 3952 tribuisse
2839 3898 2866 3953 ‘l
2900 3889 3184 3969 Equidem
3239 3886 3477 3949 difﬁcile
3506 3887 3579 3948 ad

1932 3984 2107 4045 ﬁdem
2142 3993 2253 4062 est,
2298 3982 2755 4063 MetapliraStem
2790 3989 2917 4059 post
2936 3978 3217 4057 Scriptum
3253 3973 3474 4056 aliquid
3498 3975 3580 4037 ita

1934 4071 2272 4152 neglexisse
2308 4094 2322 4142 ;
2381 4081 2441 4131 ut
2473 4088 2777 4149 nunquam
2837 4078 3037 4146 postea
3070 4065 3215 4127 illud
3280 4065 3335 4125 in
3370 4080 3579 4125 manus

1931 4161 2277 4240 sumpserit,
2337 4159 2700 4238 legeritque,
2754 4157 3169 4232 relectumque
3226 4152 3575 4213 correxerit.

1926 4249 2121 4312 Potuit
2145 4268 2279 4327 ergo
2313 4249 2514 4310 laudes
2539 4245 2786 4309 Himerii
2816 4255 3046 4307 mortuo
3078 4242 3404 4304 Alexandro
3432 4242 3578 4303 Vita)

1925 4349 2097 4402 antea
2128 4339 2364 4419 scriptas
2384 4344 2729 4399 annectere.

1996 4432 2289 4501 Subditur,
2308 4430 2579 4503 praecipue
2606 4428 2851 4502 publica:
2881 4444 2961 4482 res
2991 4432 3250 4483 tractasse
3280 4424 3376 4479 sub
3405 4422 3576 4481 Lione

1865 4491 2429 4595 Dcwpit.Quid'ante
2455 4491 2713 4575 Leonem
2743 4512 2929 4590 egerit
2951 4508 3573 4589 Metaphrastes,igno-

1926 4613 2111 4666 ratur.
2144 4601 2212 4662 Et
2242 4603 2437 4662 forsan
2472 4600 2659 4681 potuit
2691 4599 2891 4662 Basilii
2948 4597 3290 4661 Macedonis
3320 4596 3571 4676 imperio

1928 4693 2164 4773 publico
2226 4690 2463 4769 negotio
2509 4690 2771 4769 defungi.
2826 4688 2940 4751 Sed
2991 4696 3116 4749 esto
3163 4685 3401 4765 cas-perit
3458 4684 3569 4746 sub

1927 4782 2369 4844 Leone.Annon
2406 4777 2593 4859 potuit
2616 4779 2726 4839 Sttb
2757 4779 2883 4858 ipso
2917 4776 3149 4856 imperii
3176 4775 3416 4836 exordio
3451 4792 3568 4835 non

1923 4870 2298 4948 adolescens,
2334 4888 2378 4928 si
2402 4869 2435 4930 d
2493 4876 2663 4928 aelate
2696 4875 2969 4947 provecta
3020 4883 3234 4926 munus
3268 4861 3565 4943 publicum

1924 4957 2404 5029 sustinere?Quid
2441 4974 2580 5035 ergo
2609 4955 2990 5017 doctissimus
3014 4952 3331 5015 Bollandus
3363 4958 3569 5011 contra

1921 5047 2195 5109 Allatium
2217 5046 2569 5125 inferet,qui
2596 5045 2739 5105 dixit
2758 5045 3211 5125 Metaphrastem
3237 5040 3345 5100 sub
3366 5038 3567 5100 Leone

1917 5137 2183 5198 vixisse?
2235 5135 2323 5195 An
2374 5134 2474 5215 qui
2508 5132 2618 5195 sub
2664 5132 2861 5194 Leone
2913 5132 3122 5212 incipit
3153 5148 3249 5190 res
3298 5126 3566 5215 publicas

1917 5236 2191 5303 tractare,
2228 5223 2338 5284 sub
2391 5214 2587 5284 Lcone
2620 5223 2841 5298 vivere,
2875 5229 2973 5282 aut
3004 5222 3218 5280 florere
3273 5214 3567 5276 dicendus

1915 5333 2032 5377 non
2065 5323 2151 5373 est
2180 5312 2210 5371 ‘l
2268 5312 2423 5373 Vixit
2453 5312 2672 5390 itaque,
2708 5310 3061 5388 scripsitque
3109 5306 3218 5367 sub
3251 5306 3467 5375 Leone,
3506 5312 3567 5364 et

1916 5400 2303 5467 Constantino
2333 5400 2784 5480 Metaplirastes,
2810 5405 2876 5457 ut
2905 5397 3154 5457 Allatius
3172 5390 3374 5453 scribit
3402 5409 3417 5464 ;
3444 5408 3566 5480 non

1919 5489 2320 5553 utBollantlus
2350 5475 2675 5550 excludens
2706 5475 2987 5562 Leonem,
3023 5482 3129 5545 sub
3175 5475 3566 5544 Constantino

1918 5577 2429 5665 Porphyrogenito
2460 5571 2674 5643 Leonis
2704 5571 2849 5639 tilio.
