3930 6136
178 332 229 395 57
872 333 967 393 DE
1012 328 1351 393 SCRIPTIS
1396 325 1780 390 SYMEONIS
1822 322 2414 388 METAPHBAS'I‘IE
2457 319 2847 384 DIATRIBA.

3450 316 3527 382 58

173 461 519 545 ισηῐὲαηι,ᾳαὶ
545 464 701 526 dum
723 465 968 527 clavum
988 465 1369 542 imperiiper
1385 465 1674 543 pietatem
1699 462 1794 523 di-
1814 467 1850 516 A
1879 476 2044 519 mare
2077 465 2494 534 argumentum
2523 455 3088 518 excutiamusBona
3119 462 3393 545 precatur
3416 455 3529 545 lm-

175 557 508 633 rigit,etcu.m
534 572 784 616 morum
801 554 1106 634 probitate
1129 559 1380 614 ornatus
1401 554 1534 632 ipse
1554 553 1789 624 sit,tum

170 651 292 705 etiam
339 646 585 704 diadema
616 647 888 702 doctrinis
917 651 1173 708 exornat,
1208 661 1383 700 veram
1406 647 1794 716 ingenuumque

170 732 352 792 obtinet
381 730 641 792 (trudent.
684 729 902 792 Subdit
936 729 1225 791 Scorsus:
1266 729 1410 801 Quis
1446 737 1648 788 autem
1679 735 1788 798 est,

165 825 360 888 obsecro,
397 823 542 878 otius
574 822 668 877 hic
703 823 1017 892 imperator,
1046 822 1144 893 qui
1172 821 1437 892 sapientia
1463 827 1712 883 ornatus,
1747 824 1794 871 et

165 909 401 969 diadema
422 908 727 970 doctrina
754 908 1240 979 exornaritntisi
1271 907 1388 966 Leo
1420 904 1640 966 Basilii
1672 907 1765 964 Illo

163 1001 336 1058 cedentis
359 1000 524 1072 ﬁlius,
549 1001 649 1072 qui
681 1002 926 1074 sapiens,
951 1016 1044 1055 seu
1069 1000 1428 1072 philosophus
1457 999 1524 1055 ab
1554 995 1794 1052 omnibus

163 1088 467 1158 scriptoribus
485 1090 942 1158 cognominatur.
969 1086 1038 1142 Et
1059 1103 1166 1140 rem
1190 1086 1413 1156 insuper
1441 1084 1639 1140 mentio
1658 1084 1795 1154 ﬁlio.

163 1187 262 1228 mn
278 1173 613 1244 inperatoris
644 1187 765 1244 qua
791 1172 850 1242 ﬁt
882 1189 914 1224 α
943 1171 1254 1242 Theophane
1284 1169 1438 1225 valde
1467 1168 1793 1224 corroborat:

165 1257 319 1315 habuit
337 1257 480 1312 enim
504 1257 761 1313 Basilius
791 1256 998 1327 quidem
1025 1253 1250 1312 Leonem
1281 1254 1439 1318 hunc,
1472 1259 1523 1309 et
1553 1252 1796 1309 Alexan-

164 1341 558 1402 drumzaddere
580 1349 826 1420 poterat
847 1338 1374 1414 Constantiuum,et
1398 1336 1792 1416 Stephanum;

165 1434 272 1504 Leo,
321 1433 836 1495 Constantinum.
886 1435 1200 1503 Praeterea,
1256 1431 1314 1492 id
1367 1432 1525 1492 idem
1587 1427 1796 1509 probat

162 1525 374 1605 epistola
397 1527 602 1587 Photii
641 1527 1000 1606 patriarcha
1026 1525 1097 1584 ad
1120 1523 1546 1603 Theophanem
1584 1539 1793 1582 mona-

165 1619 309 1680 chum
341 1620 544 1694 missa,
587 1639 770 1698 quam
805 1623 1099 1695 integram
1152 1618 1354 1680 Grace
1384 1615 1560 1678 simul
1595 1624 1652 1676 et
1684 1616 1793 1676 La-

164 1708 260 1769 tine
301 1709 678 1787 descriptam
715 1709 898 1771 edidit
938 1712 994 1770 in
1044 1706 1322 1769 Proamii
1375 1703 1684 1780 secundi§
1734 1708 1793 1778 3,

1877 550 2134 627 peratori
2166 569 2180 622 ;
2211 554 2266 608 et
2307 546 2467 619 ﬁliis,
2501 564 2674 625 quem
2721 546 2863 606 dicit
2905 544 3216 624 sapientia,
3254 552 3310 603 et
3359 543 3527 603 torti.-

1879 638 2108 708 tudine,
2148 645 2204 696 et
2252 635 2587 696 diademate
2617 653 2649 695 a
2680 636 2801 696 Deo
2833 646 3207 709 exornatum,
3245 643 3301 694 et
3331 634 3526 710 impe-

1876 727 2030 786 rium
2071 745 2174 804 per
2199 727 2472 804 pietatem
2499 725 2764 802 dirigere
2791 743 2922 784 cum
2953 743 3184 784 morum
3212 722 3524 802 probitate,

1882 826 1999 876 tum
2024 817 2198 875 etiam
2224 815 2517 876 doctrinis
2537 812 2940 894 praeditude
2970 814 3194 886 ait,non
3225 813 3526 890 nego.Leo

1881 905 2202 984 imperator
2258 905 2363 964 l'uit
2400 905 2613 983 pietate
2667 913 2724 964 et
2755 903 3039 964 dotlrinis
3070 902 3340 980 insignis,
3375 902 3524 962 adeo

1881 1003 1942 1053 ut
1972 994 2266 1073 Sapientia
2313 1002 2775 1070 cognomentum
2811 993 2924 1052 sibi
2975 993 3268 1053 asciverit.
3302 990 3524 1052 Verum

1881 1091 1989 1143 est.
2023 1085 2178 1160 Ergo
2213 1084 2286 1143 de
2318 1083 2516 1144 Leone
2549 1082 2912 1161 imperatore
2961 1081 3140 1142 verba
3170 1081 3266 1141 illa
3300 1081 3523 1142 intelli-

1880 1172 2072 1249 genda
2095 1172 2385 1234 sunt.Hoc
2419 1190 2557 1231 vero
2584 1173 3302 1251 nequaquam.Nunquam
3336 1169 3524 1243 id,ni-

1880 1263 1927 1322 si
1963 1261 2268 1322 dormiens
2297 1261 2625 1322 alﬁrmabo.
2663 1259 3117 1340 Imperator,qui
3150 1261 3302 1320 ﬁlios
3322 1258 3521 1333 habet,

1879 1351 1979 1411 ille
2011 1360 2122 1427 est,
2155 1351 2252 1432 qui
2286 1359 2341 1412 et
2392 1349 2724 1425 virtutibus,
2761 1362 2818 1412 et
2848 1350 3180 1429 disciplinis
3227 1350 3426 1429 pollet.
3463 1347 3525 1412 Si

1879 1441 1955 1500 de
1987 1441 2180 1502 Leone
2205 1440 2501 1519 intelligas
2536 1440 2740 1500 falsum
2776 1449 2904 1500 est:
2939 1438 3204 1520 quamvis
3231 1440 3388 1500 enim
3423 1438 3524 1500 ille

1879 1537 1936 1590 et
1968 1530 2208 1610 pietate,
2246 1539 2300 1590 et
2345 1530 2616 1590 doctrina
2647 1529 2944 1602 excelluit,
2980 1546 3280 1608 nunquam
3324 1538 3522 1588 tamen

1881 1618 2032 1680 ﬁlios
2062 1619 2340 1680 habuisse
2373 1618 2670 1680 dicendus
2693 1627 2802 1692 est,
2840 1618 2942 1694 qui
2968 1619 3139 1678 unico
3170 1627 3392 1677 tantum
3419 1637 3520 1676 su-

1881 1709 2146 1785 perstite,
2184 1726 2374 1788 eoque
2410 1709 2655 1787 puerulo
2687 1707 2881 1768 adhuc
2928 1706 3317 1767 Constantino
3346 1706 3519 1767 vitam

164 1815 304 1875 quem
355 1796 802 1878 Theophanem
842 1815 978 1861 esse
1027 1797 1374 1859 Cerameum
1428 1795 1703 1866 suadent,
1738 1801 1857 1872 uta
1885 1798 2033 1858 ﬁnit.
2073 1798 2160 1858 Au
2196 1817 2314 1858 non
2345 1797 2630 1857 insaniret
2659 1797 3074 1877 TheOphanes,
3112 1795 3415 1876 probeque
3445 1795 3520 1855 ab

164 1883 371 1946 Scorsus
398 1888 731 1966 conjectat,
771 1886 972 1950 Sicilia
1007 1886 1154 1966 ipsa,
1188 1886 1359 1964 cujus
1394 1885 1455 1944 ﬁt
1489 1884 1708 1944 mentio
1741 1888 1798 1943 in
1883 1889 2266 1966 imperatore,
2295 1887 2547 1966 aliisque
2580 1886 2950 1954 irrideretur.
2979 1885 3161 1946 ﬁliuni
3188 1885 3428 1946 unicum
3461 1884 3520 1946 in

163 1975 261 2053 ipsa
281 1975 556 2055 epistola,
589 1995 664 2038 eo
691 1977 846 2056 quod
873 1994 1005 2037 cum
1039 1975 1170 2035 aliis
1203 1973 1468 2055 epistolis
1491 1992 1608 2034 una
1629 1989 1799 2053 repe-
1884 1976 2055 2051 ﬁlios,
2088 1994 2308 2055 eosque
2336 1976 2535 2055 plures
2559 1976 2908 2056 discerpens
2933 1983 2960 2038 ?
2991 1973 3052 2038 Si
3083 1975 3156 2036 de
3187 1973 3402 2035 Basilio
3419 1974 3522 2035 fal-

162 2064 334 2139 riatur,
364 2084 501 2145 qua
548 2072 618 2128 et
667 2065 952 2144 Gregorio
999 2064 1361 2144 Syracusano
1403 2063 1708 2143 episcopo,
1742 2070 1802 2123 et
1883 2084 2010 2126 sum
2035 2084 2270 2145 quoque
2301 2067 2685 2146 est;quamvis
2709 2069 2868 2126 enim
2904 2065 3004 2126 ille
3031 2065 3184 2127 ﬁlios
3223 2063 3521 2137 habuerit,

163 2151 443 2234 Euthymio
495 2156 744 2217 Catana
790 2154 1201 2234 Metropolitae,
1239 2161 1295 2215 et
1350 2151 1542 2213 Marco
1593 2151 1791 2212 Siculo
1883 2173 2182 2234 nunquam
2231 2163 2424 2214 tamen
2475 2173 2610 2216 eum
2645 2164 2702 2215 et
2751 2154 3042 2225 doctrina,
3079 2161 3137 2213 et
3186 2152 3521 2232 disciplinis

161 2242 363 2320 scripta
388 2253 561 2317 sunt,
599 2251 662 2304 et
695 2244 976 2320 temporis
999 2242 1171 2308 ratio,
1211 2259 1383 2320 quam
1419 2239 1566 2302 dicit
1597 2257 1660 2300 se
1692 2240 1788 2299 in-
1877 2253 2188 2322 prastasse
2219 2244 2406 2304 dices.
2439 2247 2492 2306 ls
2525 2245 2632 2304 arti
2667 2245 2902 2305 militari
2935 2243 3196 2316 deditus,
3226 2252 3288 2304 et
3316 2261 3525 2322 corpo-

164 2338 226 2389 tra
254 2330 523 2394 subtilius
547 2331 1448 2412 supputaturum.Theoplianes
1479 2328 1788 2410 igitur,qui

162 2427 494 2500 eotempore
517 2423 855 2483 monachus
880 2427 1028 2493 erat,
1061 2430 1265 2494 postea
1299 2419 1371 2478 ad
1405 2419 1667 2498 episcopi
1705 2419 1788 2479 di-

163 2507 407 2583 gnitatem
431 2522 702 2585 evectus,
732 2510 1028 2572 Zachariae
1055 2510 1162 2569 fuit
1193 2527 1526 2568 successor.
1567 2505 1634 2568 Et
1665 2509 1791 2568 hac

163 2598 370 2676 quidem
414 2602 674 2662 Scorsus
705 2600 993 2661 Bollaudo
1023 2607 1364 2678 reponeret.

229 2687 366 2760 Quid
396 2692 623 2752 Scorso
649 2689 996 2749 Bollandus?
1032 2693 1242 2762 Pauca,
1278 2687 1379 2747 sed
1416 2705 1521 2766 pro
1554 2705 1640 2747 re.
1674 2687 1792 2747 Me-

165 2777 453 2853 taphrasta
485 2786 720 2839 atatem
753 2777 861 2838 sub
899 2779 1116 2851 Leone,
1146 2786 1203 2836 et
1235 2776 1624 2838 Constantino
1663 2777 1793 2854 ejus

167 2863 268 2925 tilio
294 2867 695 2928 certissimam
729 2885 800 2927 ex
834 2867 1028 2928 Psello
1063 2866 1289 2928 haberi.
1347 2865 1588 2925 Frustra
1613 2866 1786 2925 aliam

167 2953 356 3034 inquiri
411 2957 557 3018 hinc
587 2957 968 3035 conjecturas
1009 2974 1219 3016 omnes
1266 2955 1342 3016 de
1374 2963 1540 3015 atate
1587 2954 1788 3014 Theo-

166 3044 349 3121 phanis
391 3047 601 3108 nullas
633 3064 787 3106 esse.
824 3045 1051 3106 Etenim
1090 3045 1141 3104 si
1175 3045 1570 3124 Theophanes
1601 3045 1788 3104 Meta-

164 3134 371 3210 phraste
397 3135 707 3198 recentior
728 3144 835 3206 est,
865 3146 927 3197 ut
959 3135 1130 3214 plane
1151 3143 1404 3206 est,cum
1436 3135 1564 3212 ipse
1601 3135 1787 3195 Meta-

165 3223 414 3300 phrastae,
452 3236 737 3306 tanquam
770 3223 1146 3302 antiquioris,
1183 3231 1239 3284 et
1282 3221 1646 3284 auctoritatis
1669 3216 1852 3301 jam"

165 3311 348 3374 adulta
397 3315 788 3376 meminerit:
846 3316 904 3374 et
957 3314 1392 3394 Metaphrastes
1422 3313 1629 3372 vixerit
1686 3312 1794 3372 sub

166 3401 336 3463 Leone
381 3412 437 3465 et
491 3404 905 3478 Constantino,
943 3422 1187 3465 necesse
1231 3410 1320 3462 est
1369 3400 1794 3481 Theophanem

166 3489 470 3554 subsecutis
499 3494 880 3571 temporibus
932 3501 1162 3553 atatem
1221 3491 1438 3569 egisse,
1501 3508 1796 3570 ruereque

165 3588 330 3641 omnia
362 3587 584 3651 Scorsi,
611 3587 825 3658 quibus
852 3587 1217 3656 Theophanis
1248 3594 1468 3641 atatem
1501 3584 1606 3639 sub
1643 3583 1801 3638 Basi-

167 3670 232 3729 lio
253 3679 305 3731 et
324 3671 521 3734 Leone
547 3671 910 3744 constabilit,
943 3680 999 3732 et
1036 3673 1324 3731 terminos
1350 3669 1483 3730 illos
1505 3687 1796 3728 annorum

173 3759 705 3838 intercurrentium,
737 3763 855 3839 1621
892 3763 1044 3822 inter
1074 3779 1219 3838 quos
1249 3759 1672 3839 Theophanem
1710 3758 1796 3818 vi—

173 3848 303 3911 xisse
331 3860 559 3926 censet,
601 3852 760 3912 leves
793 3869 947 3924 esse,
983 3869 1056 3910 ne
1088 3849 1228 3928 quid
1281 3849 1453 3928 pejus
1483 3849 1694 3908 dicam.
1727 3848 1801 3908 At

175 3939 349 4000 ﬂoruit
403 3951 547 4002 ante
596 3942 1056 4002 Tauromenium
1111 3951 1342 4017 captum
1377 3956 1409 3997 a
1464 3937 1801 4011 Saracenis,

176 4029 305 4106 quod
335 4041 573 4111 captum
595 4031 706 4090 fuit
729 4031 836 4090 sub
859 4029 1074 4090 Leonis
1105 4027 1308 4088 Basilii
1331 4026 1666 4087 Macedonis
1699 4027 1801 4087 ﬁlii

174 4115 435 4196 imperio:
475 4139 616 4181 cum
647 4117 1026 4181 Tauromenii
1060 4117 1407 4177 concionem
1442 4116 1668 4176 habens
1696 4134 1802 4175 vo-

176 4214 255 4266 cet
297 4206 627 4272 Saracenos
659 4207 944 4269 conﬁnes.
983 4209 1159 4269 Plura
1189 4207 1287 4266 hic
1345 4205 1650 4284 probanda
1683 4205 1805 4266 fue-

175 4305 302 4369 rant,
326 4298 577 4360 coucion
593 4317 685 4358 em
710 4297 868 4357 illam
905 4296 1286 4358 Tauromenii
1321 4293 1578 4356 habitam
1619 4317 1630 4356 :
1666 4313 1800 4356 cum

177 4388 353 4448 concio
377 4389 482 4450 illa
506 4386 1132 4460 habebatur,uondum
1161 4385 1622 4446 Tauromenium
1642 4403 1675 4444 a
1700 4383 1805 4446 Sa-

1874 2333 1954 2391 ris
1988 2330 2208 2392 viribus
2260 2343 2564 2404 strenuus,
2598 2351 2714 2392 non
2760 2333 3050 2405 doctrina,
3087 2341 3185 2392 aut
3235 2332 3524 2410 sapientia

1877 2420 2136 2480 innotuit
2188 2420 2258 2484 Et
2292 2421 2429 2482 licet
2459 2422 2568 2481 sub
2604 2422 2732 2500 ejus
2766 2421 3006 2481 nomine
3027 2429 3085 2481 et
3113 2420 3304 2499 capita
3333 2437 3524 2500 para-

1875 2509 2070 2570 uetica
2099 2511 2169 2570 ad
2202 2512 2459 2572 Leonem
2491 2512 2701 2584 ﬁlium,
2729 2520 2787 2572 et
2819 2510 3100 2570 nonnulla
3120 2511 3234 2571 alia
3264 2511 3524 2571 circum-

1876 2598 2163 2672 ierantur,
2200 2619 2315 2660 non
2349 2611 2662 2680 propterea
2693 2599 3010 2680 Sapientis,
3046 2599 3133 2660 vel
3187 2597 3523 2678 Philos0phi

1877 2687 1994 2748 sibi
2028 2707 2244 2749 nomen
2281 2707 2488 2750 eorum
2522 2697 2726 2751 auctor
2759 2688 3098 2750 vindicatit.
3142 2688 3334 2760 Quare
3364 2697 3526 2749 certo

1877 2781 2088 2837 certius
2114 2783 2600 2847 concludendum,
2635 2784 3043 2853 Theophanem
3080 2797 3195 2837 non
3228 2781 3526 2851 deprecari

1874 2865 2288 2946 Deum,neque
2321 2885 2425 2946 pro
2471 2867 2713 2928 Basilio.
2752 2868 2852 2948 qui
2907 2867 3236 2946 disciplinis
3269 2885 3526 2928 exorna-

1874 2957 1968 3015 lus
1998 2973 2115 3014 non
2148 2955 2280 3029 fuit,
2318 2976 2514 3037 neque
2544 2975 2648 3036 pro
2685 2961 2906 3030 Leone,
2945 2958 3044 3037 qui
3078 2957 3234 3017 ﬁlios
3265 2975 3382 3017 non
3414 2956 3525 3017 ha-

1874 3043 2022 3103 buit.
2053 3044 2137 3104 De
2170 3045 2419 3126 epistola
2449 3045 2639 3108 Photii
2663 3046 2733 3107 ad
2765 3046 3218 3124 Theophanem,
3256 3045 3400 3106 nihil
3438 3053 3531 3106 est

1878 3133 2034 3213 quod
2059 3135 2274 3209 dicam,
2302 3135 2402 3214 qui
2431 3135 2588 3195 enim
2624 3136 2888 3196 scribere
2925 3135 3115 3210 potuit
3139 3135 3386 3196 Photius
3417 3134 3526 3194 sub

1880 3223 2098 3284 Basilio
2130 3223 2477 3304 Theophani
2510 3227 2819 3297 Cerameo,
2855 3225 2954 3304 qui
3002 3225 3361 3285 mentionem
3392 3223 3530 3284 facit

1879 3312 2292 3394 Metaphrasta
2313 3313 2424 3374 sub
2452 3314 2648 3374 Leone
2671 3313 2887 3377 Basilio
2910 3313 3122 3387 ﬁlio,et
3142 3313 3526 3376 Constantino

1879 3411 2094 3481 nepote
2121 3403 2296 3462 vitam
2322 3403 2726 3481 argentis,nisi
2749 3421 2948 3464 rerum
2971 3403 3241 3463 ordinem
3267 3403 3526 3463 inverta-

1880 3490 2247 3553 mus?Fuerit
2270 3511 2338 3552 eo
2361 3499 2630 3569 tempore
2655 3501 2709 3553 et
2729 3490 3288 3565 MarcusSiculus,et
3312 3490 3528 3571 Euthy-

1887 3580 2040 3640 mius
2067 3579 2296 3640 Catena
2331 3582 2726 3660 metropolita,
2767 3589 2824 3640 et
2854 3580 3174 3657 Gregorius
3205 3578 3528 3660 Syracusa-

1885 3687 2016 3742 nus,
2044 3670 2112 3728 atl
2148 3689 2296 3748 quos
2327 3671 2533 3730 scribit
2569 3671 2853 3731 Photius:
2889 3670 3066 3733 fuerit
3101 3677 3159 3729 et
3189 3671 3298 3730 iste
3329 3667 3529 3729 Theo-

1886 3758 2108 3835 phanes
2137 3760 2458 3819 monachus
2509 3777 2645 3837 ergo
2674 3779 2746 3819 ne
2779 3761 2970 3819 statim
3001 3759 3524 3837 iste’l‘heophaues

1888 3847 2339 3908 erithrameus
2363 3848 2483 3922 ilte,
2513 3849 2682 3927 cujus
2708 3847 2831 3931 [63]
2874 3849 3000 3910 ista
3026 3847 3297 3908 Humilia
3321 3848 3532 3925 legun-

1893 3945 2005 4007 tur,
2042 3937 2277 4018 etquod
2315 3945 2502 4016 magis
2534 3947 2642 4012 est,
2667 3937 2964 3998 Zacharia
2993 3954 3302 3998 successor
3324 3935 3354 3995 ‘t

1969 4026 2238 4098 Quonam
2265 4045 2402 4104 ergo
2430 4040 2696 4107 tempore
2729 4027 2867 4089 vixit
2900 4025 3328 4106 Theophanes?
3357 4024 3533 4096 Qua-

1888 4124 1979 4176 rat
2026 4116 2120 4176 cui
2154 4116 2430 4195 placitum
2487 4128 2596 4178 est.
2633 4115 2783 4177 Satis
2827 4122 2900 4176 sit
2957 4115 3127 4177 nobis
3174 4112 3533 4187 ostendisse,

1889 4223 2023 4265 eum
2059 4205 2260 4266 Basilii
2314 4205 2675 4278 Macedonis,
2711 4214 2768 4264 et
2825 4204 3032 4265 Leonis
3064 4202 3222 4264 illius
3282 4203 3380 4263 lilii
3414 4221 3534 4263 avo

1890 4295 2072 4354 multo
2098 4293 2490 4374 posteriorem
2513 4311 2670 4356 esse.
2698 4293 2768 4354 Et
2791 4313 2965 4374 quam
3000 4294 3128 4373 ipse
3151 4311 3214 4354 se
3239 4292 3539 4353 invenisse

1891 4385 2198 4461 proﬁtetur
2227 4386 2480 4445 Scorsus
2497 4383 2910 4462 Metaphrasta
2937 4393 3168 4443 atatem
3192 4382 3342 4443 adeo
3374 4381 3533 4442 anti-

176 4476 378 4538 raceuis
399 4477 714 4539 subactum
737 4474 1410 4536 fuisse.Tauromenium
1430 4473 1616 4532 semel
1637 4492 1806 4534 occu.
1830 4543 1862 4551 _
1889 4480 2166 4549 quam,ut
2183 4491 2214 4532 a
2237 4472 2428 4533 Psello
2454 4473 2690 4533 seniore
2715 4471 2940 4533 laudari
2969 4471 3218 4551 potuerit
3235 4518 3249 4540 ,
3276 4471 3533 4532 fabulam

179 4573 346 4638 patum
394 4586 427 4628 a
458 4566 796 4639 Saracenis,
830 4583 1130 4644 nunquam
1168 4583 1200 4625 a
1246 4562 1597 4625 Christianis
1627 4581 1801 4625 recu-

182 4663 446 4729 peratum,
483 4675 616 4736 qua
651 4674 763 4716 nec
797 4655 1038 4734 probata
1066 4662 1227 4728 sunt,
1254 4671 1363 4712 nec
1384 4670 1642 4732 unquam
1673 4671 1803 4732 pro-

178 4741 279 4802 bari
308 4760 594 4818 poterunt.
631 4749 818 4817 Quare
844 4759 1078 4818 potuere
1103 4760 1227 4804 esse
1251 4746 1517 4802 Saraceni
1552 4747 1803 4813 ﬁnitimi,

180 4830 262 4889 sed
284 4849 391 4893 non
420 4831 842 4906 Tauromenio,
871 4831 974 4893 sed
1004 4829 1161 4902 urbi,
1191 4830 1249 4890 in
1274 4848 1385 4908 qua
1404 4828 1532 4910 ipse
1557 4848 1803 4908 perora-

183 4914 278 4988 bat,
305 4930 356 4981 et
381 4939 702 5003 perorasse
725 4921 1149 5000 Theophanem
1171 4919 1229 4980 in
1251 4919 1384 4979 aliis
1413 4917 1660 4979 urbibus
1687 4938 1805 4980 non

185 5023 280 5068 uno
308 5011 578 5090 exemplo
609 5011 765 5072 idem
800 5012 1050 5072 Scorsus
1083 5009 1374 5089 probavit.
1401 5007 1497 5069 Sic
1524 5007 1806 5069 ﬁnitimos

183 5112 289 5158 esse
309 5119 424 5160 non
450 5108 673 5162 tantum
698 5099 926 5173 urbi,in
954 5119 1069 5179 qua
1102 5115 1332 5170 sumus,
1353 5098 1675 5178 proximos,
1701 5097 1803 5158 sed

185 5200 264 5245 eos
291 5191 484 5264 etiam,
520 5190 620 5270 qui
645 5189 994 5269 provincia,
1033 5188 1091 5248 in
1127 5205 1239 5267 qua
1264 5204 1489 5258 sumus,
1524 5193 1580 5246 et
1613 5185 1805 5265 impe-

183 5273 534 5339 riilimitibus
559 5281 866 5356 adjacent.
901 5280 983 5337 Ita
1016 5276 1225 5338 Turca
1250 5275 1479 5336 ﬁnitimi
1515 5284 1652 5335 sunt
1684 5279 1804 5336 lta-

185 5359 274 5438 lite,
305 5378 359 5429 et
407 5365 619 5429 Sicilia
670 5367 954 5434 Africani,
991 5375 1048 5426 et
1097 5364 1359 5426 Polonia
1415 5363 1666 5424 Tartari.
1722 5363 1806 5425 De

187 5456 370 5535 templo
388 5459 738 5520 Sanctorum
759 5456 1178 5535 Apostolorum
1206 5453 1265 5513 in
1289 5451 1502 5531 palatio
1519 5452 1669 5512 nihil
1691 5463 1800 5515 est.

187 5534 284 5603 Non
311 5563 458 5608 unus
490 5545 749 5609 Basilius
779 5534 836 5606 id
890 5546 1084 5606 solum
1117 5549 1371 5604 conatus
1402 5549 1512 5602 est.
1549 5540 1619 5602 Et
1648 5542 1804 5598 πόλιν

189 5645 240 5690 eo
263 5633 374 5697 loco
403 5635 752 5717 Byzantium
797 5636 932 5716 quis
963 5632 1169 5696 (licet?
1215 5630 1646 5695 Verumtamen
1681 5629 1803 5710 pal-

1891 4579 2044 4623 esse.
2081 4559 2195 4622 Sed
2231 4579 2301 4621 ne
2335 4563 2390 4622 in
2439 4571 2786 4638 argumento
2838 4569 2953 4620 tam
2989 4561 3145 4620 serio
3172 4560 3366 4639 jejuni
3399 4578 3532 4621 esse

1888 4651 2209 4725 videamur,
2243 4669 2359 4710 nun
2398 4651 2552 4710 aliud
2590 4652 2645 4710 in
2669 4650 2915 4728 gratiam
2951 4650 3351 4709 studiosorum
3385 4649 3529 4710 atie-

1885 4757 2292 4819 remus,quam
2317 4741 2474 4818 quod
2498 4741 2624 4819 ipse
2638 4740 2887 4801 Scorsus
2903 4739 3233 4800 convellere
3259 4747 3534 4817 conatur,

1888 4840 1943 4888 et
1974 4830 2032 4888 in
2065 4830 2262 4892 aliam.
2299 4839 2470 4907 atque
2503 4829 2676 4890 aliam
2713 4834 3061 4890 sententiam
3099 4828 3431 4888 traducere.
3469 4829 3534 4888 In

1890 4919 2130 4979 humilia
2174 4918 2328 4978 dicta
2362 4919 2458 4978 die
2508 4917 2818 4980 Dominico
2853 4917 3182 4978 I’almarum
3230 4914 3536 4993 inscriptio

1889 5007 2011 5069 illa.
2067 5005 2300 5086 Ἐλὲχθη
2333 5008 2385 5062 δὲ
2440 5009 2662 5064 ἐνώπιον
2693 5014 2787 5064 τοῦ
2838 5009 2999 5084 me;
3059 4999 3338 5083 Ῥογερῖου,
3371 5004 3538 5066 dicta

1887 5103 1968 5156 cst
1997 5103 2286 5170 prasente
2321 5112 2457 5172 rege
2490 5093 2770 5170 Rogerio,
2811 5092 3077 5172 quamvis
3105 5109 3139 5151 a
3167 5089 3398 5151 duobus
3430 5110 3537 5152 co-

1889 5181 2122 5243 dicibus
2157 5181 2474 5243 Gallicanis
2504 5180 2675 5253 absit,
2708 5181 2996 5261 recipitur
3025 5188 3222 5240 tamen
3253 5177 3326 5238 ab
3355 5179 3537 5240 innu-

1891 5274 2072 5332 meris
2102 5271 2236 5332 aliis
2271 5271 2712 5348 manuscriptis,
2751 5279 3026 5350 tanquam
3071 5266 3311 5347 antiqua
3342 5277 3400 5329 et
3429 5286 3536 5346 ge-

1890 5366 2090 5434 nuina,
2121 5360 2256 5420 licet
2281 5360 2338 5419 in
2365 5358 2762 5439 aliquibusita
2783 5358 3081 5438 descripta
3106 5356 3199 5428 sit,
3228 5367 3285 5414 ut
3320 5375 3537 5418 nomen

1888 5450 2128 5528 Rogerii
2157 5468 2262 5528 per
2290 5446 2713 5528 compendium
2751 5450 2944 5526 signet
2981 5469 2994 5506 :
3044 5462 3302 5522 namque
3335 5446 3540 5524 expri-

1891 5541 2069 5601 mitur
2121 5542 2175 5600 in
2238 5541 2392 5600 linea
2451 5541 2567 5615 ῥογ,
2629 5554 2810 5615 supra
2884 5537 3164 5598 lineolam
3213 5551 3534 5612 expansum

1886 5629 2222 5708 apertissim
2259 5652 2316 5685 ου
2346 5623 2710 5708 agnoscitur.
2757 5624 2924 5699 Quod
2959 5623 3183 5687 indicat
3211 5621 3372 5681 inter
3400 5619 3534 5710 pri-
