3930 6136
381 300 457 369 59
1746 309 2025 374 LEONIS
2077 309 2413 374 ALLATlI.

3679 318 3758 384 60

380 461 507 535 mas
533 444 759 508 litteras
780 441 841 507 in
869 445 1117 519 linea,et
1142 446 1289 509 alias
1319 464 1501 527 supra
1523 444 1584 508 in
1608 445 1810 535 spatio,
1833 441 1979 535 medi

2194 443 3041 535 iscircumvestit,reponens,
3077 450 3278 533 ἐλέχθη
3330 452 3384 510 δὲ
3421 455 3473 511 ἐς.
3506 463 3576 532 τξ.
3606 458 3770 535 ῥόγᾳ,

371 534 592 614 aliquid
623 535 858 609 deesse,
894 535 1150 617 ideoque
1181 536 1334 598 facili
1368 535 1604 615 negotio
1648 534 1930 624 suppleri,
1965 530 2015 591 si
2100 533 2191 624 vel
2213 533 2511 624 fortaSsis
2543 538 2768 594 ἐνώπιον
2799 546 2895 606 τῆς
2938 540 3124 617 ῥόγπς,
3158 530 3224 603 ἑὲ
3274 544 3401 624 ipsa
3446 556 3507 607 et
3552 530 3774 609 nisti-ir-

372 632 609 685 extente
655 629 918 702 Ῥογερζου
975 643 1192 717 nomen
1241 626 1555 704 proferas;
1590 642 1722 717 nam
1779 622 1829 685 si
1861 624 2018 701 ῥόγου
2104 621 2345 685 bulione
2405 643 2719 687 munerum
2795 646 2897 707 pro
2970 621 3313 702 conventu;
3357 653 3780 717 consessuque

370 713 888 800 enuntias,miram
926 712 2020 794 scriptorisinconsiderantiam,atque
2104 722 2380 790 sumpta:
2426 714 2583 794 quod
2616 714 2689 775 ab
2721 715 3156 794 ignorantibus,
3187 720 3326 800 quid
3390 723 3498 785 sibi
3534 712 3692 787 veliti
3726 728 3778 783 ὲθ

369 798 654 882 ineptiam
689 803 1108 884 deprehendes
1160 805 1263 886 qui
1299 803 1458 864 nullo
1493 802 1718 873 fructu,
1753 812 1810 864 et
1845 811 1911 863 ut
1940 801 2019 862 ita
2109 808 2175 877 τῇ
2222 803 2372 881 ῥόγᾳ,
2406 803 2496 864 vel
2553 806 2731 881 ῥόγου,
2770 814 2827 866 et
2872 798 3307 872 hariolantibus
3358 832 3576 875 nomen
3614 816 3776 877 illud

377 894 595 966 dicam,
629 893 959 955 litterarum
991 893 1212 955 faenore
1266 911 1485 955 nomen
1518 892 1660 954 illud
1696 911 1766 956 ea
1793 893 2026 955 ratione
2112 908 2243 984 esse
2264 893 2536 984 concisse
2565 897 2853 974 scriptum
2883 914 2991 977 pro
3018 895 3280 976 Ῥογερίου
3303 902 3535 965 titulum
3562 905 3698 984 ipso
3718 925 3778 967 ω

374 982 723 1055 decurtavit,
760 981 916 1064 quod
951 990 1181 1063 poterat
1209 981 1442 1044 facilius
1491 982 1699 1044 eadem
1733 981 1888 1045 linea
1928 982 2025 1043 in-
2108 979 2413 1043 addidisse
2434 990 2523 1039 τοῦ
2546 985 2737 1061 ῥηγός.
2772 985 3021 1057 Ωυωὶω
3048 986 3219 1069 velim
3241 1007 3276 1049 a
3306 979 3633 1055 lectoribu's
3657 1012 3776 1057 ac-

372 1079 605 1151 tegrum
636 1072 1001 1152 eXprimere.
1035 1072 1183 1133 Tum
1220 1070 1380 1132 enitn
1414 1071 1658 1132 nomina
1693 1071 1773 1132 ita
1803 1072 2023 1133 decur-
2110 1078 2299 1149 cepta.
2334 1080 2394 1130 ut
2427 1090 2493 1132 ex
2525 1070 2786 1133 hisillud
2821 1072 3062 1135 sescire
3095 1077 3462 1157 profiteatur,
3486 1100 3604 1143 non
3633 1103 3775 1146 esse

369 1169 586 1235 tantur,
623 1171 687 1221 ut.
728 1160 936 1222 littera:
966 1159 1116 1222 alias
1149 1160 1211 1221 in
1242 1160 1403 1222 linea
1428 1160 1555 1240 pari
1589 1159 2015 1241 exprimendae.

363 1250 804 1329 quodammodo
865 1249 1216 1330 interceptae
1268 1268 1337 1312 ex
1402 1249 1595 1312 indice
1643 1249 1882 1329 superis
1939 1250 2015 1312 li-

363 1340 574 1411 neolae,
601 1348 659 1401 et
679 1339 1012 1402 litterarum
1035 1339 1282 1415 integrat
1301 1338 1636 1401 habeantur
1664 1361 1676 1402 :
1713 1340 1870 1419 quod
1892 1340 1956 1400 iit
1984 1359 2014 1401 a

363 1428 760 1509 scriptoribus
793 1428 884 1491 vel
908 1447 1042 1490 cum
1071 1429 1270 1509 inopia
1307 1428 1507 1509 papyri
1543 1429 1833 1508 urget,vel
1860 1439 2014 1490 tem-

367 1538 478 1600 pus
509 1518 688 1581 breve
722 1535 916 1579 tnoras
938 1517 1251 1581 sollicitat:
1278 1519 1492 1597 saapius
1524 1522 1698 1579 etiam
1724 1518 1796 1579 ad
1824 1519 2017 1597 scrip—

361 1608 515 1688 jurm
546 1608 1033 1684 concinnitatem,
1059 1616 1117 1669 et
1151 1607 1525 1686 elegantiam,
1555 1616 1614 1668 et
1644 1608 2017 1686 potissimum

368 1695 593 1768 Graece,
619 1714 752 1777 quae
781 1694 1080 1758 similibus
1111 1695 1438 1758 litterarum
1480 1696 1786 1769 tractibus,
1819 1705 1878 1757 et
1909 1698 2017 1758 de-

2107 1177 2236 1220 eatn
2284 1157 2601 1222 Homiliam
2638 1161 2711 1221 ad
2748 1160 2990 1237 Rogerii
3024 1173 3293 1244 tempora
3330 1169 3708 1234 referendam
3754 1194 3771 1247 ;

2101 1255 2315 1311 cetera
2347 1247 2422 1309 de
2453 1249 2808 1339 epigraphe,
2839 1262 2898 1311 ut
2931 1254 3268 1332 excogitata
3296 1275 3330 1316 a
3358 1274 3424 1318 se
3456 1267 3514 1319 et
3543 1262 3770 1339 opina-

2101 1348 2159 1401 ta
2191 1356 2309 1398 non
2344 1337 2665 1417 explorata,
2700 1350 2881 1418 atque
2911 1351 3218 1420 comperta
3243 1344 3383 1407 dici.

2186 1425 2429 1515 Subtilis
2460 1436 2569 1501 est,
2605 1438 2663 1490 et
2707 1429 2853 1489 satis
2880 1437 3052 1491 acuta
3085 1432 3328 1511 Bogerii
3362 1434 3419 1497 in
3451 1437 3634 1515 ῥὸγου,
3673 1438 3770 1499 vel

2102 1515 2260 1602 ῥόγχς
2293 1514 2629 1578 immutatio
2666 1537 2680 1580 :
2720 1526 2781 1578 ut
2814 1526 3037 1580 tantum
3092 1522 3465 1602 antiquitatis
3493 1536 3775 1588 servetur

2103 1601 2451 1683 Theophani
2478 1604 2591 1667 sub
2619 1607 2862 1681 Basilio,
2899 1615 2955 1668 et
2978 1607 3195 1674 Leone.
3232 1601 3371 1673 Eam
3406 1623 3598 1677 tamen
3620 1617 3769 1677 nul-

2104 1692 2218 1754 lam
2255 1711 2409 1768 esse,
2445 1706 2505 1757 ut
2557 1695 2794 1774 opinor,
2830 1716 2961 1757 cum
3015 1716 3195 1778 supra
3226 1700 3463 1766 abunde
3500 1704 3769 1765 demon-

366 1786 611 1848 curtatis
641 1784 882 1867 syllabis
922 1791 1287 1847 venustatus.
1322 1786 1524 1848 Scorsi
1556 1785 1846 1847 machinae
1876 1805 2016 1847 exa-
2043 1806 2079 1857 Β
2103 1790 2353 1844 stratum
2392 1784 2489 1862 sit,
2522 1785 2681 1846 nulla
2712 1804 2888 1846 causa
2913 1787 3112 1867 fuerit,
3143 1798 3208 1848 ut
3237 1796 3389 1852 vires
3431 1793 3655 1867 ingenii
3685 1795 3767 1857 ad

362 1873 948 1951 minantumﬁogerii
968 1873 1128 1954 regis
1151 1882 1266 1935 tem
1280 1892 1422 1955 pore
1447 1875 2015 1937 Tauromenitanum

363 1966 710 2046 episcopum
738 1963 1136 2033 tloruisse,vel
1161 1963 1335 2026 etiam
1369 1963 1553 2025 fuisse
1581 1965 1636 2025 in
1667 1962 1872 2026 Sicilia
1902 1983 2014 2026 ne-

362 2071 460 2115 mo
489 2053 726 2128 dixerit,
755 2053 846 2114 vel
879 2051 1124 2126 lectum,
1151 2052 1242 2113 vel
1267 2052 1571 2127 traditum,
1608 2053 1784 2115 modo
1820 2051 2014 2115 histo-

360 2141 586 2205 riarum
615 2141 894 2213 lectione,
921 2149 980 2203 et
1012 2141 1345 2223 praesertim
1372 2140 1774 2205 Siciliensium
1809 2160 2012 2203 rerum

362 2231 664 2310 paululum
689 2231 766 2293 sit
793 2230 1086 2293 imbutus.
1123 2229 1334 2293 Probat
1364 2230 1711 2293 testimonio
1746 2230 2016 2292 Gaufridi

361 2318 671 2383 Malaterra
700 2339 911 2383 eorum
947 2328 1284 2400 temporum
1318 2318 1655 2400 scriptoris,
1691 2320 1791 2400 qui
1820 2320 1879 2381 in
1911 2338 2016 2381 sua

358 2407 614 2474 Historia
642 2410 814 2471 unius
837 2417 1067 2472 tantum
1096 2408 1497 2471 Panormitani
1529 2409 2012 2489 archiepiscopa-

360 2506 454 2561 tus
501 2499 939 2561 restitutionem
970 2516 1005 2560 a
1036 2497 1293 2578 Rogerio
1324 2498 1565 2572 comite,
1601 2509 1659 2560 et
1710 2500 1859 2561 duce
1893 2500 2008 2562 Ro-

356 2586 528 2651 berto
553 2596 1001 2650 commemorat.
1044 2590 1163 2662 Qui
1188 2606 1340 2649 sane
1362 2605 1503 2650 cum
1531 2596 1654 2649 tam
1672 2588 2010 2666 diligenter

359 2684 930 2756 eorumtemporum
950 2677 1114 2755 facta
1144 2677 1466 2748 describat,
1488 2678 1539 2737 is
1573 2678 1711 2756 quis
1742 2679 1909 2739 alius
1932 2679 2007 2741 ab

357 2766 472 2828 illa
517 2764 688 2827 clade
718 2765 1051 2829 incolumis
1090 2766 1382 2827 evasisset
1430 2767 1768 2845 episcopus,
1803 2766 2007 2828 dicere

360 2866 502 2915 certe
529 2874 636 2916 non
665 2859 945 2916 omisisset.
981 2858 1279 2917 Silucrunt
1306 2860 1551 2915 Thomas
1598 2859 1882 2926 Facellus,
1918 2863 2014 2918 alii

358 2958 608 3014 quorum
636 2945 743 3001 hoc
775 2943 964 3012 ipsum
990 2943 1094 3000 fuit
1125 2943 1450 3000 institutum
1484 2944 1920 3013 perscrutari.et
1955 2949 2010 3001 in

363 3027 561 3090 lucem
612 3026 868 3107 prodere
898 3026 1167 3089 notitiam
1207 3027 1649 3107 episcoporum.
1698 3026 1760 3088 Si
1790 3027 2012 3107 aliquid

2103 1880 2186 1931 tot
2209 1872 2724 1935 comminiscenda
2754 1889 3166 1940 exerceamus.
3195 1878 3432 1957 Rogerii
3463 1900 3586 1943 aevo
3616 1883 3766 1946 nul-

2101 1960 2193 2023 lus
2223 1961 2331 2022 fuit
2352 1964 2899 2025 Tauromenitanus
2927 1965 3270 2047 episcopus,
3296 1971 3768 2050 comprobatur-

2099 2068 2219 2130 que
2251 2050 2488 2113 silentio
2523 2057 3352 2133 scriptorum.Argumentum
3386 2057 3459 2119 ab
3491 2061 3765 2123 auctori-

2100 2146 2216 2229 tate
2244 2139 2832 2220 negative,quantum
2853 2144 3406 2220 valeat,doctissitni
3429 2149 3652 2229 quique
3678 2151 3766 2211 vi-

2095 2227 2146 2288 ri
2171 2236 2392 2290 sciunt.
2429 2230 2577 2293 Cum
2605 2230 2806 2292 omnia
2834 2232 3191 2311 scriptorum
3226 2227 3615 2302 monumenta
3636 2258 3768 2301 non

2096 2316 2214 2378 sint
2244 2319 2315 2379 ad
2348 2337 2579 2380 manus.
2616 2319 2689 2381 Et
2720 2320 2873 2382 forte
2902 2321 3033 2401 fuit,
3067 2323 3167 2403 qui
3193 2323 3356 2386 illius
3390 2326 3767 2407 meminerit,

2100 2408 2336 2468 incuria
2384 2418 2579 2470 tamen
2626 2410 2964 2487 hominum,
3000 2412 3090 2472 vel
3122 2412 3340 2492 injuria
3390 2424 3764 2494 temporum,

2095 2514 2229 2556 cum
2266 2496 2617 2575 deperditus
2641 2497 2720 2559 sit
2750 2517 2830 2559 SCI
2850 2499 3155 2579 iptor,non
3183 2503 3371 2581 potuit
3402 2503 3572 2566 nobis
3592 2505 3768 2566 indi-

2094 2584 2311 2646 cari.Id
2341 2587 2415 2645 de
2438 2585 2863 2648 Panormitano
2883 2588 3061 2651 etiam
3086 2591 3358 2653 restituto
3381 2594 3760 2672 contigisset,

2094 2674 2207 2734 nisi
2230 2683 2540 2754 superstes
2564 2676 2887 2739 Gaufridus
2917 2679 3231 2741 Malaterra
3258 2681 3766 2745 memorasset.Et

2097 2760 2339 2841 Rogerii
2370 2771 2639 2841 tempore
2663 2765 2862 2844 plures
2905 2768 2961 2827 in
2995 2765 3197 2829 Sicilia
3229 2768 3542 2850 episcopos
3571 2772 3751 2834 Grae-

2098 2870 2201 2913 cos
2230 2852 2414 2913 fuisse
2440 2853 2676 2932 probari
2707 2864 2899 2934 potest
2927 2874 2998 2920 ex
3026 2857 3266 2936 Rogcrii
3297 2856 3547 2938 Ectypo,
3575 2862 3758 2941 cujus

2099 2944 2363 3004 Graecam
2399 2943 2851 3024 inscriptionem
2899 2945 3071 3007 nobis
3102 2944 3353 3009 Scorsus
3382 2946 3456 3010 ab
3485 2948 3617 3009 aliis
3647 2970 3760 3011 ac—

2099 3039 2330 3109 raptam
2357 3032 2807 3110 expressit.Qua
2830 3034 2987 3095 enim
3025 3053 3200 3097 causa
3221 3034 3512 3112 Rogerius
3539 3037 3767 3101 Graecis

362 3118 438 3182 de
467 3120 970 3184 Tauromenitano
1004 3120 1283 3199 episcopo
1299 3119 1372 3180 ad
1406 3120 1647 3198 Rogerii
1680 3120 1839 3198 regis
1871 3128 2073 3207 tem-c
2100 3118 2315 3180 litteris
2367 3138 2586 3181 nomen
2640 3120 2900 3200 imprimi
2961 3142 3135 3183 suum
3191 3136 3586 3203 procurasset,
3617 3128 3670 3187 si
3723 3148 3759 3188 a

362 3226 508 3287 pora
546 3209 869 3290 superstite
891 3207 1108 3271 alicubi
1144 3211 1428 3288 scriptum
1464 3227 1598 3269 esse
1627 3209 2009 3287 reperissent,
2100 3213 2340 3270 nemine
2391 3209 2479 3269 vel
2513 3208 2969 3289 intelligeretur,
3005 3213 3093 3273 vel
3147 3212 3470 3293 legeretur,
3505 3227 3564 3277 et
3594 3236 3762 3294 prai-

360 3297 979 3376 evulgassent.Etcum
1004 3298 1079 3359 de
1101 3297 1232 3359 aliis
1248 3296 1685 3377 episcopalibus
1700 3297 2007 3369 restitutis,
2097 3298 2303 3359 sertim
2339 3318 2409 3359 eo
2436 3306 2728 3378 tempore,
2753 3300 2909 3381 quod
2937 3300 3242 3364 barbaries
3276 3303 3398 3364 fere
3421 3305 3624 3366 omnia
3654 3326 3759 3368 oc-

356 3385 480 3448 sive
502 3387 727 3448 erectio
747 3405 881 3448 cum
906 3406 939 3447 a
966 3387 1385 3465 Rogerio,tum
1404 3404 1437 3446 a
1457 3385 1845 3466 sequentibus
1863 3386 2016 3465 regi-
2095 3397 2426 3466 cupaverat,
2457 3389 2766 3450 exstinctis
2794 3390 3143 3453 litteraturae
3181 3393 3472 3472 politioris
3503 3394 3760 3456 lumini-

356 3473 469 3536 bus
493 3476 781 3538 memoria
806 3474 1116 3549 habeatur,
1148 3477 1199 3535 si
1222 3476 1756 3537 Tauromenitanus
1781 3475 2009 3538 instau-
2096 3475 2208 3537 bus
2237 3475 2267 3535 ?
2298 3475 2370 3538 Et
2400 3494 2547 3538 sane
2578 3479 2803 3539 nemini
2835 3479 3084 3541 dubium
3119 3500 3253 3542 esse
3280 3481 3462 3544 debet
3491 3500 3562 3545 eo
3595 3495 3759 3546 tem-

354 3573 517 3626 ratus
536 3584 571 3628 a
594 3566 848 3644 Bogerio
870 3583 1012 3644 rege
1034 3563 1332 3638 fuisset,id
1358 3564 1571 3645 aliquis
1593 3563 1853 3645 scriptor
1879 3583 2008 3627 me-
2093 3584 2236 3644 pore
2258 3563 2479 3629 Graecis
2504 3565 2768 3628 Siciliam
2793 3566 3429 3649 abundasse,nondum
3457 3590 3567 3652 per
3588 3572 3759 3634 Lati-

357 3654 561 3716 muria;
592 3654 970 3735 prodidisset.
1004 3652 1323 3734 Propterea
1352 3653 1665 3733 inscriptio
1718 3666 1812 3714 τοῦ
1840 3657 2005 3733 emite

359 3759 478 3803 non
504 3742 777 3803 convenit
801 3761 934 3803 cum
951 3742 1186 3822 iis,quze
1206 3746 1265 3802 in
1283 3745 1414 3821 ipsa
1435 3740 1689 3803 Homilia
1705 3742 2001 3817 dicuntur,

358 3830 420 3891 in
450 3848 568 3911 qua
595 3830 842 3909 βασιλεὺς
886 3831 1004 3908 164]
1056 3829 1414 3909 appellatur,
1447 3832 1619 3910 cujus
1643 3832 1999 3908 praesentia,

357 3938 543 3998 quam
592 3937 755 3982 nunc
784 3923 984 3995 timeo,
1020 3920 1503 3994 etcontremt‘sco
1552 3920 1770 3980 sudore
1800 3930 2004 3999 asper-

354 4027 480 4089 sus,
510 4026 736 4089 pavore
781 4017 1127 4089 occupatus,
1161 4011 1511 4070 reverentia
1555 4007 1857 4080 detentus,
1889 4026 2003 4088 pa-

360 4104 530 4160 vente
558 4101 1049 4176 anima,nutente
1078 4105 1294 4171 mente,
1321 4104 1373 4159 et
1403 4096 1780 4160 subsultante
1807 4098 1999 4173 corde,

362 4186 686 4250 intercluso
705 4189 890 4250 etiam
916 4188 1075 4248 uocis
1093 4186 1426 4266 sono,quod
1454 4185 1762 4263 βασιλικαῖς
1793 4187 2006 4266 ἀκοαῖς,

363 4276 786 4356 imperatoriis
814 4278 1072 4339 auribus
1100 4292 1455 4347 sermonem,
1490 4277 1672 4354 quasi
1698 4275 2010 4356 salsugine

363 4382 640 4427 amarum
718 4367 1006 4445 piamina.
1082 4365 1266 4426 Tanta
1323 4364 1631 4434 demissio.
1693 4374 2007 4445 tantusque

367 4465 591 4516 tremor
620 4454 872 4518 dieentis
904 4453 1142 4516 nonnisi
1176 4452 1251 4515 ab
1282 4454 1666 4533 imperatoria
1700 4455 2008 4535 majestate

363 4543 605 4607 excitari
664 4544 894 4606 videtur
949 4562 1143 4625 posse.
1211 4542 1437 4604 Nomen
1490 4543 1745 4619 βασιλέως
1801 4563 2011 4606 conve-

364 4635 493 4696 nire
518 4632 773 4713 Rogerio
825 4653 942 4696 non
983 4632 1456 4712 potuitetsolum
1479 4631 1804 4712 appellatos
1826 4633 2011 4714 impe-

361 4732 595 4787 ratores
640 4742 674 4785 a
700 4722 1011 4787 Michaelis
1058 4720 1239 4784 Tertii
1281 4721 1650 4801 temporibus
1692 4741 1881 4802 usque
1935 4724 2006 4785 ad

363 4811 680 4875 concilium
730 4810 1140 4875 Florentinum
1193 4811 1477 4872 trecentis
1530 4819 1660 4890 post
1692 4812 2007 4888 Rogerium

364 4901 538 4964 annis
558 4899 930 4964 celebratum
952 4901 1767 4980 comperitur.Hinc,necnon
1798 4920 1864 4962 es
1888 4901 2010 4964 dia-

358 4992 686 5071 demate,et
707 4990 1401 5067 consessu,adventuque
1424 4986 2009 5070 episcoporum,quae

365 5098 483 5141 non
509 5080 674 5153 alibi,
702 5097 881 5160 quam
913 5084 971 5140 in
1006 5076 1154 5140 urbe
1177 5079 1301 5157 ipsa
1330 5076 1841 5155 ConstantinOpoli
1869 5098 2002 5138 con-

362 5168 928 5247 gruentiusevenire
951 5184 1126 5247 posse
1158 5165 1522 5238 videntur,et
1544 5164 1880 5239 frequentia
1900 5167 1979 5227 du

366 5274 527 5329 cum,
583 5265 642 5316 et
689 5258 1093 5333 magistratum
1148 5254 1296 5315 aulae
1343 5252 2009 5332 Constantinopolitanae

367 5344 527 5404 illam
559 5340 874 5404 Homiliam
909 5339 1423 5420 Constantinopoli
1457 5336 1740 5412 habitam,
1774 5350 1831 5401 et
1861 5342 2003 5403 titu-

367 5432 490 5492 lum
522 5439 863 5509 corruptum
896 5431 1234 5510 suspicatur
1256 5426 1535 5503 Scorsus;
1568 5436 1779 5488 etcum
1812 5448 1881 5491 eo
1912 5432 2008 5493 die

369 5521 761 5601 imperatores
781 5517 920 5578 olim
940 5537 1006 5580 ac
1036 5516 1387 5599 patriarchae
1407 5516 1590 5593 ῥίγας,
1624 5515 1735 5577 hoc
1767 5527 1853 5578 est
1885 5538 2010 5581 mu-

363 5624 534 5683 nera,
567 5616 630 5668 et.
659 5603 813 5667 dona
841 5604 1294 5683 distribuerant,
1329 5602 1632 5684 emendat,
1666 5611 1723 5667 et
1751 5607 2011 5676 vestibus

2090 3673 2198 3715 nos
2232 3654 2451 3718 Graecis
2502 3656 2802 3736 episc0pis
2836 3657 3121 3737 expulsis,
3157 3659 3244 3720 vel
3296 3678 3532 3721 summo
3562 3662 3752 3724 etiam

2089 3745 2285 3805 studio
2316 3764 2349 3805 a
2394 3744 2650 3824 Rogerio
2681 3745 2839 3825 ipso.
2873 3746 2966 3807 cui
3010 3766 3145 3809 cum
3185 3749 3468 3811 Romanis
3499 3751 3756 3830 pontifi-

2089 3832 2256 3895 cibus
2285 3834 2614 3896 inimicitzae
2631 3835 2889 3914 fuere,et
2916 3855 3142 3914 magna:
3170 3839 3258 3898 rei
3280 3838 3588 3901 familiaris
3609 3859 3755 3903 con-

2089 3923 2776 4003 troversiw,procuratis,
2804 3936 2866 3985 ut
2892 3926 3088 3987 medio
3120 3928 3478 4003 Schismate,
3511 3929 3631 4011 165]
3662 3933 3753 3994 vel

2091 4030 2295 4072 eorum
2320 4032 2562 4094 quoque
2589 4013 2973 4076 auxiliaribus
2997 4016 3309 4078 conatibus
3324 4034 3390 4078 se
3420 4018 3544 4079 suis
3569 4019 3755 4080 hosti-

2091 4099 2198 4162 bus
2219 4102 2503 4164 redderet
2526 4102 3087 4165 formidabiliorcm.
3118 4105 3273 4168 Dicit
3289 4107 3610 4169 Malaterra
3631 4107 3752 4177 Bo-

2089 4192 2344 4271 gerium,
2381 4200 2439 4253 et
2469 4191 2791 4254 Robertum
2827 4193 3041 4273 adepto
3085 4193 3378 4257 Panormo
3410 4197 3748 4261 Ecclesium

2093 4278 2323 4343 Sanctte
2377 4281 2598 4362 Mariae,
2631 4300 2762 4362 quae
2812 4282 3139 4363 antiquitus
3194 4284 3752 4365 archiepiscopatus

2093 4368 2306 4445 fuerat,
2341 4370 2612 4432 violatam
2644 4391 2677 4432 a
2706 4372 3040 4446 Saracenis,
3077 4373 3460 4435 reconciliata
3488 4373 3653 4453 dote,
3689 4384 3750 4436 et

2095 4460 2462 4521 ornamentis
2510 4459 2932 4522 ecclesiasticis
2973 4460 3235 4534 auxisse,
3268 4474 3752 4544 renovantesque

2095 4552 2411 4608 restituisse
2443 4552 2945 4623 archiepiscopum
2979 4561 3177 4609 natum
3228 4553 3513 4618 Graecum.
3551 4557 3651 4626 qui
3686 4558 3746 4612 in

2097 4655 2357 4717 paupere
2386 4635 2654 4699 Ecclesia
2681 4644 2901 4697 sanctae
2930 4636 3190 4716 Cyriacaa
3222 4637 3440 4698 cultum
3462 4635 3751 4701 Christia-

2096 4745 2187 4787 nae
2207 4725 2515 4802 religionis
2538 4744 2642 4804 pro
2668 4744 2843 4806 posse
2868 4724 3320 4805 exsequebatur.
3350 4725 3654 4806 Quidquid
3675 4728 3755 4791 sit

2095 4815 2172 4878 de
2201 4814 2702 4879 Tauronn-nitano
2729 4815 3115 4895 episcopo,ex
3144 4813 3235 4876 liis
3255 4815 3590 4877 Malaterrte
3612 4835 3752 4879 ver-

2094 4904 2185 4965 bis
2216 4905 2363 4966 nihil
2384 4906 2457 4967 de
2492 4903 2713 4966 Latinis
2737 4903 3038 4984 episcopis
3060 4903 3318 4965 elicitur:
3345 4903 3465 4965 imo
3488 4905 3538 4964 si
3573 4906 3755 4968 verba

2092 4992 2252 5054 illius
2282 4992 2563 5056 attentius
2594 4992 3074 5067 considereutur,
3109 4991 3573 5055 Panormitanus
3619 4996 3754 5076 epi-

2091 5099 2310 5159 scopus
2356 5082 2599 5145 Graaeus
2653 5091 2778 5142 erat
2829 5080 3070 5142 natione
3129 5081 3189 5142 in
3250 5081 3472 5160 templo
3526 5097 3754 5146 sanctas

2091 5168 2349 5250 Gyriaraz
2397 5189 2796 5244 commorans,
2835 5178 2894 5229 et
2943 5169 3096 5230 forte
3129 5169 3305 5231 etiam
3368 5168 3577 5232 Graeco
3629 5174 3751 5235 ritu

2090 5260 2421 5336 ordinatus,
2457 5262 2782 5341 Graecoque
2806 5259 2925 5321 ritu
2962 5258 3183 5321 cultum
3220 5259 3579 5322 Christianae
3601 5263 3751 5324 reli-

2086 5347 2286 5427 gionis
2313 5367 2603 5411 exercens
2635 5368 2647 5408 :
2685 5357 2742 5410 et
2771 5349 2931 5410 hunc
2963 5346 3240 5408 eumdem
3276 5367 3391 5408 non
3421 5348 3607 5409 alium
3644 5368 3749 5413 re-

2088 5446 2370 5500 vocantes
2402 5438 2813 5508 restituerunt,
2849 5434 3056 5498 Solent
3090 5435 3145 5495 id
3178 5435 3367 5499 (ἓνωεὶ
3421 5438 3603 5499 etiam
3636 5442 3752 5501 sub

2090 5528 2406 5607 tyrannide
2457 5525 2880 5607 Barbarorum,
2913 5536 2972 5587 et
3027 5523 3378 5588 Christianae
3434 5527 3756 5606 religionis

2091 5615 2347 5679 hostium
2402 5615 2717 5697 episcopos
2745 5634 2779 5678 a
2825 5632 2890 5677 se
2920 5613 3230 5677 ordinatos
3281 5616 3517 5679 mittere
3550 5615 3614 5680 in
3646 5637 3751 5683 eas
