3930 6136
345 322 422 391 83

1696 327 1970 392 LEONIS
2029 327 2365 393 ALLATII.

3653 322 3739 389 84

349 460 666 521 Ἀσκάλωνα
690 461 788 532 τὴν
817 461 1269 542 παραθαλασσίαν.
1303 462 1394 528 Ει.
1436 466 1645 541 Πρωίας
1676 462 1730 519 δὲ
1760 463 1991 542 γενομέ-
2015 467 2053 517 Α
2081 465 2687 531 Κωνσταντινόυπόλεως
2746 465 3054 538 Ἀντωνίου,
3112 471 3205 523 τοῦ
3254 463 3351 531 τὴν
3406 464 3583 540 μονὴν
3634 470 3743 520 τοῦ

350 574 448 620 νης
478 553 710 629 ἤλθομεν
743 554 827 610 ἐπὶ
852 554 919 610 τὰ
949 553 1128 612 στενά.
1162 553 1258 627 Ει,
1296 552 1565 629 ’Ἦλθομεν
1598 555 1671 615 εἰς
1704 551 1991 620 Χαλκηδό-

352 664 439 706 να.
471 641 611 723 Ipsa
643 652 842 706 autem
895 649 1089 723 nocte,
1140 643 1548 723 praefecturas
1581 650 1702 704 tres
1729 651 1993 723 practer-

352 734 549 811 gressi
575 750 802 808 sumus,
846 732 944 795 die
973 740 1180 795 autem
1214 734 1400 811 quieti
1429 733 1774 813 corporibus
1803 732 1997 794 tradi-

354 822 452 893 tis,
485 821 564 883 ad
592 837 930 901 vesperam,
963 838 1095 882 cum
1148 821 1268 882 iter
1312 838 1819 900 prosequeremur
1843 837 1996 902 pro-

354 910 549 988 funda
579 918 774 986 nocte,
808 912 1058 990 spiritus
1086 910 1453 973 clamabunt.
1494 910 1584 986 Et,
1638 909 2000 972 Ascalonem

355 1001 726 1063 maritimam
755 1000 1167 1080 pervenimus.
1201 998 1295 1079 Et,
1335 998 1420 1062 Et
1447 1017 1685 1062 summo
1717 1016 1891 1061 mane
1920 997 2001 1059 ad

355 1091 674 1167 angustias
700 1087 1076 1167 appulimus.
1111 1086 1202 1162 Et,
1237 1088 1667 1150 Chalcedonem
1702 1088 1996 1151 venimus.

354 1174 427 1238 Et
456 1176 696 1239 similia.

438 1267 685 1345 Ἐγένετο
716 1267 807 1343 μοί
837 1288 963 1324 ποτε
1014 1268 1374 1342 καθεζομένῳ.
1436 1266 1743 1329 Ammonii
1786 1283 1998 1328 mona-

355 1356 479 1432 chi,
542 1355 792 1434 διήγησις
879 1360 1006 1432 περὶ
1094 1360 1200 1413 τῶν
1271 1357 1652 1434 ἀναιρεθέντων
1721 1359 1824 1414 ὑπὸ
1895 1364 2002 1413 τῶν

358 1445 643 1524 Βαρϐάρων
704 1445 757 1500 ἐν
820 1448 896 1519 τῷ
951 1451 1082 1517 Σινᾷ
1132 1444 1241 1523 ὄρει
1289 1448 1376 1502 καὶ
1425 1446 1481 1501 ἒν
1506 1438 1809 1523 τῇῬαϊθοϊ
1839 1447 2003 1523 ἁγίων

359 1537 634 1615 Πατέρων.

443 1625 758 1703 Ἐγκαινίων
801 1626 1097 1703 πανήγυρις
1129 1624 1365 1706 ἀδελφοί,
1428 1625 1642 1687 Leonis
1672 1623 2000 1705 imperato-

360 1716 469 1794 ris,
494 1717 653 1792 λόγος
697 1717 771 1780 εἰς
803 1716 902 1782 τὴν
931 1716 1139 1793 ἱέρωσιν
1170 1716 1262 1772 τοῦ
1290 1724 1438 1777 ναοῦ.

2081 554 2296 621 Καλέως
2329 557 2760 630 συστησαμένου.

2161 647 2218 702 Εἰ
2276 645 2331 701 δὲ
2388 650 2607 723 οὖρανοῦ
2663 644 2888 724 κάλλος,
2942 646 3029 701 καὶ
3091 644 3253 720 αὐγὴν
3303 642 3456 709 ἡλίου
3500 640 3742 723 φαιδράν

2080 732 2198 788 οὔτε
2255 734 2521 813 ἐσίγησεν.
2580 733 2796 796 Isidori
2838 732 3279 812 archiepiscOpi
3327 729 3741 793 Thessaloni-

2081 824 2303 899 censis,
2332 824 2490 902 λόγος
2520 827 2595 887 εἰς
2624 825 2724 892 τὴν
2777 825 3028 899 κοίμησιν
3077 824 3176 888 τῆς
3232 823 3521 900 ὑπεραγίας
3585 830 3743 876 Θεο-

2081 912 2259 973 τόκου.

2166 1005 2223 1060 Εἰ
2280 1003 2340 1059 ἐκ
2399 1011 2490 1061 τοῦ
2545 1013 2749 1081 καρποῦ
2792 1005 2853 1059 τὸ
2906 1000 3137 1079 δένδρον’
3171 1001 3495 1078 γνώσκεται,
3527 1000 3625 1056 καί
3673 1001 3745 1055 τὸ

2082 1091 2246 1149 καλὸν
2276 1090 2504 1170 δένδρον.
2550 1091 2823 1171 Gregorii
2878 1091 3129 1152 Palamaa
3160 1089 3427 1170 episcopi
3458 1087 3744 1150 Thessa-

2080 1179 2409 1243 lonicensis
2442 1230 2457 1254 ,
2516 1181 2698 1257 ὁμιλία
2756 1182 3129 1261 ἐκφωνηθεϊσα
3188 1180 3324 1234 κατὰ
3367 1180 3468 1245 τὴν
3521 1179 3598 1242 εἷς
3663 1179 3744 1233 τὰ

2081 1270 2245 1348 ’Ἀγια
2286 1278 2390 1327 τῶν
2422 1271 2587 1350 ἁγίων
2620 1269 2827 1327 εἴσοδον
2856 1270 3175 1348 ἑορτὴντῆς
3207 1268 3489 1330 Θεοτόκου,

2167 1360 2354 1416 Εἰκόνα
2393 1363 2721 1438 μαρτυρικὴν
2770 1358 3060 1437 διαγράψαι
3118 1357 3402 1434 βούλομαι.
3464 1355 3742 1434 Ephrem

2087 1443 2239 1528 Syri,
2275 1448 2544 1527 ἐγκώμιον
2586 1451 2660 1513 εἷς
2708 1451 2828 1515 τοὺς
2877 1449 3057 1526 ἁγίους
3115 1457 3521 1522 Τεσσαραιιοντα
3581 1447 3745 1523 μάρ-

2080 1558 2261 1617 τυρας.

2166 1628 2221 1683 Εἰ
2248 1627 2345 1701 μὲν
2404 1626 2624 1707 λαμπρὰ
2671 1630 2761 1685 καὶ
2789 1627 3114 1706 πανεύφημα
3152 1628 3218 1682 τὰ
3264 1630 3368 1681 τῶν
3399 1626 3563 1701 ἁγίων
3596 1648 3749 1701 μαρ-

2082 1716 2252 1795 τύρων
2283 1718 2619 1792 μνημόσυνα.
2655 1715 2910 1777 Αηάνθω
2954 1714 3285 1785 Cretensis,
3342 1713 3613 1790 ἐγκώμιον
3658 1717 3745 1772 εἷς

444 1804 592 1863 ’Ἔδει
622 1805 721 1877 μὲν
745 1807 888 1879 ἡμᾶς
916 1806 1047 1883 πρὸς
1078 1819 1271 1884 πεῖραν
1301 1804 1515 1862 πολλῶν
1563 1805 1874 1884 εὐεργεσιῶν
1923 1805 2002 1859 εί·
2029 1831 2066 1882 Β
2085 1806 2176 1861 τὸν
2209 1804 2359 1884 ἅγιον
2391 1806 2839 1885 μεγαλομάρτυρα
2863 1806 3178 1885 Γεώργιον,.

362 1895 629 1975 ληφότας.
684 1892 1022 1973 Martyrium
1084 1894 1276 1955 sancti
1326 1892 1622 1955 Theodoti
1671 1890 2000 1973 Ancyrani.

367 1982 667 2062 Scriptum
697 1990 790 2044 est
817 2001 852 2043 ο
880 1981 1011 2044 Nilo
1041 1982 1102 2043 in
1136 1981 1419 2063 martyrio
1477 1982 1694 2045 comite
1733 2000 1745 2041 :
1809 1983 2005 2060 Λεγὲτο

365 2074 452 2130 οὖν
479 2094 559 2138 τις
590 2073 720 2151 ὅπερ
749 2072 993 2150 βούλεται
1031 2093 1046 2109 '
1081 2076 1245 2150 ἡμεῖς
1276 2073 1409 2150 ἅπερ
1464 2076 1552 2130 καὶ
1611 2073 1874 2152 ἔγνωμεν,
1918 2074 2005 2128 καὶ

365 2162 551 2239 ὄψεσιν
581 2164 769 2229 αὑταῖς
802 2163 1150 2239 ἐθεασάμεθα,
1184 2163 1282 2230 τὴν
1331 2164 1610 2241 καρτερίαν
1652 2170 1745 2218 τοὺ
1794 2159 2003 2239 ἀνδρὸς,

365 2256 438 2315 ὡς
468 2253 556 2308 καὶ
586 2254 953 2331 συμπαρόντες
984 2255 1145 2326 αὐτῷ,
1180 2254 1268 2309 καὶ
1317 2251 1623 2317 ἀξιωθέντες
1673 2250 1802 2327 παρ’
1852 2252 2010 2307 αὐτοῦ

364 2343 528 2419 ἁγίων
548 2341 722 2419 λόγων
740 2342 1001 2405 νουθεσίαις
1027 2343 1212 2421 χάριν,
1232 2365 1284 2401 κ.
1323 2365 1374 2405 τ,
1411 2343 1459 2403 ἑ.
1487 2344 1617 2400 Τότε
1649 2340 1887 2419 ἔγνωμεν
1916 2341 2007 2395 τὸν

366 2431 630 2508 προδότην
661 2432 805 2487 εἶναι
834 2433 927 2488 τὸν
978 2431 1363 2510 Πολυλρόνιον,
1399 2431 1573 2493 Dicat
1600 2433 1807 2510 itaque
1835 2445 2005 2509 quat-

364 2537 602 2599 cunque
631 2518 758 2582 vult
788 2520 1182 2599 quilibet,nos
1198 2538 1336 2599 quae
1353 2520 1839 2600 cognovimus,et
1861 2532 1973 2581 ocu
1990 2552 2007 2565 -

366 2607 442 2669 lis
462 2610 607 2685 ipsis
627 2607 913 2681 vidimus,
945 2608 1370 2686 fortitudinem
1393 2611 1537 2682 viri,
1573 2617 1866 2688 tanquam
1905 2613 2011 2687 qui

364 2704 700 2778 praesentes
722 2698 825 2757 illi
845 2697 1463 2777 fuerimus,dignique
1486 2698 1680 2777 effecti
1701 2715 1910 2759 sumus
1939 2699 2013 2758 ab

2173 1896 2228 1953 Εἰ
2271 1897 2370 1969 μὲν
2400 1899 2427 1952 ὁ
2470 1903 2564 1953 τοῦ
2606 1895 2763 1972 λόγο)
2820 1895 2981 1974 κήρυξ
3031 1898 3118 1953 καὶ
3176 1891 3495 1973 πρόδρομος.
3530 1889 3749 1953 Theo—

2089 1984 2219 2046 dori
2251 1984 2673 2064 Daphnopatte,
2708 1987 2780 2049 εἷς
2813 1988 2873 2041 τὸ
2924 1987 3161 2061 γενέσιον
3214 1991 3305 2040 τοῦ
3349 1984 3525 2058 τιμίου
3587 1989 3742 2056 Προ-

2089 2074 2377 2149 δρόμου.ιιι
2403 2074 2614 2137 codice
2652 2074 2804 2137 1074
2832 2074 3120 2135 Vaticano
3144 2073 3429 2135 tribuitur
3449 2070 3746 2131 Theodo-

2089 2163 2207 2226 rito
2240 2161 2373 2243 Cyri
2407 2163 2713 2243 episcopo,
2747 2161 3066 2237 Θεοδωρίτου
3098 2163 3393 2219 ἐπισκόπου
3428 2162 3621 2238 Κύρου.

2174 2257 2229 2311 Εἰ
2260 2268 2533 2331 μετρεῖται
2589 2260 2661 2332 γῇ
2715 2256 2980 2329 σπιθαμῇ,
3028 2255 3114 2308 καὶ
3173 2257 3411 2328 σπαρτίῳ
3468 2251 3746 2328 περιγρὰ-

2091 2365 2243 2421 φεται
2313 2342 2573 2404 θάλασσα.
2638 2341 2876 2421 Georgii
2933 2339 3439 2414 Nicomediensis,
3503 2342 3578 2403 εἷς
3634 2341 3747 2407 τὴν

2094 2430 2295 2510 γένεσιν
2328 2432 2421 2499 τῆς
2453 2433 2735 2492 Θεοτόκου.

2176 2522 2343 2577 Εἶπεν
2392 2524 2418 2576 ὁ
2450 2522 2659 2597 Κύριός,
2688 2519 2867 2583 Οὖδεὶς
2900 2517 3198 2584 ἀναϐέϐηκε
3247 2521 3321 2583 εἷς
3364 2520 3457 2576 τὸν
3487 2520 3740 2596 οὖρανόν,

2090 2609 2338 2672 Joannis
2362 2608 2612 2685 Calacte,
2654 2609 2810 2687 λόγος
2842 2617 2911 2687 τῇ
2946 2614 3181 2685 κυριακῇ
3209 2611 3310 2685 πρὸ
3343 2612 3439 2677 τῆς
3472 2607 3743 2677 ὕψώσεως

2092 2708 2182 2757 τοῦ
2212 2701 2476 2770 ζωοποιοῦ
2505 2708 2762 2774 Σταυροῦ,
2797 2701 3113 2762 Gretserus
3150 2696 3458 2758 notatione
3485 2696 3547 2757 in
3581 2697 3748 2759 hanc

368 2786 575 2849 eodem
593 2792 942 2848 sanctorum
974 2785 1435 2867 colloquiorum,
1475 2788 1598 2867 [87]
1630 2788 1711 2848 ad
1739 2795 2010 2848 nostram
2093 2789 2518 2863 orationem,ut
2541 2789 2593 2845 ὲν
2617 2788 2830 2869 παρόδῳ
2851 2788 2980 2869 ipse
2995 2786 3310 2869 quoqueid
3342 2793 3566 2866 notem;
3593 2786 3749 2849 Htec

366 2876 823 2939 instructimtem
840 2877 1148 2938 memoriae
1168 2877 2009 2945 commendabimus,etc.Jam
2091 2879 2315 2951 oratio,
2340 2878 2563 2958 inquit,
2582 2895 2802 2940 nomen
2818 2876 3076 2958 praefert
3098 2876 3355 2939 Joannis
3377 2876 3605 2939 Calceus
3621 2894 3745 2955 pa-

364 2966 755 3045 cognovimus
779 2966 1149 3044 proditorem
1173 2983 1299 3029 esse
1321 2964 1814 3046 Polychrouium.
1848 2966 1923 3027 Et
1949 2970 2008 3025 in
2092 2966 2385 3029 triarchte
2411 2966 2990 3046 ConstantinOpolit.
3021 2964 3147 3028 Sed
3175 2970 3316 3046 quis
3336 2974 3393 3027 et
3413 2973 3634 3045 quotus
3651 2976 3750 3029 est

368 3054 529 3130 ﬁne;
592 3061 766 3112 Ταῦτα
824 3056 997 3111 πάντα
1051 3055 1160 3131 ἐγὼ
1220 3059 1416 3119 Νεῖλος
1476 3055 1728 3119 ταπεινός
1785 3053 2011 3121 ἐξέδωκα

2153 3055 2390 3118 alecas‘l
2429 3055 2627 3129 Quis?
2668 3055 2803 3118 Fuit
2831 3058 3114 3134 Joannes,
3143 3055 3246 3135 qui
3285 3054 3398 3117 sub
3427 3054 3661 3118 Joanne
3692 3056 3748 3119 V

367 3146 496 3219 ὑμῖν
528 3145 664 3217 μετά
694 3145 871 3211 πάσης
901 3142 1170 3211 ἀκριϐείας
1213 3158 1332 3209 τοῖς
1388 3145 1685 3223 θεοφιλέσιν
1733 3143 2006 3224 ἀδελφοῖς,

2153 3146 2425 3224 alaaologo
2456 3165 2524 3209 ac
2556 3148 2785 3208 Joanne
2812 3144 2884 3207 VI
2905 3147 3316 3209 Cantacuzenu
3351 3153 3484 3225 post
3505 3144 3745 3207 Esaiam

369 3232 428 3296 ὅς
461 3235 548 3290 καὶ
578 3236 632 3288 ἒν
664 3239 731 3309 τῇ
762 3233 970 3312 φυλακῇ
995 3236 1163 3291 συνὼν
1195 3235 1358 3313 αὐτῷ,
1413 3237 1500 3289 καὶ
1547 3235 1749 3291 ἕκαστα
1792 3235 1946 3309 γνοὺς
1979 3232 2013 3289 ἂ

2153 3235 2474 3316 yzantinam
2507 3236 2833 3299 Ecclesiam
2860 3235 3035 3297 rexit.
3075 3234 3343 3316 Namque
3377 3235 3464 3295 illi
3509 3254 3747 3315 cogno-

369 3324 442 3387 εἷς
473 3328 669 3400 γνῶσιν
706 3321 934 3401 ἤγαγον,
966 3330 1249 3402 πανταχοῦ
1286 3329 1384 3389 τῆς
1418 3322 1668 3390 ἀληθείας
1701 3326 2007 3402 φροντίζων·

2161 3345 2234 3387 en
2261 3326 2487 3389 Calecae
2516 3326 2647 3387 fuit.
2682 3325 2959 3407 Discocx
2995 3325 3210 3390 eodem
3236 3325 3652 3387 Cantacuzeno
3683 3326 3748 3387 in

367 3414 512 3475 ὅπως
544 3414 631 3470 καὶ
661 3415 826 3487 ἡμεῖς
853 3415 989 3487 μετά
1018 3414 1197 3480 πάσης
1228 3414 1456 3475 πίστεως
1514 3415 1602 3470 καὶ
1651 3413 2010 3492 πληροφορίας

2153 3416 2386 3477 -οωιηίο
2441 3416 2962 3477 autirrheticorum
3035 3415 3320 3477 adversus
3379 3415 3745 3494 prochorum

364 3503 647 3562 ἀκούοντες
678 3504 906 3583 σγοίητε
940 3502 1098 3579 μέρος
1145 3506 1281 3578 μετὰ
1310 3503 1404 3559 τοῦ
1464 3503 1614 3580 ἁγίου
1673 3505 1759 3559 καὶ
1803 3502 2013 3568 ἐνδόξου

368 3595 628 3671 μάρτυρος
658 3591 937 3652 Θεοδότου.
975 3592 1123 3655 Haec
1154 3592 1364 3655 omnia
1395 3610 1502 3672 ego
1551 3592 1803 3654 humilis
1834 3592 2013 3655 Nilus

367 3685 675 3763 exquisita
703 3682 1022 3763 diligentia
1053 3683 1224 3746 vobis
1281 3684 1545 3755 credidi,
1608 3684 1714 3745 Dei
1744 3689 2012 3745 amanti-

371 3772 477 3833 bus
508 3771 837 3849 fratribus,
870 3774 977 3851 qui
1024 3773 1091 3833 in
1152 3774 1285 3850 ipso
1344 3789 1590 3833 carcere
1636 3790 1766 3835 cum
1795 3790 1864 3834 eo
1894 3773 2010 3848 fui,

367 3861 735 3941 singulaque
787 3863 1042 3941 cognovi
1095 3878 1232 3940 quae
1291 3864 1359 3922 in
1386 3865 2012 3922 commentariumie-

368 3951 505 4023 tuli,
542 3951 609 4011 in
639 3949 920 4012 omnibus
945 3951 1263 4013 veritatem
1293 3957 1536 4012 secutus
1564 3968 1582 4024 ;
1613 3957 1679 4011 ut
1731 3968 1829 4013 vos
1860 3967 2014 4030 quo-

371 4057 490 4120 que
511 4056 643 4101 cum
665 4042 833 4101 omni
862 4039 982 4118 ﬁde
1012 4046 1066 4102 et
1094 4040 1473 4102 certitudiue
1504 4039 1840 4114 audientes,
1862 4057 2015 4120 par—

370 4137 489 4195 tem
516 4146 650 4190 cum
706 4138 918 4190 sancto
971 4136 1028 4190 et
1083 4129 1346 4209 glorioso
1397 4136 1670 4211 martyre
1723 4129 2015 4192 Theodoto

372 4218 673 4281 habeatis.

450 4306 599 4364 ’Ἔδει
630 4309 830 4373 πάντας
886 4308 1188 4387 ἀνθρώπους
1240 4309 1347 4365 τῖον
1406 4308 1585 4366 καλῶν
1633 4311 1710 4383 μὴ
1741 4311 2011 4383 ἀμυήτους

370 4398 653 4476 δπάρχειν.
685 4394 959 4477 Polycapi
993 4406 1237 4473 ascetaa,
1281 4398 1395 4475 βίος
1439 4404 1535 4468 τῆς
1566 4400 1717 4477 ἁγίας
1762 4399 2010 4478 Συγκλη-

370 4507 549 4553 τικης.

456 4574 629 4655 Ἔδει,
659 4581 704 4632 ὦ
735 4576 958 4645 Ἰωάννη
1010 4579 1314 4657 πάγχρυσε,
1349 4581 1467 4642 τοὺς
1513 4585 1618 4635 τῶν
1646 4582 1780 4650 ’σιῦν
1837 4578 2013 4656 ἐγκω-
2036 4559 2082 4611 D

376 4668 511 4741 μίων
555 4666 917 4745 πειρωμένους
974 4668 1289 4745 ἐφάπτεθαι,
1345 4668 1594 4731 Joannis
1640 4667 2016 4744 Damasceni,

375 4756 645 4835 ἐγκώμιον
704 4758 776 4821 εἰς
833 4760 925 4814 τὸν
1011 4757 1160 4835 ἅγιον
1234 4758 1485 4820 Ἰωάννην
1550 4762 1641 4815 τὸν
1716 4763 2017 4838 Χρυσόπο-

375 4868 499 4924 μον.

459 4936 672 4995 Ἐδόκεί
720 4959 814 5011 μοι
858 4936 1035 5016 λέγειν
1078 4961 1127 4994 τι
1160 4939 1278 5017 περὶ
1307 4943 1411 4994 τῶν
1462 4936 1776 4995 ἀποστόλων
1835 4943 2016 5016 προθυ⁹

378 5028 651 5105 μουμένῳ.
713 5026 960 5091 Maximi
1014 5025 1304 5091 Planudm
1357 5027 1517 5105 λόγος
1566 5029 1638 5092 εἷς
1688 5029 1811 5090 τοὺς
1841 5029 2018 5107 ἁγίους

380 5119 708 5184 ἀποστόλους
720 5168 733 5181 .

463 5208 621 5274 ῗἘθος
664 5217 818 5268 τοῦτο
870 5217 975 5268 τῶν
1020 5209 1199 5288 λόγοις
1253 5210 1687 5286 ἀγωνιζομένων.
1749 5210 2020 5289 Gregorii

386 5294 586 5375 Cyprii
620 5299 969 5378 patriarchae
1016 5298 1655 5377 Constantinopolitani
1703 5299 1915 5373 oratio,
1949 5304 2021 5363 sic

384 5388 475 5442 τὸν
505 5388 740 5461 μάρτυρα
776 5391 1062 5467 Γεώργιον.

2097 3504 2443 3585 Cydonium.
2471 3505 2793 3581 Signentur
2819 3505 3024 3566 verbo.
3060 3504 3289 3564 Συνὸδου
3315 3510 3487 3564 τοίνυν
3517 3528 3746 3584 συγκρο-

2096 3597 2345 3663 τηθείσης
2381 3596 2668 3675 (loquitur
2699 3595 2774 3657 de
2806 3595 2922 3675 [88]
2950 3595 3353 3667 Barlaamo,et
3382 3594 3745 3674 Ancyndino

2097 3692 2155 3746 et
2184 3683 2703 3746 Thessalonicensi
2736 3683 3023 3764 Gregorio
3069 3684 3338 3759 Palama)
3368 3684 3422 3739 ἐν
3454 3691 3520 3760 τῇ
3554 3696 3745 3742 Κωνσ-

2096 3775 2497 3831 ταντινουπόλει
2527 3776 2668 3851 παρά
2698 3775 2791 3831 τοῦ
2843 3777 3136 3854 μακαρίτου
3189 3776 3276 3830 καὶ
3306 3773 3545 3835 ἀοιδίμου
3577 3776 3743 3850 βασι-

2098 3864 2231 3927 λέως
2287 3863 2619 3941 Ἀνδρονίκου
2674 3871 2767 3921 τοῦ
2815 3863 3183 3940 Παλαιολόγου
3235 3871 3326 3920 τοῦ
3357 3861 3581 3941 ἀδελφοῦ
3611 3887 3741 3938 μου,

2099 3951 2340 4010 Ἰωάννου
2395 3961 2487 4009 τοῦ
2546 3953 2757 4011 Καλέκα
2813 3956 2904 4010 τὸν
2964 3954 3355 4031 πατριαρχικὸν
3411 3952 3747 4032 κατέχοντος

2095 4044 2299 4119 θρόνον,
2328 4045 2587 4120 παρόντος
2613 4045 2705 4099 καί
2747 4045 2900 4100 αὐτοῦ
2929 4041 2993 4109 δὴ
3039 4048 3133 4100 τοῦ
3181 4042 3596 4113 Θεσσαλονίκης,
3634 4065 3744 4099 κα-

2094 4131 2379 4199 τεδικάσθη
2411 4136 2499 4189 καὶ
2530 4132 2855 4212 ἀπεπέμφθη
2887 4133 2958 4197 ὠς
2989 4132 3226 4209 αἱρετικὰ
3276 4137 3482 4210 φρονῶν
3516 4135 3544 4188 ὁ
3588 4132 3749 4198 αὖτός

2096 4222 2372 4298 Βαρλαὰμ.
2409 4222 2652 4303 Synodo
2675 4228 2880 4302 itaque
2903 4220 3434 4301 Constantinopoli
3467 4230 3679 4283 coacta
3709 4241 3751 4283 a

2095 4310 2283 4375 beatae
2311 4314 2616 4375 memoria:
2665 4321 2721 4374 et
2744 4311 3084 4390 percelebri
3121 4312 3479 4389 imperatore
3510 4312 3751 4372 Andro-

2094 4403 2236 4462 nico
2262 4401 2603 4482 Palaeologo
2621 4401 2817 4481 fratre
2841 4403 3233 4478 meo,Joanue
3259 4400 3466 4462 Coleca
3490 4409 3615 4461 tum
3641 4419 3747 4479 pa-

2100 4492 2487 4554 triarchalem
2506 4493 2702 4554 sedem
2727 4499 2982 4565 tenente,
3008 4496 3300 4572 prasente
3326 4498 3387 4551 et
3408 4491 3537 4569 ipso
3574 4491 3754 4552 7hes-

2097 4581 2477 4661 salonicensi,
2505 4581 2947 4645 condemnatus
2969 4588 3057 4643 est
3074 4588 3258 4661 atque
3280 4581 3522 4658 ejectus,
3554 4580 3754 4642 veluti

2099 4669 2374 4733 haeretice
2389 4673 2672 4742 sentiens,
2694 4672 2820 4750 ipse
2845 4669 3236 4733 Barlaamus.
3272 4666 3562 4732 Obscuris
3592 4670 3754 4749 apud

2102 4759 2275 4821 Afros
2304 4760 2597 4822 natalibus
2628 4769 2792 4821 ortus
2823 4778 2955 4822 cum
2984 4761 3232 4839 esset,in
3252 4758 3617 4819 sacerdotali
3643 4760 3756 4820 mi-

2102 4849 2347 4911 nisterio
2379 4849 2781 4912 dexterrimus
2815 4868 3030 4928 magno
3066 4848 3397 4910 domestico
3429 4857 3552 4909 erat
3586 4866 3620 4908 a
3649 4866 3751 4909 sa-

2102 4938 2262 5000 cris:
2302 4941 2678 5016 postmodum
2732 4941 2789 4999 in
2825 4940 3051 5001 clerum
3088 4937 3469 5017 imperatoris
3501 4946 3749 5017 coopta-

2105 5038 2217 5097 tus,
2250 5046 2320 5088 ac
2349 5027 2745 5108 pensionibus
2776 5027 3136 5099 cumulatus,
3171 5027 3536 5104 approbante
3567 5026 3757 5106 impe-

2102 5126 2321 5189 ratore,
2349 5118 2576 5178 artibus
2610 5126 2670 5179 et
2697 5118 2854 5179 dolis
2881 5117 3146 5193 ejusdem
3182 5115 3376 5194 magni
3409 5116 3754 5189 domestici,

2103 5206 2246 5269 licet
2274 5207 2620 5268 abnuerent
2649 5207 3234 5284 adversarenturque
3276 5204 3492 5285 reliqui
3526 5223 3757 5285 praesu-

2107 5299 2217 5369 les,
2242 5297 2398 5377 quod
2426 5296 2560 5358 vitae
2602 5297 2764 5358 curis
2795 5295 3145 5376 implicitus,
3182 5294 3350 5355 uxori
3382 5303 3441 5355 et
3482 5294 3624 5355 fi'iis
3655 5314 3761 5356 co-

2112 5386 2430 5461 habitaret,
2464 5387 2522 5448 in
2581 5387 3110 5467 opulentissimam
3170 5386 3631 5465 patriarrltalem
3664 5405 3728 5448 se

468 5478 527 5533 El.
576 5474 630 5530 δὲ
674 5476 772 5533 καί
829 5479 1025 5544 θνητὴν
1083 5480 1234 5558 φύσιν
1294 5481 1320 5536 ὃ
1384 5478 1601 5557 χρόνος,
1672 5480 1756 5535 καί
1812 5480 2021 5533 πάντων

2153 5496 2244 5539 em
2278 5477 2569 5540 evehitur.
2630 5477 2788 5538 Vide
2833 5478 3310 5540 Cautacuzenum
3364 5474 3760 5538 Historiarum

385 5565 495 5622 ἐστὶ
525 5565 725 5641 πατὴρ,
789 5566 959 5621 ὁπόσα
1006 5569 1169 5645 φθορὰ
1209 5570 1298 5624 καὶ
1341 5569 1550 5647 γένεσις
1593 5566 1798 5643 βόσκει.
1848 5567 2021 5627 Nice-

2160 5566 2216 5627 b.
2250 5566 2312 5640 2,
2344 5584 2474 5644 cap.
2508 5567 2619 5629 24.
2655 5566 2928 5646 Hincque
2963 5566 3199 5644 planum
3255 5565 3340 5638 lit,
3396 5572 3759 5644 postremam

383 5653 557 5737 phori
616 5651 914 5733 Gregoraa,
974 5657 1085 5735 βίος
1145 5664 1238 5713 τοῦ
1316 5657 1369 5714 ὲν
1446 5659 1619 5736 ἁγίοις
1695 5659 2021 5737 πατριάρχου

2155 5655 2292 5736 ujus
2322 5656 2616 5717 orationis
2674 5664 2935 5738 partem,
2963 5653 3387 5734 Xiphilinusne
3437 5654 3703 5717 Joannes
3730 5675 3763 5718 a
