3930 6136
297 302 412 370 115

1651 305 1930 371 LEONIS
1986 296 2326 371 ALLATII.

3556 303 3684 372 116

290 440 459 520 τάρων
487 439 746 521 ῥητόρων,
772 439 862 497 καὶ
889 442 937 497 οἱ
968 438 1105 516 μηδὲ
1135 440 1266 518 πρός
1298 436 1634 520 παράδειγμα
1666 439 1790 505 τοῖς
1812 463 1842 496 π

2124 458 2132 495 ι
2152 440 2254 517 iis,
2284 440 2392 520 qui
2413 438 2641 521 linguae
2659 446 3011 503 ornamento
3032 445 3291 504 utuntur
3310 439 3490 503 nimis
3517 439 3676 503 rhe-

293 529 417 597 λοτς
450 533 661 607 ἑστᾶσι,
693 537 774 606 τῷ
801 532 1162 610 ὒπερηχυῦντι
1191 537 1281 588 τοῦ
1310 531 1532 608 ῥυθμοῦο
1564 526 1936 609 ἀκριϐεστέραν

291 617 349 677 δὲ
381 619 545 691 ἰδέαν,
579 620 668 683 οἷς
700 618 884 677 εἵλετο
907 620 1175 677 συνθέσθαι
1198 619 1630 697 συγγράμμασιν,
1654 619 1749 675 οὒκ
1780 616 1931 690 οἶδα,

321 708 350 733 Ἰ
535 709 559 722 θ
974 720 983 728 υ
1238 705 1252 728 9
1338 707 1353 721 ‘
1377 708 1391 727 ς
1578 706 1603 729 ν
1744 707 1767 725 ﬂ
1870 706 1898 719 αι

294 731 344 766 ει
376 732 461 776 τις
489 732 595 767 των
624 710 841 768 πάντων
873 707 1224 786 συνήρμοσεν.
1255 706 1404 764 Αλλα
1426 710 1517 764 -ιαὶ
1549 727 1599 763 ει
1631 728 1713 769 τις
1743 729 1806 763 αν
1828 729 1934 764 των

287 805 552 879 περιττῶν
582 796 798 855 ἐκείνων
827 796 923 865 τήν
950 819 1007 853 τε
1036 797 1341 878 φράσιν,καὶ
1370 797 1471 864 την
1487 797 1778 870 ἒνθύμησιν
1807 818 1935 876 προ-

292 887 466 946 είλετο
493 887 594 955 τὴν
624 887 875 952 τοιαύτην
924 887 1194 965 ὑπόθεσιν,
1225 887 1628 964 περιεργότερον
1658 884 1755 960 μὲν
1798 885 1935 961 αὒτῇ

289 979 382 1036 τὸν
411 975 570 1056 λόγον
599 976 879 1056 εἰργάσατο
915 997 929 1011 ⁸
979 972 1037 1032 οὗ
1086 997 1226 1054 φημι
1258 973 1312 1030 δὲ
1342 975 1609 1050 σύμπασιν
1640 975 1930 1054 ἀκροαταῖς

293 1065 635 1134 κατάλληλόν
690 1086 746 1122 τε
803 1065 893 1122 καὶ
950 1062 1365 1142 ἀρμοδιώτερον,
1419 1065 1494 1122 Τὰ
1537 1062 1700 1145 [117]
1728 1085 1787 1121 τε
1830 1065 1933 1144 γὰρ

293 1158 546 1236 προοίμια
575 1161 681 1211 τῶν
710 1152 887 1232 λόγων
917 1153 1077 1213 αὐτοῦ
1105 1152 1379 1228 ἀπτόμενα
1410 1154 1554 1219 εὒθὺς
1580 1160 1675 1210 τοῦ
1702 1155 1924 1210 ὑποκει-

290 1245 473 1321 μένου,
507 1245 595 1302 καὶ
626 1243 804 1323 βραχύ
830 1264 882 1300 τι
905 1242 1234 1322 προ”ιῖὼν,τὸν
1255 1250 1348 1301 τοῦ
1366 1243 1782 1321 συγγράμματος
1804 1244 1929 1299 ἀναο

289 1335 465 1411 φαινεί
494 1333 720 1391 σκοπὸν·
752 1331 840 1389 καὶ
868 1331 969 1398 τὴν
1017 1336 1195 1388 πᾶσαν
1247 1329 1336 1388 ἐπ’
1392 1329 1549 1396 ἐνίοις
1604 1336 1711 1388 τῶν
1752 1330 1928 1409 λόγων

288 1422 535 1481 ὑπόθεσιν
556 1418 1089 1503 κεφαλαιωσάμενος,
1109 1419 1256 1484 εὒθὺς
1279 1421 1415 1477 κατὰ
1432 1420 1568 1499 μέρη
1587 1420 1929 1501 τὲμνει,πρὺς

287 1533 351 1569 τε
365 1513 433 1569 τὰ
454 1512 716 1589 πρόσωπα
741 1511 828 1567 καὶ
853 1511 976 1574 τοὺς
998 1509 1210 1587 καιροὺς
1229 1510 1733 1586 μεθαρμόζεται,καὶ
1747 1512 1809 1567 τὸ
1834 1511 1929 1586 μὲν

291 1604 491 1682 χρῶμα
524 1608 619 1659 τοῦ
648 1601 812 1678 Λόγου
840 1600 899 1656 τὸ
930 1597 1057 1656 αιῖιτὸ
1088 1605 1239 1673 πᾶσι,
1267 1600 1354 1655 καὶ
1385 1600 1418 1668 ἡ
1441 1599 1667 1667 ποιότης
1696 1600 1791 1674 μία
1832 1604 1931 1667 τῆς

290 1691 561 1771 φράσεως,
590 1693 625 1758 ἡ
657 1688 714 1746 δέ
736 1710 796 1767 γε
832 1695 923 1746 τοῦ
950 1687 1108 1757 ἤθους
1138 1686 1410 1764 μεταϐολῆ
1444 1687 1684 1764 ποικίλη,
1713 1690 1800 1746 καὶ
1827 1690 1925 1765 ὠς,

2020 530 2338 604 torice,nec
2361 530 2440 592 iis
2459 535 2568 609 qui
2592 548 2771 592 suum
2800 530 3065 592 studium
3096 537 3429 609 posuerunt
3448 530 3512 592 in
3542 530 3678 592 dis-

2017 616 2284 699 ciplinis,
2310 617 2412 680 sed
2440 636 2552 680 nec
2580 620 2681 695 iis,
2717 618 2825 699 qui
2856 620 3217 681 studuerunt
3249 626 3487 681 naturae
3511 635 3669 682 con-

2019 705 2423 788 templationi,
2455 707 2612 786 quod
2640 724 2753 770 nec
2781 708 2863 769 iis
2881 708 3127 769 dicendi
3146 724 3432 786 generum
3460 708 3673 769 mistio

2014 794 2300 871 eluceret,
2333 814 2443 858 nec
2467 796 2684 876 ﬁgura:
2725 795 2970 858 dicendi
2993 798 3116 858 sint
3147 814 3427 877 aspersas,
3463 814 3673 877 neque

2017 884 2152 947 ulla
2186 891 2428 948 naturae
2451 884 2749 948 dubitatio
2780 902 2852 947 ac
2874 884 3330 966 solutio,neque
3358 885 3672 948 linearum

2014 973 2558 1037 demonstrationes
2575 992 2708 1037 cum
2738 976 3110 1054 importunis
3125 974 3514 1050 nominibus,
3543 993 3671 1037 ne-

2012 1078 2126 1141 que
2155 1060 2671 1144 PhilosOphorum
2692 1081 2793 1125 seu
2802 1065 3008 1125 lentim
3029 1081 3167 1144 qua:
3180 1064 3509 1144 subjectum
3528 1081 3667 1126 ver-

2013 1150 2101 1213 bis
2130 1152 2195 1214 in
2224 1152 2412 1214 altum
2440 1151 2746 1216 attollant.
2786 1151 3006 1215 Volunt
3053 1157 3215 1215 enim
3247 1155 3358 1233 qui
3384 1162 3526 1215 sunt
3554 1173 3666 1216 sa-

2007 1242 2253 1322 pientiae
2282 1260 2473 1324 supra
2501 1243 2749 1306 modum
2778 1242 3208 1317 dediti,omnia
3236 1243 3428 1307 scribi
3447 1244 3529 1306 ad
3554 1261 3665 1306 os-

2010 1332 2426 1405 tentationem,
2458 1350 2583 1396 non
2610 1333 2691 1396 ad
2731 1349 2969 1396 morum
3020 1333 3486 1398 correctionem.
3522 1332 3666 1414 Ego

2012 1425 2222 1482 autem
2250 1420 2382 1484 dico
2409 1419 2591 1499 hujus
2642 1423 2764 1485 viri
2811 1424 3045 1503 scripta
3089 1420 3261 1483 nullo
3288 1422 3509 1486 horum
3536 1440 3669 1484 esse

2007 1514 2253 1588 privata
2283 1527 2300 1585 ;
2333 1510 2435 1573 sed
2464 1512 2750 1590 quoniam
2768 1528 2895 1573 non
2917 1513 2995 1574 ad
3015 1514 3485 1576 ostentationem
3504 1531 3668 1573 com-

2004 1597 2352 1680 parabatur
2378 1602 2514 1680 ejus
2542 1601 2824 1680 scriptio,
2859 1601 2990 1664 ideo
3018 1618 3144 1664 non
3173 1608 3488 1681 ponuntur
3527 1602 3668 1680 fre-

2011 1697 2290 1768 quenter,
2317 1707 2509 1769 neque
2536 1692 2741 1753 statim
2770 1708 2808 1752 a
2836 1692 3163 1772 principio,
3194 1707 3390 1771 neque
3418 1690 3663 1771 ubique,

290 1779 426 1856 εἴπῃ
456 1801 568 1854 τις,
604 1779 832 1860 τεχνικὴ
862 1777 925 1834 ἂν
955 1781 1016 1838 οὒ
1057 1777 1143 1834 διὰ
1189 1777 1288 1845 τὴν
1317 1778 1521 1858 τέχνην
1548 1779 1617 1836 τὰ
1640 1779 1842 1859 πράγμι

2114 1795 2210 1858 {ne
2241 1781 2406 1859 apud
2432 1798 2638 1842 omnes
2678 1780 2856 1858 [I18],
2888 1780 2993 1843 sed
3025 1780 3269 1860 quando
3297 1798 3393 1842 res
3421 1781 3523 1842 dat
3555 1799 3666 1842 oc-

290 1866 721 1944 μεταϐάλλουσα,
769 1866 907 1925 ἀλλά
964 1872 1043 1941 τῷ
1093 1867 1301 1942 ἑκάστῳ
1350 1874 1451 1925 τῶν
1482 1875 1930 1945 παραπιπτόντων

292 1958 626 2037 πραγμάτων
655 1979 714 2015 τε
760 1958 850 2015 καὶ
896 1956 1198 2036 προσώπων
1249 1957 1458 2017 οἰκείων
1491 1955 1927 2035 διερμηνεύουσα.

292 2039 391 2111 Ὠς
422 2049 553 2127 πρὸς
581 2045 858 2128 ἀρχέτυπα
892 2044 947 2103 δὲ
976 2047 1041 2104 τὰ
1092 2045 1419 2127 ἀρχαιότερα
1442 2052 1545 2105 τῶν
1599 2049 1928 2127 πραγμάτων

290 2136 625 2217 ἔνατενίζων,
656 2136 871 2195 ἐκείνων
900 2157 958 2194 τε
987 2139 1083 2196 οὐκ
1107 2136 1414 2215 ἀφίσταται,
1443 2136 1535 2194 ἵνα
1557 2137 1636 2213 μὴ
1658 2135 1783 2215 δόξῃ
1798 2136 1930 2194 ἄλλο

292 2248 341 2284 τι
365 2228 533 2285 ποιῶν
562 2245 578 2299 ς
611 2229 696 2284 καὶ
729 2228 870 2303 παρά
897 2228 959 2284 τὸ
993 2223 1349 2304 παράδειγμα,
1384 2228 1473 2285 καὶ
1500 2227 1599 2295 την
1629 2226 1762 2291 ὅλην
1787 2225 1928 2284 ἱδέαν

288 2327 616 2395 μετατυποϊ,
650 2317 743 2374 οὐκ
774 2313 1110 2373 ἐναλλάττων
1138 2315 1237 2383 τὴν
1267 2312 1424 2395 ὕλην,
1454 2314 1593 2373 ἀλλά
1642 2317 1703 2373 τὸ
1752 2319 1929 2397 ἡμαρ-

291 2403 521 2479 τημένον
547 2406 655 2460 τῶν
683 2402 835 2461 εἱδῶν
863 2400 1252 2482 διορθούμενος,
1287 2402 1405 2460 οὐδὲ
1450 2405 1784 2480 καινοτομῶν
1805 2417 1954 2469 ταῖς

288 2492 538 2566 ἐννοίαις,
570 2492 708 2550 ἀλλὰ
737 2494 800 2550 τὸ
827 2495 924 2562 τῆς
958 2490 1150 2559 λέξεως
1178 2497 1373 2572 σχῆμα
1410 2496 1731 2569 μετατιθείς.
1767 2493 1932 2551 Ἀνω-

291 2583 505 2657 μαλίαις
535 2604 593 2638 τε
623 2581 955 2661 περιπίπτων
984 2580 1337 2660 διηγημάτων
1367 2583 1395 2638 ὃ
1425 2581 1582 2659 λόγος
1631 2583 1797 2662 αὐτῷ,
1842 2586 1931 2641 καὶ

290 2670 661 2751 μεταλλαγαῐς
690 2670 1089 2750 ὺποθέσεων,ού
1113 2671 1415 2749 σύγκειται,
1442 2670 1560 2730 οὑδὲ
1588 2673 1925 2750 ταράττεταυ

293 2758 415 2819 ἀλλ’
445 2759 627 2838 ὥσπερ
657 2758 872 2838 ἄριστος
921 2756 1244 2837 κυϐερνήτης
1296 2759 1743 2838 περικλυζομένης
1788 2764 1930 2837 αύτῷ

290 2853 388 2917 τῆς
422 2850 552 2912 νεὼς
581 2848 818 2928 ἀτρέμας
848 2847 1081 2919 εἱστήκει
1107 2854 1184 2923 τῷ
1212 2848 1360 2906 οἴακι
1382 2848 1752 2928 τεχνικώτατα
1775 2851 1930 2931 χρώ-

289 2960 475 3014 μενος.
509 2938 684 2997 ’Ἔστι
719 2936 768 2993 δ’
795 2938 856 2994 οὗ
885 2942 989 2996 τῶν
1020 2936 1195 3015 λόγων
1223 2939 1319 2994 καί
1357 2952 1666 3020 γεωγραφεϊ
1706 2941 1799 3006 τὰς
1825 2946 1932 2997 τῶν

289 3027 691 3103 ἐπαινουμένων
721 3024 972 3101 πατρίδας
1029 3026 1124 3095 τῆς
1163 3028 1448 3103 συμπάσης
1497 3028 1931 3105 ἀποτεμνόμενος

289 3122 417 3195 γῆς,
447 3119 537 3174 καὶ
566 3116 777 3195 ἀνάγων
799 3118 872 3180 εἰς
897 3118 952 3174 ἓν
971 3116 1077 3173 τῶν
1106 3116 1428 3191 τμημάτων.
1466 3117 1602 3174 Εἶτα
1632 3115 1687 3173 δὲ
1708 3119 1797 3175 καὶ
1810 3119 1931 3195 περὶ

289 3207 549 3282 ποταμῶν
576 3228 628 3263 τι
658 3206 966 3287 φθέγγεται,
1001 3204 1098 3264 καὶ
1147 3204 1462 3284 φυσιολογεῖ
1487 3208 1661 3263 αὐτῶν
1702 3208 1798 3270 τὰς
1827 3207 1927 3286 ἆρ-

286 3297 418 3377 χὲις,
451 3297 540 3354 καὶ
569 3297 687 3374 περὶ
715 3296 983 3374 εὐκαιρίας
1031 3292 1266 3368 πόλεων,
1320 3294 1417 3351 καὶ
1465 3296 1701 3374 κράσεως
1735 3295 1924 3375 ἀέρων,

286 3388 376 3446 καὶ
404 3389 556 3464 ὡρῶν
586 3385 865 3464 ἁρμονίας,
897 3387 941 3442 εί
972 3385 1061 3442 καὶ
1089 3385 1190 3452 τὴν
1218 3383 1387 3464 ἀκοῄν
1418 3386 1494 3461 τῷ
1525 3384 1635 3442 δ’ντι
1679 3384 1929 3456 δυσήκοοι

284 3483 380 3535 τοῦ
406 3483 513 3534 τῶν
543 3475 850 3555 λεγομένων
879 3476 974 3533 οὔκ
1001 3475 1308 3540 ἒπαΐουσιν.
1330 3459 1587 3532 Ἃπτεται
1619 3473 1674 3531 δὲ
1703 3477 1792 3532 καὶ
1823 3495 1928 3531 πο-

284 3564 501 3628 λυειδῶς
532 3571 640 3622 τῶν
668 3571 761 3622 τοῦ
790 3563 956 3641 λόγου
985 3570 1163 3643 μερῶν
1189 3579 1203 3594 ’
1253 3563 1322 3621 τὰ
1371 3563 1470 3638 μὲν
1499 3563 1924 3642 ἀγωνικώτερον,

284 3656 351 3712 τὰ
371 3653 426 3711 δὲ
457 3655 769 3733 πραότερον.
807 3655 915 3720 Τῆς
945 3652 1000 3709 δὲ
1031 3660 1137 3710 τῶν
1168 3651 1473 3730 διηγήσεων
1504 3656 1730 3733 χάριτος
1762 3653 1840 3717 τίς
1864 3654 1928 3710 ἃν

284 3748 429 3819 αὖτῷ
451 3749 559 3801 τῶν
588 3743 802 3801 πάντων
832 3741 1263 3823 ἀμφισϐητήσειε
1287 3761 1305 3821 ;
1330 3747 1426 3810 τῆς
1454 3740 1510 3799 δὲ
1532 3744 1928 3818 συνθήκης,τῆς

284 3831 341 3888 δὲ
370 3838 475 3889 τῶν
505 3833 713 3910 ῥυθμῶν
743 3830 1115 3905 ἀναπαύσεως,
1146 3830 1243 3897 τῆς
1271 3827 1327 3885 δὲ
1357 3832 1486 3908 πρὸς
1515 3827 1690 3888 πάντα
1719 3831 1927 3888 καταλ-

282 3920 454 3993 λήλου
481 3920 856 3999 εὖαρμοστίας.
889 3917 1156 3992 Βούλομαι
1189 3917 1288 3991 μὲν
1319 3919 1410 3976 οὗν
1435 3919 1517 3975 ὅτι
1540 3922 1619 3995 μὴ
1644 3919 1925 3996 στωμύλος

283 4009 415 4090 ὑπὲρ
441 4010 646 4069 ἑκείνου
673 4006 1100 4088 διαγωνίσεσθαι.
1136 4009 1373 4087 Εὑρίσκω
1400 4007 1456 4090 δε
1469 4011 1588 4072 τοὺς
1611 4006 1801 4087 λόγους
1827 4012 1925 4069 αὖ·

284 4103 363 4174 τῷ
387 4087 524 4177 μηδὲ
556 4098 752 4167 ταύτης
777 4098 1003 4178 χάριτος
1031 4095 1381 4167 ἀποδέοντας,
1409 4087 1530 4155 ἀλλ’
1551 4096 1684 4155 ὅπου
1711 4099 1809 4173 μὲν
1841 4099 1926 4156 καὶ

283 4191 346 4246 τὸ
375 4190 621 4268 περιττὸν
651 4187 905 4269 ἔχοντας,
937 4187 992 4245 ἐν
1040 4185 1096 4244 δέ
1144 4208 1205 4266 γε
1236 4200 1354 4253 τοῖς
1384 4185 1591 4245 πλείοσι
1636 4189 1695 4245 τὸ
1730 4190 1925 4263 σεμνὸν

285 4281 374 4338 καὶ
400 4283 459 4336 τὸ
488 4279 737 4353 κόσμιον.
774 4278 876 4334 Δύο
906 4276 961 4334 δὲ
989 4278 1185 4341 ταύτας
1209 4274 1360 4340 ὁδοὺς
1383 4276 1525 4351 αὖτῷ
1545 4276 1761 4353 θέμενος
1790 4299 1928 4354 μαρ-

282 4369 500 4447 τυρικὴν
531 4367 796 4442 ἔνστασιν,
823 4368 913 4424 καὶ
942 4366 1252 4434 ἀσκητικὴν
1276 4368 1576 4448 καρτερίαν,
1610 4367 1792 4447 τρέχει
1823 4369 1942 4443 μὲν.

282 4457 372 4517 ἑπ’
401 4457 604 4536 ἀμφοῖν
633 4468 753 4514 τοῖν
782 4453 1103 4531 σταδίοιν,οὖ
1132 4454 1310 4514 ποδῶν
1330 4456 1588 4536 ὠκύτητι,
1616 4454 1754 4514 ἀλλᾶ
1787 4457 1923 4532 μετᾶ

282 4547 558 4625 λογισμῶν
586 4546 857 4614 ὀξύτητος.
886 4543 1133 4603 Μάλιστα
1160 4543 1216 4602 δὲ
1245 4546 1337 4603 τὸν
1365 4545 1662 4613 ἀσκητικὸν
1705 4543 1924 4605 διαθέων
1948 4538 1990 4589 D

283 4636 493 4696 δίαυλον
523 4636 875 4714 εὖτονώτερος
912 4637 1100 4693 ἑαυτοῦ
1128 4636 1218 4693 καὶ
1248 4635 1744 4714 ἀγωνοστικώτερος
1774 4638 1921 4713 γίνε-

281 4750 394 4788 ται.
430 4726 633 4784 Πιαίνει
664 4733 789 4805 γοῦν
821 4742 914 4803 μοι
943 4726 1045 4791 τὴν
1075 4725 1245 4793 ἀκοὴν
1278 4727 1512 4793 ὁπηνίκα
1533 4729 1560 4783 ὁ
1589 4726 1750 4806 λόγος
1782 4727 1923 4800 αύτῷ

280 4815 452 4875 ἄνεισι
481 4817 581 4893 μὲν
604 4815 727 4895 ὄρη,
760 4814 937 4873 ὕπεισι
967 4813 1024 4873 δὲ
1053 4815 1318 4885 σπήλαια⁶
1351 4816 1450 4872 ὓπό
1478 4836 1539 4871 τε
1568 4816 1782 4896 πίτυν,ἢ
1802 4814 1921 4892 δρῦν

279 4929 399 4966 τινα
430 4908 629 4979 καθίζει
657 4907 750 4963 τὸν
780 4904 1049 4986 ἀσκητην,
1081 4906 1167 4962 καὶ
1215 4901 1489 4983 σχεδιάζει
1538 4906 1681 4979 αὐτῷ
1722 4905 1921 4983 τροφήν

279 4996 380 5066 τὴν
409 4995 472 5052 ἐκ
513 4996 776 5073 βοτανῶν,
825 4995 914 5053 καὶ
959 4996 1109 5070 πόμα
1169 4995 1229 5051 τὸ
1258 4994 1321 5050 in
1349 4999 1567 5072 πηγῶν.
1602 4995 1920 5072 Περιανθίζει

280 5088 383 5166 γὰρ
409 5087 503 5149 τὰς
533 5086 779 5149 τοιαύτας
810 5082 1089 5162 διηγήσεις
1119 5081 1289 5149 λέξεσί
1311 5105 1417 5140 τισι
1448 5084 1509 5140 τὸ
1537 5082 1700 5141 καλὸν
1729 5084 1919 5142 ἀνθού-

281 5196 425 5245 σαις,
461 5175 548 5231 καὶ
575 5175 882 5252 σχημάτων
910 5172 1183 5231 ποικίλλει
1211 5170 1523 5251 ῥοδωνιαϊς,
1557 5175 1645 5230 καὶ
1674 5175 1747 5237 ὡς
1778 5176 1838 5251 ὁρ
1853 5180 1920 5229 ἑ)-

282 5285 422 5340 μενα
449 5261 673 5320 δείκνυσι
701 5263 768 5323 τὰ
789 5263 911 5320 τότε
942 5267 1124 5335 καιροῦ
1149 5260 1509 5340 πραττόμενα.
1541 5261 1698 5329 Ζηλῶ
1714 5262 1812 5337 μὲν
1834 5262 1924 5319 οὖν

281 5353 393 5429 ἑγὼ
420 5353 514 5408 τὸν
541 5349 701 5429 ἄνδρα
732 5355 826 5408 καὶ
855 5356 955 5419 τῆς
986 5351 1237 5418 τοιαύτης
1269 5351 1548 5424 εὐστομίας
1568 5353 1653 5408 καὶ
1675 5352 1920 5430 χάριτος,

282 5440 431 5500 οὐδέν
460 5462 517 5497 τε
542 5440 703 5508 ἧττον
724 5441 824 5507 τῆς
850 5439 1176 5521 εὐχρηστίας
1197 5446 1304 5497 τῶν
1328 5439 1743 5501 ὒποθὲσεων.Ει
1763 5447 1830 5504 ut
1851 5441 1925 5503 de

281 5531 401 5594 hac
414 5535 603 5610 parte
619 5528 842 5603 dicam,
876 5539 931 5592 et
953 5528 1162 5609 aliqua
1199 5536 1347 5592 utar
1373 5527 1770 5608 digressione,
1802 5547 1924 5592 non

280 5620 501 5701 ignoro
534 5616 718 5697 hujus
750 5616 874 5681 viri
901 5633 1079 5697 opera
1108 5634 1229 5681 non
1250 5634 1382 5682 esse
1412 5631 1647 5696 magno
1693 5616 1919 5695 studio,

2013 1872 2335 1946 casionem,
2368 1887 2515 1932 usus
2548 1871 2648 1951 iis,
2673 1886 2810 1951 qua:
2827 1869 3092 1950 postulat
3120 1870 3514 1946 oratio,redit
3542 1879 3671 1932 stac

2014 1959 2123 2019 tim
2154 1958 2234 2021 ad
2287 1976 2535 2038 scopum
2588 1962 2993 2040 propositum.
3056 1960 3208 2035 Eius
3264 1961 3427 2021 enim
3456 1962 3668 2021 oratio

2011 2064 2207 2128 neque
2237 2048 2318 2110 ad
2345 2049 2735 2130 sophisticam
2765 2048 3042 2111 intuetur
3070 2051 3440 2126 iactantiam
3468 2065 3537 2109 ac
3569 2051 3633 2127 [ο

2012 2153 2248 2200 rensem
2281 2146 2668 2219 apparatum,
2701 2156 2893 2220 neque
2919 2138 2999 2200 ad
3039 2137 3437 2219 artiﬁciosam
3469 2147 3663 2200 natu-

2012 2226 2239 2291 ralium
2270 2244 2477 2291 rerum
2536 2230 3066 2308 excogitationem,
3120 2245 3319 2308 neque
3350 2227 3431 2290 ad
3461 2228 3667 2290 linea-

2011 2333 2147 2378 rum
2177 2316 2765 2397 contemplationem,
2799 2324 2913 2380 aut
2937 2319 3339 2380 curiosiorem
3369 2335 3664 2379 numero-

2012 2422 2153 2467 rum
2180 2404 2820 2485 intelligentiam.Sed
2845 2423 3042 2486 neque
3065 2413 3154 2469 est
3181 2408 3240 2468 ei
3266 2406 3467 2469 studio
3499 2406 3668 2469 orbis

2013 2502 2234 2567 motus,
2281 2503 2391 2558 aut
2466 2496 2978 2575 quemadmodum
3046 2497 3336 2558 inerrans
3392 2495 3663 2558 mundus

2012 2583 2293 2663 procedat
2324 2585 2489 2646 circa
2535 2583 2745 2645 stellas
2786 2589 3061 2646 errantes
3093 2602 3111 2646 :
3141 2583 3246 2645 sed
3288 2600 3483 2663 neque
3510 2594 3665 2645 sunt

2014 2677 2071 2733 ei
2099 2688 2266 2734 curae
2294 2680 2691 2735 consonantes
2736 2680 2843 2735 aut
2886 2671 3294 2746 semivocales,
3340 2687 3524 2750 neque
3555 2674 3667 2747 qui

2007 2778 2121 2836 per
2166 2777 2268 2822 eas
2311 2762 2382 2841 ﬁt
2431 2768 2772 2824 concentus.
2831 2762 3159 2841 Propterea
3225 2762 3351 2822 haec
3415 2762 3665 2840 quidem

2015 2849 2307 2913 omandat
2352 2856 2649 2930 tanquam
2693 2866 3186 2931 supervacanea;
3224 2866 3665 2928 nonnunquam

2016 2946 2215 3003 tamen
2245 2939 2331 3000 eis
2361 2943 2579 3015 utitur,
2616 2956 2687 3003 ac
2717 2940 2782 3001 in
2836 2947 3123 3017 tempore.
3165 2938 3424 3001 Veritati
3453 2948 3661 3001 autem

2014 3028 2310 3111 adliceret,
2342 3036 2399 3090 et
2430 3047 2469 3091 a
2498 3028 2651 3107 falso
2680 3028 2897 3092 aliena
2951 3030 3327 3090 narrationi.
3364 3029 3666 3091 Dictionis

2012 3123 2216 3180 autem
2243 3115 2471 3180 sciebat
2491 3116 2715 3180 multos
2744 3118 3000 3181 modos:
3028 3134 3177 3179 usus
3225 3124 3310 3179 est
3358 3124 3559 3180 autem
3590 3136 3660 3181 eo

2013 3207 2120 3285 qui
2143 3205 2473 3284 sufﬁciebat
2502 3205 2583 3269 ad
2639 3207 3023 3269 auditionem
3050 3209 3240 3269 simul
3280 3214 3334 3267 et
3364 3206 3662 3269 bonorum

2011 3301 2070 3358 et
2106 3292 2431 3369 malorum,
2457 3302 2513 3359 et
2563 3296 2844 3376 utrisque
2881 3297 3164 3377 partibus
3192 3294 3374 3357 simul
3402 3297 3658 3373 satisfa-

2012 3384 2181 3446 ciens
2218 3405 2232 3441 :
2261 3401 2406 3446 nam
2439 3385 2722 3447 dictionis
2750 3387 2993 3465 quidem
3018 3402 3277 3447 numero
3305 3393 3363 3448 et
3390 3385 3663 3464 pulchri-

2013 3473 2228 3535 tudine
2246 3473 2550 3536 eruditum
2576 3475 2663 3535 sic
2692 3475 2963 3537 attraccit
3005 3474 3376 3555 auditorem,
3400 3481 3459 3536 et
3500 3476 3658 3537 satis

2010 3562 2227 3624 delinit
2255 3562 2603 3642 gratiarum
2643 3562 2980 3627 illecebris:
3012 3582 3080 3626 eo
3111 3570 3333 3639 autem,
3366 3564 3523 3642 quod
3552 3582 3657 3626 es-

2009 3657 2098 3713 set
2119 3652 2292 3716 clara
2313 3659 2371 3713 et
2404 3651 2706 3715 luculenta
2739 3654 2957 3730 oratio,
2988 3652 3205 3733 eﬂ’ecit,
3241 3660 3309 3716 ut
3336 3669 3517 3715 aures
3546 3654 3662 3715 im-

2008 3742 2346 3820 peritorum
2375 3740 2451 3803 ab
2479 3743 2607 3822 q'us
2638 3757 2780 3805 voce
2804 3742 3157 3821 penderent.
3196 3743 3418 3805 Ambos
3451 3747 3660 3805 autem

2010 3830 2260 3894 induxit
2291 3830 2563 3893 breviter
2609 3839 2665 3894 et
2701 3831 3133 3913 probabiliter.
3180 3829 3311 3909 Ego
3341 3836 3549 3893 autem
3579 3849 3659 3893 ne

2008 3918 2166 3981 nihil
2193 3924 2414 3991 dicam,
2445 3922 2654 3983 celans
2711 3920 2874 4002 quod
2917 3922 3000 3983 sit
3052 3936 3193 3983 vero
3242 3921 3472 3993 minus,
3528 3922 3657 3983 scio

2008 4011 2253 4094 quidem
2282 4028 2406 4074 esse
2433 4009 2628 4073 multa
2659 4010 2905 4074 dicendi
2930 4026 3155 4091 genera
3185 4007 3659 4089 pulcherrimas,-

2000 4098 2463 4178 perfectiorum,
2514 4103 2792 4180 inquam,
2850 4101 3209 4173 aratorum,
3269 4103 3327 4161 et
3393 4115 3660 4178 quorum

2006 4188 2318 4267 exemplar
2344 4207 2467 4252 non
2497 4197 2588 4251 est
2635 4188 2822 4268 vulgo
2870 4190 3247 4268 propositum
3279 4186 3359 4249 ad
3386 4189 3658 4250 imitan-

2006 4277 2149 4339 dum
2173 4289 2421 4358 propter
2433 4296 2651 4342 sonum
2672 4287 2731 4341 et
2750 4293 3072 4340 numerum
3095 4277 3401 4340 orationis
3425 4293 3440 4338 :
3464 4293 3661 4356 praes-

2009 4370 2343 4431 tantiorem
2396 4374 2602 4430 autem
2656 4365 2905 4430 dicendi
2964 4368 3223 4444 formam
3275 4366 3358 4428 iis
3406 4367 3661 4444 scriptis

2008 4472 2143 4536 qua
2171 4473 2520 4537 componere
2561 4462 2888 4529 statuerat,
2945 4455 3147 4518 nescio
3192 4472 3271 4517 an
3325 4456 3658 4536 quisquam

2005 4564 2082 4609 ea:
2108 4548 2387 4609 omnibus
2418 4564 2687 4626 unquam
2717 4546 3147 4626 adaptaverit:
3199 4545 3302 4609 sed
3353 4552 3405 4607 et
3432 4550 3489 4606 si
3513 4548 3657 4626 quis

2006 4636 2266 4711 catillis,
2300 4642 2411 4716 qui
2455 4645 2509 4697 et
2539 4636 2801 4698 dictione
2849 4633 3162 4697 excellunt
3208 4642 3269 4696 et
3317 4636 3655 4707 sententia,

2004 4724 2302 4805 ejusmodi
2355 4734 2712 4805 argumenta
2765 4727 3142 4803 suscepisset,
3209 4731 3658 4787 accuratiorem

2002 4815 2243 4894 quidem
2274 4820 2333 4878 et
2349 4814 2828 4878 elabo'ratiorem
2851 4813 3131 4896 effecisset
3160 4815 3523 4889 orationem,
3548 4816 3659 4877 sed

2003 4921 2123 4966 non
2149 4904 2362 4967 itidem
2390 4905 2524 4967 dico
2556 4903 2947 4968 auditoribus
2968 4911 3395 4985 congruentem
3423 4911 3480 4967 et
3505 4921 3655 4967 con-

2003 4995 2363 5056 uenientem.
2421 4992 2576 5057 Nam
2606 5003 2665 5056 et
2710 4996 3088 5072 principium
3135 4995 3262 5073 ejus
3303 4996 3657 5056 orationum

2004 5083 2212 5145 statim
2264 5084 2516 5162 attingit
2570 5084 2930 5159 subiectum,
2967 5091 3027 5145 et
3079 5100 3303 5162 parum
3332 5084 3660 5163 procedens

2005 5172 2267 5235 ostendit
2294 5173 2393 5234 sui
2420 5172 2639 5252 scripti
2667 5190 2940 5255 scapum,
2994 5178 3047 5235 et
3079 5175 3146 5235 in
3175 5172 3485 5236 nonnullis
3514 5190 3657 5234 oru-

2005 5263 2268 5324 tionibus
2295 5278 2430 5325 cum
2459 5268 2649 5324 totum
2700 5268 3128 5340 argumentum
3174 5261 3533 5342 recapitulet
3586 5265 3654 5324 in

2005 5368 2321 5426 summam,
2346 5351 2413 5413 id
2438 5353 2650 5413 statim
2683 5352 2748 5413 in
2793 5359 3004 5432 partes
3047 5352 3294 5414 dividit.
3334 5354 3413 5412 Sc
3444 5358 3648 5414 autem

2004 5440 2420 5503 accommodat
2456 5442 2738 5521 personis
2767 5448 2821 5504 et
2847 5440 3223 5521 temporibus
3257 5461 3270 5503 :
3305 5449 3358 5501 et
3387 5449 3476 5502 est
3509 5442 3656 5520 qui-

2006 5529 2137 5591 dem
2170 5530 2451 5591 omnibus
2476 5530 2638 5592 idem
2666 5530 2829 5595 color
2859 5533 3174 5605 orationis,
3208 5538 3266 5592 et
3294 5548 3419 5593 una
3450 5528 3656 5611 quali-

2008 5626 2101 5682 tas
2128 5617 2454 5691 dictionis;
2488 5637 2730 5684 morum
2773 5627 2974 5683 autem
3017 5624 3195 5682 varia
3242 5626 3325 5683 est
3355 5624 3649 5685 mutatio.
