  <div class='ocr_page' id='page_1' title='image "/cluster/home/n/w/nwhite01/storage/ocr_20150623/114/mdp.39015028574344/066.png"; bbox 0 0 3930 6136; ppageno 0'>
   <div class='ocr_carea' id='block_1_1' title="bbox 218 297 303 362">
    <p class='ocr_par' dir='ltr' id='par_1_1' title="bbox 218 297 303 362">
     <span class='ocr_line' id='line_1_1' title="bbox 218 297 303 362; baseline -0.024 0"><span class='ocrx_word' id='word_1_1' title='bbox 218 297 303 362; x_wconf 78' lang='grc'><strong><em>117</em></strong></span> 
     </span>
    </p>
   </div>
   <div class='ocr_carea' id='block_1_2' title="bbox 882 296 3584 369">
    <p class='ocr_par' dir='ltr' id='par_1_2' title="bbox 882 296 3584 369">
     <span class='ocr_line' id='line_1_2' title="bbox 882 296 3584 369; baseline 0.002 -6"><span class='ocrx_word' id='word_1_2' title='bbox 882 300 988 364; x_wconf 92' lang='lat' dir='ltr'><strong>DE</strong></span> <span class='ocrx_word' id='word_1_3' title='bbox 1038 300 1381 365; x_wconf 85' lang='lat' dir='ltr'><strong><em>SCRIPTIS</em></strong></span> <span class='ocrx_word' id='word_1_4' title='bbox 1439 302 1821 368; x_wconf 87' lang='lat' dir='ltr'><strong><em>SYMEONIS</em></strong></span> <span class='ocrx_word' id='word_1_5' title='bbox 1860 304 2453 369; x_wconf 66' lang='lat' dir='ltr'><strong><em>METAPHRASTiE</em></strong></span> <span class='ocrx_word' id='word_1_6' title='bbox 2496 296 2885 367; x_wconf 79' lang='lat' dir='ltr'><strong><em>DIATRIBA.</em></strong></span> <span class='ocrx_word' id='word_1_7' title='bbox 3465 300 3584 368; x_wconf 74' lang='grc'><strong><em>118</em></strong></span> 
     </span>
    </p>
   </div>
   <div class='ocr_carea' id='block_1_3' title="bbox 211 430 3586 518">
    <p class='ocr_par' dir='ltr' id='par_1_3' title="bbox 211 430 3586 518">
     <span class='ocr_line' id='line_1_3' title="bbox 211 430 3586 518; baseline 0.002 -27"><span class='ocrx_word' id='word_1_8' title='bbox 211 440 269 505; x_wconf 83' lang='lat' dir='ltr'><strong><em>et,</em></strong></span> <span class='ocrx_word' id='word_1_9' title='bbox 288 441 352 492; x_wconf 77' lang='lat' dir='ltr'><strong><em>ut</em></strong></span> <span class='ocrx_word' id='word_1_10' title='bbox 380 430 612 493; x_wconf 68' lang='lat' dir='ltr'><strong><em>dixerit</em></strong></span> <span class='ocrx_word' id='word_1_11' title='bbox 637 432 1355 513; x_wconf 60' lang='lat' dir='ltr'><strong><em>quispiammrtiﬁciosa,</em></strong></span> <span class='ocrx_word' id='word_1_12' title='bbox 1385 452 1509 497; x_wconf 88' lang='lat' dir='ltr'><strong><em>non</em></strong></span> <span class='ocrx_word' id='word_1_13' title='bbox 1525 453 1636 516; x_wconf 91' lang='lat' dir='ltr'><strong><em>per</em></strong></span> <span class='ocrx_word' id='word_1_14' title='bbox 1656 444 1855 501; x_wconf 90' lang='lat' dir='ltr'><strong><em>artem</em></strong></span> <span class='ocrx_word' id='word_1_15' title='bbox 1880 445 1918 496; x_wconf 88' lang='grc' dir='ltr'><strong><em>Β</em></strong></span> <span class='ocrx_word' id='word_1_16' title='bbox 1941 436 2117 498; x_wconf 90' lang='lat' dir='ltr'><strong><em>mode</em></strong></span> <span class='ocrx_word' id='word_1_17' title='bbox 2173 436 2303 499; x_wconf 79' lang='lat' dir='ltr'><strong><em>fieri</em></strong></span> <span class='ocrx_word' id='word_1_18' title='bbox 2334 435 2552 518; x_wconf 88' lang='lat' dir='ltr'><strong><em>poterit</em></strong></span> <span class='ocrx_word' id='word_1_19' title='bbox 2605 432 2925 497; x_wconf 78' lang='lat' dir='ltr'><strong><em>adnotabo.</em></strong></span> <span class='ocrx_word' id='word_1_20' title='bbox 2973 430 3114 496; x_wconf 58' lang='lat' dir='ltr'><strong><em>Haec</em></strong></span> <span class='ocrx_word' id='word_1_21' title='bbox 3173 440 3234 495; x_wconf 90' lang='lat' dir='ltr'><strong><em>tu</em></strong></span> <span class='ocrx_word' id='word_1_22' title='bbox 3263 442 3469 516; x_wconf 81' lang='lat' dir='ltr'><strong><em>postea</em></strong></span> <span class='ocrx_word' id='word_1_23' title='bbox 3526 444 3586 500; x_wconf 86' lang='lat' dir='ltr'><strong><em>et</em></strong></span> 
     </span>
    </p>
   </div>
   <div class='ocr_carea' id='block_1_4' title="bbox 211 521 3582 607">
    <p class='ocr_par' dir='ltr' id='par_1_4' title="bbox 211 521 3582 607">
     <span class='ocr_line' id='line_1_4' title="bbox 211 521 3582 607; baseline 0.002 -24"><span class='ocrx_word' id='word_1_24' title='bbox 211 539 285 583; x_wconf 82' lang='lat' dir='ltr'><strong><em>res</em></strong></span> <span class='ocrx_word' id='word_1_25' title='bbox 306 522 688 595; x_wconf 85' lang='lat' dir='ltr'><strong><em>mutons,sed</em></strong></span> <span class='ocrx_word' id='word_1_26' title='bbox 711 522 884 600; x_wconf 87' lang='lat' dir='ltr'><strong><em>quod</em></strong></span> <span class='ocrx_word' id='word_1_27' title='bbox 905 523 1241 603; x_wconf 73' lang='lat' dir='ltr'><strong><em>animique</em></strong></span> <span class='ocrx_word' id='word_1_28' title='bbox 1262 527 1359 585; x_wconf 88' lang='lat' dir='ltr'><strong><em>rei</em></strong></span> <span class='ocrx_word' id='word_1_29' title='bbox 1387 532 1444 586; x_wconf 91' lang='lat' dir='ltr'><strong><em>et</em></strong></span> <span class='ocrx_word' id='word_1_30' title='bbox 1463 542 1742 603; x_wconf 77' lang='lat' dir='ltr'><strong><em>persona:</em></strong></span> <span class='ocrx_word' id='word_1_31' title='bbox 1764 528 1862 589; x_wconf 89' lang='lat' dir='ltr'><strong><em>in-</em></strong></span> <span class='ocrx_word' id='word_1_32' title='bbox 1940 526 2257 603; x_wconf 86' lang='lat' dir='ltr'><strong><em>industria,</em></strong></span> <span class='ocrx_word' id='word_1_33' title='bbox 2293 534 2351 589; x_wconf 89' lang='lat' dir='ltr'><strong><em>et</em></strong></span> <span class='ocrx_word' id='word_1_34' title='bbox 2401 525 2588 607; x_wconf 83' lang='lat' dir='ltr'><strong><em>magis</em></strong></span> <span class='ocrx_word' id='word_1_35' title='bbox 2618 523 2826 588; x_wconf 88' lang='lat' dir='ltr'><strong><em>sedqu</em></strong></span> <span class='ocrx_word' id='word_1_36' title='bbox 2859 521 3067 585; x_wconf 78' lang='lat' dir='ltr'><strong><em>studio</em></strong></span> <span class='ocrx_word' id='word_1_37' title='bbox 3100 521 3315 586; x_wconf 88' lang='lat' dir='ltr'><strong><em>melius</em></strong></span> <span class='ocrx_word' id='word_1_38' title='bbox 3345 523 3582 589; x_wconf 87' lang='lat' dir='ltr'><strong><em>discer-</em></strong></span> 
     </span>
    </p>
   </div>
   <div class='ocr_carea' id='block_1_5' title="bbox 208 610 1859 695">
    <p class='ocr_par' dir='ltr' id='par_1_5' title="bbox 208 610 1859 695">
     <span class='ocr_line' id='line_1_5' title="bbox 208 610 1859 695; baseline 0.004 -23"><span class='ocrx_word' id='word_1_39' title='bbox 208 610 409 672; x_wconf 87' lang='lat' dir='ltr'><strong><em>cidenti</em></strong></span> <span class='ocrx_word' id='word_1_40' title='bbox 434 612 876 683; x_wconf 71' lang='lat' dir='ltr'><strong><em>conveniebat,</em></strong></span> <span class='ocrx_word' id='word_1_41' title='bbox 915 613 1351 692; x_wconf 85' lang='lat' dir='ltr'><strong><em>interpretans.</em></strong></span> <span class='ocrx_word' id='word_1_42' title='bbox 1390 612 1703 695; x_wconf 87' lang='lat' dir='ltr'><strong><em>Tanquam</em></strong></span> <span class='ocrx_word' id='word_1_43' title='bbox 1742 633 1859 678; x_wconf 89' lang='lat' dir='ltr'><strong><em>au-</em></strong></span> 
     </span>
    </p>
   </div>
   <div class='ocr_carea' id='block_1_6' title="bbox 207 698 1855 781">
    <p class='ocr_par' dir='ltr' id='par_1_6' title="bbox 207 698 1855 781">
     <span class='ocr_line' id='line_1_6' title="bbox 207 698 1855 781; baseline 0.003 -19"><span class='ocrx_word' id='word_1_44' title='bbox 207 708 304 762; x_wconf 67' lang='lat' dir='ltr'><strong><em>tem</em></strong></span> <span class='ocrx_word' id='word_1_45' title='bbox 354 698 696 779; x_wconf 82' lang='lat' dir='ltr'><strong><em>archetypa</em></strong></span> <span class='ocrx_word' id='word_1_46' title='bbox 728 702 1127 780; x_wconf 72' lang='lat' dir='ltr'><strong><em>exemplaria</em></strong></span> <span class='ocrx_word' id='word_1_47' title='bbox 1179 700 1257 762; x_wconf 89' lang='lat' dir='ltr'><strong><em>od</em></strong></span> <span class='ocrx_word' id='word_1_48' title='bbox 1310 719 1408 764; x_wconf 91' lang='lat' dir='ltr'><strong><em>res</em></strong></span> <span class='ocrx_word' id='word_1_49' title='bbox 1452 704 1855 781; x_wconf 76' lang='lat' dir='ltr'><strong><em>antiquiores,</em></strong></span> 
     </span>
    </p>
   </div>
   <div class='ocr_carea' id='block_1_7' title="bbox 204 788 1861 871">
    <p class='ocr_par' dir='ltr' id='par_1_7' title="bbox 204 788 1861 871">
     <span class='ocr_line' id='line_1_7' title="bbox 204 788 1861 871; baseline 0.004 -22"><span class='ocrx_word' id='word_1_50' title='bbox 204 790 460 863; x_wconf 81' lang='lat' dir='ltr'><strong><em>intuens,</em></strong></span> <span class='ocrx_word' id='word_1_51' title='bbox 493 807 614 850; x_wconf 88' lang='lat' dir='ltr'><strong><em>nec</em></strong></span> <span class='ocrx_word' id='word_1_52' title='bbox 645 789 727 851; x_wconf 89' lang='lat' dir='ltr'><strong><em>ab</em></strong></span> <span class='ocrx_word' id='word_1_53' title='bbox 770 788 896 851; x_wconf 81' lang='lat' dir='ltr'><strong><em>illis</em></strong></span> <span class='ocrx_word' id='word_1_54' title='bbox 925 789 1171 864; x_wconf 77' lang='lat' dir='ltr'><strong><em>recedit,</em></strong></span> <span class='ocrx_word' id='word_1_55' title='bbox 1206 807 1279 852; x_wconf 91' lang='lat' dir='ltr'><strong><em>ne</em></strong></span> <span class='ocrx_word' id='word_1_56' title='bbox 1309 791 1595 853; x_wconf 87' lang='lat' dir='ltr'><strong><em>videatur</em></strong></span> <span class='ocrx_word' id='word_1_57' title='bbox 1625 791 1861 871; x_wconf 88' lang='lat' dir='ltr'><strong><em>aliquid</em></strong></span> 
     </span>
    </p>
   </div>
   <div class='ocr_carea' id='block_1_8' title="bbox 202 876 1862 960">
    <p class='ocr_par' dir='ltr' id='par_1_8' title="bbox 202 876 1862 960">
     <span class='ocr_line' id='line_1_8' title="bbox 202 876 1862 960; baseline 0.004 -22"><span class='ocrx_word' id='word_1_58' title='bbox 202 876 351 938; x_wconf 82' lang='lat' dir='ltr'><strong><em>aliud</em></strong></span> <span class='ocrx_word' id='word_1_59' title='bbox 380 879 685 954; x_wconf 77' lang='lat' dir='ltr'><strong><em>facere,et</em></strong></span> <span class='ocrx_word' id='word_1_60' title='bbox 717 877 798 939; x_wconf 91' lang='lat' dir='ltr'><strong><em>ad</em></strong></span> <span class='ocrx_word' id='word_1_61' title='bbox 825 880 1146 958; x_wconf 67' lang='lat' dir='ltr'><strong><em>exemplar</em></strong></span> <span class='ocrx_word' id='word_1_62' title='bbox 1172 895 1408 960; x_wconf 85' lang='lat' dir='ltr'><strong><em>quoque</em></strong></span> <span class='ocrx_word' id='word_1_63' title='bbox 1437 886 1625 942; x_wconf 88' lang='lat' dir='ltr'><strong><em>totam</em></strong></span> <span class='ocrx_word' id='word_1_64' title='bbox 1653 888 1862 944; x_wconf 89' lang='lat' dir='ltr'><strong><em>trans-</em></strong></span> 
     </span>
    </p>
   </div>
   <div class='ocr_carea' id='block_1_9' title="bbox 200 966 1860 1048">
    <p class='ocr_par' dir='ltr' id='par_1_9' title="bbox 200 966 1860 1048">
     <span class='ocr_line' id='line_1_9' title="bbox 200 966 1860 1048; baseline 0.004 -22"><span class='ocrx_word' id='word_1_65' title='bbox 200 976 375 1027; x_wconf 73' lang='lat' dir='ltr'><strong><em>mutat</em></strong></span> <span class='ocrx_word' id='word_1_66' title='bbox 427 966 689 1029; x_wconf 83' lang='lat' dir='ltr'><strong><em>dicendi</em></strong></span> <span class='ocrx_word' id='word_1_67' title='bbox 734 970 1021 1045; x_wconf 78' lang='lat' dir='ltr'><strong><em>formam,</em></strong></span> <span class='ocrx_word' id='word_1_68' title='bbox 1086 985 1214 1031; x_wconf 89' lang='lat' dir='ltr'><strong><em>non</em></strong></span> <span class='ocrx_word' id='word_1_69' title='bbox 1256 968 1569 1032; x_wconf 81' lang='lat' dir='ltr'><strong><em>diversam</em></strong></span> <span class='ocrx_word' id='word_1_70' title='bbox 1629 970 1860 1048; x_wconf 78' lang='lat' dir='ltr'><strong><em>faciens</em></strong></span> 
     </span>
    </p>
   </div>
   <div class='ocr_carea' id='block_1_10' title="bbox 199 1056 1860 1139">
    <p class='ocr_par' dir='ltr' id='par_1_10' title="bbox 199 1056 1860 1139">
     <span class='ocr_line' id='line_1_10' title="bbox 199 1056 1860 1139; baseline 0.004 -22"><span class='ocrx_word' id='word_1_71' title='bbox 199 1056 537 1131; x_wconf 61' lang='lat' dir='ltr'><strong><em>materiam,</em></strong></span> <span class='ocrx_word' id='word_1_72' title='bbox 572 1056 680 1117; x_wconf 85' lang='lat' dir='ltr'><strong><em>sed</em></strong></span> <span class='ocrx_word' id='word_1_73' title='bbox 711 1057 880 1136; x_wconf 85' lang='lat' dir='ltr'><strong><em>quod</em></strong></span> <span class='ocrx_word' id='word_1_74' title='bbox 925 1057 992 1119; x_wconf 87' lang='lat' dir='ltr'><strong><em>in</em></strong></span> <span class='ocrx_word' id='word_1_75' title='bbox 1022 1056 1271 1119; x_wconf 82' lang='lat' dir='ltr'><strong><em>dicendi</em></strong></span> <span class='ocrx_word' id='word_1_76' title='bbox 1299 1075 1518 1139; x_wconf 81' lang='lat' dir='ltr'><strong><em>genere</em></strong></span> <span class='ocrx_word' id='word_1_77' title='bbox 1544 1068 1860 1138; x_wconf 88' lang='lat' dir='ltr'><strong><em>peccatum</em></strong></span> 
     </span>
    </p>
   </div>
   <div class='ocr_carea' id='block_1_11' title="bbox 202 1149 1860 1230">
    <p class='ocr_par' dir='ltr' id='par_1_11' title="bbox 202 1149 1860 1230">
     <span class='ocr_line' id='line_1_11' title="bbox 202 1149 1860 1230; baseline 0.002 -24"><span class='ocrx_word' id='word_1_78' title='bbox 202 1154 350 1221; x_wconf 88' lang='lat' dir='ltr'><strong><em>erat,</em></strong></span> <span class='ocrx_word' id='word_1_79' title='bbox 382 1152 721 1228; x_wconf 79' lang='lat' dir='ltr'><strong><em>corrigens</em></strong></span> <span class='ocrx_word' id='word_1_80' title='bbox 758 1167 774 1228; x_wconf 84' lang='lat'><strong>;</strong></span> <span class='ocrx_word' id='word_1_81' title='bbox 808 1164 1000 1226; x_wconf 88' lang='lat' dir='ltr'><strong><em>neque</em></strong></span> <span class='ocrx_word' id='word_1_82' title='bbox 1029 1149 1358 1210; x_wconf 74' lang='lat' dir='ltr'><strong><em>sententias</em></strong></span> <span class='ocrx_word' id='word_1_83' title='bbox 1389 1150 1717 1230; x_wconf 72' lang='lat' dir='ltr'><strong><em>innovatis,</em></strong></span> <span class='ocrx_word' id='word_1_84' title='bbox 1751 1150 1860 1212; x_wconf 87' lang='lat' dir='ltr'><strong><em>sed</em></strong></span> 
     </span>
    </p>
   </div>
   <div class='ocr_carea' id='block_1_12' title="bbox 198 1237 1857 1317">
    <p class='ocr_par' dir='ltr' id='par_1_12' title="bbox 198 1237 1857 1317">
     <span class='ocr_line' id='line_1_12' title="bbox 198 1237 1857 1317; baseline 0.001 -19"><span class='ocrx_word' id='word_1_85' title='bbox 198 1243 550 1299; x_wconf 65' lang='lat' dir='ltr'><strong><em>convertens</em></strong></span> <span class='ocrx_word' id='word_1_86' title='bbox 578 1238 845 1317; x_wconf 76' lang='lat' dir='ltr'><strong><em>ﬁguram</em></strong></span> <span class='ocrx_word' id='word_1_87' title='bbox 870 1237 1159 1300; x_wconf 83' lang='lat' dir='ltr'><strong><em>dictionis</em></strong></span> <span class='ocrx_word' id='word_1_88' title='bbox 1188 1256 1202 1300; x_wconf 89' lang='lat'>:</span> <span class='ocrx_word' id='word_1_89' title='bbox 1237 1246 1292 1302; x_wconf 89' lang='lat' dir='ltr'><strong><em>et</em></strong></span> <span class='ocrx_word' id='word_1_90' title='bbox 1323 1239 1383 1301; x_wconf 89' lang='lat' dir='ltr'><strong><em>ei</em></strong></span> <span class='ocrx_word' id='word_1_91' title='bbox 1414 1240 1691 1302; x_wconf 88' lang='lat' dir='ltr'><strong><em>incidens</em></strong></span> <span class='ocrx_word' id='word_1_92' title='bbox 1721 1256 1857 1301; x_wconf 86' lang='lat' dir='ltr'><strong><em>ora-</em></strong></span> 
     </span>
    </p>
   </div>
   <div class='ocr_carea' id='block_1_13' title="bbox 201 1327 1857 1392">
    <p class='ocr_par' dir='ltr' id='par_1_13' title="bbox 201 1327 1857 1392">
     <span class='ocr_line' id='line_1_13' title="bbox 201 1327 1857 1392; baseline 0.001 -3"><span class='ocrx_word' id='word_1_93' title='bbox 201 1330 273 1389; x_wconf 86' lang='lat' dir='ltr'><strong><em>tio</em></strong></span> <span class='ocrx_word' id='word_1_94' title='bbox 330 1329 398 1388; x_wconf 80' lang='lat' dir='ltr'><strong><em>iu</em></strong></span> <span class='ocrx_word' id='word_1_95' title='bbox 427 1327 858 1389; x_wconf 73' lang='lat' dir='ltr'><strong><em>diversitatem</em></strong></span> <span class='ocrx_word' id='word_1_96' title='bbox 900 1331 1343 1390; x_wconf 88' lang='lat' dir='ltr'><strong><em>narrationum</em></strong></span> <span class='ocrx_word' id='word_1_97' title='bbox 1396 1335 1453 1391; x_wconf 90' lang='lat' dir='ltr'><strong><em>et</em></strong></span> <span class='ocrx_word' id='word_1_98' title='bbox 1502 1330 1857 1392; x_wconf 83' lang='lat' dir='ltr'><strong><em>varietatem</em></strong></span> 
     </span>
    </p>
   </div>
   <div class='ocr_carea' id='block_1_14' title="bbox 200 1416 1855 1496">
    <p class='ocr_par' dir='ltr' id='par_1_14' title="bbox 200 1416 1855 1496">
     <span class='ocr_line' id='line_1_14' title="bbox 200 1416 1855 1496; baseline 0.001 -19"><span class='ocrx_word' id='word_1_99' title='bbox 200 1425 725 1495; x_wconf 81' lang='lat' dir='ltr'><strong><em>argumentorum,</em></strong></span> <span class='ocrx_word' id='word_1_100' title='bbox 751 1434 875 1478; x_wconf 91' lang='lat' dir='ltr'><strong><em>non</em></strong></span> <span class='ocrx_word' id='word_1_101' title='bbox 921 1416 1346 1495; x_wconf 86' lang='lat' dir='ltr'><strong><em>confunditur,</em></strong></span> <span class='ocrx_word' id='word_1_102' title='bbox 1376 1434 1497 1480; x_wconf 91' lang='lat' dir='ltr'><strong><em>non</em></strong></span> <span class='ocrx_word' id='word_1_103' title='bbox 1527 1416 1855 1496; x_wconf 80' lang='lat' dir='ltr'><strong><em>perturba-</em></strong></span> 
     </span>
    </p>
   </div>
   <div class='ocr_carea' id='block_1_15' title="bbox 198 1505 1859 1586">
    <p class='ocr_par' dir='ltr' id='par_1_15' title="bbox 198 1505 1859 1586">
     <span class='ocr_line' id='line_1_15' title="bbox 198 1505 1859 1586; baseline 0 -19"><span class='ocrx_word' id='word_1_104' title='bbox 198 1506 423 1577; x_wconf 80' lang='lat' dir='ltr'><strong><em>tur,sed</em></strong></span> <span class='ocrx_word' id='word_1_105' title='bbox 456 1513 756 1586; x_wconf 88' lang='lat' dir='ltr'><strong><em>tanquam</em></strong></span> <span class='ocrx_word' id='word_1_106' title='bbox 778 1507 1038 1585; x_wconf 84' lang='lat' dir='ltr'><strong><em>optimus</em></strong></span> <span class='ocrx_word' id='word_1_107' title='bbox 1055 1505 1584 1586; x_wconf 80' lang='lat' dir='ltr'><strong><em>gubernator,cum</em></strong></span> <span class='ocrx_word' id='word_1_108' title='bbox 1606 1507 1665 1570; x_wconf 87' lang='lat' dir='ltr'><strong><em>ei</em></strong></span> <span class='ocrx_word' id='word_1_109' title='bbox 1682 1511 1859 1567; x_wconf 88' lang='lat' dir='ltr'><strong><em>navis</em></strong></span> 
     </span>
    </p>
   </div>
   <div class='ocr_carea' id='block_1_16' title="bbox 196 1594 1856 1676">
    <p class='ocr_par' dir='ltr' id='par_1_16' title="bbox 196 1594 1856 1676">
     <span class='ocr_line' id='line_1_16' title="bbox 196 1594 1856 1676; baseline 0.002 -21"><span class='ocrx_word' id='word_1_110' title='bbox 196 1594 563 1675; x_wconf 78' lang='lat' dir='ltr'><strong><em>agitabatur</em></strong></span> <span class='ocrx_word' id='word_1_111' title='bbox 603 1594 916 1676; x_wconf 87' lang='lat' dir='ltr'><strong><em>fluctibus,</em></strong></span> <span class='ocrx_word' id='word_1_112' title='bbox 949 1596 1152 1658; x_wconf 85' lang='lat' dir='ltr'><strong><em>stabat</em></strong></span> <span class='ocrx_word' id='word_1_113' title='bbox 1198 1597 1438 1675; x_wconf 87' lang='lat' dir='ltr'><strong><em>quietus</em></strong></span> <span class='ocrx_word' id='word_1_114' title='bbox 1466 1600 1708 1660; x_wconf 89' lang='lat' dir='ltr'><strong><em>clavum</em></strong></span> <span class='ocrx_word' id='word_1_115' title='bbox 1765 1605 1856 1658; x_wconf 87' lang='lat' dir='ltr'><strong><em>te-</em></strong></span> 
     </span>
    </p>
   </div>
   <div class='ocr_carea' id='block_1_17' title="bbox 198 1684 1862 1764">
    <p class='ocr_par' dir='ltr' id='par_1_17' title="bbox 198 1684 1862 1764">
     <span class='ocr_line' id='line_1_17' title="bbox 198 1684 1862 1764; baseline -0.001 -17"><span class='ocrx_word' id='word_1_116' title='bbox 198 1703 339 1748; x_wconf 86' lang='lat' dir='ltr'><strong><em>nens</em></strong></span> <span class='ocrx_word' id='word_1_117' title='bbox 391 1686 937 1764; x_wconf 76' lang='lat' dir='ltr'><strong><em>artiﬁciosissime.</em></strong></span> <span class='ocrx_word' id='word_1_118' title='bbox 970 1684 1167 1747; x_wconf 88' lang='lat' dir='ltr'><strong><em>Porro</em></strong></span> <span class='ocrx_word' id='word_1_119' title='bbox 1196 1692 1403 1747; x_wconf 89' lang='lat' dir='ltr'><strong><em>autem</em></strong></span> <span class='ocrx_word' id='word_1_120' title='bbox 1449 1687 1514 1748; x_wconf 89' lang='lat' dir='ltr'><strong><em>in</em></strong></span> <span class='ocrx_word' id='word_1_121' title='bbox 1538 1684 1862 1749; x_wconf 81' lang='lat' dir='ltr'><strong><em>nonnullis</em></strong></span> 
     </span>
    </p>
   </div>
   <div class='ocr_carea' id='block_1_18' title="bbox 196 1773 1860 1855">
    <p class='ocr_par' dir='ltr' id='par_1_18' title="bbox 196 1773 1860 1855">
     <span class='ocr_line' id='line_1_18' title="bbox 196 1773 1860 1855; baseline -0.001 -18"><span class='ocrx_word' id='word_1_122' title='bbox 196 1793 435 1855; x_wconf 77' lang='lat' dir='ltr'><strong><em>quoque</em></strong></span> <span class='ocrx_word' id='word_1_123' title='bbox 466 1774 858 1837; x_wconf 84' lang='lat' dir='ltr'><strong><em>orationibus</em></strong></span> <span class='ocrx_word' id='word_1_124' title='bbox 888 1773 1181 1836; x_wconf 81' lang='lat' dir='ltr'><strong><em>describit</em></strong></span> <span class='ocrx_word' id='word_1_125' title='bbox 1209 1775 1487 1853; x_wconf 88' lang='lat' dir='ltr'><strong><em>patriam</em></strong></span> <span class='ocrx_word' id='word_1_126' title='bbox 1518 1792 1727 1837; x_wconf 89' lang='lat' dir='ltr'><strong><em>eorum</em></strong></span> <span class='ocrx_word' id='word_1_127' title='bbox 1755 1776 1860 1853; x_wconf 88' lang='lat' dir='ltr'><strong><em>qui</em></strong></span> 
     </span>
    </p>
   </div>
   <div class='ocr_carea' id='block_1_19' title="bbox 1943 633 2071 679">
    <p class='ocr_par' dir='ltr' id='par_1_19' title="bbox 1943 633 2071 679">
     <span class='ocr_line' id='line_1_19' title="bbox 1943 633 2071 679; baseline 0 0"><span class='ocrx_word' id='word_1_128' title='bbox 1943 633 2071 679; x_wconf 90' lang='lat' dir='ltr'><strong><em>nes.</em></strong></span> 
     </span>
    </p>
   </div>
   <div class='ocr_carea' id='block_1_20' title="bbox 2022 702 3584 784">
    <p class='ocr_par' dir='ltr' id='par_1_20' title="bbox 2022 702 3584 784">
     <span class='ocr_line' id='line_1_20' title="bbox 2022 702 3584 784; baseline -0.002 -22"><span class='ocrx_word' id='word_1_129' title='bbox 2022 703 2343 784; x_wconf 78' lang='grc' dir='ltr'>Ἀγαπητοὶ,</span> <span class='ocrx_word' id='word_1_130' title='bbox 2378 704 2586 783; x_wconf 71' lang='grc' dir='ltr'>ἐγένετο</span> <span class='ocrx_word' id='word_1_131' title='bbox 2643 705 2698 760; x_wconf 85' lang='grc' dir='ltr'>ἐν</span> <span class='ocrx_word' id='word_1_132' title='bbox 2740 714 2858 769; x_wconf 80' lang='grc' dir='ltr'>τοϊς</span> <span class='ocrx_word' id='word_1_133' title='bbox 2902 702 3073 759; x_wconf 74' lang='grc' dir='ltr'>ἔτεσιν</span> <span class='ocrx_word' id='word_1_134' title='bbox 3128 703 3284 779; x_wconf 80' lang='grc' dir='ltr'>ἡμῶν</span> <span class='ocrx_word' id='word_1_135' title='bbox 3312 702 3448 783; x_wconf 64' lang='grc' dir='ltr'>ἀνήρ</span> <span class='ocrx_word' id='word_1_136' title='bbox 3502 728 3584 771; x_wconf 81' lang='grc' dir='ltr'><strong><em>τις</em></strong></span> 
     </span>
    </p>
   </div>
   <div class='ocr_carea' id='block_1_21' title="bbox 1942 789 3588 875">
    <p class='ocr_par' dir='ltr' id='par_1_21' title="bbox 1942 789 3588 875">
     <span class='ocr_line' id='line_1_21' title="bbox 1942 789 3588 875; baseline 0.005 -24"><span class='ocrx_word' id='word_1_137' title='bbox 1942 793 1996 852; x_wconf 70' lang='grc' dir='ltr'>ἓν</span> <span class='ocrx_word' id='word_1_138' title='bbox 2056 801 2123 868; x_wconf 75' lang='grc' dir='ltr'>τξι</span> <span class='ocrx_word' id='word_1_139' title='bbox 2168 792 2552 873; x_wconf 83' lang='grc' dir='ltr'>Ἀλεξανδρέων</span> <span class='ocrx_word' id='word_1_140' title='bbox 2581 792 2970 872; x_wconf 79' lang='grc' dir='ltr'>μεγαλοπόλει.</span> <span class='ocrx_word' id='word_1_141' title='bbox 3000 789 3134 854; x_wconf 82' lang='lat' dir='ltr'><strong><em>Vita</em></strong></span> <span class='ocrx_word' id='word_1_142' title='bbox 3174 800 3233 854; x_wconf 87' lang='lat' dir='ltr'><strong><em>et</em></strong></span> <span class='ocrx_word' id='word_1_143' title='bbox 3260 810 3358 856; x_wconf 85' lang='lat' dir='ltr'><strong><em>res</em></strong></span> <span class='ocrx_word' id='word_1_144' title='bbox 3405 802 3588 875; x_wconf 61' lang='lat' dir='ltr'><strong><em>gesta</em></strong></span> 
     </span>
    </p>
   </div>
   <div class='ocr_carea' id='block_1_22' title="bbox 1942 882 3581 964">
    <p class='ocr_par' dir='ltr' id='par_1_22' title="bbox 1942 882 3581 964">
     <span class='ocr_line' id='line_1_22' title="bbox 1942 882 3581 964; baseline 0.001 -20"><span class='ocrx_word' id='word_1_145' title='bbox 1942 901 2127 946; x_wconf 81' lang='lat' dir='ltr'><strong><em>servae</em></strong></span> <span class='ocrx_word' id='word_1_146' title='bbox 2155 884 2262 945; x_wconf 88' lang='lat' dir='ltr'><strong><em>Dei</em></strong></span> <span class='ocrx_word' id='word_1_147' title='bbox 2288 882 2715 964; x_wconf 84' lang='lat' dir='ltr'><strong><em>Euphrosynae.</em></strong></span> <span class='ocrx_word' id='word_1_148' title='bbox 3572 910 3581 919; x_wconf 86' lang='lat'><strong>-</strong></span> 
     </span>
    </p>
   </div>
   <div class='ocr_carea' id='block_1_23' title="bbox 2025 971 3583 1056">
    <p class='ocr_par' dir='ltr' id='par_1_23' title="bbox 2025 971 3583 1056">
     <span class='ocr_line' id='line_1_23' title="bbox 2025 971 3583 1056; baseline 0.002 -26"><span class='ocrx_word' id='word_1_149' title='bbox 2025 972 2296 1051; x_wconf 81' lang='grc' dir='ltr'>Ἀδριανοῦ</span> <span class='ocrx_word' id='word_1_150' title='bbox 2380 972 2755 1051; x_wconf 82' lang='grc' dir='ltr'><strong><em>βασιλεύοντος</em></strong></span> <span class='ocrx_word' id='word_1_151' title='bbox 2839 971 2956 1035; x_wconf 80' lang='grc' dir='ltr'>ἔτος</span> <span class='ocrx_word' id='word_1_152' title='bbox 3040 974 3280 1031; x_wconf 75' lang='grc' dir='ltr'><strong><em>εἰκοστοῦ</em></strong></span> <span class='ocrx_word' id='word_1_153' title='bbox 3349 975 3583 1056; x_wconf 77' lang='grc' dir='ltr'><strong><em>πρώτου¹</em></strong></span> 
     </span>
    </p>
   </div>
   <div class='ocr_carea' id='block_1_24' title="bbox 1942 1055 3588 1131">
    <p class='ocr_par' dir='ltr' id='par_1_24' title="bbox 1942 1055 3588 1131">
     <span class='ocr_line' id='line_1_24' title="bbox 1942 1055 3588 1131; baseline 0.002 -12"><span class='ocrx_word' id='word_1_154' title='bbox 1942 1062 2302 1125; x_wconf 80' lang='grc' dir='ltr'>ἀναλύσαντός</span> <span class='ocrx_word' id='word_1_155' title='bbox 2378 1084 2436 1119; x_wconf 88' lang='grc' dir='ltr'><strong><em>τε</em></strong></span> <span class='ocrx_word' id='word_1_156' title='bbox 2493 1063 2599 1118; x_wconf 76' lang='grc' dir='ltr'><strong><em>ἀπὸ</em></strong></span> <span class='ocrx_word' id='word_1_157' title='bbox 2650 1066 2750 1128; x_wconf 77' lang='grc' dir='ltr'>τῆς</span> <span class='ocrx_word' id='word_1_158' title='bbox 2795 1059 3065 1129; x_wconf 76' lang='grc' dir='ltr'>ἀνατολῆς</span> <span class='ocrx_word' id='word_1_159' title='bbox 3123 1062 3210 1120; x_wconf 72' lang='grc' dir='ltr'><strong><em>ἰπὶ</em></strong></span> <span class='ocrx_word' id='word_1_160' title='bbox 3279 1063 3380 1131; x_wconf 79' lang='grc' dir='ltr'>τὴν</span> <span class='ocrx_word' id='word_1_161' title='bbox 3452 1055 3588 1122; x_wconf 61' lang='grc' dir='ltr'><strong><em>Ῥώέ-</em></strong></span> 
     </span>
    </p>
   </div>
   <div class='ocr_carea' id='block_1_25' title="bbox 1942 1148 3586 1232">
    <p class='ocr_par' dir='ltr' id='par_1_25' title="bbox 1942 1148 3586 1232">
     <span class='ocr_line' id='line_1_25' title="bbox 1942 1148 3586 1232; baseline 0.005 -25"><span class='ocrx_word' id='word_1_162' title='bbox 1942 1176 2073 1228; x_wconf 79' lang='grc' dir='ltr'><strong><em>μην,</em></strong></span> <span class='ocrx_word' id='word_1_163' title='bbox 2107 1150 2445 1232; x_wconf 82' lang='lat' dir='ltr'><strong><em>Martyrium</em></strong></span> <span class='ocrx_word' id='word_1_164' title='bbox 2479 1149 2670 1214; x_wconf 83' lang='lat' dir='ltr'><strong><em>sancti</em></strong></span> <span class='ocrx_word' id='word_1_165' title='bbox 2699 1148 3029 1213; x_wconf 84' lang='lat' dir='ltr'><strong><em>Eleutherii</em></strong></span> <span class='ocrx_word' id='word_1_166' title='bbox 3060 1150 3331 1232; x_wconf 85' lang='lat' dir='ltr'><strong><em>episcopi</em></strong></span> <span class='ocrx_word' id='word_1_167' title='bbox 3362 1158 3422 1217; x_wconf 87' lang='lat' dir='ltr'><strong><em>et</em></strong></span> <span class='ocrx_word' id='word_1_168' title='bbox 3451 1153 3586 1216; x_wconf 81' lang='lat' dir='ltr'><strong><em>An-</em></strong></span> 
     </span>
    </p>
   </div>
   <div class='ocr_carea' id='block_1_26' title="bbox 1943 1239 2486 1319">
    <p class='ocr_par' dir='ltr' id='par_1_26' title="bbox 1943 1239 2486 1319">
     <span class='ocr_line' id='line_1_26' title="bbox 1943 1239 2486 1319; baseline -0.007 -16"><span class='ocrx_word' id='word_1_169' title='bbox 1943 1241 2071 1303; x_wconf 69' lang='lat' dir='ltr'><strong><em>chaa</em></strong></span> <span class='ocrx_word' id='word_1_170' title='bbox 2101 1241 2303 1302; x_wconf 85' lang='lat' dir='ltr'><strong><em>matris</em></strong></span> <span class='ocrx_word' id='word_1_171' title='bbox 2332 1239 2486 1319; x_wconf 88' lang='lat' dir='ltr'><strong><em>ejus.</em></strong></span> 
     </span>
    </p>
   </div>
   <div class='ocr_carea' id='block_1_27' title="bbox 2021 1325 3582 1409">
    <p class='ocr_par' dir='ltr' id='par_1_27' title="bbox 2021 1325 3582 1409">
     <span class='ocr_line' id='line_1_27' title="bbox 2021 1325 3582 1409; baseline 0.001 -22"><span class='ocrx_word' id='word_1_172' title='bbox 2021 1327 2420 1393; x_wconf 79' lang='grc' dir='ltr'>Ἀναϐαίνοντες</span> <span class='ocrx_word' id='word_1_173' title='bbox 2486 1328 2696 1387; x_wconf 88' lang='grc' dir='ltr'>Παύλου</span> <span class='ocrx_word' id='word_1_174' title='bbox 2745 1330 2820 1394; x_wconf 84' lang='grc' dir='ltr'>εἷς</span> <span class='ocrx_word' id='word_1_175' title='bbox 2864 1325 3083 1387; x_wconf 86' lang='grc' dir='ltr'>’[κόνιον</span> <span class='ocrx_word' id='word_1_176' title='bbox 3137 1330 3275 1404; x_wconf 79' lang='grc' dir='ltr'>μετὰ</span> <span class='ocrx_word' id='word_1_177' title='bbox 3324 1330 3422 1400; x_wconf 74' lang='grc' dir='ltr'>τὴν</span> <span class='ocrx_word' id='word_1_178' title='bbox 3477 1354 3582 1409; x_wconf 80' lang='grc' dir='ltr'>φυ-</span> 
     </span>
    </p>
   </div>
   <div class='ocr_carea' id='block_1_28' title="bbox 1940 1417 3583 1501">
    <p class='ocr_par' dir='ltr' id='par_1_28' title="bbox 1940 1417 3583 1501">
     <span class='ocr_line' id='line_1_28' title="bbox 1940 1417 3583 1501; baseline 0.005 -26"><span class='ocrx_word' id='word_1_179' title='bbox 1940 1422 2040 1499; x_wconf 76' lang='grc' dir='ltr'><strong><em>γὴν</em></strong></span> <span class='ocrx_word' id='word_1_180' title='bbox 2096 1421 2195 1487; x_wconf 77' lang='grc' dir='ltr'>τὴν</span> <span class='ocrx_word' id='word_1_181' title='bbox 2267 1418 2561 1497; x_wconf 81' lang='grc' dir='ltr'>γενομένην</span> <span class='ocrx_word' id='word_1_182' title='bbox 2645 1419 2751 1476; x_wconf 80' lang='grc' dir='ltr'>ἀπὸ</span> <span class='ocrx_word' id='word_1_183' title='bbox 2822 1418 3182 1498; x_wconf 82' lang='grc' dir='ltr'>Ἀντιοχείας.</span> <span class='ocrx_word' id='word_1_184' title='bbox 3245 1417 3583 1501; x_wconf 72' lang='lat' dir='ltr'><strong><em>Martyrium</em></strong></span> 
     </span>
    </p>
   </div>
   <div class='ocr_carea' id='block_1_29' title="bbox 1941 1507 2451 1572">
    <p class='ocr_par' dir='ltr' id='par_1_29' title="bbox 1941 1507 2451 1572">
     <span class='ocr_line' id='line_1_29' title="bbox 1941 1507 2451 1572; baseline -0.01 0"><span class='ocrx_word' id='word_1_185' title='bbox 1941 1518 2162 1572; x_wconf 64' lang='lat' dir='ltr'><strong><em>sanctae</em></strong></span> <span class='ocrx_word' id='word_1_186' title='bbox 2189 1507 2451 1572; x_wconf 80' lang='lat' dir='ltr'><strong><em>Theclae.</em></strong></span> 
     </span>
    </p>
   </div>
   <div class='ocr_carea' id='block_1_30' title="bbox 2018 1596 3585 1677">
    <p class='ocr_par' dir='ltr' id='par_1_30' title="bbox 2018 1596 3585 1677">
     <span class='ocr_line' id='line_1_30' title="bbox 2018 1596 3585 1677; baseline 0.001 -22"><span class='ocrx_word' id='word_1_187' title='bbox 2018 1599 2193 1673; x_wconf 67' lang='lat' dir='ltr'><strong><em>&quot;Amp</em></strong></span> <span class='ocrx_word' id='word_1_188' title='bbox 2263 1612 2380 1661; x_wconf 78' lang='grc' dir='ltr'>τοῖς</span> <span class='ocrx_word' id='word_1_189' title='bbox 2453 1596 2753 1677; x_wconf 72' lang='grc' dir='ltr'>ὀφθαλμοῖς</span> <span class='ocrx_word' id='word_1_190' title='bbox 2825 1597 2983 1673; x_wconf 74' lang='grc' dir='ltr'>ἡμῶν</span> <span class='ocrx_word' id='word_1_191' title='bbox 3044 1597 3372 1673; x_wconf 68' lang='grc' dir='ltr'>ὶθεασάμεθα</span> <span class='ocrx_word' id='word_1_192' title='bbox 3440 1599 3585 1662; x_wconf 82' lang='grc' dir='ltr'>πάν-</span> 
     </span>
    </p>
   </div>
   <div class='ocr_carea' id='block_1_31' title="bbox 1938 1683 3236 1767">
    <p class='ocr_par' dir='ltr' id='par_1_31' title="bbox 1938 1683 3236 1767">
     <span class='ocr_line' id='line_1_31' title="bbox 1938 1683 3236 1767; baseline 0 -21"><span class='ocrx_word' id='word_1_193' title='bbox 1938 1711 2046 1754; x_wconf 82' lang='grc' dir='ltr'>τες.</span> <span class='ocrx_word' id='word_1_194' title='bbox 2078 1686 2419 1767; x_wconf 81' lang='lat' dir='ltr'><strong><em>Martyrium</em></strong></span> <span class='ocrx_word' id='word_1_195' title='bbox 2452 1686 2641 1749; x_wconf 87' lang='lat' dir='ltr'><strong><em>sancti</em></strong></span> <span class='ocrx_word' id='word_1_196' title='bbox 2672 1685 2930 1765; x_wconf 85' lang='lat' dir='ltr'><strong><em>apostoli</em></strong></span> <span class='ocrx_word' id='word_1_197' title='bbox 2960 1683 3236 1748; x_wconf 66' lang='lat' dir='ltr'><strong><em>Andreae.</em></strong></span> 
     </span>
    </p>
   </div>
   <div class='ocr_carea' id='block_1_32' title="bbox 2020 1775 3585 1856">
    <p class='ocr_par' dir='ltr' id='par_1_32' title="bbox 2020 1775 3585 1856">
     <span class='ocr_line' id='line_1_32' title="bbox 2020 1775 3585 1856; baseline 0 -21"><span class='ocrx_word' id='word_1_198' title='bbox 2020 1776 2396 1856; x_wconf 80' lang='grc' dir='ltr'>Ἀρχαγγέλου</span> <span class='ocrx_word' id='word_1_199' title='bbox 2466 1778 2783 1854; x_wconf 78' lang='grc' dir='ltr'>πανήγυρις,</span> <span class='ocrx_word' id='word_1_200' title='bbox 2848 1777 2936 1833; x_wconf 84' lang='grc' dir='ltr'>καὶ</span> <span class='ocrx_word' id='word_1_201' title='bbox 3002 1781 3109 1832; x_wconf 81' lang='grc' dir='ltr'><strong><em>τῶν</em></strong></span> <span class='ocrx_word' id='word_1_202' title='bbox 3181 1780 3386 1834; x_wconf 80' lang='grc' dir='ltr'><strong><em>πιστῶν</em></strong></span> <span class='ocrx_word' id='word_1_203' title='bbox 3445 1775 3585 1842; x_wconf 74' lang='grc' dir='ltr'>ἄπας</span> 
     </span>
    </p>
   </div>
   <div class='ocr_carea' id='block_1_33' title="bbox 198 1862 1750 1948">
    <p class='ocr_par' dir='ltr' id='par_1_33' title="bbox 198 1862 1747 1944">
     <span class='ocr_line' id='line_1_33' title="bbox 198 1862 1747 1944; baseline 0 -19"><span class='ocrx_word' id='word_1_204' title='bbox 198 1864 568 1943; x_wconf 80' lang='lat' dir='ltr'><strong><em>laudantur,</em></strong></span> <span class='ocrx_word' id='word_1_205' title='bbox 603 1862 679 1925; x_wconf 90' lang='lat' dir='ltr'><strong><em>ab</em></strong></span> <span class='ocrx_word' id='word_1_206' title='bbox 699 1866 991 1925; x_wconf 87' lang='lat' dir='ltr'><strong><em>universa</em></strong></span> <span class='ocrx_word' id='word_1_207' title='bbox 1023 1868 1187 1924; x_wconf 87' lang='lat' dir='ltr'><strong><em>terra</em></strong></span> <span class='ocrx_word' id='word_1_208' title='bbox 1217 1879 1536 1944; x_wconf 85' lang='lat' dir='ltr'><strong><em>separans,</em></strong></span> <span class='ocrx_word' id='word_1_209' title='bbox 1573 1881 1643 1926; x_wconf 89' lang='lat' dir='ltr'><strong><em>ac</em></strong></span> <span class='ocrx_word' id='word_1_210' title='bbox 1672 1863 1747 1925; x_wconf 90' lang='lat' dir='ltr'><strong><em>de</em></strong></span> 
     </span>
    </p>
   </div>
   <div class='ocr_carea' id='block_1_34' title="bbox 2033 1862 3585 1948">
    <p class='ocr_par' dir='ltr' id='par_1_34' title="bbox 2033 1862 3585 1948">
     <span class='ocr_line' id='line_1_34' title="bbox 2033 1862 3585 1948; baseline 0.008 -30"><span class='ocrx_word' id='word_1_211' title='bbox 2033 1869 2265 1945; x_wconf 74' lang='grc' dir='ltr'>,ροσύνης</span> <span class='ocrx_word' id='word_1_212' title='bbox 2313 1865 2601 1944; x_wconf 86' lang='grc' dir='ltr'>σύλλαγος.</span> <span class='ocrx_word' id='word_1_213' title='bbox 2633 1865 2991 1929; x_wconf 89' lang='lat' dir='ltr'><strong><em>Encomium</em></strong></span> <span class='ocrx_word' id='word_1_214' title='bbox 3023 1862 3085 1926; x_wconf 90' lang='lat' dir='ltr'><strong><em>in</em></strong></span> <span class='ocrx_word' id='word_1_215' title='bbox 3120 1863 3585 1948; x_wconf 76' lang='lat' dir='ltr'><strong><em>archistrategos</em></strong></span> 
     </span>
    </p>
   </div>
   <div class='ocr_carea' id='block_1_35' title="bbox 194 1950 1855 2033">
    <p class='ocr_par' dir='ltr' id='par_1_35' title="bbox 194 1950 1855 2033">
     <span class='ocr_line' id='line_1_35' title="bbox 194 1950 1855 2033; baseline -0.001 -18"><span class='ocrx_word' id='word_1_216' title='bbox 194 1972 329 2016; x_wconf 83' lang='lat' dir='ltr'><strong><em>cens</em></strong></span> <span class='ocrx_word' id='word_1_217' title='bbox 351 1954 438 2016; x_wconf 90' lang='lat' dir='ltr'><strong><em>ad</em></strong></span> <span class='ocrx_word' id='word_1_218' title='bbox 469 1970 665 2014; x_wconf 89' lang='lat' dir='ltr'><strong><em>unam</em></strong></span> <span class='ocrx_word' id='word_1_219' title='bbox 693 1951 1181 2033; x_wconf 84' lang='lat' dir='ltr'><strong><em>partem:deinde</em></strong></span> <span class='ocrx_word' id='word_1_220' title='bbox 1203 1951 1478 2032; x_wconf 88' lang='lat' dir='ltr'><strong><em>loquitur</em></strong></span> <span class='ocrx_word' id='word_1_221' title='bbox 1509 1954 1699 2015; x_wconf 88' lang='lat' dir='ltr'><strong><em>etiam</em></strong></span> <span class='ocrx_word' id='word_1_222' title='bbox 1731 1950 1855 2014; x_wconf 85' lang='lat' dir='ltr'><strong><em>ali-</em></strong></span> 
     </span>
    </p>
   </div>
   <div class='ocr_carea' id='block_1_36' title="bbox 191 2040 1859 2123">
    <p class='ocr_par' dir='ltr' id='par_1_36' title="bbox 191 2040 1859 2123">
     <span class='ocr_line' id='line_1_36' title="bbox 191 2040 1859 2123; baseline -0.001 -18"><span class='ocrx_word' id='word_1_223' title='bbox 191 2044 335 2123; x_wconf 85' lang='lat' dir='ltr'><strong><em>quid</em></strong></span> <span class='ocrx_word' id='word_1_224' title='bbox 361 2044 439 2105; x_wconf 88' lang='lat' dir='ltr'><strong><em>de</em></strong></span> <span class='ocrx_word' id='word_1_225' title='bbox 464 2040 831 2122; x_wconf 85' lang='lat' dir='ltr'><strong><em>ﬂuminibus</em></strong></span> <span class='ocrx_word' id='word_1_226' title='bbox 862 2059 934 2103; x_wconf 92' lang='lat' dir='ltr'><strong><em>ac</em></strong></span> <span class='ocrx_word' id='word_1_227' title='bbox 956 2058 1165 2103; x_wconf 90' lang='lat' dir='ltr'><strong><em>eorum</em></strong></span> <span class='ocrx_word' id='word_1_228' title='bbox 1195 2042 1529 2120; x_wconf 83' lang='lat' dir='ltr'><strong><em>principiis</em></strong></span> <span class='ocrx_word' id='word_1_229' title='bbox 1557 2042 1859 2103; x_wconf 78' lang='lat' dir='ltr'><strong><em>disserens</em></strong></span> 
     </span>
    </p>
   </div>
   <div class='ocr_carea' id='block_1_37' title="bbox 192 2129 1860 2209">
    <p class='ocr_par' dir='ltr' id='par_1_37' title="bbox 192 2129 1860 2209">
     <span class='ocr_line' id='line_1_37' title="bbox 192 2129 1860 2209; baseline -0.002 -16"><span class='ocrx_word' id='word_1_230' title='bbox 192 2133 603 2202; x_wconf 80' lang='lat' dir='ltr'><strong><em>naturaliter,</em></strong></span> <span class='ocrx_word' id='word_1_231' title='bbox 633 2138 693 2191; x_wconf 91' lang='lat' dir='ltr'><strong><em>et</em></strong></span> <span class='ocrx_word' id='word_1_232' title='bbox 716 2130 792 2191; x_wconf 89' lang='lat' dir='ltr'><strong><em>de</em></strong></span> <span class='ocrx_word' id='word_1_233' title='bbox 821 2130 1278 2209; x_wconf 85' lang='lat' dir='ltr'><strong><em>opportunitate</em></strong></span> <span class='ocrx_word' id='word_1_234' title='bbox 1316 2131 1660 2206; x_wconf 88' lang='lat' dir='ltr'><strong><em>civitatum,</em></strong></span> <span class='ocrx_word' id='word_1_235' title='bbox 1698 2136 1756 2191; x_wconf 89' lang='lat' dir='ltr'><strong><em>et</em></strong></span> <span class='ocrx_word' id='word_1_236' title='bbox 1784 2129 1860 2192; x_wconf 86' lang='lat' dir='ltr'><strong><em>de</em></strong></span> 
     </span>
    </p>
   </div>
   <div class='ocr_carea' id='block_1_38' title="bbox 191 2217 1855 2301">
    <p class='ocr_par' dir='ltr' id='par_1_38' title="bbox 191 2217 1855 2301">
     <span class='ocr_line' id='line_1_38' title="bbox 191 2217 1855 2301; baseline -0.001 -19"><span class='ocrx_word' id='word_1_237' title='bbox 191 2222 646 2301; x_wconf 82' lang='lat' dir='ltr'><strong><em>temperatione</em></strong></span> <span class='ocrx_word' id='word_1_238' title='bbox 675 2218 859 2295; x_wconf 89' lang='lat' dir='ltr'><strong><em>veris,</em></strong></span> <span class='ocrx_word' id='word_1_239' title='bbox 894 2227 947 2280; x_wconf 90' lang='lat' dir='ltr'><strong><em>et</em></strong></span> <span class='ocrx_word' id='word_1_240' title='bbox 978 2217 1051 2281; x_wconf 87' lang='lat' dir='ltr'><strong><em>de</em></strong></span> <span class='ocrx_word' id='word_1_241' title='bbox 1081 2224 1416 2299; x_wconf 87' lang='lat' dir='ltr'><strong><em>temporum</em></strong></span> <span class='ocrx_word' id='word_1_242' title='bbox 1442 2221 1855 2299; x_wconf 86' lang='lat' dir='ltr'><strong><em>conversione,</em></strong></span> 
     </span>
    </p>
   </div>
   <div class='ocr_carea' id='block_1_39' title="bbox 192 2306 1859 2388">
    <p class='ocr_par' dir='ltr' id='par_1_39' title="bbox 192 2306 1859 2388">
     <span class='ocr_line' id='line_1_39' title="bbox 192 2306 1859 2388; baseline -0.002 -17"><span class='ocrx_word' id='word_1_243' title='bbox 192 2312 435 2372; x_wconf 85' lang='lat' dir='ltr'><strong><em>etiamsi</em></strong></span> <span class='ocrx_word' id='word_1_244' title='bbox 467 2315 541 2382; x_wconf 83' lang='lat' dir='ltr'><strong><em>ii,</em></strong></span> <span class='ocrx_word' id='word_1_245' title='bbox 574 2310 681 2387; x_wconf 86' lang='lat' dir='ltr'><strong><em>qui</em></strong></span> <span class='ocrx_word' id='word_1_246' title='bbox 709 2316 847 2371; x_wconf 86' lang='lat' dir='ltr'><strong><em>sunt</em></strong></span> <span class='ocrx_word' id='word_1_247' title='bbox 892 2306 1068 2388; x_wconf 77' lang='lat' dir='ltr'><strong><em>[HQ]</em></strong></span> <span class='ocrx_word' id='word_1_248' title='bbox 1102 2325 1319 2369; x_wconf 86' lang='lat' dir='ltr'><strong><em>revera</em></strong></span> <span class='ocrx_word' id='word_1_249' title='bbox 1370 2306 1627 2369; x_wconf 84' lang='lat' dir='ltr'><strong><em>auribus</em></strong></span> <span class='ocrx_word' id='word_1_250' title='bbox 1670 2310 1859 2387; x_wconf 88' lang='lat' dir='ltr'><strong><em>paulo</em></strong></span> 
     </span>
    </p>
   </div>
   <div class='ocr_carea' id='block_1_40' title="bbox 193 2397 1855 2477">
    <p class='ocr_par' dir='ltr' id='par_1_40' title="bbox 193 2397 1855 2477">
     <span class='ocr_line' id='line_1_40' title="bbox 193 2397 1855 2477; baseline -0.002 -17"><span class='ocrx_word' id='word_1_251' title='bbox 193 2399 598 2469; x_wconf 82' lang='lat' dir='ltr'><strong><em>tardioribus,</em></strong></span> <span class='ocrx_word' id='word_1_252' title='bbox 644 2415 740 2471; x_wconf 89' lang='lat' dir='ltr'><strong><em>ea,</em></strong></span> <span class='ocrx_word' id='word_1_253' title='bbox 776 2415 916 2477; x_wconf 76' lang='lat' dir='ltr'><strong><em>quae</em></strong></span> <span class='ocrx_word' id='word_1_254' title='bbox 962 2397 1279 2471; x_wconf 86' lang='lat' dir='ltr'><strong><em>dicuntur,</em></strong></span> <span class='ocrx_word' id='word_1_255' title='bbox 1317 2414 1434 2458; x_wconf 89' lang='lat' dir='ltr'><strong><em>non</em></strong></span> <span class='ocrx_word' id='word_1_256' title='bbox 1482 2397 1855 2459; x_wconf 73' lang='lat' dir='ltr'><strong><em>exaudiunt.</em></strong></span> 
     </span>
    </p>
   </div>
   <div class='ocr_carea' id='block_1_41' title="bbox 194 2486 1859 2568">
    <p class='ocr_par' dir='ltr' id='par_1_41' title="bbox 194 2486 1859 2568">
     <span class='ocr_line' id='line_1_41' title="bbox 194 2486 1859 2568; baseline 0 -19"><span class='ocrx_word' id='word_1_257' title='bbox 194 2488 614 2564; x_wconf 68' lang='lat' dir='ltr'><strong><em>Multi/ariam</em></strong></span> <span class='ocrx_word' id='word_1_258' title='bbox 648 2504 883 2568; x_wconf 88' lang='lat' dir='ltr'><strong><em>quoque</em></strong></span> <span class='ocrx_word' id='word_1_259' title='bbox 908 2493 1130 2547; x_wconf 83' lang='lat' dir='ltr'><strong><em>tractat</em></strong></span> <span class='ocrx_word' id='word_1_260' title='bbox 1146 2491 1351 2567; x_wconf 85' lang='lat' dir='ltr'><strong><em>partes</em></strong></span> <span class='ocrx_word' id='word_1_261' title='bbox 1379 2486 1859 2567; x_wconf 85' lang='lat' dir='ltr'><strong><em>orationis,alias</em></strong></span> 
     </span>
    </p>
   </div>
   <div class='ocr_carea' id='block_1_42' title="bbox 194 2574 1857 2658">
    <p class='ocr_par' dir='ltr' id='par_1_42' title="bbox 194 2574 1857 2658">
     <span class='ocr_line' id='line_1_42' title="bbox 194 2574 1857 2658; baseline -0.001 -19"><span class='ocrx_word' id='word_1_262' title='bbox 194 2578 447 2658; x_wconf 81' lang='lat' dir='ltr'><strong><em>quidem</em></strong></span> <span class='ocrx_word' id='word_1_263' title='bbox 484 2578 720 2654; x_wconf 88' lang='lat' dir='ltr'><strong><em>majori</em></strong></span> <span class='ocrx_word' id='word_1_264' title='bbox 751 2576 1161 2650; x_wconf 80' lang='lat' dir='ltr'><strong><em>contentione,</em></strong></span> <span class='ocrx_word' id='word_1_265' title='bbox 1184 2574 1344 2637; x_wconf 88' lang='lat' dir='ltr'><strong><em>alias</em></strong></span> <span class='ocrx_word' id='word_1_266' title='bbox 1371 2592 1511 2638; x_wconf 89' lang='lat' dir='ltr'><strong><em>vero</em></strong></span> <span class='ocrx_word' id='word_1_267' title='bbox 1534 2574 1780 2637; x_wconf 89' lang='lat' dir='ltr'><strong><em>brevius</em></strong></span> <span class='ocrx_word' id='word_1_268' title='bbox 1802 2581 1857 2638; x_wconf 86' lang='lat' dir='ltr'><strong><em>et</em></strong></span> 
     </span>
    </p>
   </div>
   <div class='ocr_carea' id='block_1_43' title="bbox 193 2665 1860 2745">
    <p class='ocr_par' dir='ltr' id='par_1_43' title="bbox 193 2665 1860 2745">
     <span class='ocr_line' id='line_1_43' title="bbox 193 2665 1860 2745; baseline -0.002 -16"><span class='ocrx_word' id='word_1_269' title='bbox 193 2668 484 2730; x_wconf 79' lang='lat' dir='ltr'><strong><em>sedatius.</em></strong></span> <span class='ocrx_word' id='word_1_270' title='bbox 531 2666 604 2729; x_wconf 84' lang='lat' dir='ltr'><strong><em>In</em></strong></span> <span class='ocrx_word' id='word_1_271' title='bbox 634 2666 844 2745; x_wconf 89' lang='lat' dir='ltr'><strong><em>gratia</em></strong></span> <span class='ocrx_word' id='word_1_272' title='bbox 894 2672 1097 2727; x_wconf 89' lang='lat' dir='ltr'><strong><em>autem</em></strong></span> <span class='ocrx_word' id='word_1_273' title='bbox 1128 2665 1567 2727; x_wconf 81' lang='lat' dir='ltr'><strong><em>narrationum</em></strong></span> <span class='ocrx_word' id='word_1_274' title='bbox 1617 2667 1753 2743; x_wconf 84' lang='lat' dir='ltr'><strong><em>quis</em></strong></span> <span class='ocrx_word' id='word_1_275' title='bbox 1782 2682 1860 2726; x_wconf 81' lang='lat' dir='ltr'><strong><em>ea:</em></strong></span> 
     </span>
    </p>
   </div>
   <div class='ocr_carea' id='block_1_44' title="bbox 200 2754 1854 2834">
    <p class='ocr_par' dir='ltr' id='par_1_44' title="bbox 200 2754 1854 2834">
     <span class='ocr_line' id='line_1_44' title="bbox 200 2754 1854 2834; baseline -0.002 -16"><span class='ocrx_word' id='word_1_276' title='bbox 200 2756 482 2818; x_wconf 86' lang='lat' dir='ltr'><strong><em>omnibus</em></strong></span> <span class='ocrx_word' id='word_1_277' title='bbox 531 2772 667 2819; x_wconf 84' lang='lat' dir='ltr'><strong><em>cum</em></strong></span> <span class='ocrx_word' id='word_1_278' title='bbox 698 2772 767 2817; x_wconf 93' lang='lat' dir='ltr'><strong><em>eo</em></strong></span> <span class='ocrx_word' id='word_1_279' title='bbox 797 2754 1176 2815; x_wconf 86' lang='lat' dir='ltr'><strong><em>contenderit</em></strong></span> <span class='ocrx_word' id='word_1_280' title='bbox 1205 2756 1233 2814; x_wconf 90' lang='lat'><em>?</em></span> <span class='ocrx_word' id='word_1_281' title='bbox 1280 2755 1418 2834; x_wconf 88' lang='lat' dir='ltr'><strong><em>quis</em></strong></span> <span class='ocrx_word' id='word_1_282' title='bbox 1448 2754 1518 2815; x_wconf 89' lang='lat' dir='ltr'><strong><em>in</em></strong></span> <span class='ocrx_word' id='word_1_283' title='bbox 1561 2755 1854 2834; x_wconf 82' lang='lat' dir='ltr'><strong><em>composi-</em></strong></span> 
     </span>
    </p>
   </div>
   <div class='ocr_carea' id='block_1_45' title="bbox 208 2842 1855 2926">
    <p class='ocr_par' dir='ltr' id='par_1_45' title="bbox 208 2842 1855 2926">
     <span class='ocr_line' id='line_1_45' title="bbox 208 2842 1855 2926; baseline -0.002 -19"><span class='ocrx_word' id='word_1_284' title='bbox 208 2845 399 2907; x_wconf 82' lang='lat' dir='ltr'><strong><em>tione?</em></strong></span> <span class='ocrx_word' id='word_1_285' title='bbox 433 2849 574 2926; x_wconf 91' lang='lat' dir='ltr'><strong><em>quis</em></strong></span> <span class='ocrx_word' id='word_1_286' title='bbox 600 2847 663 2905; x_wconf 86' lang='lat' dir='ltr'><strong><em>in</em></strong></span> <span class='ocrx_word' id='word_1_287' title='bbox 694 2860 1089 2905; x_wconf 80' lang='lat' dir='ltr'><strong><em>numerorum</em></strong></span> <span class='ocrx_word' id='word_1_288' title='bbox 1109 2842 1441 2906; x_wconf 83' lang='lat' dir='ltr'><strong><em>suavitate?</em></strong></span> <span class='ocrx_word' id='word_1_289' title='bbox 1468 2844 1601 2922; x_wconf 86' lang='lat' dir='ltr'><strong><em>quis</em></strong></span> <span class='ocrx_word' id='word_1_290' title='bbox 1630 2844 1695 2905; x_wconf 89' lang='lat' dir='ltr'><strong><em>in</em></strong></span> <span class='ocrx_word' id='word_1_291' title='bbox 1716 2861 1855 2905; x_wconf 80' lang='lat' dir='ltr'><strong><em>con-</em></strong></span> 
     </span>
    </p>
   </div>
   <div class='ocr_carea' id='block_1_46' title="bbox 208 2935 1857 3016">
    <p class='ocr_par' dir='ltr' id='par_1_46' title="bbox 208 2935 1857 3016">
     <span class='ocr_line' id='line_1_46' title="bbox 208 2935 1857 3016; baseline -0.004 -15"><span class='ocrx_word' id='word_1_292' title='bbox 208 2940 503 3001; x_wconf 87' lang='lat' dir='ltr'><strong><em>cinnitate</em></strong></span> <span class='ocrx_word' id='word_1_293' title='bbox 525 2940 589 2999; x_wconf 88' lang='lat' dir='ltr'><strong><em>in</em></strong></span> <span class='ocrx_word' id='word_1_294' title='bbox 614 2935 897 2999; x_wconf 85' lang='lat' dir='ltr'><strong><em>omnibus</em></strong></span> <span class='ocrx_word' id='word_1_295' title='bbox 925 2942 1323 3015; x_wconf 84' lang='lat' dir='ltr'><strong><em>congruente?</em></strong></span> <span class='ocrx_word' id='word_1_296' title='bbox 1342 2937 1529 3014; x_wconf 83' lang='lat' dir='ltr'><strong><em>Atque</em></strong></span> <span class='ocrx_word' id='word_1_297' title='bbox 1556 2937 1699 2999; x_wconf 91' lang='lat' dir='ltr'><strong><em>nolo</em></strong></span> <span class='ocrx_word' id='word_1_298' title='bbox 1719 2941 1857 3016; x_wconf 76' lang='lat' dir='ltr'><strong><em>qui-</em></strong></span> 
     </span>
    </p>
   </div>
   <div class='ocr_carea' id='block_1_47' title="bbox 208 3024 1859 3105">
    <p class='ocr_par' dir='ltr' id='par_1_47' title="bbox 208 3024 1859 3105">
     <span class='ocr_line' id='line_1_47' title="bbox 208 3024 1859 3105; baseline -0.003 -17"><span class='ocrx_word' id='word_1_299' title='bbox 208 3029 340 3089; x_wconf 75' lang='lat' dir='ltr'><strong><em>dem</em></strong></span> <span class='ocrx_word' id='word_1_300' title='bbox 393 3025 781 3104; x_wconf 88' lang='lat' dir='ltr'><strong><em>contendere,</em></strong></span> <span class='ocrx_word' id='word_1_301' title='bbox 814 3025 972 3104; x_wconf 90' lang='lat' dir='ltr'><strong><em>quod</em></strong></span> <span class='ocrx_word' id='word_1_302' title='bbox 1002 3042 1125 3086; x_wconf 81' lang='lat' dir='ltr'><strong><em>non</em></strong></span> <span class='ocrx_word' id='word_1_303' title='bbox 1163 3025 1242 3086; x_wconf 89' lang='lat' dir='ltr'><strong><em>sit</em></strong></span> <span class='ocrx_word' id='word_1_304' title='bbox 1274 3024 1477 3104; x_wconf 82' lang='lat' dir='ltr'><strong><em>ampla</em></strong></span> <span class='ocrx_word' id='word_1_305' title='bbox 1510 3030 1566 3087; x_wconf 88' lang='lat' dir='ltr'><strong><em>et</em></strong></span> <span class='ocrx_word' id='word_1_306' title='bbox 1608 3026 1859 3105; x_wconf 85' lang='lat' dir='ltr'><strong><em>grandis</em></strong></span> 
     </span>
    </p>
   </div>
   <div class='ocr_carea' id='block_1_48' title="bbox 210 3114 1861 3193">
    <p class='ocr_par' dir='ltr' id='par_1_48' title="bbox 210 3114 1861 3193">
     <span class='ocr_line' id='line_1_48' title="bbox 210 3114 1861 3193; baseline -0.001 -15"><span class='ocrx_word' id='word_1_307' title='bbox 210 3120 329 3192; x_wconf 83' lang='lat' dir='ltr'><strong><em>eius</em></strong></span> <span class='ocrx_word' id='word_1_308' title='bbox 376 3119 618 3179; x_wconf 87' lang='lat' dir='ltr'><strong><em>oratio:</em></strong></span> <span class='ocrx_word' id='word_1_309' title='bbox 655 3118 897 3177; x_wconf 88' lang='lat' dir='ltr'><strong><em>invenio</em></strong></span> <span class='ocrx_word' id='word_1_310' title='bbox 928 3123 1141 3177; x_wconf 86' lang='lat' dir='ltr'><strong><em>tamen</em></strong></span> <span class='ocrx_word' id='word_1_311' title='bbox 1187 3115 1323 3193; x_wconf 87' lang='lat' dir='ltr'><strong><em>ejus</em></strong></span> <span class='ocrx_word' id='word_1_312' title='bbox 1353 3114 1753 3190; x_wconf 88' lang='lat' dir='ltr'><strong><em>orationibus,</em></strong></span> <span class='ocrx_word' id='word_1_313' title='bbox 1784 3123 1861 3177; x_wconf 71' lang='lat' dir='ltr'><strong><em>ne</em></strong></span> 
     </span>
    </p>
   </div>
   <div class='ocr_carea' id='block_1_49' title="bbox 1939 1953 2759 2021">
    <p class='ocr_par' dir='ltr' id='par_1_49' title="bbox 1939 1953 2759 2021">
     <span class='ocr_line' id='line_1_49' title="bbox 1939 1953 2759 2021; baseline -0.004 0"><span class='ocrx_word' id='word_1_314' title='bbox 1939 1953 2285 2021; x_wconf 80' lang='lat' dir='ltr'><strong><em>Michaelem</em></strong></span> <span class='ocrx_word' id='word_1_315' title='bbox 2317 1962 2373 2017; x_wconf 90' lang='lat' dir='ltr'><strong><em>et</em></strong></span> <span class='ocrx_word' id='word_1_316' title='bbox 2399 1953 2759 2019; x_wconf 87' lang='lat' dir='ltr'><strong><em>Gabrielem.</em></strong></span> 
     </span>
    </p>
   </div>
   <div class='ocr_carea' id='block_1_50' title="bbox 2022 2043 3579 2125">
    <p class='ocr_par' dir='ltr' id='par_1_50' title="bbox 2022 2043 3579 2125">
     <span class='ocr_line' id='line_1_50' title="bbox 2022 2043 3579 2125; baseline 0.003 -23"><span class='ocrx_word' id='word_1_317' title='bbox 2022 2044 2397 2111; x_wconf 87' lang='grc' dir='ltr'>Βασιλεύοντος</span> <span class='ocrx_word' id='word_1_318' title='bbox 2454 2043 2784 2123; x_wconf 77' lang='grc' dir='ltr'>Αὖρηλιανου</span> <span class='ocrx_word' id='word_1_319' title='bbox 2810 2044 2878 2112; x_wconf 82' lang='grc' dir='ltr'>ἦν</span> <span class='ocrx_word' id='word_1_320' title='bbox 2935 2044 3225 2123; x_wconf 77' lang='grc' dir='ltr'>ἀθροισμὸς</span> <span class='ocrx_word' id='word_1_321' title='bbox 3255 2044 3429 2125; x_wconf 81' lang='grc' dir='ltr'>μέγας</span> <span class='ocrx_word' id='word_1_322' title='bbox 3473 2054 3579 2106; x_wconf 78' lang='grc' dir='ltr'><strong><em>τῶν</em></strong></span> 
     </span>
    </p>
   </div>
   <div class='ocr_carea' id='block_1_51' title="bbox 1942 2132 3582 2217">
    <p class='ocr_par' dir='ltr' id='par_1_51' title="bbox 1942 2132 3582 2217">
     <span class='ocr_line' id='line_1_51' title="bbox 1942 2132 3582 2217; baseline 0.001 -25"><span class='ocrx_word' id='word_1_323' title='bbox 1942 2139 2270 2213; x_wconf 81' lang='grc' dir='ltr'>Χριστιανῶν</span> <span class='ocrx_word' id='word_1_324' title='bbox 2334 2134 2388 2190; x_wconf 81' lang='grc' dir='ltr'>ἐν</span> <span class='ocrx_word' id='word_1_325' title='bbox 2448 2139 2516 2211; x_wconf 81' lang='grc' dir='ltr'><strong><em>τῇ</em></strong></span> <span class='ocrx_word' id='word_1_326' title='bbox 2584 2132 2935 2210; x_wconf 81' lang='grc' dir='ltr'>Νικομηδέων</span> <span class='ocrx_word' id='word_1_327' title='bbox 3001 2134 3181 2198; x_wconf 81' lang='grc' dir='ltr'>πόλει.</span> <span class='ocrx_word' id='word_1_328' title='bbox 3239 2133 3582 2217; x_wconf 78' lang='lat' dir='ltr'><strong><em>Martyrium</em></strong></span> 
     </span>
    </p>
   </div>
   <div class='ocr_carea' id='block_1_52' title="bbox 1940 2222 2917 2286">
    <p class='ocr_par' dir='ltr' id='par_1_52' title="bbox 1940 2222 2917 2286">
     <span class='ocr_line' id='line_1_52' title="bbox 1940 2222 2917 2286; baseline -0.003 0"><span class='ocrx_word' id='word_1_329' title='bbox 1940 2224 2127 2286; x_wconf 87' lang='lat' dir='ltr'><strong><em>sancti</em></strong></span> <span class='ocrx_word' id='word_1_330' title='bbox 2158 2222 2471 2286; x_wconf 88' lang='lat' dir='ltr'><strong><em>Lucilliani</em></strong></span> <span class='ocrx_word' id='word_1_331' title='bbox 2502 2229 2561 2285; x_wconf 91' lang='lat' dir='ltr'><strong><em>et</em></strong></span> <span class='ocrx_word' id='word_1_332' title='bbox 2588 2223 2917 2286; x_wconf 88' lang='lat' dir='ltr'><strong><em>sociorum.</em></strong></span> 
     </span>
    </p>
   </div>
   <div class='ocr_carea' id='block_1_53' title="bbox 2022 2301 3585 2380">
    <p class='ocr_par' dir='ltr' id='par_1_53' title="bbox 2022 2301 3585 2380">
     <span class='ocr_line' id='line_1_53' title="bbox 2022 2301 3585 2380; baseline 0.001 -19"><span class='ocrx_word' id='word_1_333' title='bbox 2022 2303 2397 2366; x_wconf 78' lang='grc' dir='ltr'>Βασιλεύοντος</span> <span class='ocrx_word' id='word_1_334' title='bbox 2496 2312 2588 2363; x_wconf 88' lang='grc' dir='ltr'><strong><em>τοῦ</em></strong></span> <span class='ocrx_word' id='word_1_335' title='bbox 2672 2305 2982 2380; x_wconf 73' lang='grc' dir='ltr'>παρανόμου</span> <span class='ocrx_word' id='word_1_336' title='bbox 3073 2305 3160 2361; x_wconf 76' lang='grc' dir='ltr'>καὶ</span> <span class='ocrx_word' id='word_1_337' title='bbox 3229 2301 3585 2364; x_wconf 71' lang='grc' dir='ltr'>ἀσεϐεστάτου</span> 
     </span>
    </p>
   </div>
   <div class='ocr_carea' id='block_1_54' title="bbox 1941 2386 3580 2471">
    <p class='ocr_par' dir='ltr' id='par_1_54' title="bbox 1941 2386 3580 2471">
     <span class='ocr_line' id='line_1_54' title="bbox 1941 2386 3580 2471; baseline 0.001 -20"><span class='ocrx_word' id='word_1_338' title='bbox 1941 2395 2270 2471; x_wconf 79' lang='grc' dir='ltr'>Λύρηλισνοῦ</span> <span class='ocrx_word' id='word_1_339' title='bbox 2328 2393 2384 2449; x_wconf 82' lang='grc' dir='ltr'>ὲν</span> <span class='ocrx_word' id='word_1_340' title='bbox 2439 2399 2508 2464; x_wconf 78' lang='grc' dir='ltr'><strong><em>τῇ</em></strong></span> <span class='ocrx_word' id='word_1_341' title='bbox 2567 2391 2896 2471; x_wconf 81' lang='grc' dir='ltr'>πρεσϐυτέρᾳ</span> <span class='ocrx_word' id='word_1_342' title='bbox 2940 2399 3046 2450; x_wconf 83' lang='grc' dir='ltr'><strong><em>τῶν</em></strong></span> <span class='ocrx_word' id='word_1_343' title='bbox 3107 2392 3316 2450; x_wconf 69' lang='grc' dir='ltr'>πόλεων</span> <span class='ocrx_word' id='word_1_344' title='bbox 3372 2386 3580 2470; x_wconf 77' lang='grc' dir='ltr'><strong><em>Ῥώμη.</em></strong></span> 
     </span>
    </p>
   </div>
   <div class='ocr_carea' id='block_1_55' title="bbox 1942 2480 3581 2563">
    <p class='ocr_par' dir='ltr' id='par_1_55' title="bbox 1942 2480 3581 2563">
     <span class='ocr_line' id='line_1_55' title="bbox 1942 2480 3581 2563; baseline 0 -18"><span class='ocrx_word' id='word_1_345' title='bbox 1942 2480 2140 2545; x_wconf 83' lang='lat' dir='ltr'><strong><em>Sancti</em></strong></span> <span class='ocrx_word' id='word_1_346' title='bbox 2177 2480 2483 2563; x_wconf 79' lang='lat' dir='ltr'><strong><em>Porphyrii</em></strong></span> <span class='ocrx_word' id='word_1_347' title='bbox 2517 2480 2884 2561; x_wconf 84' lang='lat' dir='ltr'><strong><em>martyrium,</em></strong></span> <span class='ocrx_word' id='word_1_348' title='bbox 2914 2480 3016 2562; x_wconf 88' lang='lat' dir='ltr'><strong><em>qui</em></strong></span> <span class='ocrx_word' id='word_1_349' title='bbox 3036 2498 3244 2563; x_wconf 85' lang='lat' dir='ltr'><strong><em>passus</em></strong></span> <span class='ocrx_word' id='word_1_350' title='bbox 3275 2489 3366 2545; x_wconf 91' lang='lat' dir='ltr'><strong><em>est</em></strong></span> <span class='ocrx_word' id='word_1_351' title='bbox 3392 2482 3581 2546; x_wconf 65' lang='lat' dir='ltr'><strong><em>Cresa-</em></strong></span> 
     </span>
    </p>
   </div>
   <div class='ocr_carea' id='block_1_56' title="bbox 1938 2570 2490 2651">
    <p class='ocr_par' dir='ltr' id='par_1_56' title="bbox 1938 2570 2490 2651">
     <span class='ocr_line' id='line_1_56' title="bbox 1938 2570 2490 2651; baseline -0.007 -17"><span class='ocrx_word' id='word_1_352' title='bbox 1938 2589 2059 2634; x_wconf 70' lang='lat' dir='ltr'><strong><em>reae</em></strong></span> <span class='ocrx_word' id='word_1_353' title='bbox 2085 2570 2490 2651; x_wconf 79' lang='lat' dir='ltr'><strong><em>Cappadociae.</em></strong></span> 
     </span>
    </p>
   </div>
   <div class='ocr_carea' id='block_1_57' title="bbox 2023 2662 3581 2745">
    <p class='ocr_par' dir='ltr' id='par_1_57' title="bbox 2023 2662 3581 2745">
     <span class='ocr_line' id='line_1_57' title="bbox 2023 2662 3581 2745; baseline 0 -24"><span class='ocrx_word' id='word_1_354' title='bbox 2023 2666 2143 2721; x_wconf 81' lang='grc' dir='ltr'>Βίον</span> <span class='ocrx_word' id='word_1_355' title='bbox 2195 2666 2382 2739; x_wconf 80' lang='grc' dir='ltr'>καλὸν,</span> <span class='ocrx_word' id='word_1_356' title='bbox 2445 2663 2663 2745; x_wconf 75' lang='grc' dir='ltr'>ἀδελφοί</span> <span class='ocrx_word' id='word_1_357' title='bbox 2719 2687 2846 2740; x_wconf 82' lang='grc' dir='ltr'>μου,</span> <span class='ocrx_word' id='word_1_358' title='bbox 2901 2663 3166 2741; x_wconf 86' lang='grc' dir='ltr'>βούλομαι</span> <span class='ocrx_word' id='word_1_359' title='bbox 3224 2662 3581 2742; x_wconf 77' lang='grc' dir='ltr'>διηγήσασθαι</span> 
     </span>
    </p>
   </div>
   <div class='ocr_carea' id='block_1_58' title="bbox 1939 2752 3587 2835">
    <p class='ocr_par' dir='ltr' id='par_1_58' title="bbox 1939 2752 3587 2835">
     <span class='ocr_line' id='line_1_58' title="bbox 1939 2752 3587 2835; baseline 0.004 -24"><span class='ocrx_word' id='word_1_360' title='bbox 1939 2756 2034 2813; x_wconf 75' lang='grc' dir='ltr'>καὶ</span> <span class='ocrx_word' id='word_1_361' title='bbox 2078 2755 2323 2834; x_wconf 74' lang='grc' dir='ltr'>ἐνάρετον</span> <span class='ocrx_word' id='word_1_362' title='bbox 2354 2754 2422 2823; x_wconf 70' lang='grc' dir='ltr'>τῆ</span> <span class='ocrx_word' id='word_1_363' title='bbox 2478 2757 2634 2830; x_wconf 78' lang='grc' dir='ltr'>ἡμων</span> <span class='ocrx_word' id='word_1_364' title='bbox 2678 2756 2919 2828; x_wconf 74' lang='grc' dir='ltr'>ὁμονοίᾳ.</span> <span class='ocrx_word' id='word_1_365' title='bbox 2982 2752 3113 2817; x_wconf 84' lang='lat' dir='ltr'><strong><em>Vita</em></strong></span> <span class='ocrx_word' id='word_1_366' title='bbox 3175 2752 3339 2835; x_wconf 67' lang='grc'><strong><em>[120]</em></strong></span> <span class='ocrx_word' id='word_1_367' title='bbox 3396 2753 3587 2818; x_wconf 83' lang='lat' dir='ltr'><strong><em>sancti</em></strong></span> 
     </span>
    </p>
   </div>
   <div class='ocr_carea' id='block_1_59' title="bbox 1936 2842 3578 2925">
    <p class='ocr_par' dir='ltr' id='par_1_59' title="bbox 1936 2842 3578 2925">
     <span class='ocr_line' id='line_1_59' title="bbox 1936 2842 3578 2925; baseline -0.002 -16"><span class='ocrx_word' id='word_1_368' title='bbox 1936 2842 2185 2909; x_wconf 85' lang='lat' dir='ltr'><strong><em>Joannis</em></strong></span> <span class='ocrx_word' id='word_1_369' title='bbox 2212 2842 2515 2925; x_wconf 65' lang='lat' dir='ltr'><strong><em>Calybitaa.</em></strong></span> <span class='ocrx_word' id='word_1_370' title='bbox 2575 2842 2640 2905; x_wconf 91' lang='lat' dir='ltr'><strong><em>In</em></strong></span> <span class='ocrx_word' id='word_1_371' title='bbox 2671 2843 2787 2905; x_wconf 88' lang='lat' dir='ltr'><strong><em>alio</em></strong></span> <span class='ocrx_word' id='word_1_372' title='bbox 2819 2842 3027 2906; x_wconf 89' lang='lat' dir='ltr'><strong><em>codice</em></strong></span> <span class='ocrx_word' id='word_1_373' title='bbox 3056 2842 3415 2924; x_wconf 89' lang='lat' dir='ltr'><strong><em>principium</em></strong></span> <span class='ocrx_word' id='word_1_374' title='bbox 3447 2852 3578 2907; x_wconf 90' lang='lat' dir='ltr'><strong><em>est:</em></strong></span> 
     </span>
    </p>
   </div>
   <div class='ocr_carea' id='block_1_60' title="bbox 1941 2930 3582 3013">
    <p class='ocr_par' dir='ltr' id='par_1_60' title="bbox 1941 2930 3582 3013">
     <span class='ocr_line' id='line_1_60' title="bbox 1941 2930 3582 3013; baseline -0.001 -22"><span class='ocrx_word' id='word_1_375' title='bbox 1941 2935 2061 2992; x_wconf 82' lang='lat' dir='ltr'><strong><em>Blov</em></strong></span> <span class='ocrx_word' id='word_1_376' title='bbox 2090 2936 2175 2990; x_wconf 79' lang='grc' dir='ltr'><strong><em>κσὶ</em></strong></span> <span class='ocrx_word' id='word_1_377' title='bbox 2226 2934 2380 3013; x_wconf 79' lang='grc' dir='ltr'>ἅγιον</span> <span class='ocrx_word' id='word_1_378' title='bbox 2411 2935 2497 2991; x_wconf 82' lang='grc' dir='ltr'><strong><em>καὶ</em></strong></span> <span class='ocrx_word' id='word_1_379' title='bbox 2524 2932 2820 3009; x_wconf 80' lang='grc' dir='ltr'>ἀμόλυντον</span> <span class='ocrx_word' id='word_1_380' title='bbox 2876 2934 2964 2990; x_wconf 85' lang='grc' dir='ltr'><strong><em>καὶ</em></strong></span> <span class='ocrx_word' id='word_1_381' title='bbox 2991 2933 3236 3013; x_wconf 68' lang='grc' dir='ltr'>ὶνάρετον</span> <span class='ocrx_word' id='word_1_382' title='bbox 3263 2930 3448 3013; x_wconf 81' lang='grc' dir='ltr'>ἀνδρὸς</span> <span class='ocrx_word' id='word_1_383' title='bbox 3497 2932 3582 2990; x_wconf 85' lang='grc' dir='ltr'>δι-</span> 
     </span>
    </p>
   </div>
   <div class='ocr_carea' id='block_1_61' title="bbox 1940 3021 3389 3103">
    <p class='ocr_par' dir='ltr' id='par_1_61' title="bbox 1940 3021 3389 3103">
     <span class='ocr_line' id='line_1_61' title="bbox 1940 3021 3389 3103; baseline -0.003 -20"><span class='ocrx_word' id='word_1_384' title='bbox 1940 3026 2092 3083; x_wconf 79' lang='grc' dir='ltr'>καίου</span> <span class='ocrx_word' id='word_1_385' title='bbox 2135 3021 2397 3100; x_wconf 80' lang='grc' dir='ltr'>βούλομαι</span> <span class='ocrx_word' id='word_1_386' title='bbox 2426 3021 2803 3103; x_wconf 80' lang='grc' dir='ltr'>διηγήσασθαι,</span> <span class='ocrx_word' id='word_1_387' title='bbox 3386 3076 3389 3079; x_wconf 73' lang='grc'>,</span> 
     </span>
    </p>
   </div>
   <div class='ocr_carea' id='block_1_62' title="bbox 2023 3111 3584 3192">
    <p class='ocr_par' dir='ltr' id='par_1_62' title="bbox 2023 3111 3584 3192">
     <span class='ocr_line' id='line_1_62' title="bbox 2023 3111 3584 3192; baseline -0.001 -22"><span class='ocrx_word' id='word_1_388' title='bbox 2023 3112 2293 3188; x_wconf 78' lang='grc' dir='ltr'>Βούλομαι</span> <span class='ocrx_word' id='word_1_389' title='bbox 2337 3114 2533 3188; x_wconf 80' lang='grc' dir='ltr'>τοίνυν,</span> <span class='ocrx_word' id='word_1_390' title='bbox 2594 3111 2894 3191; x_wconf 67' lang='grc' dir='ltr'>ἀγαπητοὶ,</span> <span class='ocrx_word' id='word_1_391' title='bbox 2928 3112 3195 3192; x_wconf 70' lang='grc' dir='ltr'>ῦφήγησιν</span> <span class='ocrx_word' id='word_1_392' title='bbox 3252 3112 3454 3190; x_wconf 70' lang='grc' dir='ltr'>ἀγαθὴν</span> <span class='ocrx_word' id='word_1_393' title='bbox 3496 3115 3584 3169; x_wconf 79' lang='grc' dir='ltr'><strong><em>καὶ</em></strong></span> 
     </span>
    </p>
   </div>
   <div class='ocr_carea' id='block_1_63' title="bbox 211 3198 1763 3291">
    <p class='ocr_par' dir='ltr' id='par_1_63' title="bbox 211 3202 1763 3286">
     <span class='ocr_line' id='line_1_63' title="bbox 211 3202 1763 3286; baseline -0.001 -18"><span class='ocrx_word' id='word_1_394' title='bbox 211 3205 360 3269; x_wconf 81' lang='lat' dir='ltr'><strong><em>hanc</em></strong></span> <span class='ocrx_word' id='word_1_395' title='bbox 402 3206 660 3286; x_wconf 86' lang='lat' dir='ltr'><strong><em>quidem</em></strong></span> <span class='ocrx_word' id='word_1_396' title='bbox 689 3204 895 3266; x_wconf 84' lang='lat' dir='ltr'><strong><em>deesse</em></strong></span> <span class='ocrx_word' id='word_1_397' title='bbox 922 3205 1327 3283; x_wconf 86' lang='lat' dir='ltr'><strong><em>gral-iam,sed</em></strong></span> <span class='ocrx_word' id='word_1_398' title='bbox 1355 3202 1586 3266; x_wconf 88' lang='lat' dir='ltr'><strong><em>alicubi</em></strong></span> <span class='ocrx_word' id='word_1_399' title='bbox 1616 3204 1763 3282; x_wconf 88' lang='lat' dir='ltr'><strong><em>quid</em></strong></span> 
     </span>
    </p>
   </div>
   <div class='ocr_carea' id='block_1_64' title="bbox 2027 3198 3579 3291">
    <p class='ocr_par' dir='ltr' id='par_1_64' title="bbox 2027 3198 3579 3282">
     <span class='ocr_line' id='line_1_64' title="bbox 2027 3198 3579 3282; baseline 0 -24"><span class='ocrx_word' id='word_1_400' title='bbox 2027 3204 2186 3276; x_wconf 77' lang='grc' dir='ltr'>ἱρετον</span> <span class='ocrx_word' id='word_1_401' title='bbox 2246 3200 2602 3282; x_wconf 77' lang='grc' dir='ltr'>διηγήσασθαι</span> <span class='ocrx_word' id='word_1_402' title='bbox 2670 3214 2794 3266; x_wconf 78' lang='grc' dir='ltr'>ταῖς</span> <span class='ocrx_word' id='word_1_403' title='bbox 2855 3208 2949 3260; x_wconf 88' lang='grc' dir='ltr'><strong><em>τοῦ</em></strong></span> <span class='ocrx_word' id='word_1_404' title='bbox 3009 3208 3141 3261; x_wconf 81' lang='grc' dir='ltr'>Θεοῦ</span> <span class='ocrx_word' id='word_1_405' title='bbox 3211 3198 3579 3271; x_wconf 75' lang='grc' dir='ltr'>Ἐκκλησίαις,</span> 
     </span>
    </p>
   </div>
   <div class='ocr_carea' id='block_1_65' title="bbox 212 3289 3583 3375">
    <p class='ocr_par' dir='ltr' id='par_1_65' title="bbox 212 3289 3583 3375">
     <span class='ocr_line' id='line_1_65' title="bbox 212 3289 3583 3375; baseline -0.001 -18"><span class='ocrx_word' id='word_1_406' title='bbox 212 3312 311 3357; x_wconf 87' lang='lat' dir='ltr'><strong><em>eas</em></strong></span> <span class='ocrx_word' id='word_1_407' title='bbox 337 3313 464 3358; x_wconf 87' lang='lat' dir='ltr'><strong><em>esse</em></strong></span> <span class='ocrx_word' id='word_1_408' title='bbox 493 3296 737 3375; x_wconf 83' lang='lat' dir='ltr'><strong><em>amplas</em></strong></span> <span class='ocrx_word' id='word_1_409' title='bbox 784 3302 842 3355; x_wconf 88' lang='lat' dir='ltr'><strong><em>et</em></strong></span> <span class='ocrx_word' id='word_1_410' title='bbox 873 3292 1300 3367; x_wconf 83' lang='lat' dir='ltr'><strong><em>redundantes,</em></strong></span> <span class='ocrx_word' id='word_1_411' title='bbox 1335 3292 1401 3354; x_wconf 85' lang='lat' dir='ltr'><strong><em>in</em></strong></span> <span class='ocrx_word' id='word_1_412' title='bbox 1426 3291 1707 3372; x_wconf 84' lang='lat' dir='ltr'><strong><em>pluribus</em></strong></span> <span class='ocrx_word' id='word_1_413' title='bbox 1743 3311 1861 3355; x_wconf 89' lang='lat' dir='ltr'><strong><em>au-</em></strong></span> <span class='ocrx_word' id='word_1_414' title='bbox 1891 3289 1910 3291; x_wconf 62' lang='grc'>⁷</span> <span class='ocrx_word' id='word_1_415' title='bbox 1943 3289 2235 3353; x_wconf 85' lang='lat' dir='ltr'><strong><em>Facinora</em></strong></span> <span class='ocrx_word' id='word_1_416' title='bbox 2281 3299 2341 3353; x_wconf 89' lang='lat' dir='ltr'><strong><em>et</em></strong></span> <span class='ocrx_word' id='word_1_417' title='bbox 2367 3299 2675 3354; x_wconf 87' lang='lat' dir='ltr'><strong><em>certamen</em></strong></span> <span class='ocrx_word' id='word_1_418' title='bbox 2730 3298 3068 3352; x_wconf 88' lang='lat' dir='ltr'><strong><em>sanctorum</em></strong></span> <span class='ocrx_word' id='word_1_419' title='bbox 3122 3290 3301 3352; x_wconf 88' lang='lat' dir='ltr'><strong><em>trium</em></strong></span> <span class='ocrx_word' id='word_1_420' title='bbox 3358 3307 3583 3371; x_wconf 85' lang='lat' dir='ltr'><strong><em>puero-</em></strong></span> 
     </span>
    </p>
   </div>
   <div class='ocr_carea' id='block_1_66' title="bbox 213 3380 1862 3464">
    <p class='ocr_par' dir='ltr' id='par_1_66' title="bbox 213 3380 1862 3464">
     <span class='ocr_line' id='line_1_66' title="bbox 213 3380 1862 3464; baseline -0.002 -16"><span class='ocrx_word' id='word_1_421' title='bbox 213 3392 322 3448; x_wconf 77' lang='lat' dir='ltr'><strong><em>tem</em></strong></span> <span class='ocrx_word' id='word_1_422' title='bbox 368 3401 598 3464; x_wconf 82' lang='lat' dir='ltr'><strong><em>graves</em></strong></span> <span class='ocrx_word' id='word_1_423' title='bbox 627 3390 685 3444; x_wconf 88' lang='lat' dir='ltr'><strong><em>et</em></strong></span> <span class='ocrx_word' id='word_1_424' title='bbox 712 3384 1093 3462; x_wconf 86' lang='lat' dir='ltr'><strong><em>compositas.</em></strong></span> <span class='ocrx_word' id='word_1_425' title='bbox 1151 3380 1307 3443; x_wconf 86' lang='lat' dir='ltr'><strong><em>Cum</em></strong></span> <span class='ocrx_word' id='word_1_426' title='bbox 1337 3381 1446 3443; x_wconf 86' lang='lat' dir='ltr'><strong><em>has</em></strong></span> <span class='ocrx_word' id='word_1_427' title='bbox 1474 3390 1678 3444; x_wconf 84' lang='lat' dir='ltr'><strong><em>autem</em></strong></span> <span class='ocrx_word' id='word_1_428' title='bbox 1709 3381 1862 3444; x_wconf 90' lang='lat' dir='ltr'><strong><em>duas</em></strong></span> 
     </span>
    </p>
   </div>
   <div class='ocr_carea' id='block_1_67' title="bbox 211 3471 1864 3553">
    <p class='ocr_par' dir='ltr' id='par_1_67' title="bbox 211 3471 1864 3553">
     <span class='ocr_line' id='line_1_67' title="bbox 211 3471 1864 3553; baseline -0.001 -18"><span class='ocrx_word' id='word_1_429' title='bbox 211 3475 337 3537; x_wconf 74' lang='lat' dir='ltr'><strong><em>vias</em></strong></span> <span class='ocrx_word' id='word_1_430' title='bbox 359 3473 485 3536; x_wconf 87' lang='lat' dir='ltr'><strong><em>sibi</em></strong></span> <span class='ocrx_word' id='word_1_431' title='bbox 516 3473 946 3553; x_wconf 86' lang='lat' dir='ltr'><strong><em>proposuisset,</em></strong></span> <span class='ocrx_word' id='word_1_432' title='bbox 968 3478 1320 3549; x_wconf 81' lang='lat' dir='ltr'><strong><em>martyrum</em></strong></span> <span class='ocrx_word' id='word_1_433' title='bbox 1343 3471 1778 3549; x_wconf 86' lang='lat' dir='ltr'><strong><em>constantiam,</em></strong></span> <span class='ocrx_word' id='word_1_434' title='bbox 1804 3477 1864 3534; x_wconf 87' lang='lat' dir='ltr'><strong><em>et</em></strong></span> 
     </span>
    </p>
   </div>
   <div class='ocr_carea' id='block_1_68' title="bbox 209 3557 1862 3638">
    <p class='ocr_par' dir='ltr' id='par_1_68' title="bbox 209 3557 1862 3638">
     <span class='ocr_line' id='line_1_68' title="bbox 209 3557 1862 3638; baseline -0.004 -11"><span class='ocrx_word' id='word_1_435' title='bbox 209 3563 608 3627; x_wconf 83' lang='lat' dir='ltr'><strong><em>monasticam</em></strong></span> <span class='ocrx_word' id='word_1_436' title='bbox 640 3563 706 3621; x_wconf 92' lang='lat' dir='ltr'><strong><em>in</em></strong></span> <span class='ocrx_word' id='word_1_437' title='bbox 735 3563 1180 3622; x_wconf 62' lang='lat' dir='ltr'><strong><em>exercitatione</em></strong></span> <span class='ocrx_word' id='word_1_438' title='bbox 1213 3557 1631 3638; x_wconf 81' lang='lat' dir='ltr'><strong><em>tolerantiam,</em></strong></span> <span class='ocrx_word' id='word_1_439' title='bbox 1666 3565 1862 3621; x_wconf 87' lang='lat' dir='ltr'><strong><em>currit</em></strong></span> 
     </span>
    </p>
   </div>
   <div class='ocr_carea' id='block_1_69' title="bbox 207 3648 1861 3732">
    <p class='ocr_par' dir='ltr' id='par_1_69' title="bbox 207 3648 1861 3732">
     <span class='ocr_line' id='line_1_69' title="bbox 207 3648 1861 3732; baseline -0.004 -17"><span class='ocrx_word' id='word_1_440' title='bbox 207 3654 449 3732; x_wconf 84' lang='lat' dir='ltr'><strong><em>quidem</em></strong></span> <span class='ocrx_word' id='word_1_441' title='bbox 479 3659 742 3730; x_wconf 88' lang='lat' dir='ltr'><strong><em>utroque</em></strong></span> <span class='ocrx_word' id='word_1_442' title='bbox 769 3649 988 3720; x_wconf 86' lang='lat' dir='ltr'><strong><em>stadio,</em></strong></span> <span class='ocrx_word' id='word_1_443' title='bbox 1024 3666 1149 3711; x_wconf 88' lang='lat' dir='ltr'><strong><em>non</em></strong></span> <span class='ocrx_word' id='word_1_444' title='bbox 1178 3664 1314 3711; x_wconf 84' lang='lat' dir='ltr'><strong><em>cum</em></strong></span> <span class='ocrx_word' id='word_1_445' title='bbox 1349 3648 1569 3726; x_wconf 89' lang='lat' dir='ltr'><strong><em>pedum</em></strong></span> <span class='ocrx_word' id='word_1_446' title='bbox 1604 3652 1861 3728; x_wconf 82' lang='lat' dir='ltr'><strong><em>pernici-</em></strong></span> 
     </span>
    </p>
   </div>
   <div class='ocr_carea' id='block_1_70' title="bbox 206 3737 1863 3815">
    <p class='ocr_par' dir='ltr' id='par_1_70' title="bbox 206 3737 1863 3815">
     <span class='ocr_line' id='line_1_70' title="bbox 206 3737 1863 3815; baseline -0.002 -11"><span class='ocrx_word' id='word_1_447' title='bbox 206 3750 343 3815; x_wconf 88' lang='lat' dir='ltr'><strong><em>tate,</em></strong></span> <span class='ocrx_word' id='word_1_448' title='bbox 374 3740 484 3803; x_wconf 88' lang='lat' dir='ltr'><strong><em>sed</em></strong></span> <span class='ocrx_word' id='word_1_449' title='bbox 513 3756 652 3801; x_wconf 89' lang='lat' dir='ltr'><strong><em>cum</em></strong></span> <span class='ocrx_word' id='word_1_450' title='bbox 680 3737 987 3801; x_wconf 86' lang='lat' dir='ltr'><strong><em>celeritate</em></strong></span> <span class='ocrx_word' id='word_1_451' title='bbox 1014 3738 1632 3799; x_wconf 67' lang='lat' dir='ltr'><strong><em>oratiortt&#39;leamime</em></strong></span> <span class='ocrx_word' id='word_1_452' title='bbox 1661 3746 1863 3800; x_wconf 88' lang='lat' dir='ltr'><strong><em>autem</em></strong></span> 
     </span>
    </p>
   </div>
   <div class='ocr_carea' id='block_1_71' title="bbox 205 3826 1865 3908">
    <p class='ocr_par' dir='ltr' id='par_1_71' title="bbox 205 3826 1865 3908">
     <span class='ocr_line' id='line_1_71' title="bbox 205 3826 1865 3908; baseline -0.001 -16"><span class='ocrx_word' id='word_1_453' title='bbox 205 3834 615 3893; x_wconf 82' lang='lat' dir='ltr'><strong><em>monasticam</em></strong></span> <span class='ocrx_word' id='word_1_454' title='bbox 640 3844 1007 3908; x_wconf 81' lang='lat' dir='ltr'><strong><em>percurrens</em></strong></span> <span class='ocrx_word' id='word_1_455' title='bbox 1034 3826 1651 3900; x_wconf 85' lang='lat' dir='ltr'><strong><em>curriculum,evadit</em></strong></span> <span class='ocrx_word' id='word_1_456' title='bbox 1674 3832 1865 3906; x_wconf 83' lang='lat' dir='ltr'><strong><em>seipse</em></strong></span> 
     </span>
    </p>
   </div>
   <div class='ocr_carea' id='block_1_72' title="bbox 203 3915 1864 3996">
    <p class='ocr_par' dir='ltr' id='par_1_72' title="bbox 203 3915 1864 3996">
     <span class='ocr_line' id='line_1_72' title="bbox 203 3915 1864 3996; baseline -0.003 -13"><span class='ocrx_word' id='word_1_457' title='bbox 203 3921 525 3983; x_wconf 85' lang='lat' dir='ltr'><strong><em>robustior</em></strong></span> <span class='ocrx_word' id='word_1_458' title='bbox 570 3927 625 3980; x_wconf 90' lang='lat' dir='ltr'><strong><em>et</em></strong></span> <span class='ocrx_word' id='word_1_459' title='bbox 656 3918 915 3996; x_wconf 81' lang='lat' dir='ltr'><strong><em>fortior:</em></strong></span> <span class='ocrx_word' id='word_1_460' title='bbox 952 3933 1136 3978; x_wconf 90' lang='lat' dir='ltr'><strong><em>aures</em></strong></span> <span class='ocrx_word' id='word_1_461' title='bbox 1181 3915 1424 3995; x_wconf 87' lang='lat' dir='ltr'><strong><em>quidem</em></strong></span> <span class='ocrx_word' id='word_1_462' title='bbox 1456 3925 1610 3979; x_wconf 78' lang='lat' dir='ltr'><strong><em>certe</em></strong></span> <span class='ocrx_word' id='word_1_463' title='bbox 1639 3918 1864 3996; x_wconf 84' lang='lat' dir='ltr'><strong><em>impin-</em></strong></span> 
     </span>
    </p>
   </div>
   <div class='ocr_carea' id='block_1_73' title="bbox 202 4004 1861 4091">
    <p class='ocr_par' dir='ltr' id='par_1_73' title="bbox 202 4004 1861 4091">
     <span class='ocr_line' id='line_1_73' title="bbox 202 4004 1861 4091; baseline -0.001 -21"><span class='ocrx_word' id='word_1_464' title='bbox 202 4017 375 4091; x_wconf 81' lang='lat' dir='ltr'><strong><em>gunt,</em></strong></span> <span class='ocrx_word' id='word_1_465' title='bbox 406 4007 654 4087; x_wconf 89' lang='lat' dir='ltr'><strong><em>quando</em></strong></span> <span class='ocrx_word' id='word_1_466' title='bbox 674 4009 802 4084; x_wconf 82' lang='lat' dir='ltr'><strong><em>eius</em></strong></span> <span class='ocrx_word' id='word_1_467' title='bbox 833 4009 1030 4068; x_wconf 88' lang='lat' dir='ltr'><strong><em>oratio</em></strong></span> <span class='ocrx_word' id='word_1_468' title='bbox 1055 4005 1325 4068; x_wconf 86' lang='lat' dir='ltr'><strong><em>ascendit</em></strong></span> <span class='ocrx_word' id='word_1_469' title='bbox 1345 4004 1585 4083; x_wconf 91' lang='lat' dir='ltr'><strong><em>quidem</em></strong></span> <span class='ocrx_word' id='word_1_470' title='bbox 1607 4014 1861 4079; x_wconf 81' lang='lat' dir='ltr'><strong><em>montes,</em></strong></span> 
     </span>
    </p>
   </div>
   <div class='ocr_carea' id='block_1_74' title="bbox 204 4096 1867 4175">
    <p class='ocr_par' dir='ltr' id='par_1_74' title="bbox 204 4096 1867 4175">
     <span class='ocr_line' id='line_1_74' title="bbox 204 4096 1867 4175; baseline -0.003 -13"><span class='ocrx_word' id='word_1_471' title='bbox 204 4100 363 4162; x_wconf 86' lang='lat' dir='ltr'><strong><em>subit</em></strong></span> <span class='ocrx_word' id='word_1_472' title='bbox 384 4106 594 4160; x_wconf 85' lang='lat' dir='ltr'><strong><em>autem</em></strong></span> <span class='ocrx_word' id='word_1_473' title='bbox 619 4096 1081 4175; x_wconf 88' lang='lat' dir='ltr'><strong><em>speluncas,sub</em></strong></span> <span class='ocrx_word' id='word_1_474' title='bbox 1104 4096 1253 4174; x_wconf 84' lang='lat' dir='ltr'><strong><em>pinu</em></strong></span> <span class='ocrx_word' id='word_1_475' title='bbox 1278 4103 1483 4157; x_wconf 83' lang='lat' dir='ltr'><strong><em>autem</em></strong></span> <span class='ocrx_word' id='word_1_476' title='bbox 1508 4102 1616 4156; x_wconf 91' lang='lat' dir='ltr'><strong><em>aut</em></strong></span> <span class='ocrx_word' id='word_1_477' title='bbox 1637 4112 1867 4174; x_wconf 87' lang='lat' dir='ltr'><strong><em>quercu</em></strong></span> 
     </span>
    </p>
   </div>
   <div class='ocr_carea' id='block_1_75' title="bbox 208 4183 1871 4268">
    <p class='ocr_par' dir='ltr' id='par_1_75' title="bbox 208 4183 1871 4268">
     <span class='ocr_line' id='line_1_75' title="bbox 208 4183 1871 4268; baseline -0.003 -17"><span class='ocrx_word' id='word_1_478' title='bbox 208 4190 425 4268; x_wconf 83' lang='lat' dir='ltr'><strong><em>aliqua</em></strong></span> <span class='ocrx_word' id='word_1_479' title='bbox 459 4185 716 4250; x_wconf 90' lang='lat' dir='ltr'><strong><em>collecat</em></strong></span> <span class='ocrx_word' id='word_1_480' title='bbox 744 4186 1253 4255; x_wconf 70' lang='lat' dir='ltr'><strong><em>Exercitatorem,</em></strong></span> <span class='ocrx_word' id='word_1_481' title='bbox 1277 4193 1338 4246; x_wconf 92' lang='lat' dir='ltr'><strong><em>et</em></strong></span> <span class='ocrx_word' id='word_1_482' title='bbox 1366 4183 1483 4246; x_wconf 85' lang='lat' dir='ltr'><strong><em>vile</em></strong></span> <span class='ocrx_word' id='word_1_483' title='bbox 1508 4183 1871 4247; x_wconf 86' lang='lat' dir='ltr'><strong><em>alimentum</em></strong></span> 
     </span>
    </p>
   </div>
   <div class='ocr_carea' id='block_1_76' title="bbox 206 4271 1867 4354">
    <p class='ocr_par' dir='ltr' id='par_1_76' title="bbox 206 4271 1867 4354">
     <span class='ocr_line' id='line_1_76' title="bbox 206 4271 1867 4354; baseline -0.002 -14"><span class='ocrx_word' id='word_1_484' title='bbox 206 4286 264 4341; x_wconf 90' lang='lat' dir='ltr'><strong><em>et</em></strong></span> <span class='ocrx_word' id='word_1_485' title='bbox 312 4278 742 4349; x_wconf 75' lang='lat' dir='ltr'><strong><em>illaboratam,</em></strong></span> <span class='ocrx_word' id='word_1_486' title='bbox 780 4276 837 4337; x_wconf 89' lang='lat' dir='ltr'><strong><em>ei</em></strong></span> <span class='ocrx_word' id='word_1_487' title='bbox 866 4275 1041 4354; x_wconf 71' lang='lat' dir='ltr'><strong><em>offert</em></strong></span> <span class='ocrx_word' id='word_1_488' title='bbox 1070 4292 1149 4335; x_wconf 79' lang='lat' dir='ltr'><strong><em>ea:</em></strong></span> <span class='ocrx_word' id='word_1_489' title='bbox 1206 4271 1412 4336; x_wconf 85' lang='lat' dir='ltr'><strong><em>herbis</em></strong></span> <span class='ocrx_word' id='word_1_490' title='bbox 1441 4281 1498 4335; x_wconf 87' lang='lat' dir='ltr'><strong><em>et</em></strong></span> <span class='ocrx_word' id='word_1_491' title='bbox 1524 4281 1735 4350; x_wconf 89' lang='lat' dir='ltr'><strong><em>potum</em></strong></span> <span class='ocrx_word' id='word_1_492' title='bbox 1790 4291 1867 4336; x_wconf 77' lang='lat' dir='ltr'><strong><em>ea:</em></strong></span> 
     </span>
    </p>
   </div>
   <div class='ocr_carea' id='block_1_77' title="bbox 206 4362 1866 4447">
    <p class='ocr_par' dir='ltr' id='par_1_77' title="bbox 206 4362 1866 4447">
     <span class='ocr_line' id='line_1_77' title="bbox 206 4362 1866 4447; baseline -0.003 -17"><span class='ocrx_word' id='word_1_493' title='bbox 206 4367 501 4447; x_wconf 81' lang='lat' dir='ltr'><strong><em>fontibus.</em></strong></span> <span class='ocrx_word' id='word_1_494' title='bbox 561 4366 878 4443; x_wconf 86' lang='lat' dir='ltr'><strong><em>Ejusmodi</em></strong></span> <span class='ocrx_word' id='word_1_495' title='bbox 927 4366 1232 4426; x_wconf 88' lang='lat' dir='ltr'><strong><em>orationes</em></strong></span> <span class='ocrx_word' id='word_1_496' title='bbox 1282 4374 1460 4424; x_wconf 88' lang='lat' dir='ltr'><strong><em>ornat</em></strong></span> <span class='ocrx_word' id='word_1_497' title='bbox 1515 4362 1866 4443; x_wconf 87' lang='lat' dir='ltr'><strong><em>ﬂorentibus</em></strong></span> 
     </span>
    </p>
   </div>
   <div class='ocr_carea' id='block_1_78' title="bbox 206 4452 1862 4533">
    <p class='ocr_par' dir='ltr' id='par_1_78' title="bbox 206 4452 1862 4533">
     <span class='ocr_line' id='line_1_78' title="bbox 206 4452 1862 4533; baseline -0.002 -16"><span class='ocrx_word' id='word_1_498' title='bbox 206 4458 459 4533; x_wconf 71' lang='lat' dir='ltr'><strong><em>pulchre</em></strong></span> <span class='ocrx_word' id='word_1_499' title='bbox 485 4453 928 4532; x_wconf 74' lang='lat' dir='ltr'><strong><em>auditionibus,</em></strong></span> <span class='ocrx_word' id='word_1_500' title='bbox 959 4458 1018 4515; x_wconf 92' lang='lat' dir='ltr'><strong><em>et</em></strong></span> <span class='ocrx_word' id='word_1_501' title='bbox 1045 4453 1235 4515; x_wconf 85' lang='lat' dir='ltr'><strong><em>variis</em></strong></span> <span class='ocrx_word' id='word_1_502' title='bbox 1283 4454 1439 4513; x_wconf 88' lang='lat' dir='ltr'><strong><em>rosis</em></strong></span> <span class='ocrx_word' id='word_1_503' title='bbox 1467 4452 1808 4532; x_wconf 82' lang='lat' dir='ltr'><strong><em>ﬁgurarum</em></strong></span> <span class='ocrx_word' id='word_1_504' title='bbox 1842 4470 1862 4522; x_wconf 84' lang='lat'><strong><em>;</em></strong></span> 
     </span>
    </p>
   </div>
   <div class='ocr_carea' id='block_1_79' title="bbox 208 4538 1864 4625">
    <p class='ocr_par' dir='ltr' id='par_1_79' title="bbox 208 4538 1864 4625">
     <span class='ocr_line' id='line_1_79' title="bbox 208 4538 1864 4625; baseline -0.004 -17"><span class='ocrx_word' id='word_1_505' title='bbox 208 4554 259 4608; x_wconf 87' lang='lat' dir='ltr'><strong><em>et</em></strong></span> <span class='ocrx_word' id='word_1_506' title='bbox 282 4564 353 4609; x_wconf 89' lang='lat' dir='ltr'><strong><em>ea</em></strong></span> <span class='ocrx_word' id='word_1_507' title='bbox 374 4560 517 4625; x_wconf 67' lang='lat' dir='ltr'><strong><em>qua:</em></strong></span> <span class='ocrx_word' id='word_1_508' title='bbox 541 4553 689 4604; x_wconf 89' lang='lat' dir='ltr'><strong><em>tunc</em></strong></span> <span class='ocrx_word' id='word_1_509' title='bbox 711 4542 1141 4623; x_wconf 82' lang='lat' dir='ltr'><strong><em>ﬁebant,quasi</em></strong></span> <span class='ocrx_word' id='word_1_510' title='bbox 1160 4539 1401 4620; x_wconf 70' lang='lat' dir='ltr'><strong><em>subiicit</em></strong></span> <span class='ocrx_word' id='word_1_511' title='bbox 1425 4538 1637 4602; x_wconf 88' lang='lat' dir='ltr'><strong><em>oculis.</em></strong></span> <span class='ocrx_word' id='word_1_512' title='bbox 1653 4539 1864 4602; x_wconf 75' lang='lat' dir='ltr'><strong><em>Virum</em></strong></span> 
     </span>
    </p>
   </div>
   <div class='ocr_carea' id='block_1_80' title="bbox 1942 3379 2832 3462">
    <p class='ocr_par' dir='ltr' id='par_1_80' title="bbox 1942 3379 2832 3462">
     <span class='ocr_line' id='line_1_80' title="bbox 1942 3379 2832 3462; baseline 0.001 -20"><span class='ocrx_word' id='word_1_513' title='bbox 1942 3398 2075 3442; x_wconf 89' lang='lat' dir='ltr'><strong><em>rum</em></strong></span> <span class='ocrx_word' id='word_1_514' title='bbox 2123 3389 2180 3442; x_wconf 90' lang='lat' dir='ltr'><strong><em>et</em></strong></span> <span class='ocrx_word' id='word_1_515' title='bbox 2209 3379 2474 3444; x_wconf 86' lang='lat' dir='ltr'><strong><em>Danielis</em></strong></span> <span class='ocrx_word' id='word_1_516' title='bbox 2504 3380 2832 3462; x_wconf 67' lang='lat' dir='ltr'><strong><em>prophetas.</em></strong></span> 
     </span>
    </p>
   </div>
   <div class='ocr_carea' id='block_1_81' title="bbox 2028 3469 3586 3549">
    <p class='ocr_par' dir='ltr' id='par_1_81' title="bbox 2028 3469 3586 3549">
     <span class='ocr_line' id='line_1_81' title="bbox 2028 3469 3586 3549; baseline 0.001 -23"><span class='ocrx_word' id='word_1_517' title='bbox 2028 3470 2338 3549; x_wconf 75' lang='grc' dir='ltr'>Διηγήσατό</span> <span class='ocrx_word' id='word_1_518' title='bbox 2396 3492 2478 3535; x_wconf 84' lang='grc' dir='ltr'><strong><em>τις</em></strong></span> <span class='ocrx_word' id='word_1_519' title='bbox 2526 3470 2697 3549; x_wconf 85' lang='grc' dir='ltr'>γέρων</span> <span class='ocrx_word' id='word_1_520' title='bbox 2757 3471 2952 3549; x_wconf 74' lang='grc' dir='ltr'>μέγας,</span> <span class='ocrx_word' id='word_1_521' title='bbox 2988 3469 3041 3526; x_wconf 80' lang='grc' dir='ltr'><strong><em>εἴ</em></strong></span> <span class='ocrx_word' id='word_1_522' title='bbox 3095 3491 3144 3526; x_wconf 91' lang='grc' dir='ltr'><strong><em>τι</em></strong></span> <span class='ocrx_word' id='word_1_523' title='bbox 3191 3470 3449 3549; x_wconf 76' lang='grc' dir='ltr'>Ξενοφῶν</span> <span class='ocrx_word' id='word_1_524' title='bbox 3504 3490 3586 3536; x_wconf 83' lang='grc' dir='ltr'>τις</span> 
     </span>
    </p>
   </div>
   <div class='ocr_carea' id='block_1_82' title="bbox 1946 3555 3585 3639">
    <p class='ocr_par' dir='ltr' id='par_1_82' title="bbox 1946 3555 3585 3639">
     <span class='ocr_line' id='line_1_82' title="bbox 1946 3555 3585 3639; baseline 0.001 -21"><span class='ocrx_word' id='word_1_525' title='bbox 1946 3560 2301 3638; x_wconf 70' lang='grc' dir='ltr'>συγκλητικὸς</span> <span class='ocrx_word' id='word_1_526' title='bbox 2355 3560 2484 3637; x_wconf 75' lang='grc' dir='ltr'>ὑπὲρ</span> <span class='ocrx_word' id='word_1_527' title='bbox 2511 3566 2684 3617; x_wconf 84' lang='grc' dir='ltr'>πᾶσαν</span> <span class='ocrx_word' id='word_1_528' title='bbox 2729 3558 3045 3637; x_wconf 81' lang='grc' dir='ltr'>εύπρέπειαν</span> <span class='ocrx_word' id='word_1_529' title='bbox 3100 3559 3383 3639; x_wconf 71' lang='grc' dir='ltr'>ὃπάρχων.</span> <span class='ocrx_word' id='word_1_530' title='bbox 3451 3555 3585 3621; x_wconf 77' lang='lat' dir='ltr'><strong><em>Vita</em></strong></span> 
     </span>
    </p>
   </div>
   <div class='ocr_carea' id='block_1_83' title="bbox 1943 3647 3019 3723">
    <p class='ocr_par' dir='ltr' id='par_1_83' title="bbox 1943 3647 3019 3723">
     <span class='ocr_line' id='line_1_83' title="bbox 1943 3647 3019 3723; baseline 0 -11"><span class='ocrx_word' id='word_1_531' title='bbox 1943 3650 2131 3712; x_wconf 82' lang='lat' dir='ltr'><strong><em>sancti</em></strong></span> <span class='ocrx_word' id='word_1_532' title='bbox 2158 3648 2572 3723; x_wconf 82' lang='lat' dir='ltr'><strong><em>XenOphontis</em></strong></span> <span class='ocrx_word' id='word_1_533' title='bbox 2603 3656 2661 3710; x_wconf 89' lang='lat' dir='ltr'><strong><em>et</em></strong></span> <span class='ocrx_word' id='word_1_534' title='bbox 2692 3647 3019 3712; x_wconf 88' lang='lat' dir='ltr'><strong><em>sociorum.</em></strong></span> 
     </span>
    </p>
   </div>
   <div class='ocr_carea' id='block_1_84' title="bbox 2033 3734 3589 3816">
    <p class='ocr_par' dir='ltr' id='par_1_84' title="bbox 2033 3734 3589 3816">
     <span class='ocr_line' id='line_1_84' title="bbox 2033 3734 3589 3816; baseline -0.001 -21"><span class='ocrx_word' id='word_1_535' title='bbox 2033 3738 2339 3816; x_wconf 81' lang='grc' dir='ltr'>Διηγήσατό</span> <span class='ocrx_word' id='word_1_536' title='bbox 2410 3760 2491 3805; x_wconf 87' lang='grc' dir='ltr'><strong><em>τις</em></strong></span> <span class='ocrx_word' id='word_1_537' title='bbox 2548 3734 2713 3802; x_wconf 74' lang='grc' dir='ltr'>ἀϐεᾶς</span> <span class='ocrx_word' id='word_1_538' title='bbox 2771 3739 3047 3814; x_wconf 77' lang='grc' dir='ltr'>Σεραπίων</span> <span class='ocrx_word' id='word_1_539' title='bbox 3101 3736 3358 3816; x_wconf 83' lang='grc' dir='ltr'>ὑπάρχων</span> <span class='ocrx_word' id='word_1_540' title='bbox 3415 3735 3473 3792; x_wconf 78' lang='grc' dir='ltr'>ἐν</span> <span class='ocrx_word' id='word_1_541' title='bbox 3519 3734 3589 3805; x_wconf 81' lang='grc' dir='ltr'><strong>τῆ</strong></span> 
     </span>
    </p>
   </div>
   <div class='ocr_carea' id='block_1_85' title="bbox 1946 3823 3588 3907">
    <p class='ocr_par' dir='ltr' id='par_1_85' title="bbox 1946 3823 3588 3907">
     <span class='ocr_line' id='line_1_85' title="bbox 1946 3823 3588 3907; baseline 0.002 -24"><span class='ocrx_word' id='word_1_542' title='bbox 1946 3828 2178 3907; x_wconf 78' lang='grc' dir='ltr'>ἐσωτέρᾳ</span> <span class='ocrx_word' id='word_1_543' title='bbox 2248 3827 2453 3904; x_wconf 72' lang='grc' dir='ltr'><strong><em>ἐρήμῳ,</em></strong></span> <span class='ocrx_word' id='word_1_544' title='bbox 2503 3824 2636 3890; x_wconf 87' lang='lat' dir='ltr'><strong><em>Vita</em></strong></span> <span class='ocrx_word' id='word_1_545' title='bbox 2701 3825 2889 3889; x_wconf 88' lang='lat' dir='ltr'><strong><em>sancti</em></strong></span> <span class='ocrx_word' id='word_1_546' title='bbox 2944 3824 3125 3889; x_wconf 83' lang='lat' dir='ltr'><strong><em>Marci</em></strong></span> <span class='ocrx_word' id='word_1_547' title='bbox 3175 3823 3588 3900; x_wconf 86' lang='lat' dir='ltr'><strong><em>Atheniensis,</em></strong></span> 
     </span>
    </p>
   </div>
   <div class='ocr_carea' id='block_1_86' title="bbox 1947 3917 3086 4000">
    <p class='ocr_par' dir='ltr' id='par_1_86' title="bbox 1947 3917 3086 4000">
     <span class='ocr_line' id='line_1_86' title="bbox 1947 3917 3086 4000; baseline 0.003 -21"><span class='ocrx_word' id='word_1_548' title='bbox 1947 3919 2045 4000; x_wconf 87' lang='lat' dir='ltr'><strong><em>qui</em></strong></span> <span class='ocrx_word' id='word_1_549' title='bbox 2078 3919 2136 3980; x_wconf 90' lang='lat' dir='ltr'><strong><em>in</em></strong></span> <span class='ocrx_word' id='word_1_550' title='bbox 2166 3927 2367 3981; x_wconf 88' lang='lat' dir='ltr'><strong><em>monte</em></strong></span> <span class='ocrx_word' id='word_1_551' title='bbox 2394 3917 2665 3982; x_wconf 74' lang='lat' dir='ltr'><strong><em>Thracias</em></strong></span> <span class='ocrx_word' id='word_1_552' title='bbox 2694 3936 2761 3981; x_wconf 88' lang='lat' dir='ltr'><strong><em>se</em></strong></span> <span class='ocrx_word' id='word_1_553' title='bbox 2791 3917 3086 3982; x_wconf 88' lang='lat' dir='ltr'><strong><em>exercuit.</em></strong></span> 
     </span>
    </p>
   </div>
   <div class='ocr_carea' id='block_1_87' title="bbox 2032 4000 3588 4086">
    <p class='ocr_par' dir='ltr' id='par_1_87' title="bbox 2032 4000 3588 4086">
     <span class='ocr_line' id='line_1_87' title="bbox 2032 4000 3588 4086; baseline -0.001 -20"><span class='ocrx_word' id='word_1_554' title='bbox 2032 4009 2418 4076; x_wconf 81' lang='grc' dir='ltr'>Διοκλητιανοῦ</span> <span class='ocrx_word' id='word_1_555' title='bbox 2464 4011 2551 4067; x_wconf 83' lang='grc' dir='ltr'><strong><em>καὶ</em></strong></span> <span class='ocrx_word' id='word_1_556' title='bbox 2584 4007 2910 4083; x_wconf 79' lang='grc' dir='ltr'>Μαξιμιανοῦ</span> <span class='ocrx_word' id='word_1_557' title='bbox 2961 4008 3055 4076; x_wconf 74' lang='grc' dir='ltr'>τὴν</span> <span class='ocrx_word' id='word_1_558' title='bbox 3084 4006 3413 4086; x_wconf 83' lang='grc' dir='ltr'>ἆτοκράτορα</span> <span class='ocrx_word' id='word_1_559' title='bbox 3450 4000 3588 4066; x_wconf 69' lang='grc' dir='ltr'><strong><em>Ῥω-</em></strong></span> 
     </span>
    </p>
   </div>
   <div class='ocr_carea' id='block_1_88' title="bbox 1948 4093 3590 4177">
    <p class='ocr_par' dir='ltr' id='par_1_88' title="bbox 1948 4093 3590 4177">
     <span class='ocr_line' id='line_1_88' title="bbox 1948 4093 3590 4177; baseline 0.002 -21"><span class='ocrx_word' id='word_1_560' title='bbox 1948 4101 2130 4176; x_wconf 84' lang='grc' dir='ltr'>μαίοις</span> <span class='ocrx_word' id='word_1_561' title='bbox 2163 4098 2423 4156; x_wconf 79' lang='grc' dir='ltr'>διεπύντω</span> <span class='ocrx_word' id='word_1_562' title='bbox 2453 4100 2656 4177; x_wconf 72' lang='grc' dir='ltr'>αργήν.</span> <span class='ocrx_word' id='word_1_563' title='bbox 2689 4095 3029 4177; x_wconf 83' lang='lat' dir='ltr'><strong><em>Martyrium</em></strong></span> <span class='ocrx_word' id='word_1_564' title='bbox 3063 4094 3254 4157; x_wconf 87' lang='lat' dir='ltr'><strong><em>sancti</em></strong></span> <span class='ocrx_word' id='word_1_565' title='bbox 3285 4093 3590 4176; x_wconf 89' lang='lat' dir='ltr'><strong><em>Procopii.</em></strong></span> 
     </span>
    </p>
   </div>
   <div class='ocr_carea' id='block_1_89' title="bbox 2028 4185 3590 4266">
    <p class='ocr_par' dir='ltr' id='par_1_89' title="bbox 2028 4185 3590 4266">
     <span class='ocr_line' id='line_1_89' title="bbox 2028 4185 3590 4266; baseline -0.002 -21"><span class='ocrx_word' id='word_1_566' title='bbox 2028 4187 2273 4265; x_wconf 83' lang='grc' dir='ltr'>Ἐγένετο</span> <span class='ocrx_word' id='word_1_567' title='bbox 2317 4187 2451 4244; x_wconf 75' lang='grc' dir='ltr'>κατὰ</span> <span class='ocrx_word' id='word_1_568' title='bbox 2501 4189 2593 4243; x_wconf 78' lang='grc' dir='ltr'>τὸν</span> <span class='ocrx_word' id='word_1_569' title='bbox 2646 4188 2827 4266; x_wconf 76' lang='grc' dir='ltr'>καιρὸν</span> <span class='ocrx_word' id='word_1_570' title='bbox 2879 4186 3088 4244; x_wconf 75' lang='grc' dir='ltr'>ἐκεῖνον</span> <span class='ocrx_word' id='word_1_571' title='bbox 3142 4185 3279 4261; x_wconf 84' lang='grc' dir='ltr'><strong><em>μετᾶ</em></strong></span> <span class='ocrx_word' id='word_1_572' title='bbox 3307 4186 3590 4249; x_wconf 78' lang='grc' dir='ltr'>ἑπταετοῦς</span> 
     </span>
    </p>
   </div>
   <div class='ocr_carea' id='block_1_90' title="bbox 1946 4271 3106 4358">
    <p class='ocr_par' dir='ltr' id='par_1_90' title="bbox 1946 4271 3106 4358">
     <span class='ocr_line' id='line_1_90' title="bbox 1946 4271 3106 4358; baseline 0.003 -23"><span class='ocrx_word' id='word_1_573' title='bbox 1946 4276 2166 4358; x_wconf 82' lang='grc' dir='ltr'>χρόνου.</span> <span class='ocrx_word' id='word_1_574' title='bbox 2202 4275 2540 4356; x_wconf 85' lang='lat' dir='ltr'><strong><em>Martyrium</em></strong></span> <span class='ocrx_word' id='word_1_575' title='bbox 2575 4274 2765 4337; x_wconf 87' lang='lat' dir='ltr'><strong><em>sancti</em></strong></span> <span class='ocrx_word' id='word_1_576' title='bbox 2795 4271 3106 4353; x_wconf 88' lang='lat' dir='ltr'><strong><em>Stephani.</em></strong></span> 
     </span>
    </p>
   </div>
   <div class='ocr_carea' id='block_1_91' title="bbox 2026 4361 3588 4444">
    <p class='ocr_par' dir='ltr' id='par_1_91' title="bbox 2026 4361 3588 4444">
     <span class='ocr_line' id='line_1_91' title="bbox 2026 4361 3588 4444; baseline -0.003 -19"><span class='ocrx_word' id='word_1_577' title='bbox 2026 4366 2273 4444; x_wconf 81' lang='grc' dir='ltr'>Ἐγένετό</span> <span class='ocrx_word' id='word_1_578' title='bbox 2324 4388 2405 4428; x_wconf 85' lang='grc' dir='ltr'><strong><em>τις</em></strong></span> <span class='ocrx_word' id='word_1_579' title='bbox 2436 4365 2567 4443; x_wconf 80' lang='grc' dir='ltr'>ἀνὴρ</span> <span class='ocrx_word' id='word_1_580' title='bbox 2622 4368 2679 4422; x_wconf 71' lang='grc' dir='ltr'>ἒν</span> <span class='ocrx_word' id='word_1_581' title='bbox 2723 4367 2792 4441; x_wconf 73' lang='grc' dir='ltr'><strong><em>τῇ</em></strong></span> <span class='ocrx_word' id='word_1_582' title='bbox 2839 4362 3228 4441; x_wconf 78' lang='grc' dir='ltr'>Ἀλεξανδρέων</span> <span class='ocrx_word' id='word_1_583' title='bbox 3276 4361 3588 4443; x_wconf 81' lang='grc' dir='ltr'>μεγαλοπό-</span> 
     </span>
    </p>
   </div>
   <div class='ocr_carea' id='block_1_92' title="bbox 1945 4451 3307 4533">
    <p class='ocr_par' dir='ltr' id='par_1_92' title="bbox 1945 4451 3307 4533">
     <span class='ocr_line' id='line_1_92' title="bbox 1945 4451 3307 4533; baseline 0.004 -22"><span class='ocrx_word' id='word_1_584' title='bbox 1945 4454 2025 4512; x_wconf 83' lang='grc' dir='ltr'><strong><em>λει</em></strong></span> <span class='ocrx_word' id='word_1_585' title='bbox 2051 4456 2184 4530; x_wconf 69' lang='grc' dir='ltr'>ἀνὴρ</span> <span class='ocrx_word' id='word_1_586' title='bbox 2215 4453 2443 4520; x_wconf 75' lang='grc' dir='ltr'>ἔνδοξος.</span> <span class='ocrx_word' id='word_1_587' title='bbox 2474 4452 2605 4516; x_wconf 76' lang='lat' dir='ltr'><strong><em>Vita</em></strong></span> <span class='ocrx_word' id='word_1_588' title='bbox 2633 4462 2854 4517; x_wconf 66' lang='lat' dir='ltr'><strong><em>sanctas</em></strong></span> <span class='ocrx_word' id='word_1_589' title='bbox 2883 4451 3307 4533; x_wconf 68' lang='lat' dir='ltr'><strong><em>Euphrosinae.</em></strong></span> 
     </span>
    </p>
   </div>
   <div class='ocr_carea' id='block_1_93' title="bbox 2029 4540 3592 4622">
    <p class='ocr_par' dir='ltr' id='par_1_93' title="bbox 2029 4540 3592 4622">
     <span class='ocr_line' id='line_1_93' title="bbox 2029 4540 3592 4622; baseline -0.001 -20"><span class='ocrx_word' id='word_1_590' title='bbox 2029 4544 2275 4622; x_wconf 81' lang='grc' dir='ltr'>Ἐγένετο</span> <span class='ocrx_word' id='word_1_591' title='bbox 2307 4548 2360 4600; x_wconf 76' lang='grc' dir='ltr'>ἒν</span> <span class='ocrx_word' id='word_1_592' title='bbox 2393 4556 2513 4610; x_wconf 82' lang='grc' dir='ltr'>ταῖς</span> <span class='ocrx_word' id='word_1_593' title='bbox 2545 4544 2768 4618; x_wconf 74' lang='grc' dir='ltr'>ἡμέραις</span> <span class='ocrx_word' id='word_1_594' title='bbox 2799 4541 3186 4610; x_wconf 82' lang='grc' dir='ltr'>Διοκλητιανοῦ</span> <span class='ocrx_word' id='word_1_595' title='bbox 3225 4552 3318 4602; x_wconf 90' lang='grc' dir='ltr'><strong><em>τοῦ</em></strong></span> <span class='ocrx_word' id='word_1_596' title='bbox 3344 4540 3592 4620; x_wconf 83' lang='grc' dir='ltr'>βασιλέος</span> 
     </span>
    </p>
   </div>
   <div class='ocr_carea' id='block_1_94' title="bbox 208 4629 1760 4714">
    <p class='ocr_par' dir='ltr' id='par_1_94' title="bbox 208 4629 1760 4714">
     <span class='ocr_line' id='line_1_94' title="bbox 208 4629 1760 4714; baseline -0.006 -15"><span class='ocrx_word' id='word_1_597' title='bbox 208 4654 317 4714; x_wconf 85' lang='lat' dir='ltr'><strong><em>ego</em></strong></span> <span class='ocrx_word' id='word_1_598' title='bbox 340 4635 531 4697; x_wconf 84' lang='lat' dir='ltr'><strong><em>laudo</em></strong></span> <span class='ocrx_word' id='word_1_599' title='bbox 556 4633 794 4713; x_wconf 84' lang='lat' dir='ltr'><strong><em>quidem</em></strong></span> <span class='ocrx_word' id='word_1_600' title='bbox 812 4637 1070 4711; x_wconf 65' lang='lat' dir='ltr'><strong><em>promer</em></strong></span> <span class='ocrx_word' id='word_1_601' title='bbox 1095 4631 1396 4703; x_wconf 82' lang='lat' dir='ltr'><strong><em>eiusmodi</em></strong></span> <span class='ocrx_word' id='word_1_602' title='bbox 1424 4629 1760 4706; x_wconf 78' lang='lat' dir='ltr'><strong><em>facundian</em></strong></span> 
     </span>
    </p>
   </div>
   <div class='ocr_carea' id='block_1_95' title="bbox 1923 4629 3475 4714">
    <p class='ocr_par' dir='ltr' id='par_1_95' title="bbox 1923 4630 3475 4713">
     <span class='ocr_line' id='line_1_95' title="bbox 1923 4630 3475 4713; baseline -0.006 -13"><span class='ocrx_word' id='word_1_603' title='bbox 1923 4632 2203 4709; x_wconf 75' lang='grc' dir='ltr'><strong><em>⁵⁵Ἀνοιμος</em></strong></span> <span class='ocrx_word' id='word_1_604' title='bbox 2231 4633 2494 4713; x_wconf 60' lang='grc' dir='ltr'>ὕπαρχος.</span> <span class='ocrx_word' id='word_1_605' title='bbox 2525 4631 2866 4713; x_wconf 85' lang='lat' dir='ltr'><strong><em>Martyrium</em></strong></span> <span class='ocrx_word' id='word_1_606' title='bbox 2898 4639 3118 4695; x_wconf 85' lang='lat' dir='ltr'><strong><em>sanctae</em></strong></span> <span class='ocrx_word' id='word_1_607' title='bbox 3146 4630 3475 4699; x_wconf 71' lang='lat' dir='ltr'><strong><em>Febroniaa.</em></strong></span> 
     </span>
    </p>
   </div>
   <div class='ocr_carea' id='block_1_96' title="bbox 207 4717 1868 4807">
    <p class='ocr_par' dir='ltr' id='par_1_96' title="bbox 207 4717 1868 4807">
     <span class='ocr_line' id='line_1_96' title="bbox 207 4717 1868 4807; baseline -0.003 -20"><span class='ocrx_word' id='word_1_608' title='bbox 207 4728 639 4807; x_wconf 83' lang='lat' dir='ltr'><strong><em>gratiam;non</em></strong></span> <span class='ocrx_word' id='word_1_609' title='bbox 670 4724 876 4783; x_wconf 87' lang='lat' dir='ltr'><strong><em>minus</em></strong></span> <span class='ocrx_word' id='word_1_610' title='bbox 905 4728 1112 4782; x_wconf 75' lang='lat' dir='ltr'><strong><em>autem</em></strong></span> <span class='ocrx_word' id='word_1_611' title='bbox 1137 4719 1297 4800; x_wconf 88' lang='lat' dir='ltr'><strong><em>quod</em></strong></span> <span class='ocrx_word' id='word_1_612' title='bbox 1313 4717 1568 4798; x_wconf 83' lang='lat' dir='ltr'><strong><em>pulchre</em></strong></span> <span class='ocrx_word' id='word_1_613' title='bbox 1586 4722 1868 4782; x_wconf 88' lang='lat' dir='ltr'><strong><em>tractarit</em></strong></span> 
     </span>
    </p>
   </div>
   <div class='ocr_carea' id='block_1_97' title="bbox 211 4808 1863 4895">
    <p class='ocr_par' dir='ltr' id='par_1_97' title="bbox 211 4808 1863 4895">
     <span class='ocr_line' id='line_1_97' title="bbox 211 4808 1863 4895; baseline -0.004 -20"><span class='ocrx_word' id='word_1_614' title='bbox 211 4819 667 4895; x_wconf 81' lang='lat' dir='ltr'><strong><em>argumentum.</em></strong></span> <span class='ocrx_word' id='word_1_615' title='bbox 697 4809 1135 4889; x_wconf 89' lang='lat' dir='ltr'><strong><em>Tenemusjam</em></strong></span> <span class='ocrx_word' id='word_1_616' title='bbox 1176 4808 1655 4887; x_wconf 74' lang='lat' dir='ltr'><strong><em>Motapbrastem:</em></strong></span> <span class='ocrx_word' id='word_1_617' title='bbox 1690 4808 1863 4870; x_wconf 89' lang='lat' dir='ltr'><strong><em>audi-</em></strong></span> 
     </span>
    </p>
   </div>
   <div class='ocr_carea' id='block_1_98' title="bbox 212 4896 1865 4980">
    <p class='ocr_par' dir='ltr' id='par_1_98' title="bbox 212 4896 1865 4980">
     <span class='ocr_line' id='line_1_98' title="bbox 212 4896 1865 4980; baseline -0.002 -18"><span class='ocrx_word' id='word_1_618' title='bbox 212 4921 341 4963; x_wconf 88' lang='lat' dir='ltr'><strong><em>mus</em></strong></span> <span class='ocrx_word' id='word_1_619' title='bbox 360 4902 740 4980; x_wconf 83' lang='lat' dir='ltr'><strong><em>loquentem,</em></strong></span> <span class='ocrx_word' id='word_1_620' title='bbox 767 4897 1095 4976; x_wconf 83' lang='lat' dir='ltr'><strong><em>rejicienda</em></strong></span> <span class='ocrx_word' id='word_1_621' title='bbox 1118 4898 1317 4977; x_wconf 87' lang='lat' dir='ltr'><strong><em>itaque</em></strong></span> <span class='ocrx_word' id='word_1_622' title='bbox 1344 4904 1484 4957; x_wconf 89' lang='lat' dir='ltr'><strong><em>sunt</em></strong></span> <span class='ocrx_word' id='word_1_623' title='bbox 1507 4915 1576 4957; x_wconf 84' lang='lat' dir='ltr'><strong><em>ex</em></strong></span> <span class='ocrx_word' id='word_1_624' title='bbox 1606 4896 1737 4976; x_wconf 89' lang='lat' dir='ltr'><strong><em>ejus</em></strong></span> <span class='ocrx_word' id='word_1_625' title='bbox 1764 4915 1865 4959; x_wconf 87' lang='lat' dir='ltr'><strong><em>se-</em></strong></span> 
     </span>
    </p>
   </div>
   <div class='ocr_carea' id='block_1_99' title="bbox 208 4985 1863 5070">
    <p class='ocr_par' dir='ltr' id='par_1_99' title="bbox 208 4985 1863 5070">
     <span class='ocr_line' id='line_1_99' title="bbox 208 4985 1863 5070; baseline -0.002 -17"><span class='ocrx_word' id='word_1_626' title='bbox 208 5001 359 5069; x_wconf 80' lang='lat' dir='ltr'><strong><em>gete,</em></strong></span> <span class='ocrx_word' id='word_1_627' title='bbox 393 5008 531 5070; x_wconf 71' lang='lat' dir='ltr'><strong><em>quae</em></strong></span> <span class='ocrx_word' id='word_1_628' title='bbox 590 4988 692 5050; x_wconf 88' lang='lat' dir='ltr'><strong><em>ille</em></strong></span> <span class='ocrx_word' id='word_1_629' title='bbox 746 4988 1019 5048; x_wconf 82' lang='lat' dir='ltr'><strong><em>elocutus</em></strong></span> <span class='ocrx_word' id='word_1_630' title='bbox 1051 5006 1170 5048; x_wconf 88' lang='lat' dir='ltr'><strong><em>non</em></strong></span> <span class='ocrx_word' id='word_1_631' title='bbox 1228 4994 1338 5059; x_wconf 89' lang='lat' dir='ltr'><strong><em>est,</em></strong></span> <span class='ocrx_word' id='word_1_632' title='bbox 1376 4985 1584 5046; x_wconf 87' lang='lat' dir='ltr'><strong><em>saltem</em></strong></span> <span class='ocrx_word' id='word_1_633' title='bbox 1644 4986 1863 5066; x_wconf 86' lang='lat' dir='ltr'><strong><em>aliqua.</em></strong></span> 
     </span>
    </p>
   </div>
   <div class='ocr_carea' id='block_1_100' title="bbox 209 5073 1868 5155">
    <p class='ocr_par' dir='ltr' id='par_1_100' title="bbox 209 5073 1868 5155">
     <span class='ocr_line' id='line_1_100' title="bbox 209 5073 1868 5155; baseline -0.004 -14"><span class='ocrx_word' id='word_1_634' title='bbox 209 5081 370 5153; x_wconf 88' lang='lat' dir='ltr'><strong><em>Quod</em></strong></span> <span class='ocrx_word' id='word_1_635' title='bbox 407 5078 571 5141; x_wconf 85' lang='lat' dir='ltr'><strong><em>facili</em></strong></span> <span class='ocrx_word' id='word_1_636' title='bbox 607 5076 849 5155; x_wconf 82' lang='lat' dir='ltr'><strong><em>negotio</em></strong></span> <span class='ocrx_word' id='word_1_637' title='bbox 885 5076 1192 5149; x_wconf 84' lang='lat' dir='ltr'><strong><em>succedet,</em></strong></span> <span class='ocrx_word' id='word_1_638' title='bbox 1219 5074 1266 5135; x_wconf 87' lang='lat' dir='ltr'><strong><em>si</em></strong></span> <span class='ocrx_word' id='word_1_639' title='bbox 1299 5093 1432 5155; x_wconf 64' lang='lat' dir='ltr'><strong><em>quae</em></strong></span> <span class='ocrx_word' id='word_1_640' title='bbox 1461 5073 1690 5136; x_wconf 89' lang='lat' dir='ltr'><strong><em>Psellus</em></strong></span> <span class='ocrx_word' id='word_1_641' title='bbox 1711 5075 1868 5137; x_wconf 88' lang='lat' dir='ltr'><strong><em>scri-</em></strong></span> 
     </span>
    </p>
   </div>
   <div class='ocr_carea' id='block_1_101' title="bbox 210 5163 1860 5251">
    <p class='ocr_par' dir='ltr' id='par_1_101' title="bbox 210 5163 1860 5251">
     <span class='ocr_line' id='line_1_101' title="bbox 210 5163 1860 5251; baseline -0.004 -19"><span class='ocrx_word' id='word_1_642' title='bbox 210 5172 339 5251; x_wconf 84' lang='lat' dir='ltr'><strong><em>psit,</em></strong></span> <span class='ocrx_word' id='word_1_643' title='bbox 375 5170 582 5231; x_wconf 91' lang='lat' dir='ltr'><strong><em>animo</em></strong></span> <span class='ocrx_word' id='word_1_644' title='bbox 649 5165 1116 5246; x_wconf 80' lang='lat' dir='ltr'><strong><em>perpendamus,</em></strong></span> <span class='ocrx_word' id='word_1_645' title='bbox 1151 5172 1373 5226; x_wconf 85' lang='lat' dir='ltr'><strong><em>etcum</em></strong></span> <span class='ocrx_word' id='word_1_646' title='bbox 1430 5163 1565 5226; x_wconf 88' lang='lat' dir='ltr'><strong><em>aliis</em></strong></span> <span class='ocrx_word' id='word_1_647' title='bbox 1593 5163 1860 5243; x_wconf 84' lang='lat' dir='ltr'><strong><em>ejusdem</em></strong></span> 
     </span>
    </p>
   </div>
   <div class='ocr_carea' id='block_1_102' title="bbox 207 5251 1861 5341">
    <p class='ocr_par' dir='ltr' id='par_1_102' title="bbox 207 5251 1861 5341">
     <span class='ocr_line' id='line_1_102' title="bbox 207 5251 1861 5341; baseline -0.003 -19"><span class='ocrx_word' id='word_1_648' title='bbox 207 5261 623 5341; x_wconf 71' lang='lat' dir='ltr'><strong><em>Metaphrastze</em></strong></span> <span class='ocrx_word' id='word_1_649' title='bbox 652 5255 960 5335; x_wconf 78' lang='lat' dir='ltr'><strong><em>germanis</em></strong></span> <span class='ocrx_word' id='word_1_650' title='bbox 1007 5251 1435 5334; x_wconf 87' lang='lat' dir='ltr'><strong><em>scriptionibus</em></strong></span> <span class='ocrx_word' id='word_1_651' title='bbox 1463 5252 1861 5318; x_wconf 83' lang='lat' dir='ltr'><strong><em>conferamus.</em></strong></span> 
     </span>
    </p>
   </div>
   <div class='ocr_carea' id='block_1_103' title="bbox 205 5340 1864 5428">
    <p class='ocr_par' dir='ltr' id='par_1_103' title="bbox 205 5340 1864 5428">
     <span class='ocr_line' id='line_1_103' title="bbox 205 5340 1864 5428; baseline -0.004 -16"><span class='ocrx_word' id='word_1_652' title='bbox 205 5347 335 5412; x_wconf 79' lang='lat' dir='ltr'><strong><em>Esto</em></strong></span> <span class='ocrx_word' id='word_1_653' title='bbox 371 5368 518 5428; x_wconf 81' lang='lat' dir='ltr'><strong><em>ergo</em></strong></span> <span class='ocrx_word' id='word_1_654' title='bbox 551 5346 824 5409; x_wconf 86' lang='lat' dir='ltr'><strong><em>secunda</em></strong></span> <span class='ocrx_word' id='word_1_655' title='bbox 857 5343 1077 5407; x_wconf 86' lang='lat' dir='ltr'><strong><em>tabella</em></strong></span> <span class='ocrx_word' id='word_1_656' title='bbox 1106 5360 1339 5418; x_wconf 88' lang='lat' dir='ltr'><strong><em>eorum,</em></strong></span> <span class='ocrx_word' id='word_1_657' title='bbox 1374 5360 1512 5422; x_wconf 75' lang='lat' dir='ltr'><strong><em>quae</em></strong></span> <span class='ocrx_word' id='word_1_658' title='bbox 1558 5340 1864 5405; x_wconf 86' lang='lat' dir='ltr'><strong><em>dissimilis</em></strong></span> 
     </span>
    </p>
   </div>
   <div class='ocr_carea' id='block_1_104' title="bbox 204 5431 1869 5521">
    <p class='ocr_par' dir='ltr' id='par_1_104' title="bbox 204 5431 1869 5521">
     <span class='ocr_line' id='line_1_104' title="bbox 204 5431 1869 5521; baseline -0.004 -20"><span class='ocrx_word' id='word_1_659' title='bbox 204 5440 413 5521; x_wconf 87' lang='lat' dir='ltr'><strong><em>oratio,</em></strong></span> <span class='ocrx_word' id='word_1_660' title='bbox 446 5451 508 5502; x_wconf 89' lang='lat' dir='ltr'><strong><em>et</em></strong></span> <span class='ocrx_word' id='word_1_661' title='bbox 562 5437 754 5517; x_wconf 87' lang='lat' dir='ltr'><strong><em>stylus</em></strong></span> <span class='ocrx_word' id='word_1_662' title='bbox 787 5433 1248 5514; x_wconf 86' lang='lat' dir='ltr'><strong><em>Metapbrastem</em></strong></span> <span class='ocrx_word' id='word_1_663' title='bbox 1300 5439 1606 5521; x_wconf 81' lang='lat' dir='ltr'><strong><em>parentem</em></strong></span> <span class='ocrx_word' id='word_1_664' title='bbox 1657 5431 1869 5521; x_wconf 84' lang='lat' dir='ltr'><strong><em>nolunt</em></strong></span> 
     </span>
    </p>
   </div>
   <div class='ocr_carea' id='block_1_105' title="bbox 204 5519 1866 5608">
    <p class='ocr_par' dir='ltr' id='par_1_105' title="bbox 204 5519 1866 5608">
     <span class='ocr_line' id='line_1_105' title="bbox 204 5519 1866 5608; baseline -0.004 -16"><span class='ocrx_word' id='word_1_665' title='bbox 204 5519 561 5608; x_wconf 74' lang='lat' dir='ltr'><strong><em>agnoscere.</em></strong></span> <span class='ocrx_word' id='word_1_666' title='bbox 597 5535 661 5589; x_wconf 87' lang='lat' dir='ltr'><strong><em>et</em></strong></span> <span class='ocrx_word' id='word_1_667' title='bbox 694 5523 746 5584; x_wconf 89' lang='lat' dir='ltr'><strong><em>si</em></strong></span> <span class='ocrx_word' id='word_1_668' title='bbox 782 5522 965 5603; x_wconf 88' lang='lat' dir='ltr'><strong><em>stylus</em></strong></span> <span class='ocrx_word' id='word_1_669' title='bbox 993 5522 1193 5596; x_wconf 83' lang='lat' dir='ltr'><strong><em>vellet,</em></strong></span> <span class='ocrx_word' id='word_1_670' title='bbox 1226 5531 1366 5582; x_wconf 66' lang='lat' dir='ltr'><strong><em>tetas</em></strong></span> <span class='ocrx_word' id='word_1_671' title='bbox 1397 5520 1528 5601; x_wconf 85' lang='lat' dir='ltr'><strong><em>ipsa</em></strong></span> <span class='ocrx_word' id='word_1_672' title='bbox 1556 5519 1866 5601; x_wconf 88' lang='lat' dir='ltr'><strong><em>scriptoris</em></strong></span> 
     </span>
    </p>
   </div>
   <div class='ocr_carea' id='block_1_106' title="bbox 202 5607 1861 5703">
    <p class='ocr_par' dir='ltr' id='par_1_106' title="bbox 202 5607 1861 5703">
     <span class='ocr_line' id='line_1_106' title="bbox 202 5607 1861 5703; baseline -0.005 -19"><span class='ocrx_word' id='word_1_673' title='bbox 202 5607 315 5683; x_wconf 80' lang='lat' dir='ltr'><strong><em>neu</em></strong></span> <span class='ocrx_word' id='word_1_674' title='bbox 344 5621 587 5703; x_wconf 87' lang='lat' dir='ltr'><strong><em>patitur,</em></strong></span> <span class='ocrx_word' id='word_1_675' title='bbox 626 5624 701 5680; x_wconf 88' lang='lat' dir='ltr'><strong><em>ut</em></strong></span> <span class='ocrx_word' id='word_1_676' title='bbox 728 5613 993 5678; x_wconf 84' lang='lat' dir='ltr'><strong><em>breviter</em></strong></span> <span class='ocrx_word' id='word_1_677' title='bbox 1021 5612 1084 5675; x_wconf 87' lang='lat' dir='ltr'><strong><em>in</em></strong></span> <span class='ocrx_word' id='word_1_678' title='bbox 1118 5612 1201 5675; x_wconf 88' lang='lat' dir='ltr'><strong><em>tui</em></strong></span> <span class='ocrx_word' id='word_1_679' title='bbox 1254 5610 1525 5691; x_wconf 78' lang='lat' dir='ltr'><strong><em>gratiam,</em></strong></span> <span class='ocrx_word' id='word_1_680' title='bbox 1563 5607 1665 5674; x_wconf 86' lang='lat' dir='ltr'><strong><em>ubi</em></strong></span> <span class='ocrx_word' id='word_1_681' title='bbox 1695 5630 1861 5677; x_wconf 83' lang='lat' dir='ltr'><strong><em>com-</em></strong></span> 
     </span>
    </p>
   </div>
   <div class='ocr_carea' id='block_1_107' title="bbox 2029 4721 3589 4802">
    <p class='ocr_par' dir='ltr' id='par_1_107' title="bbox 2029 4721 3589 4802">
     <span class='ocr_line' id='line_1_107' title="bbox 2029 4721 3589 4802; baseline -0.001 -20"><span class='ocrx_word' id='word_1_682' title='bbox 2029 4721 2274 4800; x_wconf 84' lang='grc' dir='ltr'>Ἐγένετο</span> <span class='ocrx_word' id='word_1_683' title='bbox 2335 4724 2470 4799; x_wconf 80' lang='grc' dir='ltr'>μετὰ</span> <span class='ocrx_word' id='word_1_684' title='bbox 2538 4726 2601 4780; x_wconf 81' lang='grc' dir='ltr'>τὸ</span> <span class='ocrx_word' id='word_1_685' title='bbox 2657 4723 2947 4790; x_wconf 60' lang='grc' dir='ltr'>ἀναστῆναι</span> <span class='ocrx_word' id='word_1_686' title='bbox 3017 4724 3108 4779; x_wconf 81' lang='grc' dir='ltr'>τὸν</span> <span class='ocrx_word' id='word_1_687' title='bbox 3181 4723 3368 4802; x_wconf 80' lang='grc' dir='ltr'>Κύριον</span> <span class='ocrx_word' id='word_1_688' title='bbox 3432 4723 3589 4797; x_wconf 75' lang='grc' dir='ltr'>ἡμῶν</span> 
     </span>
    </p>
   </div>
   <div class='ocr_carea' id='block_1_108' title="bbox 1948 4809 3587 4891">
    <p class='ocr_par' dir='ltr' id='par_1_108' title="bbox 1948 4809 3587 4891">
     <span class='ocr_line' id='line_1_108' title="bbox 1948 4809 3587 4891; baseline -0.003 -20"><span class='ocrx_word' id='word_1_689' title='bbox 1948 4809 2153 4880; x_wconf 78' lang='grc' dir='ltr'>Ἰησοῦν</span> <span class='ocrx_word' id='word_1_690' title='bbox 2226 4814 2452 4891; x_wconf 79' lang='grc' dir='ltr'>Χριστὸν</span> <span class='ocrx_word' id='word_1_691' title='bbox 2524 4812 2584 4868; x_wconf 79' lang='grc' dir='ltr'>ἐκ</span> <span class='ocrx_word' id='word_1_692' title='bbox 2652 4812 2851 4889; x_wconf 79' lang='grc' dir='ltr'>νεκρῶν</span> <span class='ocrx_word' id='word_1_693' title='bbox 2924 4814 3231 4890; x_wconf 75' lang='grc' dir='ltr'>συνήθροισε</span> <span class='ocrx_word' id='word_1_694' title='bbox 3287 4810 3408 4876; x_wconf 80' lang='grc' dir='ltr'>τοὺς</span> <span class='ocrx_word' id='word_1_695' title='bbox 3477 4809 3587 4867; x_wconf 83' lang='grc' dir='ltr'><strong><em>δώ·-</em></strong></span> 
     </span>
    </p>
   </div>
   <div class='ocr_carea' id='block_1_109' title="bbox 1948 4897 3067 4981">
    <p class='ocr_par' dir='ltr' id='par_1_109' title="bbox 1948 4897 3067 4981">
     <span class='ocr_line' id='line_1_109' title="bbox 1948 4897 3067 4981; baseline 0.004 -23"><span class='ocrx_word' id='word_1_696' title='bbox 1948 4900 2095 4965; x_wconf 84' lang='grc' dir='ltr'>δεκα.</span> <span class='ocrx_word' id='word_1_697' title='bbox 2129 4905 2274 4965; x_wconf 82' lang='lat' dir='ltr'><strong><em>Acta</em></strong></span> <span class='ocrx_word' id='word_1_698' title='bbox 2304 4901 2493 4964; x_wconf 88' lang='lat' dir='ltr'><strong><em>sancti</em></strong></span> <span class='ocrx_word' id='word_1_699' title='bbox 2521 4901 2772 4981; x_wconf 83' lang='lat' dir='ltr'><strong><em>apostoli</em></strong></span> <span class='ocrx_word' id='word_1_700' title='bbox 2798 4897 3067 4964; x_wconf 76' lang='lat' dir='ltr'><strong><em>Thomte.</em></strong></span> 
     </span>
    </p>
   </div>
   <div class='ocr_carea' id='block_1_110' title="bbox 2032 4985 3591 5071">
    <p class='ocr_par' dir='ltr' id='par_1_110' title="bbox 2032 4985 3591 5071">
     <span class='ocr_line' id='line_1_110' title="bbox 2032 4985 3591 5071; baseline -0.004 -22"><span class='ocrx_word' id='word_1_701' title='bbox 2032 4993 2095 5049; x_wconf 72' lang='lat' dir='ltr'><strong><em>El</em></strong></span> <span class='ocrx_word' id='word_1_702' title='bbox 2140 4994 2199 5049; x_wconf 74' lang='grc' dir='ltr'>οὖ</span> <span class='ocrx_word' id='word_1_703' title='bbox 2242 4992 2390 5065; x_wconf 78' lang='grc' dir='ltr'>τόπῳ</span> <span class='ocrx_word' id='word_1_704' title='bbox 2446 4991 2482 5061; x_wconf 72' lang='grc' dir='ltr'><strong>ἢ</strong></span> <span class='ocrx_word' id='word_1_705' title='bbox 2540 4990 2743 5071; x_wconf 72' lang='grc' dir='ltr'><strong><em>χρόνῳ,</em></strong></span> <span class='ocrx_word' id='word_1_706' title='bbox 2780 4992 2972 5068; x_wconf 81' lang='grc' dir='ltr'><strong><em>γνώμῃ</em></strong></span> <span class='ocrx_word' id='word_1_707' title='bbox 3029 4988 3085 5046; x_wconf 68' lang='grc' dir='ltr'>δὲ</span> <span class='ocrx_word' id='word_1_708' title='bbox 3142 4987 3347 5064; x_wconf 79' lang='grc' dir='ltr'>μᾶλλον</span> <span class='ocrx_word' id='word_1_709' title='bbox 3403 4985 3591 5066; x_wconf 77' lang='grc' dir='ltr'>στεῤῥᾷ</span> 
     </span>
    </p>
   </div>
   <div class='ocr_carea' id='block_1_111' title="bbox 1948 5074 3587 5159">
    <p class='ocr_par' dir='ltr' id='par_1_111' title="bbox 1948 5074 3587 5159">
     <span class='ocr_line' id='line_1_111' title="bbox 1948 5074 3587 5159; baseline -0.003 -22"><span class='ocrx_word' id='word_1_710' title='bbox 1948 5082 2035 5138; x_wconf 84' lang='grc' dir='ltr'><strong><em>καὶ</em></strong></span> <span class='ocrx_word' id='word_1_711' title='bbox 2093 5081 2395 5159; x_wconf 85' lang='grc' dir='ltr'>προαιρέσει</span> <span class='ocrx_word' id='word_1_712' title='bbox 2451 5080 2518 5137; x_wconf 79' lang='grc' dir='ltr'><strong><em>τά</em></strong></span> <span class='ocrx_word' id='word_1_713' title='bbox 2575 5102 2631 5137; x_wconf 92' lang='grc' dir='ltr'><strong><em>τε</em></strong></span> <span class='ocrx_word' id='word_1_714' title='bbox 2687 5078 2921 5157; x_wconf 78' lang='grc' dir='ltr'>μέγιστα</span> <span class='ocrx_word' id='word_1_715' title='bbox 2970 5084 3076 5134; x_wconf 81' lang='grc' dir='ltr'><strong><em>τῶν</em></strong></span> <span class='ocrx_word' id='word_1_716' title='bbox 3135 5074 3587 5155; x_wconf 66' lang='grc' dir='ltr'>κατορθωμάτων,</span> 
     </span>
    </p>
   </div>
   <div class='ocr_carea' id='block_1_112' title="bbox 1946 5162 3588 5246">
    <p class='ocr_par' dir='ltr' id='par_1_112' title="bbox 1946 5162 3588 5246">
     <span class='ocr_line' id='line_1_112' title="bbox 1946 5162 3588 5246; baseline -0.003 -16"><span class='ocrx_word' id='word_1_717' title='bbox 1946 5166 2081 5231; x_wconf 85' lang='lat' dir='ltr'><strong><em>Vita</em></strong></span> <span class='ocrx_word' id='word_1_718' title='bbox 2142 5177 2201 5229; x_wconf 90' lang='lat' dir='ltr'><strong><em>et</em></strong></span> <span class='ocrx_word' id='word_1_719' title='bbox 2245 5167 2531 5231; x_wconf 86' lang='lat' dir='ltr'><strong><em>miracula</em></strong></span> <span class='ocrx_word' id='word_1_720' title='bbox 2584 5166 2774 5229; x_wconf 84' lang='lat' dir='ltr'><strong><em>sancti</em></strong></span> <span class='ocrx_word' id='word_1_721' title='bbox 2829 5163 3259 5243; x_wconf 77' lang='lat' dir='ltr'><strong><em>Thaumaturgi</em></strong></span> <span class='ocrx_word' id='word_1_722' title='bbox 3313 5162 3588 5246; x_wconf 85' lang='lat' dir='ltr'><strong><em>Niconis,</em></strong></span> 
     </span>
    </p>
   </div>
   <div class='ocr_carea' id='block_1_113' title="bbox 1944 5256 3037 5337">
    <p class='ocr_par' dir='ltr' id='par_1_113' title="bbox 1944 5256 3037 5337">
     <span class='ocr_line' id='line_1_113' title="bbox 1944 5256 3037 5337; baseline -0.003 -18"><span class='ocrx_word' id='word_1_723' title='bbox 1944 5266 2362 5337; x_wconf 80' lang='lat' dir='ltr'><strong><em>cognomento,</em></strong></span> <span class='ocrx_word' id='word_1_724' title='bbox 2394 5257 2821 5321; x_wconf 73' lang='lat' dir='ltr'><strong><em>Pwnitentiam</em></strong></span> <span class='ocrx_word' id='word_1_725' title='bbox 2850 5256 3037 5335; x_wconf 85' lang='lat' dir='ltr'><strong><em>agite.</em></strong></span> 
     </span>
    </p>
   </div>
   <div class='ocr_carea' id='block_1_114' title="bbox 2027 5343 3587 5426">
    <p class='ocr_par' dir='ltr' id='par_1_114' title="bbox 2027 5343 3587 5426">
     <span class='ocr_line' id='line_1_114' title="bbox 2027 5343 3587 5426; baseline -0.003 -20"><span class='ocrx_word' id='word_1_726' title='bbox 2027 5349 2186 5421; x_wconf 73' lang='grc' dir='ltr'>Ἐμαί</span> <span class='ocrx_word' id='word_1_727' title='bbox 2226 5370 2287 5426; x_wconf 84' lang='grc' dir='ltr'>γε</span> <span class='ocrx_word' id='word_1_728' title='bbox 2319 5346 2433 5405; x_wconf 82' lang='grc' dir='ltr'>λίαν</span> <span class='ocrx_word' id='word_1_729' title='bbox 2497 5345 2590 5415; x_wconf 65' lang='grc' dir='ltr'><strong><em>ἡδὺ</em></strong></span> <span class='ocrx_word' id='word_1_730' title='bbox 2620 5348 2707 5405; x_wconf 80' lang='grc' dir='ltr'><strong><em>καὶ</em></strong></span> <span class='ocrx_word' id='word_1_731' title='bbox 2748 5347 2810 5403; x_wconf 77' lang='grc' dir='ltr'>τὸ</span> <span class='ocrx_word' id='word_1_732' title='bbox 2857 5346 2976 5423; x_wconf 86' lang='grc' dir='ltr'>περὶ</span> <span class='ocrx_word' id='word_1_733' title='bbox 3017 5343 3208 5423; x_wconf 80' lang='grc' dir='ltr'>λόγους</span> <span class='ocrx_word' id='word_1_734' title='bbox 3255 5355 3470 5417; x_wconf 81' lang='grc' dir='ltr'>πονεῖν,</span> <span class='ocrx_word' id='word_1_735' title='bbox 3501 5355 3587 5409; x_wconf 77' lang='grc' dir='ltr'>οῖς</span> 
     </span>
    </p>
   </div>
   <div class='ocr_carea' id='block_1_115' title="bbox 1946 5431 3589 5515">
    <p class='ocr_par' dir='ltr' id='par_1_115' title="bbox 1946 5431 3589 5515">
     <span class='ocr_line' id='line_1_115' title="bbox 1946 5431 3589 5515; baseline 0.002 -21"><span class='ocrx_word' id='word_1_736' title='bbox 1946 5438 1994 5495; x_wconf 75' lang='grc' dir='ltr'>οἱ</span> <span class='ocrx_word' id='word_1_737' title='bbox 2044 5437 2247 5515; x_wconf 80' lang='grc' dir='ltr'>ἀγῶνες</span> <span class='ocrx_word' id='word_1_738' title='bbox 2305 5441 2412 5495; x_wconf 80' lang='grc' dir='ltr'>τῶν</span> <span class='ocrx_word' id='word_1_739' title='bbox 2473 5438 2603 5514; x_wconf 71' lang='grc' dir='ltr'>ὑπὲρ</span> <span class='ocrx_word' id='word_1_740' title='bbox 2675 5457 2767 5493; x_wconf 81' lang='grc' dir='ltr'><strong><em>του</em></strong></span> <span class='ocrx_word' id='word_1_741' title='bbox 2835 5433 3024 5506; x_wconf 76' lang='grc' dir='ltr'>γαλοῦ,</span> <span class='ocrx_word' id='word_1_742' title='bbox 3084 5434 3172 5490; x_wconf 82' lang='grc' dir='ltr'><strong><em>καὶ</em></strong></span> <span class='ocrx_word' id='word_1_743' title='bbox 3225 5438 3325 5501; x_wconf 77' lang='grc' dir='ltr'><strong><em>τῆς</em></strong></span> <span class='ocrx_word' id='word_1_744' title='bbox 3393 5431 3589 5511; x_wconf 77' lang='grc' dir='ltr'>ἀρετῆς</span> 
     </span>
    </p>
   </div>
   <div class='ocr_carea' id='block_1_116' title="bbox 1944 5521 3589 5589">
    <p class='ocr_par' dir='ltr' id='par_1_116' title="bbox 1944 5521 3589 5589">
     <span class='ocr_line' id='line_1_116' title="bbox 1944 5521 3589 5589; baseline 0.002 -5"><span class='ocrx_word' id='word_1_745' title='bbox 1944 5526 2377 5587; x_wconf 80' lang='grc' dir='ltr'>σπουδασάντων.</span> <span class='ocrx_word' id='word_1_746' title='bbox 2431 5522 2722 5588; x_wconf 88' lang='lat' dir='ltr'><strong><em>Laudatio</em></strong></span> <span class='ocrx_word' id='word_1_747' title='bbox 2754 5531 2814 5589; x_wconf 90' lang='lat' dir='ltr'><strong><em>et</em></strong></span> <span class='ocrx_word' id='word_1_748' title='bbox 2861 5522 3285 5589; x_wconf 78' lang='lat' dir='ltr'><strong><em>miraculorum</em></strong></span> <span class='ocrx_word' id='word_1_749' title='bbox 3328 5521 3589 5589; x_wconf 81' lang='lat' dir='ltr'><strong><em>narratio</em></strong></span> 
     </span>
    </p>
   </div>
   <div class='ocr_carea' id='block_1_117' title="bbox 1946 5612 2678 5681">
    <p class='ocr_par' dir='ltr' id='par_1_117' title="bbox 1946 5612 2678 5681">
     <span class='ocr_line' id='line_1_117' title="bbox 1946 5612 2678 5681; baseline -0.003 -2"><span class='ocrx_word' id='word_1_750' title='bbox 1946 5616 2137 5681; x_wconf 84' lang='lat' dir='ltr'><strong><em>sancti</em></strong></span> <span class='ocrx_word' id='word_1_751' title='bbox 2164 5616 2330 5681; x_wconf 87' lang='lat' dir='ltr'><strong><em>Pauli</em></strong></span> <span class='ocrx_word' id='word_1_752' title='bbox 2359 5612 2678 5681; x_wconf 87' lang='lat' dir='ltr'><strong><em>Latrensis.</em></strong></span> 
     </span>
    </p>
   </div>
  </div>
