3930 6136
458 204 561 274 131

1814 213 2091 284 LEONIS
2143 214 2482 285 ALLATlI.

3708 216 3847 287 132

442 345 577 437 ptta
598 343 792 437 sancti
814 352 876 409 et
885 344 1133 437 Dei/“eri
1144 344 1350 411 Patris
1370 355 1563 412 nostri
1580 348 1845 414 Macarii
1853 351 2087 436 Egyp-
2106 361 2145 411 Α
2167 369 2292 417 cem
2321 352 2670 416 animarum
2700 353 3166 436 Hypotyposim,
3191 354 3494 437 Capitibus
3513 372 3625 421 cxx
3651 375 3846 421 com-

451 434 632 510 Iii,cx
651 433 824 496 illius
843 434 1222 499 sermonibus
1241 439 1615 517 paraphrasi
1636 444 1912 522 exposita
1927 433 1965 504 α
1977 433 2091 506 Lo-

448 524 686 603 gotheta
734 523 1170 605 Metaphraste.
1204 527 1272 590 P.
1332 529 1517 606 Χάριτι
1543 530 1638 605 μὲν
1666 533 1752 587 καὶ
1796 528 1965 612 δωρεᾷ
1996 539 2089 590 τοῦ

448 613 753 689 Πνεόματος
778 614 887 687 Θείᾳ
908 614 1133 680 ἕκαστος
1161 617 1312 691 ἡμῶν
1367 619 1467 685 τὴν
1496 620 1761 697 σωτηρίαν
1792 623 2082 699 πορῖζεται,

447 702 619 759 πῖστει
648 700 703 758 δὲ
733 703 818 759 καὶ
849 702 1059 780 ἀγάπῃ,
1103 704 1270 782 ἀγῶνι
1329 726 1386 761 τε
1438 711 1799 785 προαιρέσεως
1833 710 2083 778 αὒτεξου-

447 792 559 849 σῖου
617 794 709 848 τοῦ
749 791 952 849 τελεῖου
1009 792 1203 870 μέτρου
1259 795 1360 860 τῆς
1430 799 1799 872 πνευματικῆς
1868 798 2083 867 ἡλικῖας

444 880 712 960 ὶφικέσθαι
768 880 1004 944 δύναται.
1057 880 1281 945 Horum
1312 881 1575 959 capitum
1622 883 1864 948 Macarii
1892 905 1927 948 a
1958 885 2082 950 Me-

448 968 748 1047 tapltraste
778 969 1140 1050 metaphrasi
1200 980 1617 1035 exornatorum
1674 975 1898 1038 mentio
1928 976 1990 1037 fit
2024 977 2082 1039 in

449 1057 670 1135 eclogis
701 1058 1174 1120 testimoniorum
1224 1059 1463 1124 Patrum
1522 1061 1810 1127 adversus
1838 1064 2082 1128 Barlaa-

444 1162 605 1208 mum
638 1155 701 1211 et
728 1146 1104 1229 Aciudynum
1138 1155 1198 1211 et
1228 1166 1433 1214 eorum
1465 1152 1746 1217 haereses.
1806 1152 2082 1218 Subnec-

442 1232 720 1297 tebantur
746 1234 809 1298 in
833 1237 1042 1299 eodem
1076 1236 1296 1301 Codice
1329 1259 1346 1300 ἕ
1381 1250 1484 1301 Τοῦ
1512 1244 1670 1299 αὐτοῦ
1711 1244 1862 1322 ἁγῖου
1884 1245 2084 1304 Μακα-

440 1324 550 1403 plu:
570 1323 1033 1404 κεφάλαια“ἓτερα
1064 1326 1323 1408 ὠφελεῖας
1358 1330 1535 1398 πάσης
1570 1331 1927 1407 πεπλησμένα
1966 1332 2077 1409 με’.

439 1410 734 1502 Ejusdem
788 1414 987 1477 sancti
1038 1413 1307 1479 Macarii
1359 1414 1486 1480 alia
1532 1420 1737 1499 capita
1786 1438 2080 1502 perquam

439 1500 627 1563 utilia
686 1502 1103 1582 quadraginta
1162 1507 1450 1585 quinque.
1484 1505 1555 1572 P.
1611 1515 1759 1567 Πᾶσα
1786 1500 1830 1579 “ἡ
1891 1500 2075 1592 εἶδαρέ-

2170 442 2555 524 prehensum.

2250 571 2505 654 Scripsit
2534 573 2678 635 item
2709 570 3003 653 Epistolas
3031 573 3103 635 ad
3162 574 3452 651 diversos,
3488 593 3556 639 ex
3590 574 3841 657 quibus

2168 678 2356 742 penes
2386 679 2481 723 me
2513 670 2653 723 sunt
2682 679 2915 725 novem.
2952 664 3021 726 P.
3059 668 3153 731 Ὠς
3207 665 3506 747 εὐστόχως.
3549 664 3649 728 Eae
3674 673 3843 728 sunt

2166 752 2312 814 satis
2335 752 2680 831 compositae
2711 759 2770 814 et
2816 760 3131 829 accuratae,
3160 753 3763 837 publicabunturque
3799 773 3840 815 a

2168 857 2284 916 me,
2318 840 2368 900 si
2399 838 2556 903 Deus
2586 839 2845 916 dederit,
2878 841 3224 923 aliquando,
3272 862 3389 906 una
3416 863 3550 906 cum
3581 843 3837 907 Nicolai

2166 927 2523 1009 patriarchae
2550 929 3223 1007 Constantinopolitani,
3259 932 3558 996 Theodori
3587 935 3838 997 Metro-

2168 1017 2364 1096 politaa
2394 1016 2639 1091 Nicaani,
2675 1019 2867 1081 Photii
2923 1020 3281 1084 Patriarchaa
3308 1023 3835 1104 Constantinopo-

2167 1106 2357 1184 litani,
2391 1106 2676 1170 Demetrii
2710 1109 2982 1189 Cydonii,
3018 1110 3246 1173 Nicetes
3273 1110 3833 1191 Magistri,Manue-

2167 1195 2239 1257 lis
2266 1194 2611 1276 Palmologi,
2647 1205 2707 1260 et
2735 1196 2989 1262 aliorum
3025 1200 3331 1280 Epistolis.

2246 1322 2623 1389 Carminibus
2652 1345 2887 1408 quoque
2917 1346 3161 1410 operam
3182 1328 3500 1411 impendit,
3534 1330 3829 1394 iambicis

2165 1423 2219 1477 et
2252 1414 2517 1497 politicis
2565 1416 2960 1497 potissimum,
2991 1417 3209 1499 quibus
3248 1438 3446 1482 mores
3490 1420 3825 1483 hominum

2164 1503 2579 1584 componebat,
2617 1507 3015 1586 pietatemque
3045 1506 3631 1585 adaugebatEorum
3659 1528 3826 1591 spe-

442 1611 626 1658 στησις
686 1594 778 1647 τοῦ
830 1600 984 1673 Θεοῦ,
1047 1595 1135 1651 καὶ
1193 1597 1226 1663 ἡ
1299 1594 1534 1654 διακονῖα
1604 1604 1702 1666 τῆς
1776 1602 1964 1681 ψυχῆς
2023 1601 2047 1658 ἐ

2169 1595 2355 1657 cimen
2378 1611 2561 1674 supra
2592 1593 2772 1657 habes
2803 1615 2871 1658 ex
2902 1594 2998 1669 iis,
3054 1616 3185 1678 qua;
3239 1617 3419 1678 supra
3451 1599 3611 1662 inter
3642 1600 3827 1662 illius

438 1692 557 1744 τοῖς
589 1679 873 1758 λογισμοῖς
900 1684 1066 1744 ἔστιν.
1099 1683 1404 1743 Σπούδασον
1463 1697 1550 1746 οὒν
1582 1687 1763 1749 ἕωθεν.
1964 1707 2051 1751 θοι

2169 1700 2362 1744 traces
2392 1682 2774 1759 signavimus.
2826 1682 2997 1747 Nunc
3052 1687 3346 1769 nonnulla
3399 1707 3819 1769 apponemus,

439 1767 658 1859 (lemne
687 1769 1084 1859 Metaphraste
1114 1773 1458 1855 paraphrasi
1490 1782 1549 1836 et
1577 1774 1705 1857 ipsa
1734 1775 2076 1859 explicata?
2160 1779 2281 1834 tum
2318 1778 2379 1834 ut
2439 1772 2699 1834 hominis
2757 1767 3080 1851 ingenium
3120 1776 3306 1850 ferax,
3366 1767 3825 1859 expertumque

438 1857 564 1948 _Ego
596 1869 739 1939 puto
767 1876 782 1919 :
840 1857 939 1921 alii
1000 1860 1221 1948 certius
1269 1861 1697 1928 determinent.
1730 1857 1831 1929 Sic
1860 1864 2072 1928 eodem
2157 1879 2463 1940 agnoscas,
2494 1871 2615 1923 tum
2650 1869 2713 1923 ut
2741 1863 2814 1923 ab
2846 1862 3139 1943 imperitis
3170 1865 3398 1928 similes
3427 1857 3827 1948 antiquitatis

430 1942 563 2025 ipso
593 1953 868 2026 tempore
899 1965 1020 2009 non
1067 1947 1183 2011 alio
1222 1967 1405 2031 scopo
1440 1952 1553 2012 Leo
1584 1953 1910 2033 imperator
1938 1953 2070 2016 edi-
2157 1968 2303 2030 opes
2333 1959 2576 2031 prepter
2605 1951 2695 2012 sui
2726 1942 2945 2014 molem
2977 1954 3270 2031 exiguam,
3302 1942 3824 2019 interimi-obno-

431 2033 539 2108 (ὶίι,
600 2037 949 2105 Οἷακιστικὴν
998 2041 1193 2118 ψυχῶν
1242 2041 1605 2103 ὑποτύπωσιν,
1665 2040 2069 2106 Gubernatri-

1221 2129 1249 2194 Ι

507 2219 906 2304 Alphabetum
955 2223 1183 2288 domini
1221 2178 1549 2311 gymconis
1577 2234 1636 2293 et
1680 2228 1990 2311 Iogolhetae

1068 2306 1293 2369 cursus
1313 2306 1427 2387 (a).

504 2408 596 2473 Ab
628 2408 816 2473 oculis
830 2407 951 2473 Deo
972 2411 1242 2475 Creatori
1273 2411 1916 2499 lacrymas,cordisque
1949 2437 2066 2482 una

423 2514 744 2582 arumnas,
776 2499 993 2562 animae
1018 2507 1216 2562 autem
1250 2502 1654 2582 paenitentiam
1682 2505 1887 2568 offero.

2155 2040 2267 2102 xiae
2296 2057 2402 2122 per
2424 2057 2520 2103 me
2543 2049 2977 2104 conserventur
3000 2042 3356 2124 posteritati.

2932 2157 3020 2208 Α.

2155 2253 2492 2334 Ἀλφάβητον
2551 2261 2645 2312 τοῦ
2701 2262 2882 2338 κυροῧ-
2926 2257 3146 2338 Συμεὼν
3198 2258 3285 2313 καὶ
3361 2255 3655 2338 λογοθέτου
3718 2268 3823 2318 τοῦ

2862 2334 3080 2414 δρόμου.

2147 2441 2283 2501 ’Δπὸ
2323 2444 2597 2524 βλεφάρων
2626 2443 2845 2523 δάκρυα,
2882 2445 2988 2503 ἀπὸ
3017 2445 3234 2523 καρδίας
3262 2448 3487 2522 πόνους,

2224 2531 2361 2590 Ἀπὸ
2390 2537 2571 2614 ψυχῆς
2600 2533 2885 2610 μετάνοιαν
2915 2537 3198 2614 προσφέρω
3228 2559 3312 2595 σοι
3343 2545 3420 2613 τῷ
3452 2539 3687 2617 Κτῖστῃ.

504 2588 647 2663 Qum
664 2589 978 2671 voluptatis
996 2590 1182 2670 gratia
1202 2590 1496 2659 feci.nunc
1512 2610 1616 2655 cor
1639 2592 2051 2672 transfodiam,

2172 2588 2730 2699 ιθδιιιὲλτῖξῖοῧέᾲ
2760 2588 3491 2706 ,‘.;g.;f.;;‘.;{",;x.ga;z..“
3507 2588 3747 2707 sia...
3783 2647 3801 2664 ο

422 2682 709 2755 siquidem
739 2685 934 2742 carnis
974 2685 1293 2755 voluptates
1327 2686 1617 2746 cruciatus
1660 2691 1855 2748 animo
1888 2704 2063 2763 pepe-

424 2775 653 2831 rerum.

505 2854 777 2917 Proclive
793 2855 1101 2937 est,probe
1123 2855 1467 2937 scio,genus
1489 2857 1812 2925 humanum
1832 2862 1905 2925 ad
1926 2881 2062 2945 pec-

424 2949 619 3004 catum
649 2963 666 3021 ;
696 2961 805 3024 ego
839 2945 1218 3026 autem,proh
1240 2945 1434 3010 dolor!
1472 2945 1777 3012 brutorum
1806 2951 2059 3015 instinc-

423 3038 545 3093 tum
574 3050 707 3094 sum
743 3043 1221 3114 praetergressus.

500 3120 967 3199 Adeste,animas
984 3123 1665 3207 benignaz.lacrymarum
1679 3128 1873 3193 fontes
1890 3129 2058 3194 vivos

422 3208 755 3287 effundite;
787 3231 920 3275 nam
953 3213 1149 3293 gravia
1174 3213 1490 3276 commissa
1512 3224 1650 3278 sunt
1673 3219 2053 3285 offendicula.

490 3302 597 3361 Sed
609 3303 884 3363 audacius
903 3305 1225 3380 proloquar.
1239 3306 1294 3365 Si
1317 3321 1493 3380 penes
1511 3319 1578 3375 te.
1593 3310 2050 3379 Christu,sancti-

416 3393 503 3446 tas
524 3397 897 3458 peccatorum
922 3392 1123 3449 sordes
1145 3404 1396 3463 superat,
1418 3397 1540 3470 jam
1587 3398 1724 3456 mihi
1748 3399 2052 3457 accurrite.

494 3470 569 3536 Ut
599 3480 691 3535 est
721 3473 933 3537 melius
963 3474 1117 3537 mori
1162 3495 1337 3558 quam
1370 3480 1456 3542 sic
1489 3482 1749 3563 peccatis
1776 3483 2051 3546 obrutum

417 3564 652 3628 vivere!
688 3574 907 3646 quanto
940 3567 1157 3630 melius
1187 3577 1312 3631 erat
1343 3590 1462 3635 non
1498 3573 1695 3637 nasci!

494 3652 809 3743 Levaviad
837 3662 923 3743 te,
976 3654 1246 3735 Domine,
1281 3661 1487 3724 oculos
1518 3667 1759 3740 mentis,
1793 3663 2052 3743 nequid-

413 3759 613 3822 quam,
647 3741 1079 3805 misericordiae
1107 3764 1215 3826 spe
1243 3746 1370 3827 ipsa
1400 3750 1741 3814 destitutus.

494 3829 693 3892 Mortis
748 3829 942 3911 imago
997 3838 1189 3923 terret
1243 3840 1568 3916 mortales;
1631 3858 1724 3902 me
1754 3859 1891 3922 quae
1920 3849 2053 3923 post

414 3921 1107 4011 mfrtem_eru_r_it,majori
1133 3923 1309 3986 etiam
1335 3926 1660 3991 formidine
1683 3921 2046 4011 percutiunt.

498 4007 1290 4101 vtesp‘ceNerbummnimse
1320 4033 1469 4079 mea;
1498 4007 1870 4101 pravitatem;
1890 4021 2052 4083 auxi-

412 4096 475 4161 lii
519 4116 585 4159 or
616 4099 761 4159 mihi
793 4102 875 4160 sis
905 4100 1221 4180 propitius.

518 4192 648 4250 ieos
678 4189 894 4268 punire
929 4189 1031 4250 tibi
1064 4189 1220 4253 haud
1251 4192 1467 4276 volupe
1499 4215 1515 4277 ;
1549 4193 1669 4258 imo
1704 4196 1929 4263 salvere
1954 4217 2049 4263 me

411 4277 598 4357 nugis
626 4283 881 4355 gratum.
907 4277 1014 4340 His
1042 4297 1136 4341 me
1166 4283 1472 4347 consolor.

488 4366 611 4427 Leo
636 4364 898 4454 crudelis
921 4383 1016 4429 me
1036 4385 1352 4448 aggressus
1378 4380 1773 4454 est,quaerens
1789 4376 2045 4439 animam
2070 4380 2115 4433 D

409 4471 603 4516 meam
630 4452 907 4535 perdere.
943 4454 1097 4546 Ecce
1145 4477 1251 4522 ore
1303 4452 1579 4543 improbo
1629 4464 1770 4529 ruit.
1804 4463 2048 4546 Porrigo

409 4558 650 4605 manum
684 4550 845 4605 tuam
876 4544 1276 4613 salvatricem.

488 4632 574 4722 In
586 4631 892 4697 solussine
904 4643 1145 4714 peccato
1159 4638 1492 4715 es,Cl1riste
1504 4640 1694 4703 Patris
1715 4641 2044 4722 unigenite.

486 4716 607 4798 Ego
629 4726 825 4783 autem
844 4722 1108 4785 actiones
1122 4733 1217 4788 ten
1226 4727 1468 4790 ebrosas
1483 4716 1892 4809 patravi,lucis
1907 4750 2051 4813 ope-

405 4826 473 4872 ra
504 4826 758 4889 perosus
792 4828 806 4873 :
840 4828 1021 4891 quare
1051 4830 1268 4877 crassze
1299 4835 1393 4881 me
1416 4817 1734 4880 obvolvunt
1757 4820 2046 4888 tenebrae.

484 4900 569 4963 Tu
582 4898 823 4988 quidem
839 4900 990 4962 facta
1002 4902 1296 4985 verbaque
1318 4924 1449 4968 mea
1460 4907 1823 4988 reprobas;si
1848 4916 2047 4975 tamen

403 5005 501 5051 me
523 4987 907 5070 reprobatum
939 4990 1155 5068 salvas,
1180 4993 1374 5056 dicam
1408 5003 1465 5058 te
1495 4987 1781 5077 sospitem
1815 5017 2039 5066 meum.

481 5080 732 5178 Quand?
748 5090 1128 5162 peccatorum
1152 5104 1422 5150 meorum
1445 5090 1886 5154 multitudinem
1905 5113 2043 5178 sup-

400 5176 569 5246 puto,
602 5167 677 5230 ob
704 5168 1020 5233 instantem
1054 5191 1289 5252 pcenam
1320 5185 1483 5240 metu
1515 5180 1827 5242 excrucior
1854 5181 1868 5244 ε

472 5258 677 5318 Multos
692 5274 792 5332 per
803 5263 1016 5333 gradus
1026 5266 1214 5338 gloria
1232 5277 1327 5326 tua
1342 5269 1687 5342 incedit,per
1699 5274 1908 5332 multos
1922 5288 2044 5335 cas-

401 5341 602 5414 tigatio
623 5344 799 5403 etiam
819 5349 1237 5420 tua:quomodo
1259 5352 1537 5424 supplicia
1560 5341 1756 5413 istbaac
1776 5360 2045 5429 portabo?

482 5451 572 5545 (α)
605 5451 1164 5539 Inter-pretationem
1195 5462 1463 5527 Latinam
1494 5463 2040 5540 addidimus.Enrr.

2227 2710 2442 2768 Ἠδοναὶ
2471 2711 2909 2794 μετεσσρᾶφησαν
2940 2716 3013 2778 εἷς
3043 2714 3295 2794 χαλεπὰς
3324 2715 3529 2783 ὀδύνας.

2146 2799 2301 2864 Γὲνος
2331 2799 2535 2878 βροτῶν
2564 2802 2862 2883 εὖόλισθον,
2897 2804 3047 2878 οῖδα,
3079 2806 3214 2882 πρὸς
3245 2806 3505 2883 ἁμαρτὶαν
3527 2821 3541 2836 ⁸

2221 2976 2373 3036 Ἀλλ’
2404 2980 2532 3057 ἐγὼ,
2578 2986 2705 3060 ιρεῦῙ
2742 2980 3076 3059 παρέδραμον
3106 2983 3195 3039 καὶ
3233 2982 3330 3052 τὴν
3361 2983 3560 3062 ἄλογον
3603 2988 3797 3067 φύσιν,

2076 3104 2116 3155 c
2145 3077 2329 3153 θξΰτε,
2353 3070 2525 3147 ψυχαὶ
2555 3068 2937 3147 φιλάνθρωποι,
2972 3068 3119 3127 δεῦτε
3152 3069 3390 3147 δακρύων
3423 3072 3651 3152 ὄμϐρος,

2221 3155 2356 3214 Ἀπὸ
2398 3162 2589 3237 ψυχῶν
2619 3159 2910 3234 κενώσατε,
2944 3158 3157 3218 πολλῶν
3183 3164 3392 3237 θρήνων
3428 3162 3599 3228 ἄξιαι,

2140 3247 2277 3324 Ἐρῶ
2304 3268 2355 3303 τι
2381 3247 2470 3304 καὶ
2496 3248 2829 3325 θρασύτερον
2868 3250 2925 3305 Εἰ
2958 3255 3076 3322 νικᾷ
3106 3271 3189 3306 σοι
3221 3251 3563 3331 χρηστότηεν

2223 3337 2431 3414 Χριστὲ,
2467 3339 2654 3394 κακῑαν
2685 3337 2933 3416 ἄμετρον,
2970 3336 3056 3396 ἐπ’
3089 3338 3210 3415 ἐμοὶ
3238 3343 3326 3396 νῦν
3358 3343 3617 3421 φανεὶτω.

2140 3431 2244 3503 Ζῇν
2273 3424 2436 3492 οὕτως
2466 3426 2820 3505 ἁμαρτάνοντι
2851 3427 2911 3483 τό
2936 3432 3117 3486 θανεῖν
3145 3434 3309 3488 πόσον
3337 3433 3622 3509 κρεῖττονε

2217 3514 2291 3594 *ῼ
2336 3515 2429 3573 καί
2473 3515 2676 3592 μᾶλλον
2707 3516 2986 3596 συνέφερεν
3017 3516 3155 3582 ὅλως
3187 3522 3265 3594 μὴ
3295 3524 3650 3600 γεννηθῆναι,

2042 3600 2044 3602 ⁷
2137 3599 2270 3677 Ἦρα
2298 3606 2429 3684 πρὸς
2461 3605 2520 3662 σὲ
2548 3605 2613 3661 τὰ
2642 3604 2882 3679 ὄμματα,
2919 3605 3185 3689 Δέσποτα,
3222 3609 3320 3678 τῆς
3351 3608 3595 3691 καρδίας’

2217 3693 2470 3771 Κράζοντι
2515 3698 2716 3767 πικρῶς
2746 3692 2919 3768 ἔλεον,
2963 3693 3205 3760 ἒξέλιπον
3248 3696 3482 3763 ἐλπίδες,

2136 3783 2372 3840 Θανάτου
2398 3782 2458 3839 τὸ
2489 3783 2828 3859 μνημόσυνον
2856 3785 3042 3861 πικρόν
3072 3809 3122 3842 τι
3152 3798 3272 3853 τοϊς
3302 3788 3627 3868 ἀνθρώποις·

2212 3868 2227 3896 '
2235 3871 2343 3946 Εμέ
2373 3881 2466 3930 τοῦ
2496 3871 2678 3938 τέλους
2709 3870 2871 3931 πλέον
2900 3871 2978 3949 δὲ,
3010 3875 3076 3931 τὰ
3107 3877 3245 3950 μετὰ
3275 3877 3429 3944 τέλος
3458 3880 3645 3950 τήκει.

2137 3958 2278 4017 Ἰδὼν
2311 3959 2392 4016 ἴδε
2420 3962 2520 4028 τὴν
2547 3962 2785 4021 κάκωσιν
2815 3968 2913 4031 τῆς
2945 3963 3081 4039 ἐμῆς
3117 3967 3330 4046 ψυχῆς,
3366 3969 3532 4049 Λόγε,

2210 4048 2317 4111 Καὶ
2358 4053 2645 4125 συμπαθῶς
2688 4052 2955 4128 ὶπίστηθι,
3001 4050 3095 4110 καί
3139 4057 3220 4130 μὴ
3256 4048 3681 4137 ἀντιπαρέλθῇς.

2133 4134 2410 4215 Κολάζειν,
2443 4137 2585 4215 οἶδα,
2624 4138 2893 4214 Δέσποτα,
2924 4140 3150 4219 γνώμην
3177 4144 3272 4201 οὐκ
3299 4134 3465 4224 ἔχεις
3484 4134 3656 4223 ὅλως,

2211 4229 2422 4306 Χαῖρεις
2454 4226 2509 4284 δὲ
2540 4227 2744 4304 μᾶλλον
2771 4229 2953 4300 σώζων
2976 4233 3242 4307 με.Τοῦτό
3273 4254 3341 4310 με
3370 4232 3559 4295 Θάλπιι
3585 4240 3781 4315 μόνον.

2130 4314 2280 4404 Λέων
2309 4319 2497 4396 πικρὸς
2525 4317 2725 4385 ἒπέστη
2750 4341 2868 4394 μοι,
2899 4317 3035 4377 λέων
3067 4322 3094 4377 ὁ
3126 4321 3469 4404 ψυχοφθόρος

2210 4402 2441 4473 ’Ἢνοιξε
2485 4406 2682 4483 στόμα.
2715 4408 3042 4488 Πρόφθασον·
3078 4402 3246 4492 χεῖρα
3296 4410 3407 4478 δός⁹
3441 4412 3655 4494 ἥρπασὲ
3684 4439 3789 4495 με,

2132 4586 2305 4651 Μόνος
2351 4585 2502 4647 αὖτὸς
2538 4586 2644 4665 οὐχ
2674 4583 2931 4666 ἥμαρτες.
2966 4586 3135 4646 Ἀλλὰ
3162 4593 3392 4650 τοσαῦτα
3422 4596 3613 4670 μόνος.

2211 4675 2283 4730 Σὺ
2327 4675 2489 4751 μόνος
2533 4674 2932 4757 ἀναμάρτητος,
2976 4680 3065 4736 καὶ
3097 4683 3319 4758 Χριστὸς
3367 4682 3535 4750 ὄντως
3584 4687 3794 4763 μόνος.

2131 4766 2335 4826 Νυκτὸς
2376 4762 2587 4842 πράξεις
2618 4764 2900 4842 ἠγάπησα,
2934 4769 3111 4845 φωτὸς
3144 4768 3267 4848 ἔργα
3300 4774 3564 4846 μισήσας*

2210 4850 2383 4911 ’Ὅθεν
2411 4855 2499 4910 καὶ
2528 4853 2799 4933 περιμένει
2830 4877 2897 4930 με
2928 4854 3115 4922 σκότος
3146 4860 3207 4916 τὸ
3237 4864 3612 4944 ψυχοφθόρον.

2130 4941 2275 4999 Ξένα
2304 4962 2388 4998 σοι
2429 4943 2516 4999 καὶ
2547 4940 2832 5023 παράδοξα,
2878 4945 3051 5002 πάντα
3082 4940 3508 5030 νικῶντα-λόγον
3551 4972 3566 4989 ·

2206 5030 2338 5106 Ἐμέ
2369 5029 2421 5087 δὲ
2453 5033 2544 5088 τὸν
2573 5033 2887 5110 κατάκριτον
2936 5037 2980 5091 εἰ
3036 5036 3256 5118 σώσεις,
3304 5040 3518 5099 πάντων
3551 5052 3790 5119 μεῖζον,

2123 5118 2303 5178 ’Ὅταν
2333 5120 2730 5199 ἆναλογίσωμαι
2778 5124 2883 5179 τῶν
2926 5126 3106 5181 κακῶν
3138 5149 3241 5201 μου
3283 5129 3349 5187 τὰ
3378 5129 3593 5214 πλήθη,

2204 5215 2371 5275 Ποϊος
2401 5211 2594 5288 τρόμος
2626 5212 2840 5293 συνέχει
2868 5235 2936 5288 με
2966 5216 3064 5281 τῆς
3095 5215 3224 5285 ἴσης
3256 5222 3517 5296 τιμωρίσς
3554 5230 3570 5286 l

2124 5298 2325 5358 Πολλαὶ
2368 5297 2531 5376 μοναί
2560 5304 2659 5366 τῆς
2689 5299 2844 5370 δόξης
2890 5324 3007 5379 σου,
3054 5305 3250 5365 πολλαὶ
3278 5312 3366 5365 καὶ
3394 5315 3677 5391 τιμωρὶαι,

2206 5390 2386 5455 Τάξεις
2417 5394 2504 5448 καὶ
2535 5390 3114 5471 μὲτρα,Δέσπὸτα.Φεῦ
3130 5419 3223 5475 μοι
3246 5397 3260 5457 !
3287 5401 3375 5457 καὶ
3397 5404 3517 5468 πῶς
3540 5406 3779 5492 ὑποίσω;
