3930 6136
234 261 323 328 133

232 389 380 464 Ῥῆξον
435 399 578 476 ἐμοὶ,
641 399 1031 484 φιλάνθρωπε,
1081 406 1436 486 χειρόγραφον
1495 405 1865 482 πταισμάτων,
1893 415 1925 464 Α

295 491 378 546 Καὶ
409 494 504 555 τῆς
533 489 755 567 μερίδος
790 493 945 558 ἄξιον
974 500 1082 550 τῶν
1106 493 1421 570 σωζομένων
1449 495 1643 561 δεῖξον,

226 579 462 654 Σταγόνες
491 585 601 634 τῶν
647 579 904 653 δακρύων
931 606 1033 658 μου
1063 585 1194 663 πρὸς
1222 584 1320 651 τὴν
1349 585 1448 652 σὴν
1479 585 1870 664 εύσπλαγχίαν,

291 671 523 743 Ποταμοὶ
555 673 960 746 γενηθήτωσαι
990 675 1063 738 εἷς
1094 675 1344 749 κάθαρσιν
1373 673 1552 731 κακῶν
1589 697 1709 748 μου.

221 760 270 816 Τί
318 762 422 813 τῶν
457 760 754 836 παρόντων
813 759 962 826 ἄξιον
991 763 1122 839 πρὸς
1179 759 1332 827 δόξαν
1359 769 1466 819 τῶν
1523 762 1870 843 μελλόντωνς

292 850 343 906 Τί
376 855 611 926 Χριστοῦ
639 852 1015 930 ποθεινότερον
1050 869 1067 926 ;
1099 850 1144 906 ὣ
1177 850 1385 919 πλάνης
1420 858 1432 913 l
1465 853 1510 911 ὢ
1540 853 1728 929 μανίας
1755 851 1770 916 ι

223 1019 292 1071 ι’ἱὲ
325 1022 458 1072 Θεοῦ
487 1020 841 1099 προάναρχε,
875 1020 952 1092 μὴ
984 1023 1236 1100 χωρισθῶ
1266 1020 1364 1088 σῆς
1394 1022 1652 1095 ποίμνης,

293 1107 379 1172 Μή
409 1113 522 1162 τῶν
577 1106 812 1164 ὀδόντων
844 1109 1081 1186 γένωμαι
1131 1112 1226 1166 τοῦ
1255 1111 1598 1190 ψυχοφθόρου
1648 1113 1867 1190 βρῶσις,

218 1195 402 1250 Φετσαί
451 1217 561 1268 μου
589 1198 780 1268 μόνον,
817 1207 1085 1276 Δεσποτα,
1117 1200 1301 1277 φεῖσαί
1348 1221 1450 1272 μου
1479 1201 1566 1255 καὶ
1618 1198 1866 1275 δικάζων,

311 1290 527 1364 Ημιρον
558 1284 713 1362 ὄμμα
742 1283 916 1351 δεῖξόν
945 1309 1059 1352 μοι.
1095 1294 1265 1366 Χεῖρα
1295 1285 1384 1350 δὸς
1413 1285 1583 1353 δεξιάν
1616 1311 1733 1352 σου.

216 1455 377 1530 Χορὸς
409 1451 692 1531 ἀγγέλων,
725 1455 985 1533 πρόστηθι
1016 1459 1199 1535 ψυχῆς
1230 1454 1586 1533 ἀθλιωτάτης,

291 1543 391 1599 Καὶ
422 1543 505 1618 μὴ
541 1544 774 1622 ὀφθῆναι
805 1545 1084 1612 θνήσκοντι
1115 1544 1377 1622 πρόσωπα
1405 1546 1470 1600 τὰ
1512 1543 1750 1624 ξοφώδη.

216 1633 382 1708 Ψυχὴ
443 1639 545 1687 τοῦ
595 1630 782 1695 τέλους
842 1631 1110 1712 μέμνησο,
1142 1634 1229 1689 καὶ
1283 1633 1457 1690 πένθει
1515 1637 1868 1704 καθεκάστην.

290 1723 362 1776 Τὸ
387 1721 534 1799 μ-ετὰ
561 1719 716 1783 τέλος
747 1720 936 1784 πένθος
966 1721 1065 1799 γὰρ
1095 1722 1282 1787 πένθος
1312 1720 1427 1779 οὐδὲ
1457 1723 1622 1785 ἀνύει.

212 1805 382 1888 1134]
412 1797 482 1889 ’ῼ
516 1813 625 1888 χοῖ
658 1797 991 1887 συναρμόσας
1033 1831 1125 1886 με,
1159 1812 1334 1890 φύσει,
1370 1813 1531 1892 Λόγε,
1566 1815 1860 1890 πιπτούσῃ,

289 1899 561 1964 Μνησθεὴ
585 1898 665 1960 τίς
693 1919 796 1973 μου
811 1900 1122 1980 ὑπόστασις,
1147 1900 1354 1976 σώζων,
1380 1903 1454 1965 ὡς
1487 1900 1641 1967 οἶδας
1665 1905 1859 1965 σῶσον.

992 1988 1082 2051 Β¹.

722 2069 758 2106 ’¹
769 2088 960 2155 Ετερον
996 2078 1333 2159 Ἀλφάϐητον
1345 2130 1358 2144 ,

215 2163 586 2244 Ἀναλογίζου,
617 2167 845 2234 ταπεινῆ
876 2169 1030 2247 ψυχὴ
1061 2191 1162 2244 μου
1192 2169 1476 2234 παναθλία,

211 2259 368 2328 Βῆμα
398 2257 462 2311 τὸ
495 2254 922 2335 φρικωδέστατον
946 2258 1166 2335 κρίσεως
1197 2263 1296 2324 τῆς
1327 2261 1595 2339 μεγάλης.

213 2348 395 2417 Pup-air,
427 2346 532 2422 γὰρ
565 2344 779 2418 μέλλεις
811 2349 1056 2402 ’ἰστασθαι
1089 2350 1176 2403 καὶ
1201 2349 1675 2429 τετραχτ,λισμένη

219 2431 425 2488 Διέοναι
460 2432 622 2512 λόγον
653 2435 783 2514 ὑπὲρ
814 2436 890 2490 ὧν
919 2434 1212 2513 ἐπράξαμεν
1247 2435 1300 2491 ἐν
1332 2439 1451 2517 βίῳ,

218 2521 330 2577 Εἶτ’
363 2523 607 2600 ἀγαθῶν,
641 2523 754 2578 εἴτε
797 2525 977 2580 κακῶν
1009 2523 1200 2580 ἀδίκων
1229 2527 1263 2594 ἢ
1287 2524 1524 2591 δικαίων,

215 2611 322 2696 Ξῶν
348 2612 451 2685 μὲν
486 2615 600 2685 οὗν,
635 2611 698 2667 ἂν
726 2611 964 2679 ἦλέησιίς
1002 2635 1120 2669 τινα
1150 2613 1441 2692 έλεηθήσῃ,

233 2706 274 2756 Η
304 2699 356 2765 ἐξ
384 2701 633 2780 ἀνάγκης
664 2701 893 2776 ἔχωσας,
932 2703 1184 2767 ὡσαύτως
1215 2705 1303 2760 καὶ
1333 2708 1573 2784 σωθήσῃ.

219 2791 341 2851 Θεὸς
373 2790 909 2868 ἀπροσωπόληπτος⁶
942 2792 1186 2857 τάντάξια
1216 2793 1316 2871 γὰρ
1338 2793 1506 2869 νέμει.

219 2877 416 2937 ἰδοῦσα
449 2878 512 2934 ἂν
546 2879 844 2943 ἐσκέπασάς
874 2901 992 2936 τινα
1020 2883 1219 2958 γυμνὸν
1248 2882 1303 2938 ἐν
1331 2883 1452 2959 βίῳ,

221 2969 308 3024 Καὶ
339 2967 664 3040 πενομένους
697 2967 977 3046 ᾤκτειρας,
1012 2976 1292 3033 νοσοῦντας
1327 2969 1373 3027 δ’
1406 2971 1711 3052 ἐπεσκέψω,

216 3057 591 3130 Διμὼττοντας
623 3055 670 3113 δ’
701 3056 1022 3130 ἐνέπλησας,
1055 3059 1305 3137 έκόρεσας
1337 3058 1625 3138 διψῶντας,

215 3148 391 3216 Μοντίν
441 3168 498 3201 τε
529 3147 928 3222 παρεσκεύασας
957 3147 1202 3226 ἁστέγοις
1230 3151 1319 3205 καὶ
1350 3149 1672 3228 πλανήταις,

213 3243 380 3310 Νεμεϊ
409 3257 497 3292 σοι
525 3235 892 3292 πολυπλάσιον
921 3238 1008 3294 καὶ
1038 3239 1066 3292 ὁ
1096 3238 1278 3310 κριτῆς
1313 3239 1410 3306 τὴν
1436 3241 1618 3319 χάριν.

212 3324 388 3390 Ξένην
421 3325 678 3391 ὡσαύτως
704 3323 752 3380 δ’
796 3326 1006 3403 ἀγαθῶν
1035 3328 1298 3384 παντοίων
1326 3350 1385 3384 σε
1415 3329 1656 3409 πὸιήσει,

209 3410 386 3476 σολως
421 3413 487 3469 ἂν
532 3413 627 3471 οὒκ
655 3413 892 3483 ἡλέησάς
917 3436 1034 3471 τινα
1063 3415 1170 3472 τῶν
1201 3412 1489 3490 δεομένων.

212 3504 441 3582 Πτωχον
473 3502 536 3558 ἂν
567 3503 662 3560 οὒκ
690 3502 1011 3575 ἐνέπλησας,
1047 3507 1310 3563 πεινῶντα
1340 3508 1427 3562 καὶ
1455 3505 1712 3582 διψῶντα.

211 3581 452 3651 Ῥευστον
483 3591 546 3647 ἂν
578 3597 673 3660 οὐκ
699 3593 977 3672 ὠμφίασας
1008 3593 1068 3650 ἐκ
1089 3593 1318 3654 πλούτου
1348 3595 1660 3676 ἀναμφίους.

206 3679 345 3751 Σῶζε
359 3705 409 3735 ιν
442 3682 706 3760 ἶσχύουσά
743 3703 863 3738 τινα
895 3684 989 3739 οὐκ
1019 3681 1221 3749 ἔσωσας
1252 3683 1492 3762 ἀνάγκης

208 3779 327 3834 Τοῖς
362 3769 444 3849 δὲ,
479 3771 661 3852 ψυχὴ,
693 3772 1030 3852 προσέχουσα
1060 3774 1146 3829 καὶ
1169 3771 1542 3849 διανοουμένη,

206 3849 519 3923 ’Υπάνοιξον
549 3862 614 3917 τὰ
646 3859 902 3940 πλάγχνα
924 3883 1015 3918 σου
1045 3874 1164 3926 τοῖς
1193 3859 1583 3939 ἐπιδεήμένοις,

204 3951 534 4026 Φθειρόμενα
565 3947 825 4029 διάνειμε,
858 3952 1082 4022 μένοντα
1117 3950 1266 4016 ὅπως
1293 3953 1494 4028 κτήσῃ,

201 4037 412 4114 Χρῆσον
459 4036 675 4116 ἀγάπην
707 4039 936 4115 καθαρὰν
965 4041 1094 4118 πρὸς
1123 4042 1213 4096 τὸν
1245 4041 1374 4096 Θεὸν
1403 4046 1498 4098 καὶ
1534 4042 1708 4100 πίστιν

205 4129 394 4206 Ψυχὴ,
428 4128 519 4182 καὶ
547 4129 639 4183 τὸν
665 4128 895 4195 πλησίον
918 4150 1010 4187 σου
1038 4137 1110 4194 ὼς
1139 4129 1332 4196 ἑαυτὴν
1356 4130 1559 4210 ἀγάπα.

207 4206 291 4278 Ὠς
339 4216 404 4272 ἂν
435 4215 787 4294 ἀξιωθείημεν
815 4221 913 4284 τῆς
944 4217 1054 4274 ἅνω
1095 4217 1390 4295 βασιλείας.

987 4309 1075 4371 1".

711 4397 796 4461 Εἷς
828 4396 926 4464 τὴν
957 4395 1088 4454 ἰδίαν
1120 4400 1332 4478 ψυχήν,

211 4487 399 4565 Ψυχὴ,
435 4483 674 4565 στέναζε,
705 4488 793 4543 καὶ
825 4485 1156 4566 σταλαγμοῖς
1189 4487 1447 4563 δακρύων.

208 4573 477 4631 Σπούδασε
507 4581 616 4632 τῶν
647 4576 754 4633 σῶν
782 4575 1073 4656 έλαλείφειν
1098 4579 1446 4654 πταισμάτων

209 4665 275 4720 Τὸ
302 4666 700 4742 γραμματεῖον
734 4663 871 4724 ἀλλὰ
899 4667 976 4742 μὴ
1004 4665 1166 4724 πάλιν
1193 4667 1314 4730 νέας

208 4756 424 4836 Γράφειν
455 4753 692 4834 όῳιλᾶς,
723 4755 811 4812 καὶ
840 4757 1171 4836 παροργίζειν
1201 4756 1342 4818 θέλε.

214 4833 266 4900 Ὀ
295 4833 544 4922 Χριστὸς,
579 4843 726 4920 οῖδα,
758 4833 1175 4923 χρηστός⁶άλλ⁹
1205 4845 1360 4925 εἴπερ
1389 4850 1570 4930 φθάσει

212 4934 274 4990 Τὸ
293 4937 468 4991 κοινὸν
498 4935 731 5011 ἁρπάσαι
760 4955 819 4990 σε
861 4945 954 4994 τοῦ
981 4936 1096 5012 βίου
1125 4934 1276 5000 τέλος

209 5023 347 5080 Οὕτω
373 5023 591 5103 ῥυπώδη
622 5025 708 5080 καὶ
735 5021 1227 5104 βεῦορϐορωμένην,

210 5111 271 5167 Οἵ
299 5136 386 5187 μοι
421 5115 437 5174 !
487 5116 536 5170 τί
564 5112 770 5192 δράσεις
806 5131 822 5187 ;
853 5118 966 5177 πῶς
1001 5121 1101 5189 πιῇ
1127 5118 1380 5194 ποτηρίου

211 5205 268 5260 Τὸ
293 5207 502 5283 πικρὸν,
536 5203 566 5258 ὃ
596 5201 795 5282 κίρνυσι
840 5206 1004 5277 θύμος
1041 5205 1226 5282 Κυρίου
1261 5223 1276 5284 ;

868 5290 1033 5371 μδδ]
1069 5291 1161 5353 Δί.

209 5384 283 5446 Εἰς
310 5385 398 5441 τὸν
427 5391 576 5465 κῠριν
608 5381 900 5440 Στυλιανὸν
931 5383 1021 5438 τὸν
1049 5390 1513 5462 πρωτασηκρῆτιν,

207 5478 352 5534 Φίλου
380 5479 630 5540 θανόντος
660 5478 779 5536 πῶς
812 5493 891 5536 τις
922 5469 1059 5529 οἴσει
1090 5470 1276 5550 ῥᾳδίως
1311 5490 1328 5548 ;

207 5572 351 5631 Φίλου
377 5572 632 5635 θανόντος
663 5563 754 5624 καὶ
786 5561 1235 5641 συνῳκειωμένον.

907 259 1010 334 DE
1061 261 1404 358 SCRIPTIS
1446 258 1828 336 SYMEONIS
1887 269 2476 336 METAPHRAST/E
2519 265 2911 338 DIATRIBA.

3487 271 3600 340 134

2034 405 2317 486 Dele,pro
2331 408 2696 468 humanitate
2719 407 3296 490 tua.chirographum
3326 418 3602 489 peccato-

1957 513 2087 557 rum
2113 505 2473 571 meorum,et
2494 497 2552 557 in
2573 495 2882 559 beatorum
2912 515 3229 560 numerum
3259 506 3598 561 accenseto.

2037 583 2152 647 Fac
2201 594 2266 646 ut
2295 586 2686 667 lacrymorum
2741 586 2918 648 rivuli
2949 587 3047 668 qui
3100 588 3202 650 tibi
3235 589 3448 664 ﬂuunt,
3482 589 3602 652 ﬂu-

1959 673 2120 735 mina
2149 675 2293 736 ﬁant
2324 692 2461 754 quae
2491 693 2596 736 cor
2625 695 2819 738 meum
2856 675 3143 738 mundum
3173 677 3450 741 reddant.

2039 761 2149 834 Qui
2208 764 2444 825 tandem
2481 767 2534 824 in
2593 765 2769 826 terris
2821 783 2958 826 cum
3008 785 3210 828 rerum
3270 766 3602 829 futurarum

1959 852 2408 932 magniﬁcencia
2441 855 2909 934 comparandum
2966 855 3080 916 erit
3107 860 3135 917 ?
3163 854 3310 926 Quid
3366 856 3601 920 Christo

1957 941 2274 1022 optabilius
2300 942 2324 1004 ἲ
2360 944 2405 1006 Ο
2431 943 2738 1004 stultitiam
2772 944 2971 1005 inania
3000 945 3352 1006 sectantium
3381 965 3396 1024 ι

2039 1029 2149 1092 Fili
2194 1029 2300 1092 Dei
2332 1040 2574 1105 aeterne,
2608 1049 2683 1093 ne
2738 1051 2832 1094 me
2867 1031 3026 1093 sinas
3068 1050 3102 1093 a
3133 1051 3312 1112 grege
3367 1041 3467 1095 tuo
3497 1049 3601 1095 se-

1957 1119 2175 1199 parari,
2211 1119 2626 1200 victimamque
2657 1120 2788 1182 fieri
2821 1121 3298 1200 malignantium.

2035 1211 2213 1270 Parce
2246 1209 2414 1283 mihi,
2447 1208 2725 1285 Domine,
2750 1229 2927 1291 parce
2959 1211 3104 1272 mihi
3135 1211 3194 1272 in
3213 1210 3443 1290 justitia
3478 1219 3599 1276 tua.

1951 1293 2200 1359 Oculum
2237 1297 2382 1358 mihi
2442 1305 2706 1360 monstra
2740 1298 3060 1380 propitium
3100 1322 3117 1377 ;
3151 1299 3398 1362 dextera
3453 1300 3602 1364 mihi

1955 1387 2194 1466 porrige
2226 1396 2416 1448 tuam.

2035 1475 2399 1555 Angelorum
2416 1475 2638 1538 chorus
2672 1475 2884 1538 animae
2907 1495 3055 1539 mete
3077 1496 3428 1541 aarumnosae
3447 1475 3599 1541 sub-

1957 1567 2219 1638 veniat,et
2239 1568 2534 1625 avertatab
2557 1584 2618 1624 ea
2644 1568 2804 1638 signa
2828 1567 3018 1626 feralia
3035 1573 3088 1626 in
3112 1570 3354 1628 articulo
3377 1571 3598 1628 mortis.

2036 1650 2355 1726 Memento,
2391 1652 2613 1728 anima,
2642 1651 2777 1713 ﬁnis
2807 1653 3023 1730 ultimi,
3059 1662 3116 1715 et
3147 1655 3350 1733 lugere
3381 1672 3457 1716 ne
3487 1652 3600 1716 de-

1896 1746 1932 1795 Β
1954 1742 2084 1805 sine
2117 1762 2131 1822 ;
2162 1750 2290 1820 post
2321 1742 2498 1802 tinem
2532 1741 2693 1803 enim
2727 1741 2922 1804 nullus
2944 1742 3068 1821 jam
3104 1742 3293 1805 luctui
3323 1743 3511 1805 locus.

1981 1833 2192 1905 Fragili
2215 1835 2812 1900 me,Verbum,uatura
2831 1834 3354 1902 circumdedisti;tu
3381 1851 3470 1894 me
3485 1835 3603 1906 pla.

1947 1935 2017 1978 ne
2040 1919 2516 1984 novisti;salutem
2546 1933 2682 1992 ergo
2709 1920 2847 1976 mihi
2871 1921 3165 1990 impertire
3190 1935 3261 1977 ne
3286 1921 3596 1978 detrectes.

2463 2119 2654 2185 Aliud
2684 2016 3093 2201 αίιξιιαὺειιιηι.

2031 2229 2565 2302 Meditare,misera
2595 2227 2816 2307 anima,
2842 2229 3123 2290 horrores
3149 2227 3408 2290 extremi
3423 2227 3596 2309 judi-

1947 2320 2043 2381 cii.
2080 2318 2252 2381 Nuda
2279 2321 2436 2382 enim
2469 2327 2528 2381 et
2555 2319 2724 2381 humi
2751 2318 3040 2398 depressa
3068 2318 3357 2380 rationem
3377 2318 3598 2380 reddes

1948 2409 2214 2470 omnium
2239 2427 2371 2489 quas
2393 2425 2500 2489 per
2521 2409 2693 2470 vitam
2712 2407 2928 2477 fecisti,
2955 2407 3078 2468 sive
3101 2405 3256 2467 bona
3286 2417 3446 2481 sunt,
3472 2407 3598 2470 sive

1949 2499 2125 2576 mala,
2158 2499 2285 2562 sive
2311 2499 2492 2579 justa,
2527 2498 2654 2560 sive
2683 2498 2923 2578 injusta.
2959 2495 3127 2570 Quod
3171 2496 3222 2559 si
3259 2498 3596 2561 misericors

1947 2593 2143 2656 fueris,
2171 2591 2624 2648 misericordiam
2658 2597 2715 2648 et
2735 2597 2796 2647 tu
2826 2589 3201 2655 nancisceris,
3235 2590 3594 2662 salutemque

1945 2675 2216 2737 invenies
2240 2676 2288 2735 si
2309 2675 2458 2736 alios
2481 2675 2672 2736 salvos
2693 2671 3213 2736 reddidisti.Nulla
3226 2674 3384 2753 apud
3398 2673 3588 2736 Deum

1945 2783 2335 2845 personarum
2373 2765 2663 2846 acceptio,
2697 2771 2756 2826 et
2809 2763 3217 2826 remuneratio
3251 2762 3380 2842 ejus
3422 2764 3588 2843 justa

1941 2872 2204 2934 semper.
2247 2852 2306 2916 SI
2335 2853 2512 2932 igitur
2531 2850 2754 2915 nud’um
2788 2852 3032 2928 vestisti,
3058 2861 3158 2914 aut
3187 2854 3464 2935 pauperis
3483 2853 3590 2915 mi.

1941 2952 2135 3006 sertus
2162 2962 2252 3018 es,
2285 2951 2388 3006 aut
2415 2950 2804 3021 aegrotantem
2840 2942 3085 3005 visitasti
3115 2942 3413 3006 satiastive
3437 2941 3592 3006 fame

1943 3032 2034 3094 vel
2065 3033 2163 3095 siti
2197 3031 2566 3094 laborantem
2595 3049 2610 3109 ;
2657 3032 2710 3094 si
2743 3031 3003 3111 denique
3033 3029 3403 3092 errabundos
3445 3031 3589 3094 hos-

1948 3121 2090 3201 pitio
2121 3121 2434 3202 excepisti,
2462 3119 2641 3194 scias,
2671 3119 2990 3183 Dominum
3023 3118 3085 3180 id
3111 3117 3429 3181 multifaria
3457 3120 3594 3183 red-

1945 3211 2210 3272 diturum
2266 3228 2426 3273 esse.
2485 3209 2748 3281 Quorum
2809 3207 2958 3270 nihil
3018 3208 3124 3270 tibi
3180 3207 3484 3288 continget
3539 3209 3589 3272 si

1943 3318 2269 3379 egenorum
2323 3317 2534 3381 preces
2565 3306 2916 3382 aspernatus
2967 3316 3053 3369 es,
3089 3298 3136 3358 si
3189 3297 3330 3358 fami
3377 3316 3444 3359 ac
3489 3299 3589 3361 siti

1943 3389 2155 3453 alienas
2205 3407 2322 3451 non
2353 3388 2682 3452 subvenisti
2712 3387 2976 3450 nudosve
3005 3387 3224 3450 fratres
3253 3387 3468 3448 vestire
3498 3405 3590 3451 re-

1942 3479 2185 3542 cusasti.
2245 3479 2392 3542 Nam
2453 3497 2590 3540 cum
2650 3495 2856 3556 posses
2906 3475 3263 3538 miserorum
3323 3475 3584 3540 allevare

1939 3567 2352 3647 infortunium,
2389 3567 2561 3630 deses
2596 3563 2892 3629 mansisti.

2016 3713 2324 3789 Agestum,
2355 3709 2573 3782 anima,
2609 3709 2823 3770 horum
2856 3707 3120 3769 omnium
3155 3706 3582 3787 memor,aperi

1935 3799 2364 3862 misericordiae
2395 3799 2712 3860 thesauros
2757 3806 2815 3859 et
2845 3797 2918 3857 da
2941 3795 3279 3876 egentibus.
3314 3794 3434 3860 Res
3463 3797 3582 3859 ilu-

1930 3908 2032 3958 xas
2061 3888 2388 3952 amittendo
2423 3906 2732 3950 mansuras
2766 3885 3125 3968 possidebis.

2007 4026 2368 4089 Charitatem
2402 4032 2461 4086 et
2491 4023 2671 4086 ﬁdem
2706 4023 2994 4102 integram
3027 4021 3149 4084 Deo
3178 4021 3419 4103 exhibe,
3443 4022 3574 4085 ani-

1934 4134 2049 4188 ma,
2084 4124 2142 4176 et
2173 4114 2506 4194 proximum
2549 4120 2711 4174 tuum
2751 4111 2932 4191 dilige
2961 4111 3116 4174 sicut
3146 4120 3204 4174 te
3233 4110 3447 4192 ipsam.
3481 4112 3582 4176 Sic

1932 4222 2115 4284 regno
2147 4204 2371 4266 caelesti
2405 4202 2564 4282 digni
2587 4199 3015 4281 judicabimur.

2709 4321 2813 4387 III.

2366 4431 2440 4495 In
2477 4432 2794 4512 propriam
2839 4429 3130 4494 animam.

1983 4549 2686 4631 Gemebunda,anima,et
2716 4547 2997 4628 lacrymis
3029 4546 3414 4610 manantibus
3444 4567 3579 4631 pec-

1924 4649 2186 4704 calorum
2246 4638 2595 4701 memoriam
2625 4637 2782 4718 dele,
2834 4645 2893 4700 et
2949 4655 3093 4700 cura
3125 4655 3201 4699 ne
3261 4655 3575 4716 novorum,

1925 4733 2050 4795 Deo
2076 4731 2250 4802 irato,
2282 4727 2639 4798 accurseris,

2008 4819 2299 4890 Christus,
2335 4819 2447 4878 hoc
2496 4817 2742 4897 quidem
2774 4823 3026 4892 constat,
3063 4817 3408 4880 misericors
3449 4827 3537 4880 est
3557 4839 3582 4891 ;

1926 4917 1986 4970 at
2037 4908 2088 4969 si
2142 4907 2292 4969 forte
2342 4913 2516 4968 vitam
2565 4914 2723 4968 tuam
2771 4922 3110 4987 perversam
3180 4925 3252 4968 ac
3309 4905 3586 4968 sordibus

1925 4997 2216 5059 molarum
2250 4996 2552 5058 actionum
2585 4994 2952 5076 inquinatam
2986 4993 3344 5074 abrumpere
3385 4993 3584 5056 volue.

1922 5088 2026 5160 rit,
2061 5085 2213 5147 eheu
2250 5083 2263 5146 !
2319 5083 2458 5166 quid
2495 5084 2731 5146 facies?
2789 5084 2890 5164 qui
2921 5083 3168 5144 calicem
3219 5101 3491 5145 amarum
3548 5101 3582 5146 a

1933 5174 2186 5241 Domino
2231 5173 2381 5235 irato
2415 5173 2790 5254 propinatum
2827 5171 2997 5234 bibes
3031 5171 3056 5231 Υ

2706 5277 2799 5340 IV.

2023 5377 2096 5441 In
2125 5373 2437 5438 dominum
2468 5373 2822 5452 Stylianum
2845 5372 3464 5452 protosecrelart'um.

2006 5467 2202 5532 Amici
2232 5466 2624 5548 ejusdemque
2659 5463 3106 5526 familiarissimi
3155 5472 3404 5528 mortem
3439 5466 3576 5548 quis

1926 5558 2097 5627 facile
2120 5557 2324 5622 tulerit
2345 5555 2370 5618 τ
2395 5553 2494 5618 Sic
2517 5571 2708 5642 equus
2726 5552 2800 5616 ab
2819 5571 2972 5638 equo
2988 5562 3296 5636 separatus
3315 5555 3572 5624 mordet.
