3930 6136
350 274 467 344 135

348 419 407 475 et
436 410 545 472 bos
573 408 737 472 bovis
764 408 1051 471 societate
1074 406 1335 488 privatus
1363 404 1650 484 lacrymas
1681 401 1895 463 fundit.

429 498 726 577 Equidem
769 503 963 560 amico
1012 514 1208 571 eoque
1287 492 1660 555 nobilissimo
1716 490 1995 551 defuncto

351 589 497 669 quid
530 588 739 651 faciam
773 586 799 648 ?
858 584 1152 666 Lacrymis
1213 585 1474 663 profecto
1506 580 1712 641 offusis
1744 579 1991 669 haecad

354 668 431 754 te,
466 676 728 757 Syliane,
761 675 982 750 scribo,
1018 674 1091 735 ad
1125 683 1180 734 te
1231 673 1330 751 qui
1365 671 1510 731 mihi
1561 688 1624 731 es
1654 668 1830 730 dulce
1880 668 1993 730 de-

349 785 477 844 cus,
510 767 568 827 in
602 767 883 827 aerumnis
913 762 1271 832 consolator,
1306 763 1364 821 in
1409 777 1607 821 rerum
1639 757 1994 819 adversitate

351 855 710 932 auxiliaris;
770 855 870 935 qui
925 870 1187 915 mearum
1241 851 1299 910 in
1337 859 1391 910 te
1436 857 1661 928 partem
1720 863 1992 909 curarum

347 946 633 1027 suscipis,
671 945 955 1025 philtrum
989 942 1090 1022 qui
1123 959 1186 1000 es
1212 938 1772 1027 omniumdierum,
1794 941 1996 997 insons

352 1052 491 1114 erga
521 1025 870 1107 insontem,
901 1050 1035 1093 cum
1070 1029 1344 1090 libertate
1378 1026 1554 1089 verba
1584 1025 1833 1100 faciens,
1870 1026 1995 1086 ani-

351 1124 434 1186 mi
479 1141 850 1204 nequaquam
902 1120 1214 1200 ambigui;
1275 1118 1379 1195 qui
1430 1135 1524 1178 me
1572 1133 1997 1196 nonnunquam

346 1211 786 1294 pusillanimem
840 1210 1043 1290 erigis,
1077 1209 1180 1289 qui
1222 1224 1465 1286 semper
1520 1211 1579 1266 in
1614 1222 1815 1294 rerum
1845 1204 1995 1294 dis-

346 1292 602 1365 crimine
633 1310 846 1382 praesto
879 1308 969 1361 est
1003 1316 1016 1360 :
1051 1298 1123 1359 ad
1158 1307 1236 1366 te,
1267 1295 1428 1357 chari
1461 1294 1672 1375 capitis
1692 1292 1993 1355 desiderio

346 1391 711 1465 vulneratus,
744 1406 1015 1460 accurro,
1051 1385 1152 1466 qui
1203 1385 1442 1447 unicum
1473 1384 1741 1446 solamen
1790 1382 1854 1444 in
1881 1399 1991 1461 ge—

345 1479 591 1542 mitibus
621 1488 683 1542 et
705 1477 983 1559 lacrymis
1014 1477 1230 1539 habeo.

422 2046 863 2116 Commentaria
911 2046 974 2108 in
1002 2044 1218 2107 Lucam
1277 2042 1589 2121 scripsisse
1621 2044 1983 2125 Metapbras-

336 2152 485 2214 tem,
543 2157 662 2201 non
717 2155 895 2201 nemo
953 2132 1208 2217 probare
1260 2130 1570 2195 conabitur
1639 2133 1981 2197 testimonio

335 2227 727 2311 Theophanis
776 2225 1046 2291 Ceramei
1100 2221 1361 2287 Homilia
1411 2226 1472 2282 in
1510 2219 1793 2311 quintum
1851 2225 1979 2285 Ma-

332 2310 589 2383 tutinum
635 2316 1053 2397 Evangelicum
1089 2337 1106 2388 ;
1156 2316 1242 2373 sic
1273 2310 1430 2372 enim
1483 2310 1627 2373 ille:
1668 2314 1759 2370 Καὶ
1813 2314 1886 2378 ὡς
1918 2312 1980 2371 ἂν

333 2410 412 2487 μὴ
470 2408 555 2466 οιαὶ
586 2408 749 2482 ἡμεῖς
806 2404 1040 2480 δόξωμεν
1071 2401 1363 2460 ἀπεοικότα
1418 2404 1791 2482 μαντεύεσθαι,
1824 2401 1979 2468 ἀξιό-

329 2519 509 2581 χρεων
552 2496 772 2553 ἐνταῦθα
802 2496 1125 2573 παράγωμεν
1156 2490 1740 2581 μάρτυραῗΣυμεώνην,
1759 2493 1850 2548 τὸν
1883 2493 1980 2557 τὰς

330 2588 686 2667 μεταφράσεις
737 2585 794 2642 εὖ
825 2583 971 2661 μάλα
1019 2582 1353 2657 συνθέμενον·
1386 2580 1607 2660 ἁπορχὴ
1659 2583 1746 2637 οὖν
1775 2584 1853 2655 τῷ
1905 2583 1978 2646 εἰς

331 2679 423 2735 τὸν
446 2678 585 2756 ἱερὸν
616 2680 820 2732 Λουκᾶν
849 2673 1193 2747 ὑπομνήματι
1222 2677 1378 2726 τοῦτο
1405 2671 1738 2743 ποιούμενος,
1789 2670 1870 2733 Ac
1899 2686 1979 2733 ne

1700 264 1901 333 LEON
1910 268 1977 330 IS
2029 260 2369 330 ALLATII.

2000 409 2038 456 A
2064 389 2264 464 "lano;
2294 397 2507 464 διαστὰς
2537 396 2780 458 δέκνεται
2815 399 2909 453 τοῦ
2938 395 3228 471 συννόμου,

3634 252 3766 320 136

2083 490 2179 547 Καὶ
2208 490 2332 564 βοῦς
2363 489 2631 565 στερηθεὶς
2656 494 2749 544 τοῦ
2778 486 3035 556 συνήθους
3064 483 3299 563 δακρύει,

2079 576 2219 655 Ἐγὼ
2248 579 2297 634 τί
2326 575 2501 655 δράσω
2529 578 2792 651 ζημωοεὶς
2824 577 2914 631 τὸν
2946 574 3098 655 φίλον
3135 596 3153 642 ε

2077 666 2252 723 Φίλων
2280 668 2342 722 τὸ
2378 665 2755 740 ιιαλλώπισμα,
2788 666 2888 732 τὴν
2918 661 3173 740 κορωνίδα
3209 682 3224 742 ;

2079 756 2170 833 Σὲ,
2208 754 2483 828 Στυλιανὲ,
2513 762 2679 811 ταῦτα
2709 752 2949 832 δακρύων
2981 752 3191 831 γράφω,

2078 844 2431 923 Πρότφθεγμα
2458 845 2672 922 τερπὸν,
2708 850 2823 898 πῶν
2853 841 2996 909 ἐμῶν
3030 841 3210 897 πόνων
3240 839 3413 916 λύσις,

2081 934 2270 991 Κόπων
2301 934 2487 1012 βοηθὲ,
2520 931 2849 1007 συμμεριστᾶ
2872 928 3181 1010 φροντίδων,

2082 1022 2313 1080 Κοινωνὲ
2343 1022 2580 1095 πάντων,
2613 1022 2700 1076 καὶ
2730 1019 2908 1076 πλέων
2939 1024 3048 1076 τῶν
3083 1020 3375 1099 χειρόνων,

2079 1110 2301 1188 Φίλτρον
2335 1107 2541 1186 βέϐαιον
2573 1110 2633 1166 ού
2662 1110 2790 1185 πρὸς
2822 1107 3028 1184 ἡμέραν
3058 1108 3280 1184 βλεπον,

2078 1199 2302 1278 Φίλτρον
2332 1198 2584 1277 φυλάξας,
2622 1196 2851 1272 οὗδαμοῦ
2879 1198 3038 1277 φέρον
3068 1199 3261 1273 ψόγον,

2076 1286 2377 1366 Ἐλεύθερον
2408 1287 2678 1367 φρόνημα,
2710 1285 2933 1352 διπλόης
2970 1284 3139 1365 ξένον,

2074 1376 2245 1454 ΪΕμῆς
2276 1378 2638 1454 παρηγόρημα
2669 1377 3057 1454 μικροψυχίας,

2070 1450 2250 1525 ῇονκαὶ
2280 1450 2448 1522 πλέον.
2468 1450 2574 1540 μοι
2589 1450 2855 1529 συνδεθὲίςί
2872 1450 3091 1539 δέσμοῐς
3122 1465 3308 1544 πόθου,

2073 1554 2311 1619 "Altino:
2343 1554 2498 1622 ἦλθες
2530 1556 2661 1631 πρὸς
2692 1555 2854 1617 πνοὰς
2887 1556 2978 1618 νὰς
3012 1555 3276 1634 ἐσχάτας,

2074 1646 2170 1702 Καὶ
2202 1649 2289 1700 νῦν
2317 1644 2423 1721 ἐγώ
2454 1667 2549 1703 σου
2577 1649 2655 1716 τῷ
2682 1644 2829 1717 πόθῳ
2854 1643 3216 1720 τετρωμένος,

2073 1734 2168 1791 Καὶ
2198 1731 2367 1808 μηδὲν
2397 1735 2559 1812 εὑρὼν
2591 1734 2663 1795 εἷς
2694 1733 2985 1813 ἀναψυχὴν
3016 1731 3203 1813 πλέον,

2066 1821 2260 1886 Μὸνοις
2291 1835 2613 1901 στενογμοϊς
2647 1823 2734 1878 καὶ
2767 1820 3105 1900 σταλαγμοῖς
3135 1819 3401 1901 δακρύων,

2064 1911 2241 1991 Ψύχω
2267 1914 2328 1969 τὸ
2360 1920 2596 1988 πνεῦμα,
2627 1910 2922 1987 σπένδομαι
2952 1910 3056 1978 τὴν
3086 1907 3331 1990 καρδίαν.

2064 2050 2435 2115 Matthtzum.
2497 2043 2821 2127 ’Υπὸμνημα
2874 2054 2949 2116 εἰς
2997 2052 3090 2109 τᾶν
3142 2052 3430 2131 Προφήτην
3489 2047 3741 2107 Ἀϐδιού⁶

2065 2139 2550 2204 Commentarlus
2579 2142 2648 2203 in
2676 2141 2944 2203 Abdiam
2973 2138 3367 2220 PrOphelam.
3397 2131 3748 2216 Ὑπὸμνημα

2064 2232 2138 2295 εἷς
2170 2235 2261 2288 τὸν
2296 2231 2444 2311 ἅγιον
2475 2232 2772 2289 ἀπόστολον
2815 2230 3104 2292 Φίλιππον,
3142 2229 3635 2311 Commentarius
3673 2231 3748 2291 in

2061 2310 2353 2383 sanctum,
2383 2319 2715 2399 apostolum
2758 2318 3135 2399 Philippum.
3173 2310 3501 2394 ἰ’πὸμνημα
3536 2319 3610 2381 εἰς
3634 2320 3745 2375 τὸν

2062 2410 2214 2490 ἅγιον
2257 2411 2559 2469 ἀπὸστολον
2589 2410 2860 2491 Ἀνδρέαν.
2898 2409 3391 2491 Commentarius
3444 2413 3511 2471 in
3538 2425 3743 2472 sanc-

2064 2505 2190 2561 tum
2221 2498 2553 2578 apostolum
2604 2490 2944 2562 Andream.
2984 2490 3307 2572 ’Υπόμνημα
3349 2500 3420 2564 εἰς
3449 2500 3540 2555 τὸν
3568 2499 3743 2575 ἅγιον

2061 2587 2319 2646 Ἰάκωϐον
2341 2592 2432 2647 τὸν
2461 2587 2782 2651 ἀπόστολον.
2821 2589 3306 2651 Commentarius
3347 2590 3415 2649 in
3442 2594 3743 2649 sanctum

2060 2677 2351 2740 Iacobum
2377 2669 3075 2758 αροειοιιιτη,’ῐ“πὸμνημα
3097 2680 3171 2743 ἑῖς
3193 2680 3284 2735 τὸν
3313 2677 3466 2757 ἅγιον
3494 2677 3740 2735 ἀπόστο-

331 2783 442 2829 nos
499 2764 685 2828 etiam
740 2763 870 2825 sine
924 2758 1232 2841 probabili
1273 2774 1460 2819 causa
1494 2757 1782 2821 divinare
1829 2759 1957 2822 υειι.

2132 2790 2159 2823 ν
2190 2775 2283 2825 τοῦ
2314 2757 2540 2847 Χριστοῦ
2570 2774 2790 2843 Θωμᾶν.
2826 2765 3320 2830 Commentarius
3350 2768 3418 2829 in
3445 2772 3743 2829 sanctum

331 2857 694 2936 videamur,
745 2854 864 2935 ﬁde
924 2853 1179 2931 (lignum
1239 2856 1448 2912 testem
1505 2848 1595 2937 ad,
1624 2848 1800 2937 lianc
1852 2869 1981 2915 rem
2065 2856 2401 2937 apostolum
2468 2857 2704 2919 Christi
2773 2855 3077 2919 Thomam.
3149 2854 3409 2937 Parique
3462 2854 3734 2933 ratione,

324 2946 737 3029 producimus
794 2945 1146 3022 Symeonem
1202 2937 1404 3029 illum,
1438 2936 1957 3029 quiMetaphrase.

2129 2948 2390 3022 πόμνημα
2422 2948 2493 3007 εἷς
2537 2947 2627 3003 τὸν
2656 2945 2809 3022 ἅγιον
2842 2945 3245 3023 Εὔαγγελιστὴν
3275 2936 3504 3007 Λίουιιᾶν.
3538 2943 3737 3008 Com-

328 3026 630 3116 prceclarc
675 3036 1007 3112 composuit
1042 3050 1056 3089 :
1093 3030 1245 3090 satis
1291 3028 1474 3106 igitur
1505 3026 1587 3088 sit
1630 3026 1750 3109 hic,
1784 3034 1892 3109 qui
1920 3035 1986 3090 in
2064 3036 2395 3097 meutnrius
2446 3035 2512 3097 in
2541 3043 2816 3097 sanctum
2868 3032 3324 3111 Erangellslam
3376 3036 3628 3108 Lucam,
3670 3041 3740 3094 ct

329 3133 615 3189 sanctum
668 3121 897 3184 Lucam
953 3118 1403 3216 Commentario
1445 3118 1955 3216 ita.exislt‘maoit

2132 3123 2275 3205 cipit
2313 3142 2328 3187 ;
2367 3126 2422 3182 Ei.
2449 3124 2547 3181 καῖ
2578 3121 2781 3181 δικαίου
2812 3124 3001 3199 μνήμη
3033 3123 3152 3198 μετ’
3186 3123 3469 3201 ἐγκωμίων
3503 3122 3735 3181 τελεῖσ-

330 3212 442 3288 Qui
473 3213 532 3275 id
579 3212 902 3274 affirmaret
957 3208 1246 3287 deceptus
1300 3206 1430 3286 ipse
1482 3203 1739 3285 primum
1802 3226 1980 3287 pravo

328 3301 645 3365 verborum
679 3299 1016 3374 intellectu,
1043 3297 1194 3359 alios
1224 3294 1526 3377 postea,si
1561 3295 1672 3375 ipsi
1705 3295 1977 3370 fiderent,

328 3391 891 3473 deciperet.Verum
925 3387 1219 3469 siquiuem
1249 3397 1363 3459 est,
1389 3383 1889 3473 quemadmodum
1917 3385 1979 3449 in

326 3472 677 3563 Prophetas,
703 3488 1061 3558 sanctosque
1090 3476 1239 3538 alios
1256 3475 1470 3537 veteris
1501 3472 1862 3536 Testamenti
1883 3475 1984 3539 Vi-

324 3590 693 3646 ros,necnon
724 3568 893 3643 Novi,
919 3584 1171 3647 quorum
1200 3565 1260 3627 in
1280 3564 1465 3627 sacris
1489 3564 1732 3627 Litteris
1757 3565 1978 3628 mentio

329 3656 1021 3736 exstat,Commentarios
1037 3654 1299 3734 scripsit,
1327 3654 1405 3714 ita
1435 3663 1492 3716 et
1513 3653 1570 3716 in
1593 3653 1811 3716 Lucam
1835 3654 1979 3717 scri-

325 3747 683 3831 psisse,quis
705 3747 762 3808 id
788 3743 1211 3823 negabit?Ergo
1235 3751 1292 3804 et
1317 3744 1372 3803 in
1398 3743 1779 3821 Evangelium
1802 3745 1977 3807 Lucae

322 3836 916 3918 Interpretationetn.
971 3831 1057 3894 Ne
1091 3832 1335 3893 minima
1378 3832 1620 3913 quidem
1656 3852 1724 3894 ex
1783 3844 1971 3915 parte.

324 3930 962 4005 Sanctorum,quorum
978 3920 1141 3984 Vitas
1167 3921 1964 4001 composuitMetaphrastes,

323 4034 520 4095 genus
540 4014 758 4094 duplex
783 4010 1021 4075 invenio
1059 4031 1073 4072 :
1106 4012 1357 4073 alterum
1390 4012 1561 4092 cujus
1583 4013 1641 4073 in
1664 4013 1970 4095 Scriptura

324 4103 612 4167 memoria
630 4102 827 4184 aliqua
849 4108 1058 4176 exstat;
1089 4100 1343 4162 alterum
1370 4101 1538 4180 cuius
1562 4102 1747 4166 nulla.
1781 4105 1969 4185 Cujus

322 4194 488 4257 nulla
516 4203 629 4267 est,
656 4196 804 4274 ipse,
838 4208 969 4273 quae
995 4208 1068 4253 ex
1091 4189 1342 4251 aliorum
1387 4192 1627 4272 scriptis
1661 4192 1967 4270 habuerat,

322 4282 667 4346 narratione
698 4299 828 4356 sua,
852 4279 1138 4358 temporis
1170 4279 1326 4341 serie
1362 4297 1480 4340 non
1507 4279 1969 4361 turbata,diges-

324 4372 431 4446 ait,
465 4380 523 4433 et
551 4369 739 4446 Vitas,
775 4388 992 4451 resque
1022 4378 1242 4450 gestas,
1273 4369 1396 4431 sive
1425 4367 1698 4450 Martyria
1730 4391 1966 4434 nuncu-

320 4461 522 4545 pavit:
554 4459 726 4541 cujus
755 4458 1043 4535 exstabat,
1078 4458 1258 4520 verba
1289 4458 1411 4533 illa,
1447 4466 1505 4519 in
1553 4458 1767 4540 quibus
1804 4460 1965 4545 [136]

2062 3218 2169 3285 θαι,
2209 3212 2368 3294 quod
2422 3213 2542 3276 Leo
2589 3211 3010 3292 Centuripinus
3062 3213 3406 3292 expressius
3460 3210 3626 3286 dixit,
3664 3212 3734 3274 in

2065 3311 2333 3365 sanctum
2386 3300 2669 3366 Jacobum
2701 3298 3034 3381 apostolum
3067 3299 3339 3363 Zebedaai
3371 3299 3580 3374 tilium,
3617 3299 3730 3358 λὸ-

2064 3415 2156 3470 γον
2188 3390 2307 3449 καθ’
2341 3392 2635 3467 ὓπόμνημα
2666 3391 2720 3448 ἐν
2751 3389 2885 3447 εἷδέι
2943 3397 3315 3469 πανηγυρικῷ.
3349 3388 3550 3451 Oratio
3583 3406 3731 3468 qua

2062 3482 2192 3544 vice
2221 3479 2665 3544 Camm'eularlt’
2708 3496 2832 3542 esse
2855 3478 3084 3559 poterit
3116 3483 3181 3540 in
3221 3495 3436 3559 genere
3463 3478 3727 3541 demon-

2061 3574 2338 3635 ltralivo.

2142 3659 2435 3722 Antonius
2466 3656 2790 3720 Verderius
2818 3657 2880 3721 in
2910 3657 3337 3738 Supplemento
3371 3656 3716 3721 Bibliothe-

2059 3768 2143 3813 (ω
2173 3749 2557 3813 Gesneriante
2587 3748 2646 3809 in
2672 3746 2943 3826 Catalogo
2966 3747 3227 3811 exhibito
3244 3766 3277 3809 a
3302 3747 3711 3812 Grammatice

2060 3846 2357 3916 recenset,
2389 3836 2710 3917 Symeom's
2757 3835 3197 3915 Metapltrastre
3228 3834 3569 3917 Dioptram.
3622 3836 3711 3900 De

2054 3947 2170 4010 qua
2221 3926 2368 3989 nihil
2400 3926 2531 4006 ipse
2583 3925 2796 3987 habeo.
2830 3923 3034 3988 Pomit
3082 3924 3271 4001 illam,
3302 3924 3705 4006 quemadmo—

2053 4018 2193 4079 dum
2224 4025 2282 4078 et
2308 4016 2424 4079 alia
2459 4014 2725 4077 scribere
2753 4013 3203 4095 Metaphrastes,
3234 4023 3293 4077 et
3322 4014 3475 4077 forte
3505 4017 3703 4096 scrip-

2053 4107 2150 4178 sit,
2183 4114 2238 4167 et
2289 4105 2463 4167 modo
2499 4103 2722 4166 alicubi
2755 4103 2919 4167 latet.
2979 4104 3102 4167 Nos
3132 4123 3253 4167 non
3286 4104 3492 4167 omnia
3547 4105 3708 4167 vidi-

2054 4215 2210 4259 mus.
2241 4194 2446 4275 Neque
2477 4194 2617 4276 quia
2649 4192 2823 4255 nobis
2879 4193 3168 4272 ignotum,
3204 4193 3343 4257 ideo
3374 4195 3551 4257 etiam
3584 4213 3706 4259 non

2052 4286 2236 4349 fuisse
2265 4285 2554 4362 scriptum
2589 4282 2982 4346 existimatur.

2134 4374 2234 4437 llis
2270 4390 2456 4454 prope
2483 4370 2699 4435 diebus
2729 4391 2864 4433 cum
2895 4391 2929 4433 a
2959 4390 3050 4435 me
3082 4371 3157 4434 de
3185 4380 3354 4434 aetate
3383 4371 3701 4454 Symeonis

2049 4463 2464 4543 Metaphrastte
2496 4460 2877 4523 doctissimus
2906 4478 2977 4523 ac
3027 4462 3468 4524 eruditissimus
3496 4462 3701 4526 Simon

320 4548 799 4625 continebantur,
827 4546 1142 4628 arripiens,
1177 4558 1235 4609 et
1267 4567 1395 4624 sua,
1427 4549 1514 4609 vel
1541 4547 1791 4610 aliorum
1816 4551 1962 4611 anti-
1987 4549 2513 4633 oWagnereckius
2567 4557 2948 4632 percontatus
3005 4549 3238 4626 fuisset,
3269 4550 3579 4630 respondi,
3636 4563 3701 4616 ut

319 4657 572 4721 quorum
625 4637 1119 4718 interpretatione
1149 4638 1455 4716 expoliens
1486 4649 1661 4718 atque
1696 4640 1960 4719 locuple-

319 4738 579 4804 tans,res
599 4727 761 4790 illius
782 4725 982 4791 Sancti
1005 4727 1085 4788 ita
1106 4727 1525 4802 concinnabat,
1555 4736 1615 4788 ut
1639 4729 1962 4791 Commen-

318 4818 538 4881 tarium
575 4817 764 4899 potius
796 4815 1085 4896 scribere,
1119 4835 1292 4897 quam
1319 4834 1415 4879 res
1433 4824 1627 4896 gestas
1647 4817 1807 4879 illius
1830 4836 1959 4879 nar-

314 4925 454 4971 rare
484 4907 812 4970 videretur:
844 4906 1095 4987 ideoque
1125 4926 1242 4968 non
1269 4906 1383 4968 alio
1416 4907 1581 4967 titulo
1612 4925 1958 4988 usus,quam

317 4994 766 5061 Commentarii.
798 4994 946 5057 llinc
977 4995 1135 5076 apud
1194 4995 1387 5069 illum,
1425 4989 1733 5071 'l'ndpmva
1764 5002 1836 5062 εἰς
1869 5002 1960 5055 τὸν

314 5085 466 5165 ἅγιον
492 5086 888 5165 Εὖαγγελιστὴν
914 5086 1192 5151 Ἰωάννην.
1231 5086 1718 5147 Commentarius
1739 5104 1803 5148 τη
1826 5105 1957 5149 sart-

311 5182 471 5237 ctum
529 5173 980 5252 Evangelistam
1014 5173 1336 5236 Joamum.
1395 5165 1716 5250 ἰ’πόμνημα
1747 5178 1816 5239 et;
1869 5180 1960 5233 τὸν

317 5262 487 5338 μέγαν
547 5261 831 5341 Προφήτην
866 5262 1090 5330 md}.
1144 5261 1625 5324 Commentarius
1663 5264 1727 5322 in
1778 5281 1957 5327 sanc-

317 5354 444 5412 tum
477 5348 840 5422 Prcphetam
871 5348 1203 5412 Danielem.
1243 5342 1562 5426 ’Υπόμνημα
1594 5352 1665 5414 εἷς
1698 5354 1785 5408 τὸν
1810 5354 1958 5432 ἅγιον

315 5435 613 5494 ἀπόστολον
672 5439 761 5492 καὶ
821 5437 1211 5515 Εὐαγγελιστὴν
1278 5443 1567 5496 Μαῖθαῒον.
1635 5440 1957 5503 Commen-

315 5526 519 5594 tarius
570 5542 637 5586 ιη
668 5532 947 5588 sanctum
1004 5526 1334 5606 apostolum
1381 5536 1439 5592 et
1494 5527 1956 5611 Evangelt'stam

2048 4641 2231 4724 potui,
2258 4639 2512 4719 misique
2536 4657 2665 4700 eam
2689 4639 2968 4701 Diatribte
2993 4648 3361 4721 partem,qua
3382 4638 3701 4720 Symeonis

2044 4740 2188 4794 tetas
2241 4728 2525 4790 asseritur
2554 4737 2613 4790 et
2666 4726 2989 4790 stabilitur.
3027 4728 3192 4808 Legit
3230 4728 3330 4791 ille
3362 4748 3515 4806 mea,
3550 4750 3699 4794 exa-

2046 4819 2305 4899 minavit,
2345 4818 2705 4897 tandemque
2735 4822 2795 4877 in
2845 4818 3150 4880 nonnullis
3179 4836 3297 4880 non
3341 4819 3567 4900 absque
3594 4839 3699 4884 ra-

2045 4912 2209 4973 tione
2239 4907 2517 4970 dubitans
2552 4907 2882 4987 rescripsit.
2912 4906 2993 4971 Ea
3025 4907 3191 4970 lubet
3236 4908 3334 4971 hic
3360 4927 3695 4990 apponere,

2045 5010 2106 5064 ut
2137 5016 2286 5079 pene
2308 4996 2634 5059 absolutam
2657 4997 2730 5059 de
2752 4998 3165 5077 Metaphrastte
3183 4997 3365 5061 rebus
3393 4999 3688 5079 cognitio~

2046 5107 2179 5152 nem
2214 5087 2565 5167 habeamus,
2595 5085 2812 5167 quibus
2841 5086 3053 5149 addam
3087 5095 3146 5149 et
3176 5107 3329 5152 mea.
3357 5089 3417 5149 Si
3442 5090 3694 5153 dubita-

2045 5177 2306 5241 tionibus
2337 5175 2498 5237 illius
2523 5174 2807 5251 satisfeci,
2842 5174 2998 5238 bene
3032 5185 3119 5237 est
3146 5195 3163 5254 ;
3189 5180 3281 5239 sin
3316 5178 3691 5262 minus,sup-

2045 5267 2229 5349 plebit
2259 5265 2360 5326 ille
2391 5283 2524 5345 quae
2552 5265 2831 5328 deerunt.

2112 5354 2503 5420 Nobilissime
2524 5374 2554 5414 e
2573 5353 2984 5416 eruditissimo
3010 5353 3146 5416 Viro
3171 5356 3239 5418 Π.
3254 5358 3441 5419 Leoni
3464 5357 3699 5424 Allalio

2039 5465 2148 5509 suo
2162 5446 2374 5508 Simon
2397 5442 2873 5522 Wagnerecklus
2883 5443 2998 5509 S.I.
3014 5443 3085 5507 In
3098 5443 3525 5525 Metaphrastte
3545 5456 3697 5512 lem-

2036 5532 2285 5619 port’bus
2297 5533 2696 5618 pervidendis
2718 5535 2937 5597 miram
2958 5532 3112 5598 mihi
3138 5533 3326 5599 lucem
3348 5535 3696 5607 attulerunt
