3930 6136
213 298 288 362 141

918 293 1016 363 DE
1060 287 1402 364 SCRIPTIS
1445 282 1829 363 SYMEONIS
1871 279 2460 366 METAPRHAST/E
2510 301 2897 367 DIATRIBA.

3461 285 3574 372 142‘

203 436 419 513 γλώττης
448 436 656 515 τρυφὴν
692 438 794 492 τὸν
849 435 1011 513 ἄνδρα
1058 436 1402 503 πεποίηνται.
1454 435 1630 512 Μέγας
1674 437 1848 491 τοίνυν

1936 436 2203 515 agricola;
2221 437 2568 500 industriiet
2584 437 3214 520 diligentes,quivilem
3229 441 3572 505 facundam

203 530 331 591 οὗτος
362 525 455 589 ὢν,
505 525 602 580 καί
667 524 851 590 πολὺς
899 528 996 593 τὴν
1041 525 1228 604 φήμην
1271 526 1586 603 γενόμενος,
1635 523 1850 580 πολλῶν

200 617 343 694 ἔτυχε
396 615 496 672 καί
528 616 638 670 τῶν
671 617 1035 695 συγγραφέων
1071 633 1082 644 '
1119 615 1240 670 ἀλλ’
1271 613 1434 678 οὐδεὶς
1480 613 1684 670 οὐδέπω
1715 614 1850 670 κατὰ

199 707 340 779 μέρος
373 705 437 759 τὰ
468 704 588 760 κατ’
625 707 792 761 αὒτὸν
841 705 1133 778 διεξῆλθεν,
1170 705 1285 761 οὐδὲ
1329 706 1401 768 εἷς
1462 703 1670 760 ἅπαντα
1713 706 1845 758 καθ-

198 800 315 860 ᾗκεν
373 794 589 865 ἑαυτὸν,
678 793 800 853 οὐδὲ
862 791 1113 870 ἀκριϐῶς,
1182 793 1329 858 ὅπως
1394 791 1592 850 ἕκαστα
1658 792 1843 870 εἶχον,

198 884 512 960 ἀτέτμψενο
575 883 750 940 Ἀλλᾶ
791 885 918 948 τοὺς
976 883 1085 939 ἄνω
1117 884 1347 962 χρόνους
1396 883 1450 938 ἐν
1482 880 1842 960 κεφαλαιώδε-

199 995 272 1027 σιν
312 974 607 1044 ἐπι-τομαῖς
657 976 927 1044 εἰπόντες,
977 972 1090 1028 ἔνιά
1131 993 1188 1028 τε
1231 979 1339 1028 τῶν
1401 973 1456 1026 ἐν
1500 970 1649 1046 μέτῳ
1704 993 1846 1047 παρ-

199 1060 434 1138 έδραμον,
500 1064 591 1116 καὶ
653 1062 770 1118 οόδὲ
828 1063 959 1138 πρὸς
1012 1061 1139 1116 αὗτό
1195 1063 1255 1117 τὸ
1313 1059 1466 1124 τέλος
1512 1063 1618 1116 τῶν
1661 1061 1847 1116 τούτου

202 1151 426 1227 πράξεων
458 1150 630 1218 ἦλθον
666 1173 678 1184 ·
717 1154 853 1225 ἡμῖν
886 1149 938 1205 δὲ
984 1150 1254 1228 χρήσιμος
1301 1152 1326 1205 ὁ
1358 1151 1475 1225 περὶ
1514 1148 1668 1206 αὖτοῦ
1699 1148 1845 1204 ἔσται

200 1239 367 1318 λόγος,
406 1242 618 1301 ἄνωθέν
648 1262 707 1296 τε
752 1239 1104 1319 ἀρχομένοις,
1158 1241 1246 1295 καὶ
1306 1239 1390 1293 ἐπὶ
1442 1238 1508 1292 τὰ
1564 1237 1848 1294 τελευταῖα

202 1337 282 1386 τοῦ
309 1329 500 1406 ἆοιδρὸς
535 1327 951 1400 καταϐιϐάζουσι
979 1328 1078 1395 τὴν
1110 1327 1387 1404 διήγησιν.
1423 1325 1700 1403 Magnum
1734 1324 1843 1404 Sy-

206 1435 498 1484 meonem.
540 1418 758 1495 ingens
789 1416 952 1478 orbis
985 1428 1278 1477 terrarum
1314 1414 1756 1486 miraculum,et
1777 1433 1844 1475 ex

201 1506 392 1587 iis,qni
409 1516 598 1567 terrae
616 1508 894 1582 regiones
905 1504 1052 1566 alias
1078 1515 1260 1584 atque
1277 1503 1423 1565 alias
1444 1503 1844 1577 incoluerunt,

202 1596 434 1677 quidam
466 1613 569 1658 res
604 1605 802 1673 gestas
831 1595 992 1656 illius
1011 1593 1466 1673 oculis,quidam
1491 1591 1691 1653 auditu
1717 1611 1850 1672 per-

198 1685 515 1764 cipientes,
555 1685 687 1744 viru
713 1704 748 1743 ’τι
794 1684 1015 1762 lingua}
1043 1701 1164 1743 sum
1194 1682 1438 1742 delicias
1470 1680 1687 1742 fecere.
1725 1683 1846 1742 Ma-

1935 535 1993 585 et
2017 527 2308 588 fructibus
2329 526 2574 588 uberem
2596 527 3310 606 vindemiantes,omnino
3332 550 3400 594 ex
3417 532 3573 594 illius

1933 613 2160 675 fructus
2185 615 2630 692 benedictione,
2658 616 2836 678 etiam
2873 618 3145 680 nolentes
3173 619 3380 702 iis,qui
3411 628 3574 685 retro

1935 721 2036 764 eos
2061 713 2415 785 sequuntur,
2452 704 2811 786 pauperibus
2835 705 3062 768 fructus
3085 707 3568 790 decerpentibus,

1930 794 2149 866 aliquid
2175 798 2624 866 praetermittunt.
2664 795 2745 852 Ex
2764 799 2976 869 quibus
2997 814 3102 858 nos
3123 814 3354 873 quoque
3373 817 3574 860 sumus

1935 880 2187 942 minimi.
2227 881 2392 943 Licet
2421 881 2582 944 enim
2617 883 2755 944 totis
2812 883 3036 946 viribus
3088 886 3454 948 sanctissimi
3513 888 3575 948 hi

1930 986 2068 1031 vere
2102 971 2254 1034 hanc
2283 971 2500 1032 olivam
2531 970 3173 1054 fructiferam,propter
3199 973 3575 1038 abundantes

1931 1057 1991 1119 in
2026 1077 2094 1120 ea
2125 1061 2306 1121 olivas
2338 1061 2398 1121 in
2437 1060 2612 1122 domo
2645 1061 2845 1134 Dei,ut
2874 1062 2956 1122 ait
2997 1062 3330 1143 hymnodus
3362 1065 3571 1141 David,

1934 1148 2255 1224 plantutam
2291 1149 2658 1210 vindemiare
2689 1149 2889 1212 divino
2921 1151 3046 1212 zelo
3077 1152 3455 1234 studuerunt,
3481 1156 3570 1218 ni-

1931 1237 2252 1298 hilominus
2282 1239 2428 1316 fugit
2480 1237 2640 1318 ipsos
2702 1240 2920 1300 multos
2951 1241 3124 1303 olivas
3154 1242 3406 1319 fructus,
3444 1245 3570 1307 Deo

1932 1327 2282 1408 providente
2314 1335 2579 1388 nostrum
2645 1328 2892 1403 humile,
2953 1347 3256 1411 segneque
3310 1331 3571 1394 studium

1931 1417 2226 1495 accipere,
2261 1417 2760 1496 quemadmodum
2795 1416 2988 1478 viduae
3014 1436 3133 1479 aera
3169 1420 3396 1482 minuta
3425 1421 3566 1483 duo.

1931 1507 2137 1586 Neque
2193 1506 2350 1567 enim
2412 1523 2516 1568 eos
2567 1505 2977 1580 criminantes,
3036 1525 3236 1585 neque
3291 1516 3571 1590 tanquam

1932 1613 2135 1657 eorum
2168 1613 2200 1655 a
2232 1594 2352 1656 Deo
2413 1595 2688 1656 donatam
2747 1595 3095 1675 sapientiam
3155 1597 3422 1659 aemulari
3461 1618 3569 1662 vo-

1933 1685 2159 1763 lentes,
2214 1683 2370 1746 Justi
2447 1682 2710 1744 facinora
2781 1683 3002 1763 scripto
3062 1684 3300 1748 tradere
3354 1705 3568 1750 susce-

199 1793 343 1850 gnus
375 1773 586 1853 itaque
620 1773 716 1834 hic
748 1791 882 1834 cum
917 1779 1162 1846 esset,et
1183 1773 1336 1832 fama
1359 1770 1514 1832 illius
1541 1778 1701 1832 esset
1729 1789 1842 1831 un-
1873 1797 1910 1847 δ
1933 1771 2149 1853 pimus.
2191 1771 2624 1852 Metaphraates
2653 1789 2731 1834 ea:
2758 1770 2878 1849 his,
2912 1790 3024 1836 nec
3067 1791 3191 1835 non
3234 1783 3291 1837 et
3319 1775 3571 1839 Leontio

197 1863 374 1943 dique
433 1862 818 1943 pervolgata,
864 1861 1079 1921 multos
1131 1859 1337 1921 habuit
1367 1877 1610 1920 suarum
1645 1877 1842 1920 rerum

193 1958 520 2031 scriptores
549 1971 565 2020 ;
629 1951 732 2012 sed
801 1967 975 2010 nemo
1007 1967 1270 2027 unquam
1305 1947 1379 2008 ad
1416 1947 1541 2008 haec
1577 1955 1848 2028 tempora

197 2059 402 2102 omnes
468 2047 826 2120 persecutus
876 2046 985 2111 est,
1041 2056 1152 2099 nec
1187 2038 1494 2098 universas
1526 2036 1848 2112 colligendi

197 2131 454 2192 studium
484 2129 828 2209 insumpsit,
860 2145 1054 2208 neque
1077 2133 1450 2202 accurate,ut
1481 2125 1712 2204 singula
1742 2143 1844 2188 ac-

198 2219 660 2299 cidere,scripto
685 2216 1072 2296 signavit;sed
1093 2217 1438 2296 superiores
1459 2233 1650 2276 annos
1689 2215 1848 2294 capi-

202 2308 355 2370 tibus
386 2308 752 2389 compendio
785 2306 1029 2385 digestis
1061 2305 1497 2379 describentes,
1536 2304 1845 2378 nonnulla,

203 2417 330 2474 qua;
365 2397 573 2458 media
607 2396 798 2469 fuere,
832 2394 1070 2456 silentio
1103 2393 1476 2454 inVolverunt
1509 2392 1709 2473 [Hi],
1739 2410 1849 2454 nec

200 2487 266 2548 ad
320 2503 573 2548 suarum
628 2485 933 2546 actionum
988 2483 1206 2544 exitum
1269 2491 1686 2562 pervenerunt.
1722 2481 1843 2542 No-

210 2577 296 2637 bis
328 2594 474 2637 vero
523 2575 638 2636 erit
687 2592 892 2635 sermo
925 2573 1000 2633 de
1047 2591 1116 2634 eo
1153 2572 1476 2652 prolicuus,
1507 2570 1605 2651 qui
1639 2571 1712 2632 ab
1742 2590 1844 2631 an-

205 2665 404 2727 teactis
441 2663 791 2742 incipimus,
829 2671 887 2722 et
939 2662 1006 2722 ad
1059 2661 1169 2722 \iri
1226 2670 1552 2741 postremas
1583 2660 1849 2722 actiones

204 2755 608 2815 narrationem
668 2751 1010 2830 dirigimus.
1076 2750 1269 2812 Vitam
1346 2750 1538 2812 sancti
1589 2751 1846 2811 Joannis

209 2842 564 2906 Eleemonis
585 2841 910 2921 scripsisse
928 2840 1325 2918 Sophronium
1343 2845 1399 2900 et
1420 2837 1715 2900 Joannem
1746 2839 1850 2901 ha-

205 2933 297 2994 beo
315 2950 394 2994 ex
412 2933 663 2994 Leontio
695 2931 916 3010 Cyprio
937 2929 1004 2991 in
1028 2930 1460 3007 Supplementa
1486 2926 1634 2989 Vita
1651 2927 1849 2988 illius:

205 3021 468 3096 Ἦδημὲν
511 3029 604 3077 οὖν
635 3023 722 3077 καὶ
770 3021 942 3097 ἕτεροι
992 3020 1283 3098 φθάσαντες
1344 3019 1445 3095 πρὸ
1501 3019 1655 3091 ἡμῶν
1712 3016 1848 3072 κάλ-

206 3111 355 3168 λιστά
385 3133 446 3167 τε
492 3110 590 3167 καί
633 3108 946 3188 ὑψηλότερα
991 3108 1108 3184 περὶ
1162 3108 1352 3163 τούτου
1407 3116 1498 3166 τοῦ
1556 3107 1849 3186 ἀρχιερέως

203 3203 286 3258 καὶ
339 3201 642 3276 θαυμασίου
700 3199 890 3277 ἀνδρὸς
949 3199 1370 3279 ἐφιλοτόφησαν,
1433 3197 1642 3254 δυνατοί
1703 3189 1908 3263 ὄντεςο

204 3290 336 3370 ἔργῳ
376 3293 478 3346 καί
519 3289 691 3368 λόγῳ,
754 3289 900 3366 λέγω
956 3288 1045 3362 δὴ,
1094 3287 1350 3354 Ἰωάννης
1393 3288 1481 3344 καὶ
1540 3285 1847 3366 Σωφρόνιος

205 3383 249 3436 οἱ
287 3377 568 3442 θεοσεϐεῖς
632 3380 720 3436 καὶ
776 3377 1076 3457 φιλάρετοι,
1107 3378 1321 3442 καὶτῆς
1382 3374 1646 3439 εὕσεϐείας
1706 3375 1852 3442 ὄντες

207 3470 540 3549 ὑπερμαχοι.
598 3466 751 3524 Ἀλλ’
809 3467 955 3543 ὅμως
1025 3468 1113 3523 καὶ
1189 3475 1420 3524 τοιοῦτοι
1491 3465 1850 3545 τυγχάνοντες

203 3561 296 3626 τῆς
340 3558 516 3630 ἀξίας,
565 3558 656 3614 καὶ
699 3556 847 3612 αὐτοὶ
892 3563 988 3624 τῆς
1047 3562 1142 3612 τοῦ
1184 3553 1366 3633 ἀνδρὸς
1399 3554 1593 3632 ἀρετῆς
1628 3553 1848 3611 ἀπελεί-

204 3653 435 3729 pensant,
482 3647 575 3703 καὶ
642 3647 832 3702 ταυτὸν
883 3647 1227 3717 πεπόνθασιν,
1276 3644 1432 3701 οἱονεί
1497 3665 1636 3707 τινες
1695 3642 1851 3724 φιλό-

201 3760 351 3795 πονοι
441 3735 678 3814 γεωργοὶ
751 3733 991 3810 ἄμπελον
1068 3733 1261 3801 εὐθαλῆ
1347 3734 1435 3789 καὶ
1513 3733 1851 3809 κατάκαρπον

200 3832 528 3906 τρυγῶντες,
605 3823 686 3880 ὅτι
769 3822 1149 3898 καταλείψουσι
1216 3820 1430 3885 πάντως
1487 3843 1547 3877 tot
1603 3823 1700 3886 τῆς
1760 3827 1851 3877 τοῦ

201 3923 408 3993 καρποῦ
469 3913 740 3992 εὔλογὶας,
790 3913 878 3969 καὶ
934 3914 1009 3988 μή
1064 3913 1383 3989 βουλόμενοι
1441 3924 1558 3974 τοῖς
1617 3911 1846 3967 κατόπι-

203 4010 321 4064 σθεν
351 4005 532 4062 αὒτῶν
563 4002 905 4061 ἀκολουθοῦσι
935 4015 1185 4080 πτωχοῖς
1236 4001 1410 4079 ἐπιρω
1426 3999 1846 4078 (ολογουμὲνοις,

200 4096 298 4162 τὴν
343 4091 619 4169 ἄμπελον,
682 4090 735 4156 ἐξ
791 4093 867 4146 ὧν
920 4093 1084 4166 ἐσμεν
1113 4091 1202 4147 καὶ
1231 4092 1392 4165 ἡμεῖς
1438 4088 1739 4168 ἐλάχιστοι.
1792 4088 1849 4144 Εἰ

202 4183 304 4260 γὰρ
360 4184 454 4238 καὶ
513 4181 663 4257 πάσῃ
708 4182 880 4237 αὗτὼν
922 4179 1136 4254 δυνάμει
1183 4181 1229 4236 οἱ
1271 4179 1517 4236 πανόσιοι
1561 4184 1704 4232 οὗτοι
1749 4177 1848 4242 τὴν

203 4269 475 4348 ἔγκαρπον
523 4271 725 4336 ταύτην
797 4269 978 4325 ἐλαίαν
1048 4267 1256 4335 ἀληθῶς
1299 4265 1382 4323 διὰ
1437 4271 1543 4322 τῶν
1600 4265 1654 4320 ἐν
1714 4267 1849 4342 αὒτῇ

203 4359 473 4416 πλουσίων
517 4358 739 4431 ἐλαιῶν,
783 4358 882 4426 τὴν
928 4357 980 4413 ἐν
1014 4365 1091 4430 τῷ
1117 4357 1256 4431 οἴκῳ
1285 4363 1376 4412 to?)
1407 4357 1562 4427 Θεοῦ,
1593 4354 1664 4420 ὣς
1689 4376 1849 4434 φησιν

207 4451 234 4504 ὃ
275 4446 522 4523 ὕμνῳδὸς
572 4445 742 4503 Δαυ³ῑδ
784 4446 1183 4525 πεφυτευμένην
1253 4449 1448 4521 τρυγᾷν
1514 4443 1664 4517 ζήλῲ
1722 4443 1854 4500 Θεοῦ

207 4535 571 4608 ἐπετήδευσαν
611 4554 624 4566 ·

210 4632 307 4694 τῆς
366 4625 551 4688 ἐλαίας
612 4627 839 4703 καρπὸς,
886 4628 974 4681 καὶ
1027 4630 1128 4690 τὴν
1185 4622 1452 4698 ἡμετέραν
1521 4620 1709 4688 εὐτελῆ
1767 4626 1854 4679 καὶ

212 4716 429 4795 ψυχρὰν
487 4715 780 4792 προθυμίαν
838 4711 1261 4792 προσδέξασθαι,
1325 4713 1399 4774 ὡς
1471 4712 1536 4766 τὰ
1611 4709 1700 4767 δύο
1759 4717 1857 4778 τῆς

214 4806 390 4882 χήρας
442 4803 638 4860 λεπτά.
702 4806 774 4861 0-3
833 4803 932 4879 γὰρ
994 4799 1221 4865 ἐκείνους
1278 4797 1678 4873 διαϐάλλοντες,
1740 4800 1855 4857 οὐδὲ

217 4893 288 4958 ὡς
339 4892 624 4966 δυνάμενοι
677 4891 776 4956 τὴν
820 4893 993 4948 αὗτῶν
1033 4887 1362 4966 θεοδώρητον
1425 4890 1611 4969 σοφίαν
1659 4903 1856 4964 μιμεῖ-

217 4985 358 5058 σθαι,
405 4983 474 5039 τὰ
534 4989 626 5039 τοῦ
666 4979 867 5037 δικαίου
927 4979 1313 5056 κατορθώματα
1385 4985 1630 5060 συγγαφῇ
1677 5003 1855 5060 παρα-

221 5069 392 5129 δοῦναι
421 5071 782 5145 ἐσπεύσαμεν.
818 5069 945 5130 Jam
979 5067 1140 5130 enim
1173 5077 1232 5130 et
1261 5068 1360 5130 alii
1391 5077 1533 5132 ante
1565 5087 1672 5130 nos
1697 5072 1858 5149 Opti-

225 5177 312 5221 ma
341 5177 598 5241 quaeque
625 5157 980 5220 sublimiora
1004 5157 1080 5219 de
1111 5157 1224 5220 hoc
1261 5157 1540 5238 praesule,
1575 5166 1633 5219 et
1661 5158 1858 5219 admi-

224 5248 401 5310 rando
421 5249 550 5310 viro
575 5245 979 5329 philosophati
997 5251 1266 5326 sunt,qui
1290 5264 1472 5326 opere
1500 5255 1557 5308 et
1583 5264 1862 5309 sermone

227 5337 426 5400 mirum
450 5337 513 5399 in
539 5337 786 5399 modum
809 5335 1185 5416 praestabant,
1209 5336 1471 5398 Joannes
1494 5346 1550 5396 et
1585 5334 1859 5414 Sophro-

227 5426 344 5490 nias
372 5428 452 5510 pii
485 5437 544 5491 et
602 5423 888 5500 studiosi,
950 5423 1306 5504 pietatisque
1360 5433 1854 5504 propugnatores.

229 5515 635 5582 Verumtamen
664 5515 807 5576 licet
839 5514 987 5574 tales
1017 5513 1328 5595 dignitate,
1363 5513 1491 5575 Viri
1519 5513 1743 5578 virtute
1773 5515 1862 5577 in-

217 5603 452 5680 feriores
505 5608 689 5675 fuere
725 5623 742 5670 :
803 5610 865 5667 et
911 5603 1156 5667 subiere
1189 5601 1452 5667 laborem
1483 5621 1650 5687 reque
1683 5614 1862 5688 atque

1927 1879 2044 1922 sua
2058 1861 2292 1935 hausit,
2326 1862 2466 1922 dum
2499 1863 2720 1941 scripto
2743 1864 3055 1942 consignat
3078 1861 3574 1946 Eleemosynarii

1943 1951 2159 2012 Vitam.
2228 1949 2544 2012 Videamus
2594 1966 2737 2030 ergo
2785 1968 3052 2030 quanam
3112 1954 3377 2028 ratione,
3434 1972 3571 2035 qua:

1930 2038 2029 2100 illi
2083 2039 2157 2101 de
2213 2057 2278 2101 se
2327 2038 2647 2113 dixerunt,
2700 2040 2832 2120 ipse
2880 2042 3108 2118 referat
3137 2047 3195 2104 et
3223 2049 3567 2122 pertractat.

1931 2128 2177 2208 Σήμερον
2236 2132 2264 2185 ὁ
2319 2131 2568 2192 ταπεινὸς
2630 2129 2907 2199 Ἰωάννης,
2955 2131 3135 2203 εἶπεν,
3200 2133 3409 2207 μισθὸν,
3460 2133 3566 2190 οὔδ’

1929 2219 2031 2274 ὑπό
2088 2240 2236 2282 τινος
2282 2216 2466 2274 οὒδένα
2510 2217 2874 2291 διεκομίσατο,
2910 2217 3040 2293 μηδ’
3089 2220 3220 2300 ἔσχε
3273 2224 3462 2298 μικρόν
3519 2246 3567 2281 τι

1929 2310 2016 2364 καὶ
2055 2309 2115 2363 τὸ
2159 2309 2324 2386 τυχὸν
2355 2306 2612 2380 ἓξίλασμα
2660 2307 2789 2384 ὑπὲρ
2849 2312 2955 2362 τῶν
2993 2308 3243 2386 μεγάλων
3288 2311 3444 2368 αὐτοῦ
3473 2311 3569 2367 καΐ

1931 2396 2144 2454 πολλῶν
2178 2394 2504 2475 σφαλμάτων
2552 2408 2932 2473 προτενεγιιεϊν
2989 2404 3067 2470 τῷ
3097 2403 3305 2474 Χριστῷ
3340 2417 3354 2432 ⁶
3388 2399 3569 2478 ὥσπερ

1931 2496 2056 2562 γοῦν
2087 2483 2202 2542 οὐδέ
2235 2481 2425 2540 ἅλλοτέ
2455 2505 2606 2540 ποτε,
2645 2481 2703 2541 ’0
2755 2485 2922 2539 τοίνυν
2973 2486 3110 2563 ἱερὸς
3156 2488 3460 2566 Σωφρόνιος
3493 2490 3567 2551 εἷς

1931 2577 1958 2630 ὃ
2004 2577 2066 2630 τὸ
2125 2574 2281 2653 ῥηθὲν
2337 2575 2480 2647 αὖτῷ
2541 2571 2812 2649 ἐϐούλετο,
2860 2577 3097 2654 χαίρειν,
3144 2574 3268 2655 ἔφη,
3333 2579 3568 2657 σήμερον

1932 2662 2056 2738 ἔδει,
2117 2665 2202 2718 καὶ
2264 2666 2532 2740 εὒθυμεϊν,
2590 2663 2969 2740 μακαριώτατε
3017 2661 3272 2738 δέσποτα,
3333 2665 3444 2722 ἀνθ’
3491 2670 3568 2723 ὧν

1933 2751 2070 2810 οὕτω
2155 2753 2251 2819 τὴν
2335 2754 2708 2808 πιστευθεϊσαν
2795 2753 3026 2827 ποίμνην
3082 2759 3180 2828 ζῇν
3238 2755 3293 2809 ἐν
3374 2755 3560 2834 εἰρήνῃ

1933 2843 2354 2918 παρεσκεύασας.
2388 2838 2578 2901 llodie
2637 2840 2882 2902 humilis
2936 2843 3192 2903 Joannes
3223 2842 3566 2906 mercedem

1934 2929 2152 2990 nullam
2186 2948 2219 2990 a
2240 2947 2538 3011 quoquam
2561 2929 2789 3004 retulit,
2824 2947 2936 2992 nec
2966 2929 3172 2992 habuit
3195 2931 3471 3010 pusillam
3509 2942 3570 2997 et

1935 3019 2105 3080 vilem
2127 3019 2523 3098 expiationem
2546 3036 2652 3098 pro
2677 3019 2833 3097 [142]
2855 3019 3082 3099 magnis
3103 3020 3226 3082 suis
3246 3021 3567 3102 multisque

1934 3107 2347 3188 erratis,quam
2373 3107 2607 3170 Christo
2631 3109 2898 3170 oﬂ'erret:
2927 3108 3430 3189 quemadmodum
3455 3130 3567 3175 nec

1935 3215 2180 3278 usquam
2214 3196 2381 3260 alias.
2420 3195 2602 3258 Sacer
2632 3198 2826 3277 itaque
2870 3199 3260 3278 Sophronius,
3296 3200 3354 3261 in
3387 3220 3566 3281 quem

1933 3286 2160 3349 dictum
2192 3285 2514 3366 direxerat,
2547 3286 2934 3348 Gaudendum
2993 3304 3124 3348 esse
3155 3287 3354 3362 hodie,
3390 3291 3563 3366 dixit,

1933 3375 2321 3456 hilariterque
2379 3374 2538 3439 diem
2573 3375 3029 3449 traducendum,
3068 3377 3418 3441 Beatissime
3450 3380 3564 3443 do-

1935 3465 2118 3539 mine,
2154 3471 2468 3544 propterea
2516 3464 2673 3543 quod
2726 3483 2965 3542 gregem
3012 3465 3119 3525 tibi
3153 3468 3561 3531 concreditum

1934 3554 1994 3614 in
2019 3571 2163 3633 pace
2195 3553 2387 3614 vivere
2419 3552 3103 3633 elﬁcis,etc.Scrz’pserat
3144 3553 3216 3616 de
3247 3553 3568 3620 Iuventio-

1933 3661 2011 3705 ne
2034 3641 2266 3720 Capitis
2287 3640 2357 3704 S.
2385 3639 2643 3703 Joannis
2671 3641 2965 3722 Baptista
2989 3643 3322 3706 Marcellus
3344 3646 3572 3709 Archi-

1934 3729 2489 3804 mandrita,scribit
2518 3738 2572 3792 et
2600 3728 3068 3810 Metaphrastes;
3089 3731 3193 3794 sed
3213 3733 3569 3808 Marcellus;

1937 3818 2312 3900 Ἀπεκαλύφθη
2371 3818 2424 3876 δὲ
2495 3821 2630 3896 μετὰ
2686 3819 2849 3900 φόϐου
2915 3823 3001 3878 καὶ
3061 3822 3261 3901 τρόμου
3321 3824 3375 3879 ἐν
3433 3825 3566 3883 εἴδει

1932 3910 2151 3988 ἀστέρος
2204 3911 2364 3987 πυρὸς
2408 3910 2528 3985 ἐμοὶ
2569 3916 2644 3983 τῷ
2688 3909 2960 3990 ἐλαχίστῳ
3003 3909 3212 3990 ἀδελφῷ
3272 3913 3570 3992 Μαρκέλλω

1931 4001 2065 4057 κατὰ
2088 4000 2151 4055 τὰ
2173 3999 2574 4077 ὑποτεταγμένα
2600 3999 2842 4075 ὁράματα
2861 4000 3037 4056 πίστιν
3065 3998 3568 4080 ἕχον.ιῖθτθίειιιη1

1933 4095 2022 4150 est
2050 4097 2248 4150 autem
2271 4106 2402 4150 cum
2433 4088 2646 4149 timore
2675 4095 2734 4149 et
2755 4095 3015 4150 tremore
3034 4087 3095 4149 in
3117 4089 3320 4170 specie
3347 4090 3567 4156 sideris

1933 4176 2087 4255 ignei
2123 4176 2270 4238 mihi
2297 4176 2545 4238 minimo
2570 4175 2738 4240 fratri
2758 4175 3398 4255 Marcello,secundum
3429 4181 3571 4245 sub-

1929 4267 2120 4348 jectas
2158 4264 2424 4327 visiones
2463 4265 2640 4327 ﬁdem
2674 4265 2922 4329 habens.
2956 4266 3064 4343 Et,
3103 4267 3568 4349 Κατηξίωσενςέμέ

1935 4359 2024 4412 τὸν
2057 4355 2245 4412 ἑαυτοῦ
2273 4354 2458 4412 δοῦλον
2492 4355 2799 4433 Μάρκελλον
2827 4357 3018 4426 θεατὴν
3048 4359 3286 4436 γενέσθαι
3314 4363 3413 4428 τῆς
3445 4385 3576 4440 προ-

1935 4445 2188 4520 κειμένης
2223 4446 2480 4521 ὁράσεως.
2519 4444 2678 4503 Εἶδον
2709 4447 2808 4525 γὰρ
2853 4449 2906 4503 ἐν
2961 4449 3185 4525 ὁράματι
3228 4451 3328 4516 τῆς
3359 4453 3569 4517 νυκτός.

687 4535 809 4592 ἀλλ’
856 4534 1001 4611 ὅμως
1047 4533 1280 4591 διέλαθεν
1347 4533 1533 4595 αὐτοὺς
1607 4534 1635 4588 ὁ
1689 4531 1852 4597 πολὺς

1937 4534 2222 4614 Dignatus
2247 4541 2353 4604 est,
2368 4552 2461 4596 me
2473 4552 2708 4597 servum
2735 4554 2905 4596 suum
2923 4534 3266 4600 Marcellum
3281 4548 3573 4620 spectato'

1939 4641 2066 4685 rem
2088 4621 2218 4684 ﬁeri
2244 4624 2555 4703 praesentis
2584 4623 2851 4687 visionis.
2886 4623 3018 4688 Vidi
3049 4627 3206 4690 enim
3242 4626 3304 4690 in
3343 4628 3575 4692 visione

1938 4711 2152 4774 noctis.
2169 4711 2608 4793 Metaphrastes
2639 4733 2654 4775 :
2679 4714 2986 4794 Μάρκελλος
3017 4739 3097 4782 τις
3122 4719 3212 4774 τὸν
3231 4719 3344 4795 βίον
3370 4719 3573 4800 ἐπιφα-

1938 4803 2056 4882 νῆς,
2090 4804 2181 4858 τὸν
2211 4803 2402 4882 τρόπον
2434 4803 2710 4884 θεοφιλὴς,
2757 4805 2817 4868 ὃς
2846 4807 2935 4862 καὶ
2978 4812 3150 4881 μονῆς
3193 4806 3291 4876 τῆς
3331 4809 3468 4864 κατὰ
3513 4812 3574 4866 τὸ

1932 4891 2221 4962 Σπῆλαιον
2279 4895 2594 4973 καθηγεττο,
2644 4895 2780 4951 κατά
2849 4916 2966 4952 τινα
3022 4897 3182 4954 νύκτα
3241 4898 3341 4964 τῆς
3399 4897 3574 4966 μέσης

1938 4979 2226 5056 ἑϐδομάδος
2287 4987 2394 5038 τῶν
2437 4989 2697 5049 νηστειῶν
2757 4984 2884 5064 ὄναρ
2943 4984 3178 5042 τοιοῦτον
3222 4987 3341 5065 ὁρᾷ,
3389 4987 3445 5052 ὃς
3477 4987 3575 5044 καί

1940 5072 2000 5127 τὸ
2045 5071 2227 5149 ὁραθέν
2270 5083 2389 5134 τοῖς
2431 5070 2522 5129 ὑπ’
2553 5077 2696 5146 αὐτῷ
2741 5071 3005 5151 διηγεῖτο,
3040 5073 3231 5130 οὖτωσὶ
3274 5077 3406 5154 πρὸς
3436 5074 3577 5142 λέξιν

1941 5158 2166 5225 διεξιών,
2202 5157 2516 5223 Marcellus
2564 5161 2803 5242 quidam
2857 5162 2975 5224 vita
3004 5161 3274 5236 illustris,
3310 5163 3579 5228 moribus

1942 5248 2206 5330 pius,qui
2238 5250 2783 5332 monasterio,quod
2813 5250 2875 5311 in
2909 5249 3138 5330 Spelreo
3169 5261 3574 5334 est,praaerat,

1942 5348 2115 5400 nocte
2145 5339 2396 5420 quadam
2432 5339 3028 5419 mediaajejuniorum
3063 5339 3458 5405 hebdomadis
3489 5350 3577 5403 vi-

1941 5427 2170 5489 sionem
2189 5428 2343 5491 hanc
2361 5429 2961 5508 intuetur,visumque
2981 5429 3091 5490 sibi
3106 5432 3394 5511 subjectis
3413 5451 3582 5495 enar-

1942 5515 2108 5578 rabat
2139 5518 2266 5579 haec
2299 5518 2373 5580 ad
2402 5517 2648 5580 verbum
2684 5517 3022 5581 enuntians.
3062 5519 3206 5593 Quae
3236 5522 3438 5600 itaque
3465 5520 3581 5584 alii

1943 5607 2017 5672 de
2036 5608 2250 5690 seipsis
2269 5609 2337 5672 in
2351 5624 2558 5672 rerum
2574 5614 2887 5691 gestarum
2908 5609 3235 5691 serie,dum
3254 5613 3480 5690 scripto
3499 5614 3580 5676 vi-
