4004 6138
337 307 449 382 175

1338 307 1436 379 DE
1486 314 2032 380 AUCTORITATE
2096 313 2705 383 METAPHRASTE.

3603 306 3723 379 176

329 454 566 534 privait,
601 455 635 515 εὶ
671 453 728 516 la
757 471 866 516 vue
907 451 1013 515 des
1044 453 1218 516 biens
1271 452 1530 516 éternels
1561 471 1679 531 que
1709 454 1763 516 la
1795 454 1874 515 foi
1906 455 1988 516 lui
2010 462 2048 512 A
2072 456 2309 517 vaincre
2342 473 2406 517 sa
2434 454 2707 530 fermeté,
2743 461 2795 516 et
2851 453 3120 532 l’obliger
3148 453 3558 533 d’acquiescer
3585 468 3722 514 aua:

327 541 528 607 faisait
557 544 889 622 envissger.

408 633 509 697 Cet
545 633 781 696 homme
799 635 904 712 qui
936 631 1151 713 veri/ia
1187 633 1244 694 la
1270 633 1608 713 pre’diction
1637 652 1751 714 que
1779 635 1983 696 Je‘sus-

327 722 530 785 Christ
553 725 719 786 avait
738 722 1035 802 faite,que
1061 725 1145 785 les
1166 731 1408 802 parents
1437 723 1804 786 trahiraient
1826 727 1987 786 teurs

321 830 577 894 propres
608 813 850 890 enfants
875 819 931 875 et
969 812 1050 873 les
1079 811 1436 874 lz'vreraient
1462 813 1834 875 eux-mémes
1861 831 1988 874 oua:

322 904 498 982 iuges
528 903 564 964 ὰ
594 919 774 964 cause
804 901 879 963 de
923 900 1033 972 lui,
1069 900 1193 962 ulla
1213 902 1378 977 faire
1409 919 1490 964 au
1523 903 1849 981 magistrat
1878 904 1986 964 des

320 991 581 1072 plaintes
612 991 686 1054 de
715 1008 824 1054 son
853 990 969 1071 ﬁts,
1003 1007 1234 1054 comme
1263 989 1410 1053 tl’un
1453 991 1666 1070 enfant
1697 990 1923 1054 rebelle
1948 992 1987 1053 ii

324 1098 434 1144 son
458 1082 601 1162 pere
625 1086 683 1144 et
713 1098 843 1143 auat
865 1081 1075 1143 dieare.

402 1172 483 1233 Le
539 1169 845 1250 magistrat
884 1187 1108 1251 euvoya

319 1260 569 1332 prcndre
627 1259 837 1331 Cyrille
868 1273 972 1330 par
1005 1261 1104 1316 des

321 1350 577 1418 soldats;
640 1358 687 1406 et
743 1349 950 1422 l’ayant
995 1350 1106 1421 [ait

317 1439 473 1496 venir
493 1439 690 1496 elevant
714 1438 818 1505 lui,
840 1438 884 1494 il
913 1453 1106 1509 essaya

320 1529 384 1586 de
414 1530 461 1588 le
490 1544 740 1586 ramener
771 1543 892 1585 aus:
915 1529 1104 1584 volon-

321 1619 396 1675 te’s
423 1619 491 1676 de
515 1635 608 1674 son
631 1618 852 1692 perget
876 1617 917 1674 il
942 1617 1020 1676 lui
1044 1618 1105 1676 ﬁt

323 1711 548 1769 ensnite
577 1709 646 1768 de
695 1709 940 1782 grandes
983 1725 1102 1766 me-

321 1815 495 1860 naces
550 1813 694 1872 pour
748 1798 1103 1857 l'intimidcr.

323 1891 543 1962 Voyant
590 1905 702 1963 que
734 1889 940 1961 Cyrille
973 1889 1106 1946 n’en

1270 1169 1409 1232 Haec
1467 1188 1650 1248 agens
1701 1170 1762 1232 in
1831 1171 1979 1233 iram

1189 1259 1540 1330 provocabat
1579 1259 1844 1318 Caesareae
1887 1260 1984 1332 ju-

1190 1349 1417 1420 dicem,
1489 1356 1538 1406 et
1603 1365 1799 1410 vocans
1865 1368 1983 1409 eum

1183 1453 1286 1510 per
1339 1439 1796 1496 ministrationem
1829 1441 1981 1498 mili-

1191 1535 1309 1584 tum
1334 1572 1347 1595 ,
1417 1537 1464 1585 et
1552 1535 1762 1587 terrens
1820 1533 1985 1589 simul

1187 1617 1252 1675 de
1293 1618 1546 1690 iudiciis,
1586 1620 1803 1678 videbat
1857 1623 1984 1694 qui-

1195 1708 1314 1765 dem
1385 1711 1446 1766 in
1513 1710 1783 1782 principio
1859 1727 1983 1767 eum

2072 544 2339 606 volantes
2372 543 2442 605 de
2475 561 2584 604 son
2616 545 2782 622 pere.

2144 637 2298 691 Ceam
2326 649 2429 706 que
2482 633 2674 704 lejuge
2713 633 2858 688 avait
3015 630 3243 697 Quando
3319 636 3490 688 autem
3554 645 3726 702 neque

2068 727 2282 783 commis
2308 724 2859 797 pourluirapporter
2939 723 3268 794 tacrqmatus
3314 738 3447 794 puer
3497 722 3726 776 nuntia-

2070 817 2162 872 des
2201 813 2470 872 nouuelles
2495 813 2558 868 de
2586 813 2638 868 ta
2679 823 2860 870 conte-
2941 813 3118 880 batur,
3159 827 3324 884 neque
3387 811 3570 884 ignem
3606 827 3724 867 me-

2069 921 2243 962 nance
2269 921 2363 977 que
2393 908 2475 960 cet
2513 905 2699 976 ess/ant
2729 905 2858 959 tien-
2937 910 3110 966 tuens.
3167 903 3226 958 in
3288 918 3437 974 quem
3499 901 3731 974 injicere

2069 994 2218 1052 drait
2281 995 2315 1050 ὰ
2349 995 2401 1051 la
2430 1009 2532 1051 vue
2576 992 2668 1050 des
2707 999 2857 1051 tour-
2940 992 3081 1049 hunc
3110 993 3470 1060 minabantur,
3501 991 3598 1050 sed
3618 1009 3730 1064 pa-

2069 1091 2262 1153 ments,
2319 1086 2550 1141 vinrent
2605 1082 2686 1140 lui
2739 1081 2864 1140 dire
2945 1083 3266 1139 tientissime
3345 1081 3415 1136 ad
3495 1086 3727 1138 mortem

2066 1173 2239 1245 qu’on
2277 1173 2494 1230 n’avait
2528 1187 2602 1243 pu
2644 1171 2722 1230 lui
2762 1187 2852 1230 ar—
2931 1177 3240 1244 pergentem
3270 1187 3290 1228 :

2065 1263 2278 1324 racher
2309 1281 2426 1324 uno
2457 1263 2790 1342 larine;que
2814 1260 3117 1340 lorsqu’on
3135 1259 3287 1321 svait
3314 1258 3420 1320 fait
3452 1258 3615 1321 mine
3639 1257 3721 1321 de

2069 1353 2121 1414 le
2147 1353 2306 1432 jeter
2336 1352 2484 1413 dans
2533 1351 2590 1412 le
2619 1351 2736 1422 feu,
2771 1350 2813 1412 il
2858 1351 3076 1412 n’avait
3111 1349 3167 1410 ni
3199 1349 3423 1429 reculé,
3455 1354 3525 1410 ni
3564 1349 3718 1426 crié,

2065 1444 2132 1502 ni
2160 1440 2393 1520 change
2421 1443 2492 1502 de
2546 1439 2784 1502 caulem
2825 1453 2841 1511 ;
2898 1457 3014 1520 que
3043 1439 3242 1518 quand
3297 1457 3375 1500 on
3407 1440 3501 1500 lui
3553 1443 3723 1501 avait

2063 1534 2178 1610 fait
2207 1534 2346 1594 voir
2398 1530 2588 1609 t’épée
2616 1549 2774 1610 pour
2823 1530 2918 1591 lui
2945 1546 3167 1609 couper
3197 1529 3257 1591 la
3299 1528 3442 1604 téte,
3476 1527 3523 1589 il
3552 1531 3724 1593 avait

2059 1623 2336 1702 pre'sente’
2387 1621 2442 1682 le
2469 1637 2599 1692 cou,
2636 1638 2782 1682 avec
2810 1637 2930 1682 une
2979 1619 3316 1682 resolution
3347 1619 3596 1698 capable
3641 1619 3723 1681 de

2064 1712 2222 1789 faire
2251 1709 2536 1772 trembler
2568 1710 2623 1772 le
2654 1710 2962 1772 bourreau
2993 1727 3008 1771 :

1189 1814 1294 1855 non
1360 1799 1602 1869 terreri,
1674 1801 1768 1856 sed
1833 1799 2045 1878 omnia
2137 1801 2207 1856 Le
2225 1801 2380 1872 juge,
2409 1799 2559 1872 plein
2597 1797 2860 1856 d’e'tonne-
2939 1799 3148 1855 Iterum
3208 1801 3365 1854 vocat
3417 1796 3564 1854 hunc
3619 1795 3727 1853 Ju-

1192 1895 1443 1946 momento
1498 1887 1564 1944 ab
1618 1891 1770 1946 omni
1819 1889 1982 1962 trepi-

2069 1895 2279 1947 nement
2336 1895 2384 1946 et
2442 1888 2861 1959 d'admiration,
2944 1889 3065 1959 des,
3100 1888 3286 1945 docere
3340 1888 3616 1945 animatus
3671 1893 3728 1946 et

324 1980 459 2039 était
518 1994 620 2052 pas
677 1981 807 2049 plus
865 1979 1014 2045 émn,
1060 1979 1103 2036 il
1183 1978 1406 2036 datione
1451 1994 1699 2036 securum
1746 1966 1987 2051 (astare)
2068 1985 2133 2042 ﬁt
2161 1986 2387 2043 revenir
2420 1985 2630 2057 Cyrille
2658 1984 2865 2042 devant
2947 1982 3106 2041 verbo
3150 1982 3386 2040 suadere
3431 1982 3727 2040 secundum

322 2069 566 2142 changea
616 2071 682 2127 de
739 2069 996 2134 discours,
1057 2078 1110 2127 et
1195 2069 1419 2126 modica
1499 2071 1690 2128 omnia
1785 2079 1982 2127 contra
2070 2075 2684 2142 lui,etfaisantva|oir
2721 2075 2846 2132 I’in-
2930 2075 3154 2130 solitum
3198 2072 3304 2130 sibi
3349 2087 3580 2150 ,νηοί-ιω.
3629 2073 3726 2130 Vi-

321 2160 701 2234 luiditqu'on
737 2159 820 2218 lui
858 2161 1109 2232 pardon-
1194 2159 1366 2223 ﬁdem
1413 2167 1860 2232 computantem.
1893 2161 1983 2216 En
2067 2167 2344 2238 dulgence
2377 2165 2517 2238 qu’il
2561 2167 2848 2223 avaiteue
2935 2165 3086 2229 disti,
3151 2181 3184 2219 o
3255 2178 3396 2235 puer
3471 2164 3725 2235 (inquit),

320 2252 442 2308 nait
473 2251 524 2308 le
556 2250 858 2322 passé,s‘il
889 2251 1105 2309 voulait
1189 2250 1441 2322 indulgeo
1499 2249 1614 2317 tibi,
1648 2250 1831 2320 inquit
1883 2248 1980 2304 Ju-
2063 2271 2215 2328 ρουι-
2270 2254 2366 2320 lui,
2405 2255 2440 2310 il
2499 2254 2775 2312 |’exhorta
2808 2256 2836 2311 ὲ
2925 2253 3715 2325 ignem;vidisti.ojuvenis,

323 2341 444 2399 atro
476 2356 654 2412 sago;
697 2355 808 2412 que
838 2356 943 2398 son
978 2340 1114 2413 pere
1197 2340 1316 2406 dex,
1359 2356 1390 2396 ο
1420 2355 1580 2412 puer,
1611 2338 1824 2396 delicta.
1877 2339 1980 2396 Di-

322 2431 540 2490 voulait
568 2431 700 2489 bien
732 2431 960 2489 oubller
990 2438 1112 2488 tou-
1193 2431 1364 2488 mittit
1397 2429 1495 2484 tibi
1541 2436 1590 2484 et
1612 2438 1782 2502 pater
1811 2432 1977 2502 offen-

321 2528 400 2580 tes
443 2538 526 2580 ses
581 2521 1016 2588 de’sobéissancex,
1053 2532 1108 2580 et
1192 2538 1324 2590 sam,
1372 2521 1432 2576 in
1475 2520 1693 2577 domum
1753 2520 1979 2592 suscipit

323 2621 451 2669 tous
479 2611 562 2669 les
593 2622 788 2670 autres
823 2613 1003 2684 suiets
1034 2613 1105 2670 de
1187 2620 1255 2668 te.
1312 2611 1464 2668 Licet
1513 2611 1614 2667 tibi
1670 2611 1786 2682 frui
1838 2610 1979 2666 bona

2063 2356 2284 2404 rentrer
2319 2359 2389 2402 en
2433 2344 2754 2410 lui-meme,
2786 2355 2840 2403 et
2926 2344 3185 2415 gladium
3222 2362 3238 2400 :
3313 2341 3528 2399 sobrius
3587 2352 3720 2412 esto,

2061 2440 2090 2494 a
2133 2435 2367 2508 proﬁler
2427 2435 2497 2492 de
2556 2435 2605 2491 la
2667 2435 2837 2506 grace
2924 2447 2984 2492 ut
3019 2437 3224 2490 iterum
3271 2433 3482 2489 habeas
3541 2435 3724 2504 patris

2060 2527 2198 2599 qu’il
2234 2526 2424 2582 vonait
2450 2525 2520 2581 de
2553 2525 2830 2582 recevoir.
2919 2526 3150 2581 domum
3191 2530 3244 2580 et
3271 2523 3568 2580 fortunam.

2146 2615 2406 2675 L’enlant
2438 2616 2517 2672 lui
2548 2616 2836 2685 répondit:
2991 2613 3092 2679 Qui
3188 2613 3460 2684 respondit
3493 2631 3512 2671 :

2060 2709 2203 2766 Lom
2241 2707 2308 2762 de
2341 2721 2431 2762 me
2462 2705 2602 2761 laire
2633 2704 2833 2776 greco.
2925 2704 3112 2770 cuisti,
3157 2719 3190 2760 ο
3221 2709 3470 2774 tyranne,
3520 2721 3598 2759 me
3628 2720 3722 2762 re-

2061 2813 2197 2855 vons
2235 2794 2446 2854 m'avez
2495 2794 2594 2852 fait
2653 2793 2834 2868 grand
2923 2809 3168 2861 uocans;
3221 2793 3453 2861 nocuisti,
3509 2799 3563 2852 et
3591 2811 3725 2867 pes-

2059 2895 2190 2951 tort,
2225 2899 2294 2942 en
2332 2899 2421 2942 me
2471 2884 2713 2941 retirant
2744 2883 2845 2940 des
2929 2883 3064 2940 sime
3077 2883 3328 2954 gessisti:
3355 2883 3574 2949 frustra
3593 2900 3723 2943 suc-

2060 2978 2190 3035 {eux
2227 2982 2283 3032 et
2306 2974 2406 3031 des
2429 2971 2697 3046 épées.Ce
2717 2972 2851 3030 n’est
2932 2971 3163 3030 eendisti
3192 2973 3388 3044 ignem,
3413 2974 3530 3031 sine
3551 2991 3723 3032 causa

3604 2613 3726 2670 No-

327 2701 1000 2774 mécontentementqu’il
1021 2701 1102 2757 lui
1183 2701 1380 2772 patris,
1415 2701 1467 2757 si
1511 2700 1726 2756 solrius
1779 2698 1900 2769 ﬁas,
1930 2701 1980 2757 si

321 2791 470 2848 avait
501 2791 724 2856 causes,
756 2790 808 2848 le
844 2792 1102 2848 recevoir
1184 2789 1494 2862 tibimetipsi
1539 2787 1628 2845 des
1658 2788 1973 2860 cogitatum.

324 2879 472 2942 dans
529 2899 625 2942 ma
656 2879 909 2956 maison,
940 2879 1032 2942 lui
1062 2881 1289 2942 rendre
1344 2888 1474 2942 tout
1502 2897 1566 2942 ce
1617 2879 1769 2960 qu’il
1810 2885 1976 2942 auait

322 2970 542 3051 perdu,
578 2976 638 3031 et
669 2969 726 3032 lo
755 2968 1001 3032 rétablir
1032 2970 1178 3032 dans
1209 2970 1296 3032 les
1327 2970 1510 3032 droits
1540 2969 1614 3031 de
1645 2987 1710 3031 sa
1741 2989 1976 3033 succes-

325 3059 482 3136 sion,
517 3060 662 3123 dont
693 3059 738 3122 il
771 3059 987 3121 l’avait
1016 3060 1208 3140 price.
2050 3066 2213 3139 point
2239 3079 2348 3121 une
2373 3061 2856 3135 indulgence,e‘est

395 3147 604 3220 Cyrille
637 3148 716 3205 lui
773 3148 851 3204 dit
872 3147 1114 3238 iqu'itrse
1247 3147 1623 3238 WBeatissimus
1684 3165 1803 3207 vero
1834 3148 2036 3238 Περ-α
2057 3168 2160 3208 une
2187 3151 2413 3208 cruaute’
2435 3167 2530 3224 que
2559 3167 2683 3205 vous
2707 3164 2843 3206 avez

321 3238 674 3311 réjouissalt,
699 3253 808 3294 non
848 3237 938 3294 des
966 3237 1121 3294 belles
1200 3237 1366 3293 rillus
1397 3281 1410 3304 ,
1479 3238 1690 3295 Gaudeo
1716 3282 1728 3303 ,
1809 3237 1972 3302 dixit,
2008 3237 2019 3238 “
2057 3241 2269 3300 exerce}
2313 3248 2496 3299 contra
2549 3240 2680 3297 moi.
2738 3239 2839 3296 J'al

2934 3061 3182 3134 gladium
3270 3062 3482 3121 acuisti.
3553 3063 3724 3128 Multo

2929 3150 3110 3222 major
3164 3150 3288 3221 (est)
3324 3151 3517 3210 domus
3553 3169 3726 3225 quam

2929 3238 3171 3296 habitare
3245 3242 3444 3312 festino
3476 3259 3494 3296 .'
3551 3244 3724 3301 multo

2927 3329 3135 3386 diuitias
3153 3331 3581 3403 prastantiores.
3605 3333 3725 3391 Has

321 3343 617 3402 promesses
647 3327 778 3384 dont
809 3344 874 3382 on
913 3328 958 3384 le
985 3327 1118 3396 ﬂat-
1198 3343 1317 3383 cum
1353 3343 1456 3401 pro
1485 3327 1570 3384 his
1625 3327 1762 3384 mihi
1792 3327 1976 3383 incre-
2058 3341 2345 3390 uneautre
2369 3330 2589 3389 maison
2612 3339 2667 3389 et
2688 3331 2841 3388 d‘au-

320 3421 446 3488 tait,
480 3415 622 3476 mals
672 3417 770 3474 des
805 3422 1114 3487 t'eproches
1191 3425 1370 3490 patur.
1428 3417 1552 3489 Ego
1612 3419 1768 3476 enim
1825 3415 1978 3488 apud

324 3518 379 3567 et
408 3508 507 3566 des
540 3523 806 3566 menaces
838 3508 1011 3579 qu‘on
1039 3505 1118 3565 lui
1204 3507 1378 3564 Deum
1444 3509 1648 3577 optime
1708 3507 1975 3577 recipiat.

323 3599 553 3666 laisait;
589 3598 732 3671 qu'il
793 3613 854 3654 se
914 3613 1120 3655 conso-
1195 3596 1436 3654 Delector
1465 3598 1617 3654 doma
1651 3613 1768 3655 mea
1792 3597 1984 3669 priva-

322 3689 425 3746 lait
474 3689 754 3746 aisément
787 3687 855 3744 de
910 3704 969 3743 se
1002 3688 1124 3743 voir
1208 3694 1316 3744 tus.
1379 3688 1649 3745 Habitabo
1689 3689 1828 3744 enim
1867 3705 1984 3743 ma-

331 3777 533 3834 chassé
591 3777 662 3834 de
693 3777 745 3834 la
783 3777 1004 3833 msison
1056 3777 1130 3833 de
1195 3777 1373 3848 jorem
1407 3787 1453 3831 et
1476 3779 1762 3834 meliorem.
1792 3779 1987 3850 Sponte

327 3883 432 3926 son
461 3871 614 3938 pere,
639 3883 742 3940 par
765 3867 1120 3938 l’espérauce
1201 3866 1270 3937 ﬁo
1319 3882 1554 3938 pauper,
1586 3876 1644 3924 ut
1672 3871 1844 3939 [ruor
1896 3869 1984 3925 di-

328 3958 469 4030 qu’il
536 3959 686 4016 avait
753 3956 928 4014 d’etre
988 3971 1126 4027 non
1210 3956 1359 4013 vitiis
1413 3957 1724 4028 (teternis);
1769 3957 1982 4015 bonam

329 4049 474 4107 dans
504 4047 644 4106 celle
678 4045 748 4105 de
783 4046 958 4113 Dion;
993 4045 1134 4118 qu’il
1220 4054 1430 4101 mortem
1459 4061 1573 4104 non
1621 4053 1825 4114 metuo,
1856 4049 1984 4120 quia

328 4140 650 4195 consentait
702 4137 772 4194 de
821 4135 1122 4193 demeurer
1203 4136 1374 4192 vitam
1399 4137 1655 4208 provideo
1703 4138 1842 4194 mihi
1871 4153 1983 4195 me-

327 4241 564 4300 pauvre,
591 4242 812 4298 pourvu
845 4226 984 4298 qu’il
1019 4225 1120 4296 put
1205 4226 1414 4283 liorem.

321 4317 485 4398 jouir
517 4317 622 4379 des
677 4315 979 4377 richesses
1038 4316 1355 4378 éternelles
1409 4315 1561 4379 dans
1594 4317 1650 4379 le
1707 4318 1872 4400 ciel;
1923 4327 1980 4382 et

335 4407 512 4486 qu’au
545 4413 706 4466 reste
763 4405 804 4466 il
837 4423 910 4467 ne
967 4404 1256 4483 craignait
1305 4406 1470 4486 point
1511 4407 1567 4469 la
1599 4417 1773 4483 mort,
1805 4427 1979 4489 parce

2060 3426 2175 3479 tres
2201 3422 2484 3479 richesses
2518 3421 2546 3478 it
2576 3422 2837 3478 attendro
2927 3420 3168 3493 accipere
3217 3436 3252 3478 a
3281 3419 3504 3478 Domino
3557 3438 3725 3481 acce-

2059 3527 2161 3584 que
2215 3510 2368 3567 celles
2420 3509 2482 3564 de
2525 3527 2637 3565 mon
2689 3509 2836 3582 pere.
2925 3510 3063 3581 tero,
3086 3509 3319 3566 celerius
3344 3525 3431 3568 nte
3456 3525 3724 3570 consum-

2062 3601 2366 3672 J’espérais
2399 3612 2470 3656 en
2521 3600 2665 3658 aller
2689 3601 2850 3672 jouir
2945 3617 3050 3666 ma,
3081 3607 3143 3656 ut
3173 3601 3401 3657 celerius
3427 3601 3606 3672 fruar.

2067 3695 2303 3769 lorsque
2356 3707 2505 3752 vous
2553 3689 2787 3752 m’avez
2838 3690 2934 3753 όιέ
2988 3697 3134 3753 cette
3160 3691 3566 3768 satisfaction.
3629 3690 3722 3756 Ne

2067 3779 2353 3842 m’enviez
2381 3779 2536 3840 donc
2569 3797 2671 3859 pas
2703 3781 2834 3859 plus
2867 3778 3198 3859 longtemps
3242 3798 3380 3840 mon
3412 3778 3715 3846 bonheur.

2147 3871 2262 3932 Les
2292 3868 2626 3943 assistauts,
2661 3869 2856 3947 égale-
3017 3869 3095 3930 Et
3126 3869 3254 3930 hazc
3280 3869 3598 3933 audientes
3622 3889 3722 3934 as-

2067 3957 2475 4039 meutsurpris
2497 3955 2600 4018 des
2622 3958 2848 4020 raison-
2931 3963 3122 4020 tantes
3158 3957 3663 4036 lacrymabantur
3701 3981 3720 4023 :

2065 4056 2340 4110 nements
2371 4055 2430 4107 et
2458 4046 2533 4107 de
2581 4047 2634 4108 la
2666 4065 2845 4107 cons-
2924 4045 3724 4128 puerautemlacryntasco-

2071 4145 2245 4198 tance
2275 4135 2350 4197 de
2391 4154 2456 4197 ce
2484 4136 2669 4214 jeune
2721 4155 2857 4214 εει-η
2941 4154 3073 4196 rum
3109 4133 3455 4215 inculpabat
3485 4145 3563 4214 et,
3593 4137 3725 4201 De-

2064 4245 2204 4302 con,
2243 4245 2318 4287 ne
2384 4234 2598 4305 purent
2630 4227 2856 4286 retenir
2939 4225 3116 4299 betis,
3152 4225 3728 4306 inquit,ridere,de-

2063 4317 2230 4377 lcurs
2298 4316 2523 4376 larmes
2595 4332 2748 4394 pour
2802 4315 2862 4376 la
2943 4315 3091 4376 betis
3139 4314 3462 4392 delectari,
3495 4317 3730 4388 debetis

2062 4407 2348 4485 plupart.
2375 4405 2592 4484 Cyrille
2622 4411 2721 4467 eut
2751 4423 2852 4466 εη-
2942 4403 3081 4484 (me)
3102 4406 3436 4482 producere
3450 4407 3728 4483 gauden-

326 4495 474 4587 quA’il
505 4493 1066 4587 attendaitensuite
1099 4512 1215 4587 une
1247 4494 1334 4556 vie
1367 4495 1499 4574 plus
1543 4497 1838 4558 heureuse
1867 4516 1980 4577 que
1999 4512 2206 4587 Deore
2237 4494 2294 4587 le
2325 4511 2586 4587 courage
2628 4492 2703 4554 de
2731 4493 2864 4587 leur
2949 4501 3032 4556 tes
3077 4493 3158 4554 ad
3181 4495 3562 4587 patiendum.
3596 4495 3728 4558 Ne-

326 4583 477 4648 celle
509 4583 692 4664 qu’on
727 4583 816 4645 lui
847 4582 1083 4645 voulait
1114 4583 1270 4645 (iter.

415 4675 496 4736 Le
512 4675 662 4754 juge
696 4672 911 4734 e'ton-ne'
947 4673 1129 4734 d’une
1276 4672 1424 4736 Haec
1443 4674 1655 4738 dicens
1678 4694 1811 4738 cum
1835 4695 1984 4757 qua-

329 4762 385 4819 si
435 4762 718 4834 ge‘ne‘reuse
769 4761 1011 4832 re'ponse,
1046 4762 1125 4818 lui
1210 4762 1331 4818 dam
1371 4763 1567 4834 dei/ica
1596 4772 1812 4832 virtute,
1839 4783 1982 4837 prte-

327 4851 615 4910 ﬁtmettre
646 4850 728 4908 les
751 4851 1126 4916 ters,etcom-
1209 4851 1409 4923 cipitur
1447 4853 1618 4926 ligari
1658 4854 1981 4927 solemniter,

334 4941 541 5000 manda
586 4939 758 5013 qu’on
793 4939 845 4997 le
879 4938 1128 4997 condul-
1215 4941 1370 5013 quasi
1424 4941 1497 4998 ad
1547 4950 1768 5000 mortem
1817 4944 1984 5002 dedu-

330 5033 406 5090 sit
462 5031 682 5090 auliou
737 5031 812 5088 du
860 5029 1120 5102 supplice
1201 5029 1417 5090 eendus.
1490 5030 1658 5104 Usque
1727 5041 1986 5093 terrorem

336 5137 560 5183 comme
594 5136 738 5192 pour
770 5137 802 5193 y
834 5121 954 5178 etre
983 5120 1126 5178 exé-
1210 5128 1388 5177 autem
1433 5127 1482 5178 et
1501 5124 1804 5194 jussionem
1853 5127 1989 5183 illud

334 5215 483 5269 cuté.
543 5210 590 5268 Il
630 5212 803 5268 donna
860 5227 922 5267 en
956 5213 1118 5266 me‘me
1193 5211 1441 5282 publicos
1473 5213 1984 5288 (ministros)facere

333 5306 496 5374 temps
525 5317 596 5355 un
625 5300 778 5356 ardre
805 5305 969 5356 secret
1001 5317 1107 5358 eux
1194 5300 1382 5371 σπάθας
1443 5303 1724 5374 ρνωείρίι,
1785 5307 1967 5378 proba-

329 5391 662 5448 bourreaux.
693 5389 761 5446 de
786 5389 1064 5447 toutfaire
1095 5392 1121 5446 ii
1208 5392 1405 5446 tionem
1444 5393 1705 5463 accipiens
1729 5399 1908 5467 pueri.

335 5498 445 5542 son
500 5478 700 5557 égard,
736 5479 1021 5557 iusqu’au
1077 5497 1223 5560 coup
1255 5481 1328 5542 de
1379 5481 1437 5542 la
1489 5493 1664 5557 mort,
1702 5487 1854 5549 mais
1910 5490 1984 5552 de

337 5587 414 5632 ne
447 5571 615 5650 point
668 5583 880 5645 passer
908 5585 991 5629 au
1020 5567 1183 5642 dela,
1219 5588 1396 5648 parce
1441 5571 1582 5651 qu’il
1620 5573 1833 5637 voulait
1861 5596 1984 5638 em-

337 5657 543 5742 ployer
602 5674 671 5716 ce
725 5655 968 5717 dernier
1040 5657 1284 5719 reméde
1346 5661 1420 5720 de
1489 5662 1545 5721 la
1604 5679 1772 5745 peur,
1835 5685 1986 5748 pour

2067 4604 2142 4646 en
2173 4583 2322 4645 faire
2351 4583 2458 4645 des
2512 4583 2863 4663 reproches.
2949 4587 3120 4644 scitis
3165 4599 3350 4662 quam
3412 4585 3729 4648 civitatem

2066 4676 2235 4735 Vous
2270 4673 2503 4734 devriez
2545 4673 2689 4748 rire,
2723 4671 2856 4734 leur
2937 4671 3239 4746 habitabo;
3261 4674 3516 4735 nescitis
3538 4692 3730 4754 quam

2068 4763 2355 4839 disait-il,
2381 4771 2439 4823 et
2460 4781 2603 4823 vous
2637 4761 2861 4841 réjouir
2939 4761 3232 4840 ﬁduciam
3262 4759 3467 4824 habeo.
3493 4761 3730 4828 Conce-

2066 4853 2137 4908 de
2191 4851 2341 4909 l'état
2404 4849 2477 4908 ou
2549 4866 2688 4908 vous
2762 4864 2852 4908 me
2936 4850 3047 4906 dite
3081 4849 3159 4906 sic
3202 4850 3498 4922 expendere
3531 4853 3729 4913 vitam.

2069 4953 2261 5012 voyez.
2937 4938 3064 4995 Haec
3084 4937 3282 4994 dicens
3301 4938 3417 4997 ibat
3449 4941 3614 4998 mori.

2145 5040 2382 5112 Lorsque
2406 5041 2591 5113 lejuge
2621 5049 2703 5096 eut
2723 5058 2845 5114 pro-
2931 5039 3275 5112 Splendidus
3296 5049 3483 5098 autem
3515 5051 3568 5100 et
3593 5057 3730 5116 spe-

2071 5131 2308 5189 nonce'la
2339 5136 2585 5187 sentence
2607 5131 2670 5188 de
2688 5137 2853 5200 mort,
2938 5130 3163 5188 ctabilis
3229 5139 3349 5189 erat
3382 5173 3397 5197 ,
3457 5147 3568 5189 non
3639 5151 3735 5192 so-

2078 5223 2150 5280 les
2173 5224 2356 5297 pleurs
2405 5221 2495 5280 des
2522 5229 2712 5281 autres
2769 5240 2852 5282 re-
2935 5225 3045 5281 tum
3093 5225 3144 5280 ei
3207 5222 3298 5296 qui
3337 5227 3532 5298 recipit
3565 5227 3732 5300 hujus

2077 5315 2402 5371 doublérent.
2455 5313 2590 5371 Mais
2637 5313 2859 5386 Cyrille,
2945 5315 3207 5379 animam,
3239 5315 3339 5371 sed
3378 5325 3434 5374 et
3468 5317 3598 5375 aliis
3629 5324 3733 5392 qui

2064 5406 2192 5462 d’un
2226 5409 2322 5460 ton
2350 5403 2443 5474 qui
2495 5403 2758 5474 marquait
2800 5405 2854 5460 ta
2939 5404 3207 5462 Caesareae
3264 5403 3617 5473 habitabant,
3649 5411 3736 5487 ip-

2075 5494 2396 5568 disposition
2444 5492 2508 5550 de
2537 5509 2632 5549 son
2681 5494 2858 5566 grand
2938 5511 3056 5553 sum
3116 5495 3405 5566 adjuvante
3459 5499 3557 5570 qui
3611 5519 3738 5576 reg-

2071 5600 2213 5643 catur
2243 5590 2293 5638 et
2341 5580 2396 5638 la
2439 5581 2653 5640 solidité
2678 5583 2744 5640 de
2789 5599 2850 5642 sa
2931 5589 3033 5640 nat
3057 5584 3117 5639 in
3146 5585 3345 5643 saecula
3391 5589 3733 5653 secutorum.

2077 5675 2212 5753 joie,
2237 5672 2349 5729 leur
2376 5672 2477 5732 dit:
2511 5671 2570 5731 Si
2602 5687 2743 5733 vous
2770 5689 2855 5734 sa-
2935 5675 3119 5733 Amen.
