4004 6138
335 301 447 374 179

1330 315 1430 381 DE
1484 314 2026 380 AUCTORITATE
2083 316 2692 382 METAPHRASTIE.

3587 315 3718 384 180

332 444 488 509 saint
545 445 784 527 Cyrille,
833 447 979 526 qu’il
1021 467 1054 511 a
1106 447 1211 511 fait
1254 450 1450 529 parler
1501 449 1534 508 ὲ
1587 464 1651 507 sa
1704 445 2030 509 fantaisieA
2058 448 2326 514 donnent
2373 454 2557 530 gnere
2609 470 2723 533 que
2773 470 2874 514 ces
2930 451 3081 514 deux
3143 451 3484 532 exemples,
3552 469 3715 532 pour

333 533 584 598 l’auteur
614 538 688 599 de
717 547 871 601 cette
903 538 1180 612 histoire,
1211 539 1354 619 qu’il
1382 556 1414 598 a
1435 536 1634 617 ajouté
1663 535 1972 616 beaucoup

333 625 414 688 du
447 627 576 689 sien
608 630 642 688 ἐι
664 637 816 690 cette
859 629 1184 700 narration,
1219 629 1363 708 qu’il
1397 645 1468 688 en
1499 645 1532 688 a
1561 626 1876 688 retranché
1905 644 1973 686 ce

333 716 482 792 qu’il
518 718 596 780 lui
629 735 662 777 a
694 717 820 797 plu,
853 727 912 778 et
943 718 1081 798 qu’il
1115 737 1147 778 a
1181 720 1374 778 meme
1405 715 1602 777 donné
1624 717 1656 776 ὲ
1686 714 1974 795 quelques

335 805 773 868 circonstances
805 827 882 868 un
919 817 1050 870 tour
1079 811 1177 886 qui
1210 807 1360 867 n’est
1386 823 1487 885 pas
1513 813 1637 866 tout
1669 805 1700 864 ὸ
1735 804 1834 865 fait
1866 823 1971 865 na-

334 896 488 956 turel
517 915 532 970 ;
567 897 707 976 qu’il
732 915 763 957 a
789 897 1067 976 rapporté
1095 895 1150 957 le
1193 903 1448 974 martyre
1471 894 1547 956 de
1578 912 1648 954 ce
1677 895 1831 954 saint
1861 913 1971 955 en-

333 983 482 1057 fant,
525 1004 642 1046 non
679 1004 780 1065 pas
802 1003 1034 1047 comme
1063 983 1104 1046 il
1136 985 1277 1045 s’est
1317 984 1508 1063 passé,
1547 983 1694 1044 mais
1739 1001 1974 1045 comme

331 1071 376 1134 il
409 1089 442 1135 a
473 1093 548 1154 pu
580 1093 642 1135 se
674 1092 920 1156 passer;
953 1073 1110 1135 enfin
1155 1072 1299 1154 qu’il
1330 1091 1364 1134 a
1395 1073 1540 1134 orné
1571 1091 1677 1134 son
1715 1073 1870 1153 sujet
1899 1071 1974 1134 de

331 1161 634 1242 plusieurs
665 1163 1106 1225 circonstances
1154 1163 1252 1242 qui
1307 1179 1383 1222 ne
1436 1171 1572 1222 sont
1621 1160 1786 1241 point
1829 1162 1976 1224 dans

333 1270 440 1314 son
472 1252 746 1330 original.
794 1252 874 1314 Ce
925 1253 1079 1312 n’est
1131 1268 1235 1327 pas
1283 1251 1339 1314 la
1387 1251 1443 1313 la
1476 1252 1641 1312 seule
1675 1251 1974 1314 narration

334 1358 452 1422 que
482 1340 554 1404 M.
584 1342 800 1404 Baillet
829 1342 910 1402 ait
941 1339 1380 1422 paraphrasée:
1418 1340 1456 1400 il
1490 1340 1669 1401 serait
1692 1340 1818 1402 aisé
1839 1343 1974 1404 d’en

333 1447 615 1510 marquer
647 1430 942 1508 plusieurs
973 1440 1196 1501 autres,
1234 1429 1333 1510 qui
1366 1447 1440 1490 ne
1481 1437 1614 1490 sont
1656 1447 1758 1509 pas
1784 1431 1977 1492 moins

329 1517 782 1596 remarquables
819 1537 933 1598 que
983 1518 1134 1579 colle
1169 1517 1244 1580 de
1271 1516 1425 1578 saint
1455 1517 1690 1599 Cyrillo,
1741 1525 1800 1579 et
1828 1519 1976 1580 dans

334 1604 655 1684 lesquelles
686 1607 725 1666 il
759 1625 832 1667 ne
862 1607 1003 1667 s’est
1039 1625 1142 1686 pas
1173 1606 1373 1668 donné
1407 1609 1602 1668 moins
1633 1607 1707 1669 de
1744 1607 1972 1669 liberte.

332 1693 476 1756 L'on
511 1695 602 1757 n’a
634 1696 859 1758 choisie
884 1696 938 1757 la
960 1695 1072 1758 Vie
1087 1697 1163 1757 de
1187 1713 1256 1758 ce
1287 1695 1464 1767 saint,
1491 1707 1664 1758 entre
1681 1696 1976 1777 plusieurs

334 1791 557 1865 aufras,
583 1803 698 1865 que
721 1803 897 1865 parce
919 1784 1141 1865 qu’elle
1160 1791 1248 1865 est
1282 1784 1401 1845 fort
1427 1793 1656 1846 courte.

2060 556 2276 617 preuve
2305 542 2411 603 des
2440 541 2760 604 inﬁdélités
2791 542 2864 604 de
2908 551 3002 604 cet
3031 554 3245 604 auteur
3274 560 3439 621 grec.

2057 682 2131 740 La
2163 687 2244 742 uie
2273 687 2336 744 de
2383 689 2532 744 saint
2588 687 2907 759 Nice'phore,
2953 696 3161 760 martyr
3208 691 3344 759 (11).
3386 689 3517 746 tire’e
3568 689 3710 744 d'un

2129 770 2436 825 manuscrit
2473 769 2536 825 de
2589 770 2641 824 la
2688 769 3042 842 bibliothéque
3092 769 3166 825 du
3214 771 3324 833 roi,
3365 778 3414 824 et
3460 771 3716 842 confe're’e

2129 863 2251 904 aueo
2304 849 2430 904 cella
2485 851 2580 920 qui
2620 867 2652 903 a
2698 851 2775 904 e’té
2808 849 3009 906 donnée
3055 867 3160 920 par
3214 849 3598 922 Metaphraste.
3635 881 3717 890 -——

2129 927 2224 983 Le:
2253 929 2525 987 addition:
2552 929 2614 984 de
2644 930 3016 1003 Me'taphraste
3043 946 3144 1002 que
3174 929 3286 985 l'on
3320 945 3356 1001 υ
3392 947 3423 983 a
3455 929 3715 992 iustitia.

2125 1014 2241 1063 sont
2271 1025 2337 1065 en
2368 1011 2642 1069 caractére
2670 1011 2914 1081 italique.

2139 1147 2214 1209 In
2232 1148 2334 1211 illo
2357 1157 2624 1231 tempore
2641 1159 2765 1215 erat
2789 1149 3030 1232 quidem
3057 1150 3363 1231 presbyter
3389 1152 3453 1212 in
3478 1167 3708 1231 magna

2060 1238 2367 1300 Antiochia
2401 1239 2628 1320 Syrica,
2665 1240 2910 1302 nomine
2951 1239 3279 1320 Sapricius.
3317 1240 3456 1302 Erat
3501 1249 3706 1302 autem

2059 1325 2296 1406 quidam
2324 1346 2558 1409 quoque
2584 1327 2761 1409 alius,
2787 1330 2888 1410 qui
2909 1329 3317 1410 appellabatur
3339 1329 3580 1410 quidem
3605 1328 3714 1390 Ni-

2059 1416 2378 1495 cephorus,
2426 1427 2552 1478 erat
2603 1437 2739 1479 vero
2794 1419 3006 1492 ordine
3053 1419 3261 1493 laicus,
3294 1426 3354 1480 et
3382 1417 3710 1479 admodum

2058 1523 2376 1583 germanus
2429 1508 2656 1569 amicus
2725 1507 2992 1586 eiusdem
3059 1508 3390 1590 presbyteri
3443 1528 3456 1565 :
3521 1525 3714 1587 seque

2059 1592 2233 1655 ambo
2256 1595 2344 1656 sic
2362 1604 2565 1657 mutuo
2598 1596 2952 1675 diligebant,
2979 1611 3044 1656 ut
3074 1598 3557 1659 existimarentur
3570 1615 3713 1656 esse

2059 1682 2270 1744 fratres
2300 1685 2598 1762 germani,
2626 1686 2750 1747 nati
2778 1703 2849 1747 ex
2881 1705 2996 1747 uno
3029 1694 3239 1767 utero;
3275 1686 3422 1748 adeo
3454 1695 3516 1746 ut
3547 1693 3714 1746 esset

2003 1819 2039 1869 Β
2062 1773 2361 1834 excellens
2390 1792 2559 1836 amor
2583 1793 2788 1836 eorum
2826 1785 3083 1838 mutuus.
3119 1779 3262 1839 Cum
3298 1777 3471 1854 longo
3504 1782 3711 1835 autem

421 1861 510 1926 On
541 1861 658 1926 vo'it
679 1861 783 1944 par
807 1865 859 1926 la
885 1861 1002 1944 que
1026 1865 1160 1926 l’art
1185 1864 1257 1926 de
1283 1865 1676 1945 paraphraser
1698 1866 1850 1926 n’est
1877 1882 1978 1944 pas
2004 1861 2036 1869 '
2062 1869 2333 1941 tempore
2365 1864 2647 1926 vixissent
2696 1864 2753 1924 in
2790 1864 2899 1925 hac
2929 1865 3268 1939 affectione,
3304 1865 3459 1926 bono
3489 1872 3548 1925 et
3589 1864 3710 1924 ho-

337 1951 389 2013 si
421 1953 768 2031 particulier
791 1955 824 2014 ἐι
845 1953 1262 2034 Métaphraste,
1297 1953 1442 2034 qu'il
1469 1954 1613 2016 n’ait
1644 1954 1738 2015 été
1770 1953 1882 2014 mis
1904 1973 1975 2015 en

336 2060 518 2121 usage
554 2062 657 2124 par
687 2042 950 2104 d’autres
991 2053 1260 2122 auteurs,
1315 2043 1418 2122 qui
1451 2053 1554 2104 ont
1586 2043 1880 2123 prétendu
1912 2062 1976 2104 se

339 2129 674 2212 distinguer
699 2150 802 2212 par
825 2133 1228 2212 leurjustesse
1251 2139 1308 2192 et
1335 2150 1437 2212 par
1459 2131 1593 2192 leur
1617 2131 1972 2207 exactitnde,

336 2221 652 2301 quoiqu’ils
705 2220 1044 2283 déclament
1101 2238 1176 2282 en
1243 2220 1404 2282 mille
1457 2220 1721 2282 endroits
1778 2231 1982 2284 contre

335 2308 425 2370 les
456 2311 634 2372 exrés
663 2311 735 2371 de
766 2321 858 2372 cet
890 2310 1146 2377 écrivain
1179 2327 1341 2389 grec,
1375 2308 1521 2370 dont
1563 2329 1638 2370 on
1669 2321 1804 2374 veut
1835 2311 1981 2373 faire

334 2416 540 2478 passer
561 2399 618 2460 le
641 2400 1018 2478 témoignage
1041 2417 1274 2462 comme
1290 2398 1510 2460 n’étant
1530 2398 1785 2461 d‘aucun
1814 2401 1981 2480 poids

333 2506 488 2566 pour
515 2488 726 2550 établir
755 2509 833 2550 un
885 2488 987 2550 fait
1035 2487 1391 2568 historique,
1427 2497 1486 2550 et
1523 2488 1667 2550 dont
1697 2493 1894 2552 meme
1924 2490 1980 2552 le

333 2595 472 2638 nom
505 2577 630 2638 doit
661 2579 786 2640 etre
821 2579 1151 2658 supprime,
1177 2577 1500 2659 quoiqu'on
1527 2580 1736 2659 profite
1766 2580 1839 2641 de
1869 2599 1976 2641 son

334 2665 537 2727 travail
551 2716 562 2728 .

419 2755 692 2836 Quoique
721 2755 796 2819 Μ.
831 2756 905 2818 de
929 2756 1252 2818 Tillemont
1275 2758 1611 2838 fasse,pour
1642 2758 1790 2820 ainsi
1820 2758 1970 2833 dire,

334 2843 489 2905 deux
513 2853 702 2906 sortes
724 2844 1088 2908 d’additions
1103 2865 1211 2908 aux
1236 2847 1511 2910 histoires
1534 2848 1854 2926 originales
1873 2847 1979 2908 des

333 2931 540 3007 saints,
585 2953 661 2995 on
699 2954 771 2996 ne
801 2936 951 2995 croit
984 2954 1085 3013 pas
1132 2938 1480 2998 néanmoins
1509 2935 1758 3016 qu’elles
1788 2937 1980 2996 soient

333 3030 541 3084 contre
564 3023 962 3086 l’exactitude.
981 3023 1187 3096 Quand
1213 3025 1250 3086 il
1278 3033 1479 3086 trouve
1498 3025 1638 3087 hors
1661 3025 1737 3086 de
1753 3044 1860 3086 son
1885 3044 1980 3086 su-

331 3111 699 3193 jetquelque
740 3113 922 3175 chose
951 3114 1050 3194 qui
1083 3123 1222 3194 peut
1244 3115 1475 3176 relever
1512 3133 1594 3176 ou.
1629 3114 1904 3176 éclaircir
1929 3116 1982 3177 la

338 3183 756 3281 'matiere'qu’il
788 3183 984 3274 traite:
1007 3183 1186 3277 alors,
1220 3203 1270 3264 si
1301 3204 1560 3266 l’auteur
1589 3213 1677 3265 est
1699 3205 1877 3284 digne
1908 3206 1981 3266 de
2001 3183 2041 3234 θ

339 3289 443 3364 foi,
477 3289 516 3350 il
555 3309 629 3352 ne
660 3291 765 3351 fait
817 3310 919 3372 pas
971 3292 1258 3354 dilﬁculté
1304 3292 1596 3355 d'insérer
1626 3313 1694 3355 ce
1729 3295 1868 3374 qu'il
1901 3295 1984 3356 lui

339 3387 656 3458 emprunte
687 3379 834 3442 dans
862 3400 926 3442 sa
976 3383 1314 3459 narration,
1368 3387 1625 3464 quoique
1672 3383 1981 3464 originale,

337 3467 488 3528 mais
510 3486 648 3528 avec
672 3478 826 3531 cette
851 3471 1214 3551 précaution,
1233 3472 1372 3552 qu’il
1394 3473 1689 3552 distingue
1707 3475 1907 3536 d’avec
1929 3477 1986 3538 le

335 3563 498 3617 texte
521 3555 771 3635 original
795 3577 863 3620 ce
886 3561 983 3640 qui
1015 3560 1094 3622 lui
1119 3568 1209 3622 est
1236 3563 1530 3641 étranger,
1553 3571 1610 3623 et
1639 3563 1782 3642 qu'il
1807 3564 1922 3626 cite
1951 3567 1980 3630 ὲ

356 3663 608 3723 amarge
630 3645 836 3708 lenom
864 3649 936 3710 de
958 3649 1210 3710 l’auteur
1228 3649 1373 3730 qu’il
1394 3650 1498 3714 fait
1524 3651 1744 3730 parler.
1772 3652 1814 3713 Il
1834 3654 1984 3716 n’est

335 3751 442 3814 pas
466 3751 600 3793 rare
617 3753 732 3813 que
751 3754 819 3797 ce
839 3738 1016 3799 docte
1034 3739 1289 3817 critique
1311 3740 1511 3818 ajoute
1544 3741 1700 3801 aussi
1720 3742 1982 3821 quelque

336 3823 520 3883 chose
566 3822 645 3882 du
693 3824 821 3885 sien
872 3826 1019 3887 dans
1068 3827 1155 3888 les
1209 3827 1486 3888 histoires
1521 3828 1974 3904 qu’ilraconte:

336 3911 489 3973 mais
518 3928 752 3974 comme
798 3915 836 3974 il
887 3915 1190 3977 renferme
1221 3915 1347 3977 celo
1380 3925 1547 3977 entre
1578 3917 1726 3979 deux
1763 3939 1976 3998 paren-

335 4001 558 4073 théses,
593 4001 647 4061 le
679 4001 906 4064 lecteur
924 4005 1040 4065 voit
1070 4005 1210 4066 bien
1242 4023 1360 4085 que
1392 4023 1492 4066 ces
1521 4015 1710 4066 sortes
1741 4007 1976 4072 d’addi-

332 4090 493 4152 tions
519 4106 593 4148 ne
620 4089 743 4153 font
769 4112 870 4173 pas
898 4095 1084 4174 partie
1110 4093 1190 4154 (lu
1220 4113 1394 4174 corps
1417 4093 1490 4154 de
1517 4093 1570 4155 la
1591 4095 1759 4174 piece
1788 4120 1799 4156 ;
1827 4098 1977 4158 ainsi

335 4179 463 4242 cela
493 4195 566 4244 ne
597 4191 739 4259 peut
772 4199 976 4263 passer
999 4201 1148 4262 pour
1180 4201 1297 4243 une
1327 4182 1612 4244 véritable
1639 4185 1972 4248 alteration.

414 4271 460 4334 Il
493 4292 525 4354 ι
551 4287 583 4328 a
613 4288 684 4330 eu
718 4271 1009 4332 d'habiles
1052 4271 1335 4352 critiques
1365 4272 1463 4353 qui
1497 4283 1602 4334 ont
1635 4293 1739 4336 cru
1772 4295 1887 4355 que
1923 4278 1976 4339 la

332 4358 572 4440 plupart
603 4361 706 4422 des
737 4360 1040 4422 additions
1099 4361 1171 4420 de
1221 4360 1620 4440 Métaphraste
1654 4365 1872 4427 étaieut
1901 4369 1975 4429 de

333 4455 490 4510 cette
521 4459 732 4510 nature
753 4451 888 4528 (10)
914 4471 926 4505 :
955 4459 1011 4509 et
1041 4448 1132 4510 s'il
1155 4452 1303 4510 avait
1335 4451 1458 4528 pris
1481 4449 1568 4510 les
1597 4453 1971 4530 précautions

2061 1960 2228 2011 nesto
2261 1951 2513 2014 infestus
2563 1966 2622 2015 et
2669 1953 3167 2016 sceleratissimus
3198 1956 3438 2016 humani
3470 1953 3716 2033 generis

2061 2037 2362 2115 inimicus,
2399 2043 2485 2102 eis
2539 2042 2839 2116 invidens,
2903 2043 3081 2105 talem
3117 2043 3273 2105 inter
3323 2063 3426 2104 eos
3481 2043 3720 2122 peperit

2063 2126 2531 2203 dissensionem,
2557 2140 2751 2192 utnec
2783 2131 2842 2193 in
2867 2134 3055 2209 platea
3086 2132 3324 2212 quidem
3359 2131 3574 2192 vellent
3595 2128 3714 2190 sibi

2067 2215 2317 2278 invicem
2344 2237 2690 2292 occurrere,
2731 2239 2800 2280 ex
2833 2219 3161 2284 dremoxzico
3199 2220 3336 2282 odio
3367 2218 3522 2301 quod
3554 2218 3719 2278 inter

2065 2323 2130 2367 se
2161 2305 2416 2369 invicem
2445 2319 2867 2389 conceperant.

2145 2393 2288 2456 Cum
2311 2397 2456 2458 satis
2475 2416 2611 2459 vero
2632 2399 2807 2474 longo
2831 2409 3103 2479 tempore
3121 2399 3199 2460 ita
3221 2399 3472 2460 fuissent
3487 2397 3713 2473 affecti,

2061 2483 2134 2544 ad
2166 2502 2230 2546 se
2261 2485 2503 2548 rediens
2533 2488 2931 2567 Nicephorus,
2980 2497 3037 2549 et
3087 2505 3456 2567 cognoscens
3506 2487 3711 2550 odium

2061 2590 2196 2635 esse
2220 2573 2609 2649 diabolicum,
2642 2576 2864 2655 rogavit
2885 2577 3110 2638 amicos
3128 2578 3438 2658 quosdam,
3465 2585 3528 2638 ut
3550 2577 3718 2639 irent

2058 2661 2131 2722 ad
2165 2663 2574 2743 presbyterum
2605 2664 2962 2745 Sapricium,
3009 2677 3068 2728 et
3108 2677 3381 2748 rogarent
3431 2686 3565 2728 eum
3601 2685 3711 2743 pro

2059 2749 2416 2832 Nicephoro,
2451 2764 2513 2815 ut
2545 2756 2600 2815 ei
2632 2755 2864 2835 culpam
2910 2757 3299 2832 condonaret,
3335 2765 3392 2818 et
3421 2775 3555 2818 eum
3588 2773 3709 2828 ιω-

2064 2840 2311 2905 nitentia
2345 2843 2584 2905 ductum
2613 2845 2914 2924 acciperet
2942 2856 3183 2927 propter
3219 2849 3569 2908 Dominum.
3604 2843 3716 2906 llle

2063 2939 2260 2994 autem
2292 2933 2482 2994 noluit
2525 2936 2578 2995 ei
2624 2931 2990 2999 condonare.
3040 2935 3092 2998 Is
3143 2955 3280 2999 vero
3312 2954 3515 2997 rursus
3551 2932 3716 2994 misit

2065 3021 2212 3082 alios
2239 3023 2484 3096 amicos,
2515 3033 2575 3084 ut
2606 3023 2661 3085 ei
2691 3025 3211 3089 reconciliaretur.
3255 3026 3574 3106 Presbyter
3596 3043 3713 3084 au-

2067 3119 2185 3172 tem
2226 3109 2528 3192 Sapricius
2577 3133 2687 3175 nec
2736 3133 2839 3176 eos
2884 3115 3126 3195 quidem
3176 3123 3451 3194 rogantes
3495 3113 3714 3175 audire

2067 3200 2370 3262 sustinuit.
2433 3204 2665 3267 Rursus
2717 3221 2858 3282 ergo
2919 3203 3290 3286 Nicephorus
3315 3203 3537 3284 rogavit
3563 3201 3715 3264 alios

2069 3291 2350 3368 quosdam
2384 3293 2631 3366 amicos,
2654 3303 2712 3353 et
2735 3293 2895 3355 misit
2916 3293 2988 3354 ad
3013 3295 3230 3374 ipsum,
3266 3303 3331 3354 ut
3355 3293 3714 3356 convenien-

2072 3387 2160 3440 ter
2179 3381 2392 3442 divino
2413 3381 2644 3461 eloquio
2667 3388 2724 3443 in
2747 3401 2852 3446 ore
2876 3384 3126 3446 duorum
3149 3383 3237 3446 vel
3263 3385 3436 3444 trium
3468 3383 3710 3443 testium

2068 3476 2250 3530 staret
2278 3489 2458 3532 omne
2491 3471 2762 3534 verbum.
2810 3473 2917 3535 llle
2963 3483 3160 3534 autem
3194 3493 3326 3534 cum
3360 3481 3514 3534 esset
3561 3472 3712 3532 duro

2068 3559 2272 3632 corde,
2299 3567 2356 3620 et
2377 3559 2793 3640 implacabilis.
2823 3571 2882 3624 et
2904 3562 3124 3624 oblitus
3144 3572 3301 3625 esset
3321 3561 3553 3624 Domini
3579 3579 3716 3620 nos-
3797 3601 3800 3604 ι

2066 3647 2142 3709 tri
2163 3645 2305 3708 Jesu
2329 3649 2574 3724 Christi,
2599 3652 2696 3732 qui
2721 3650 2867 3712 dicit
2903 3670 2916 3714 :
2959 3677 2985 3708 ι
3022 3653 3348 3726 Remittite,
3374 3651 3711 3713 etremitte-

2066 3745 2159 3796 tur
2187 3737 2374 3818 vobis,
2413 3759 2441 3797 ι
2473 3747 2529 3802 et
2559 3759 2775 3802 rursus
2805 3762 2823 3802 :
2849 3742 2923 3803 Si
2948 3743 3164 3820 offeras
3193 3743 3414 3805 donum
3439 3749 3610 3805 tuum
3628 3745 3709 3807 ad

2062 3825 2279 3907 altare,
2325 3834 2382 3889 et
2421 3832 2777 3893 recordatus
2814 3832 3009 3910 fueris
3052 3833 3209 3912 quod
3249 3832 3426 3895 habes
3473 3833 3711 3915 aliquid

2064 3917 2355 3979 adversus
2376 3919 2627 3994 fratrem
2651 3929 2843 3996 tuum,
2871 3922 3106 3986 dimitte
3128 3923 3213 3998 id,
3257 3933 3310 3984 et
3347 3926 3577 3988 vadens
3606 3945 3706 3989 re-

2061 4005 2392 4068 conciliare
2409 4007 2603 4087 fratri
2625 4017 2753 4081 tuu;
2784 4018 2843 4072 et
2868 4030 3076 4073 rursus
3102 4035 3114 4075 :
3151 4034 3174 4069 σ
3201 4011 3326 4074 Nisi
3354 4015 3708 4080 remiscritis

2062 4091 2405 4156 hominibus
2426 4096 2640 4158 delicta
2659 4117 2891 4174 eorum,
2916 4119 3026 4160 nec
3051 4100 3222 4163 Pater
3235 4114 3427 4166 vester
3445 4106 3708 4169 caelestis

2060 4183 2324 4245 remittet
2350 4185 2514 4246 vobis
2535 4186 2752 4248 delicta
2782 4196 3008 4270 vestra;
3045 4212 3072 4250 ν
3111 4192 3390 4255 omnibus
3433 4213 3569 4256 eum
3601 4215 3706 4257 ro-

2058 4271 2334 4348 gantibus
2377 4283 2434 4336 et
2465 4275 2827 4354 petentibus,
2876 4297 2995 4340 non
3042 4280 3399 4343 condonavit
3437 4283 3625 4348 fratri
3653 4297 3710 4351 et

2059 4364 2251 4422 amico
2271 4380 2402 4424 suo.
2427 4363 2564 4427 Non
2595 4367 2756 4427 enim
2786 4367 3040 4431 habebat
3073 4370 3135 4430 in
3163 4388 3228 4432 se
3258 4371 3620 4436 charitalem
3651 4384 3710 4439 et

2059 4451 2589 4515 miscricordiam:
2643 4455 3028 4534 quamobrem
3065 4461 3213 4537 jure
3252 4460 3377 4536 fuit
3425 4465 3710 4542 privatus

333 4536 410 4598 de
449 4539 525 4598 M.
577 4538 652 4598 de
683 4537 1028 4610 Tillemont,
1075 4539 1140 4617 je
1195 4557 1270 4599 ne
1320 4539 1443 4601 suis
1473 4539 1522 4599 si
1555 4539 1674 4601 l’on
1705 4560 1770 4603 se
1798 4547 1978 4607 serait
2001 4535 2246 4617 l)reg-no
2273 4544 2581 4605 caelorum.

330 4625 529 4716 récrié
549 4627 708 4689 aussi
740 4627 1079 4689 hardiment
1103 4628 1280 4708 qu’on
1305 4628 1381 4689 l'a
1403 4628 1510 4690 fait
1530 4638 1734 4692 contre
1757 4651 1851 4694 ses
1875 4655 1972 4716 pa-

331 4715 674 4795 raphrases.
704 4717 746 4780 ll
775 4725 861 4778 est
885 4717 1110 4778 certain
1142 4718 1320 4797 qu’on
1353 4726 1556 4781 trouve
1583 4719 1730 4782 dans
1757 4740 1824 4783 ce
1857 4715 1971 4786 Le-

330 4805 613 4882 gendaire
636 4805 743 4869 des
774 4805 1076 4867 additions
1102 4825 1176 4867 en
1201 4805 1388 4883 grand
1427 4808 1705 4891 nombre;
1740 4829 1973 4874 comme

329 4896 505 4954 colles
525 4899 698 4969 qu’on
723 4913 972 4970 suppose
995 4897 1132 4969 qu'il
1154 4915 1183 4956 a
1208 4899 1371 4954 taites
1387 4899 1527 4956 dans
1551 4899 1706 4957 laVIt:
1732 4905 1800 4960 de
1821 4906 1971 4963 saint

326 4981 689 5064 Nicéphore,
721 4992 781 5046 et
812 4985 960 5046 dans
986 4983 1279 5046 l'histoire
1322 4984 1397 5046 de
1421 4983 1476 5045 la
1506 4987 1858 5050 translation
1889 4991 1967 5054 du

328 5069 473 5132 chef
487 5072 561 5134 de
594 5076 747 5136 salut
777 5072 1238 5153 leua-Baptism,
1275 5073 1375 5151 qui
1416 5091 1492 5134 ne
1536 5087 1671 5138 sont
1707 5097 1809 5157 pas
1837 5081 1968 5159 plus

329 5161 776 5225 considérables
809 5181 924 5244 que
960 5163 1442 5243 quelques-unes
1470 5164 1566 5241 qui
1600 5183 1663 5225 se
1699 5175 1968 5230 trouvent

328 5245 478 5308 dans
505 5247 578 5309 M.
613 5250 686 5311 de
719 5251 1040 5313 'l‘illemont
1071 5270 1084 5311 :
1120 5269 1220 5313 car
1252 5268 1358 5311 nos
1390 5250 1676 5332 critiques
1709 5273 1784 5317 ne
1817 5276 1969 5319 nous

384 5414 480 5494 .(l)
521 5414 792 5483 Pauculis,
847 5418 916 5495 ad
965 5420 1318 5495 attentionem
1384 5420 1802 5495 conciliandam.
1864 5441 1968 5495 ap-

345 5489 516 5562 tium
542 5490 928 5562 connecteudas
954 5490 1235 5562 periodos,
1267 5489 1576 5562 interjectir,
1639 5494 1772 5550 Ball.
1832 5489 1970 5553 tom.

331 5550 378 5628 Ι,
406 5556 642 5622 Januar,
678 5559 898 5615 Praelat.
933 5550 986 5631 [ἱ.
1031 5563 1113 5628 18,
1152 5550 1259 5618 col.
1299 5573 1337 5617 ι.

2140 4628 2204 4691 ln
2235 4632 2442 4719 primis
2474 4641 2669 4694 autem
2695 4634 2828 4713 pius
2850 4643 2910 4698 et
2931 4637 3120 4699 fidelis
3145 4636 3539 4719 Nicephorus,
3567 4660 3703 4705 cum

2057 4716 2203 4781 vidit
2226 4717 2558 4799 Sapricium
2581 4723 2926 4802 despexisse
2950 4716 3308 4790 communes
3325 4729 3574 4805 amicos,
3602 4732 3706 4812 qui

2058 4824 2163 4886 pro
2187 4826 2258 4869 eo
2279 4822 2559 4899 petentes
2593 4813 2820 4874 veniam
2848 4833 2966 4876 non
2989 4827 3371 4898 acceperunt,
3409 4820 3542 4899 ipse
3573 4841 3706 4883 cur-

2051 4915 2190 4957 rens
2221 4897 2292 4958 ad
2325 4898 2482 4960 sides
2515 4900 2788 4981 Sapricii,
2821 4921 2884 4964 se
2917 4903 3153 4984 projicit
3200 4905 3272 4967 ad
3328 4897 3511 4987 pedes
3541 4910 3698 4989 ejus,

2052 4991 2269 5048 dicens:
2295 4992 2566 5050 Condona
2588 4993 3214 5069 mihi,Pater,propter
3241 4999 3549 5060 Dominum
3595 5005 3706 5061 Ille

2053 5093 2191 5138 vero
2213 5077 2400 5138 noluit
2424 5079 2478 5140 ei
2497 5081 2873 5143 reconciliari
2899 5084 3190 5164 utamico,
3207 5097 3264 5147 et
3285 5090 3538 5150 maxime
3563 5109 3700 5152 cum

2052 5177 2400 5246 rcgaretur:
2437 5181 2494 5234 et
2523 5180 2786 5235 maxime
2815 5194 2950 5236 cum
2983 5176 3254 5252 deberet,
3311 5179 3544 5242 etiamsi
3581 5201 3704 5244 non

2050 5257 2259 5320 fuisset
2286 5271 2543 5339 rogatus,
2565 5263 2799 5343 aprima
2822 5266 3207 5329 excusatione
3237 5287 3372 5332 eum
3399 5269 3705 5350 accipere,

2124 5427 2424 5497 (tl)Apud
2462 5429 2724 5488 Bolland.
2774 5445 2916 5491 tom.
2969 5434 3013 5490 11
3053 5435 3334 5500 Februar,
3371 5439 3459 5493 die
3493 5439 3546 5496 9.
3587 5441 3705 5496 Hi-

2055 5497 2414 5576 beturﬁetiam
2447 5503 2598 5568 apud
2633 5505 2812 5576 Ruyn.
2849 5510 2982 5565 Acta
3016 5507 3226 5566 selecta
3263 5497 3445 5566 Graec.
3484 5520 3540 5569 et
3570 5512 3699 5570 Lat.

2057 5583 2185 5639 pag.
2220 5567 2345 5634 2M,
2382 5579 2492 5628 etc.
