4004 6138
326 278 436 346 183

1875 273 2170 337 PSELLI.

3585 268 3713 341 184

320 427 526 482 noster
557 427 614 482 et
640 415 798 480 Deus
824 411 1003 496 jussit
1027 433 1092 476 ex
1127 412 1325 476 animo
1358 413 1696 475 condonare
1727 411 1963 475 unicui-
1985 415 2030 466 Α
2051 410 2858 494 Christum,charitatemque
2891 426 2950 479 et
2981 411 3714 486 humilitatem.Quoniam

324 529 467 592 que,
501 517 559 573 et
584 507 829 571 dimisso
855 522 1100 566 munere
1124 504 1283 582 quod
1311 505 1432 566 Deo
1465 512 1552 566 est
1573 503 1968 576 offerendum,

328 618 570 664 currere
601 597 670 660 ad
697 595 1248 658 reconciliationem
1277 612 1291 668 ;
1325 594 1422 654 ille
1453 611 1588 654 vero
1619 611 1693 654 ne
1724 593 1974 655 summis

2057 503 2215 563 enim
2242 523 2576 584 propensus
2599 505 2706 567 fuit
2731 506 2803 568 ad
2834 506 3179 567 charitatem
3206 512 3262 565 et
3286 503 3674 566 humilitatem
3692 551 3711 574 ,

2057 589 2192 653 ideo
2211 593 2320 654 fuit
2338 594 2654 656 redimitus
2674 613 2894 658 corona
2919 595 3205 676 martyrii,
3232 603 3288 655 et
3310 594 3581 674 dignatus
3613 600 3716 651 est

328 689 567 771 quidem
593 687 776 748 labris
807 683 1160 746 condonavit
1193 683 1244 744 ei
1277 701 1454 762 quem
1489 680 1835 761 poenitebat,
1863 700 1973 771 nec
2055 681 2268 744 referri
2297 683 2356 744 in
2381 702 2696 746 numerum
2727 693 3071 765 martyrum,
3105 684 3176 746 ad
3214 683 3451 746 laudem
3482 691 3540 744 et
3567 680 3714 760 glo-

325 769 386 842 in
435 778 699 840 animum
732 774 959 836 induxit
1003 782 1064 832 ut
1096 771 1150 836 ei
1201 777 1427 850 roganti
1459 771 1788 832 remitteret
1821 791 1836 831 :
1869 769 1974 832 sed

330 867 542 931 clausit
564 867 788 926 viscera
813 880 918 923 sua
948 880 981 922 a
1005 860 1185 923 fratre
1209 879 1314 920 suo
1345 879 1360 936 ;
1397 869 1708 940 propterea
1729 860 1976 922 recessit

332 958 405 1020 ab
427 976 495 1019 eo
511 955 693 1035 gratia
713 952 895 1014 divini
910 958 964 1012 et
989 949 1198 1012 viviﬁci
1213 948 1553 1030 Spiritus.et
1569 949 1828 1031 perdidit
1849 968 1975 1012 ma-

330 1044 923 1126 gnammi‘wliosam,
952 1050 1007 1101 ct
1037 1039 1355 1117 gloriosam
1382 1057 1661 1102 coronam
1688 1039 1971 1120 martyrii.

331 1133 787 1208 Quamobrem,o
811 1129 1144 1196 dilecti.nos
1167 1147 1406 1209 quoque
1433 1129 1750 1208 diligenter
1771 1148 1977 1191 cavea-

331 1244 461 1286 mus
482 1224 555 1285 ab
579 1223 688 1283 hac
721 1217 1015 1280 diabolica
1046 1218 1414 1297 Operatione,
1442 1219 1586 1292 odii,
1618 1218 1883 1299 inquam,
1921 1227 1976 1280 et

330 1313 563 1394 injuria:
588 1319 847 1390 acceptze
866 1307 1282 1370 recordatione
1317 1330 1332 1382 ;
1368 1315 1430 1368 ut
1458 1315 1791 1369 nostrorum
1825 1326 1978 1388 quo-

331 1422 445 1483 que
476 1409 855 1480 peccatorum
906 1398 1079 1457 detur
1113 1397 1282 1458 nobis
1339 1398 1612 1459 remissio
1645 1417 1678 1458 a
1729 1399 1980 1460 Domino

332 1495 473 1555 Jesu
503 1486 1192 1563 Christo,ronvenienter
1219 1486 1269 1547 ei
1302 1487 1456 1566 quod
1485 1487 1720 1548 dicitur:
1744 1486 1984 1550 Dimitte

336 1581 510 1642 nobis
561 1578 760 1639 debita
793 1586 1021 1655 nostra,
1051 1577 1205 1636 sicut
1234 1584 1289 1636 et
1339 1593 1448 1637 nos
1479 1575 1836 1638 dimittimus
1884 1578 1984 1639 de-

338 1670 641 1734 bitoribus
691 1668 964 1738 nostris;
996 1665 1186 1727 ﬁdelis
1235 1671 1324 1726 est
1353 1666 1511 1726 enim
1555 1667 1654 1746 qui
1687 1667 1978 1746 promisit.

2057 771 2202 832 riam
2237 774 2431 852 magni
2462 774 2571 836 Dei
2601 783 2658 835 et
2689 773 3016 837 Servatoris
3047 773 3233 835 nostri
3261 772 3402 836 Jesu
3434 769 3650 834 Christi
3690 787 3713 833 :

2058 863 2150 922 cui
2183 862 2367 941 gloria
2423 872 2482 925 et
2513 863 2774 944 potentia
2803 882 2960 926 nunc
3003 870 3061 926 et
3090 880 3352 943 semper,
3383 867 3442 924 et
3494 860 3556 922 in
3586 875 3716 924 sat-

2058 951 2189 1012 cula
2220 952 2596 1014 saeculorum.
2635 956 2852 1014 Amen.

2144 1041 2309 1102 V’oila
2333 1042 2387 1103 la
2405 1040 2515 1104 Vie
2540 1045 2614 1104 de
2636 1043 2794 1104 saint
2815 1043 3150 1122 Nicéphore
3177 1036 3415 1123 martyr,
3449 1057 3588 1102 avec
3617 1038 3718 1100 les

2059 1131 2355 1194 additions
2390 1132 2466 1194 de
2492 1133 3002 1213 Metaphraste.Le
3036 1132 3262 1194 Iecteur
3294 1148 3508 1210 pt-urra
3530 1130 3717 1209 juger

2061 1220 2110 1282 si
2143 1221 2286 1283 elles
2313 1231 2446 1283 sont
2475 1241 2639 1284 assez
2668 1221 3115 1285 considérables
3163 1238 3315 1301 pour
3344 1219 3578 1299 obliger
3606 1234 3716 1278 ces

2063 1319 2292 1372 savants
2314 1313 2598 1392 critiques
2615 1316 2643 1371 ἐι
2667 1311 2950 1389 exagérer
2969 1314 3015 1372 si
3050 1313 3163 1372 fort
3195 1311 3281 1372 les
3305 1309 3718 1372 falsiﬁcations

2067 1399 2140 1460 de
2190 1419 2258 1461 ce
2309 1399 2654 1479 légendaire
2711 1418 2874 1480 grec.
2939 1401 3017 1464 lls
3057 1401 3221 1461 n’ont
3281 1399 3448 1480 point
3497 1396 3718 1460 trouvé

2066 1493 2384 1565 d’exemple
2420 1495 2548 1564 plus
2579 1509 2792 1565 propte
2829 1495 2855 1551 ὲ
2891 1494 2974 1550 les
3033 1495 3171 1551 falre
3203 1494 3379 1551 valoir
3427 1507 3536 1563 que
3566 1499 3719 1548 cette

2067 1579 2310 1640 histoire
2341 1579 2414 1640 de
2436 1578 2591 1640 saint
2625 1578 2960 1659 Nicéphore
2988 1599 3004 1655 ;
3035 1578 3075 1640 il
3108 1578 3289 1641 serait
3319 1579 3514 1638 méme
3541 1594 3720 1638 assez

2066 1668 2305 1731 difﬁcile
2337 1668 2472 1730 d’en
2501 1667 2780 1748 produire
2802 1668 3057 1748 quelque
3089 1675 3254 1729 autre
3279 1685 3427 1747 pour
3448 1665 3720 1746 justiﬁer

416 1760 632 1820 Beatus
648 1766 842 1818 autem
868 1755 1266 1833 Nicepliorus,
1295 1764 1600 1836 postquam
1623 1756 1768 1817 vidit
1797 1767 1986 1818 trans-
2007 1772 2046 1823 Β
2069 1757 2232 1820 leurs
2267 1757 2541 1838 plaintes.
2577 1757 2924 1838 Cependant
2953 1756 2994 1818 il
3030 1775 3104 1817 ne
3136 1757 3255 1816 faut
3285 1774 3401 1837 que
3431 1754 3718 1816 contérer

334 1866 601 1924 gressum
633 1865 768 1907 esse
801 1844 1388 1924 Sapricium,magna
1422 1863 1562 1906 voce
1594 1845 1737 1906 dicit
1759 1846 1984 1908 lictori--

337 1937 470 1998 bus:
507 1934 626 2016 Ego
651 1953 781 1996 sum
815 1933 1206 2006 Christianus,
1243 1942 1300 1994 et
1321 1933 1499 1994 credo
1521 1937 1579 1995 in
1612 1954 1827 1996 nomen
1860 1935 1981 1996 Do-

339 2026 482 2086 mini
531 2025 712 2085 nostri
761 2023 901 2086 Jesu
962 2020 1206 2096 Christi,
1239 2041 1436 2097 quem.
1466 2026 1574 2085 iste
1605 2025 1857 2100 negavit.
1889 2026 1983 2088 Me

341 2133 480 2193 ergo
509 2115 632 2193 jam
685 2131 789 2194 pro
820 2114 948 2194 ipso
985 2111 1180 2173 ferite.
1215 2111 1478 2174 Lictores
1526 2131 1664 2175 vero
1701 2133 1816 2176 non
1847 2127 1985 2176 sunt

339 2205 461 2265 ausi
488 2205 644 2264 enim
669 2202 849 2264 ferire
871 2201 1093 2281 absque
1107 2202 1277 2282 jussu
1309 2202 1598 2282 praesidis.
1633 2204 1822 2267 Mirati
1847 2215 1985 2269 sunt

337 2301 532 2354 autem
584 2309 814 2364 omnes,
851 2291 1005 2371 quod
1038 2309 1104 2352 se
1134 2293 1214 2353 ita
1244 2291 1316 2353 ad
1350 2300 1596 2364 mortem
1649 2295 1980 2356 tradiderit.

342 2381 553 2444 Libere
612 2382 768 2442 enim
821 2379 1100 2442 dicebat:
1139 2383 1281 2442 Sum
1337 2382 1732 2457 Christianus,
1764 2394 1821 2445 et
1870 2384 1984 2444 diis

339 2472 556 2533 vestris
611 2489 728 2531 non
761 2470 1055 2531 sacriﬁco.
1100 2467 1264 2531 Unus
1316 2480 1513 2532 autem
1548 2490 1614 2532 ex
1674 2473 1982 2534 lictoribus

340 2579 586 2622 currens
607 2559 964 2621 renuntiavit
994 2559 1490 2639 prmsidi,dicens:
1518 2560 1824 2642 Sapricius
1850 2563 1979 2642 qui-

341 2649 475 2710 dem
503 2650 819 2730 pollicetur
839 2667 905 2710 se
928 2649 1040 2709 diis
1065 2649 1558 2730 sacriﬁcaturum;
1583 2660 1671 2712 est
1691 2670 1828 2713 vero
1861 2652 1984 2714 illic

343 2739 580 2818 quidam
614 2739 785 2808 alius,
820 2737 922 2816 qui
955 2737 1079 2797 vult
1113 2738 1258 2798 mori
1315 2749 1556 2818 propter
1587 2759 1720 2801 eum
1757 2741 1856 2819 qui
1885 2741 1982 2802 di-

345 2827 498 2888 citur
541 2826 830 2899 Christus,
861 2825 1124 2886 clamans
1156 2835 1213 2886 et
1274 2827 1478 2887 dicens
1511 2828 1699 2890 libere
1729 2847 1742 2890 :
1778 2831 1979 2892 Chris-

347 2917 535 2976 tianus
564 2933 718 2990 sum,
752 2922 811 2974 et
842 2913 955 2974 diis
985 2915 1192 2974 vestris
1224 2934 1338 2976 non
1372 2918 1665 2993 sacriﬁco,
1701 2939 1810 2980 nec
1835 2919 1983 2982 obe-

344 3005 442 3065 dio
474 3003 686 3064 edictis
715 3003 1169 3083 imperatorum.

417 3097 720 3168 Postquam
745 3097 960 3152 audivit
985 3112 1215 3167 piae-ses,
1247 3099 1303 3154 in
1327 3114 1456 3155 eum
1479 3101 1602 3159 tulit
1625 3108 1986 3172 sententiam,

347 3184 552 3245 dicens
581 3201 594 3244 :
629 3181 691 3243 Si
716 3201 832 3244 non
857 3182 1154 3243 sacriﬁcat
1183 3183 1782 3260 diisimmortalibus,
1821 3200 1990 3270 prout

337 3274 648 3352 jusserunt
671 3271 1274 3352 imperatores,jubeo
1302 3293 1436 3335 eum
1462 3277 1610 3339 mori
1635 3277 1852 3356 gladio:
1878 3279 1994 3342 Sa-

346 3363 612 3442 pricium
637 3377 781 3423 vero
799 3361 982 3422 sinite
1003 3359 1196 3424 abire.
1221 3362 1385 3424 Tunc
1415 3365 1781 3446 accipientes
1814 3387 1991 3431 sanc-

349 3466 468 3512 tum
500 3455 909 3525 Nicephorum,
945 3469 1075 3511 eum
1102 3457 1287 3526 capite
1317 3466 1755 3527 truncarunt,ut
1786 3478 1989 3534 prases

338 3540 794 3620 jusserat,nono
816 3544 1044 3600 mensis
1065 3538 1393 3604 Februarii
1401 3553 1479 3619 ;et
1498 3544 1582 3607 sic
1607 3565 1989 3610 consumma-

347 3640 440 3690 tus
458 3629 564 3690 fuit
590 3629 655 3689 in
679 3628 920 3718 Christo
940 3637 1178 3691 sanctus
1201 3641 1417 3714 martyr
1439 3635 1658 3697 Christi
1689 3638 1990 3718 Nicepho-

345 3736 469 3791 rus,
505 3726 563 3778 et
593 3716 862 3778 ascendit
896 3715 955 3778 in
989 3718 1170 3780 coelos
1225 3731 1540 3785 coronatus
1585 3744 1690 3805 per
1719 3715 1896 3789 fidem
1930 3729 1990 3790 in

2069 1848 2153 1910 les
2178 1847 2473 1909 additions
2500 1866 2616 1927 que
2641 1846 3042 1924 Métaphraste
3069 1863 3102 1906 a
3128 1845 3300 1906 faites
3333 1847 3479 1905 aces
3506 1843 3709 1919 Actes,

2064 1956 2203 2000 avec
2252 1937 2307 1999 la
2335 1937 2426 1998 vie
2459 1937 2533 1998 de
2568 1954 2636 1997 ce
2674 1935 2831 1997 saint
2890 1935 3028 1996 telle
3059 1953 3178 2011 que
3206 1937 3286 1997 Μ.
3319 1933 3530 1996 Baillet
3559 1949 3716 1994 nous

2067 2026 2140 2088 l’a
2170 2027 2428 2100 donnée,
2465 2044 2612 2104 pour
2641 2027 3019 2086 reconnaitre
3053 2043 3167 2104 que
3198 2042 3267 2084 ce
3300 2023 3554 2100 critique
3615 2040 3648 2101 y
3679 2039 3717 2082 a

2064 2117 2261 2196 ajouté
2291 2118 2397 2178 des
2428 2115 2874 2177 circonstances
2906 2113 3004 2193 qui
3053 2132 3125 2174 ne
3159 2131 3221 2174 se
3250 2120 3520 2174 trouvent
3551 2111 3720 2190 point

2066 2207 2213 2266 dans
2235 2204 2528 2284 l’original
2553 2201 3169 2284 desActes,quoiqn’il
3202 2202 3354 2264 fasse
3379 2201 3712 2282 profession

2066 2295 2140 2356 de
2166 2295 2220 2355 le
2243 2296 2463 2368 suivre;
2500 2301 2692 2373 etque
2713 2311 2808 2352 ses
2830 2291 3128 2354 additions
3146 2310 3221 2352 ne
3241 2302 3374 2352 sont
3393 2309 3497 2370 pas
3520 2289 3719 2351 moins

2069 2382 2516 2445 considérables
2541 2401 2654 2462 que
2677 2381 2860 2443 celles
2883 2381 2955 2442 de
2983 2381 3548 2460 Métaphrastemans
3573 2397 3715 2456 par-

2067 2475 2154 2534 ler
2176 2474 2250 2534 de
2283 2472 2577 2552 plusieurs
2607 2473 2819 2536 choses
2851 2469 2994 2550 qu’il
3026 2488 3058 2531 a
3083 2471 3332 2540 omises,
3358 2479 3419 2532 et
3450 2469 3720 2529 d’autres

2066 2563 2209 2643 qu’il
2263 2581 2295 2622 a
2333 2563 2497 2623 dtées
2527 2561 2602 2622 de
2632 2561 2761 2621 leur
2793 2577 3012 2640 propre
3045 2559 3186 2620 lieu.
3235 2557 3324 2620 0n
3358 2577 3432 2620 ne
3463 2556 3719 2636 prétend

2069 2673 2172 2734 pas
2196 2651 2426 2714 blamer
2441 2657 2596 2712 cette
2621 2649 2902 2710 conduite
2927 2649 3002 2710 de
3034 2651 3108 2711 M.
3145 2647 3355 2710 Baillet
3385 2648 3531 2708 dans
3561 2654 3722 2707 cette

2068 2743 2340 2815 histoire,
2371 2740 2430 2802 ni
2479 2739 2627 2800 dans
2656 2738 2744 2800 les
2771 2745 2972 2799 autres
3034 2739 3112 2798 ou
3149 2738 3251 2799 ila
3303 2737 3405 2799 fait
3433 2737 3486 2799 la
3519 2737 3724 2798 meme

2067 2835 2274 2912 chose,
2299 2830 2550 2911 puisque
2580 2828 2730 2890 c’est
2753 2827 2807 2888 la
2837 2827 3116 2888 conduite
3148 2826 3451 2888 ordinaire
3473 2826 3546 2887 de
3566 2843 3726 2888 ceux

2068 2922 2168 3002 qui
2200 2921 2532 2983 travaillent
2562 2936 2663 2979 sur
2700 2934 2800 2978 ces
2829 2924 3019 2978 sortes
3073 2917 3147 2980 de
3179 2916 3478 2992 matieres,
3515 2924 3571 2977 et
3600 2934 3726 2996 que

2005 3050 2048 3101 ο
2073 3012 2159 3074 les
2186 3013 2364 3073 Peres
2399 3010 2624 3070 memes
2654 3006 2800 3101 l’ont
2829 3005 3160 3101 pratiqnée.
3195 3007 3339 3101 IiIais
3363 3024 3439 3066 on
3471 3024 3546 3101 en
3579 3011 3727 3085 peut

2074 3101 2355 3164 conclure
2378 3117 2493 3180 que
2515 3103 2669 3158 crtte
2693 3096 2907 3158 liberté
2930 3095 3003 3156 de
3027 3094 3418 3175 Métaphraste
3443 3096 3590 3157 n’est
3613 3112 3724 3174 pas

2075 3191 2378 3254 suﬁisante
2411 3205 2560 3269 pour
2579 3187 2636 3249 le
2664 3186 2886 3247 rendre
2908 3184 3272 3263 méprisable
3301 3183 3618 3262 etindigne
3641 3184 3726 3246 de

2075 3288 2242 3343 toute
2266 3280 2540 3356 créance,
2567 3284 2625 3338 et
2653 3293 2802 3356 pour
2822 3275 2875 3336 le
2905 3275 3052 3336 faire
3085 3291 3289 3353 passer
3319 3291 3467 3353 poor
3485 3292 3562 3334 un
3595 3273 3724 3334 im-

2077 3378 2323 3452 posteur
2367 3376 2425 3430 et
2473 3385 2554 3428 un
2603 3363 2916 3439 faussaire,
2949 3364 3024 3425 né
3069 3381 3218 3444 pour
3275 3361 3556 3442 produire
3610 3361 3726 3424 des

2078 3471 2416 3524 montres.et
2439 3459 2603 3518 outré
2628 3473 2699 3516 au
2724 3458 2846 3515 dela
2876 3457 2946 3514 de
2969 3471 3035 3514 ce
3062 3472 3177 3528 que
3201 3457 3250 3514 Ia
3273 3455 3450 3514 Grece
3471 3455 3564 3526 pai
3601 3470 3726 3513 nne

2075 3569 2110 3612 a
2140 3547 2400 3627 imaginé
2431 3547 2504 3608 de
2533 3543 2720 3606 fables
2752 3561 2825 3604 en
2860 3543 3063 3604 faveur
3091 3541 3166 3602 de
3195 3559 3292 3602 ses
3323 3541 3522 3616 dieux;
3548 3540 3721 3620 puis-

2075 3636 2256 3718 qu’on
2307 3645 2512 3696 trouve
2562 3649 2782 3695 encore
2831 3630 3215 3710 aujourd’hui
3271 3629 3377 3690 des
3425 3630 3726 3692 écrivains

2074 3724 2478 3808 respectables
2507 3723 2608 3800 qui
2644 3727 2934 3802 prennent
2963 3719 3017 3781 la
3053 3721 3248 3782 meme
3278 3718 3514 3781 liberte.

797 4055 1143 4183 ΤΟΥ
1305 4059 2378 4190 ΣΟΦΩΤΑΤΟΥ
2544 4051 3269 4184 ΨΕΛΛΟΥ

1860 4302 2202 4354 ΕΓΚΩΜΙΟΝ

759 4473 929 4556 ΕΙΣ
1017 4475 1234 4560 ΤΟΝ
1326 4474 2150 4558 ΜΕΤΑΦΡΑΣΤΗΝ
2230 4471 2646 4559 ΚΥΡΙΟΝ
2736 4471 3297 4556 ΣΥΜΕΩΝΑ.

1237 4747 2261 4856 SAPIENTISSIMI
2354 4745 2832 4856 PSELLI

1834 4905 2225 4973 ENCOMIUM

798 5040 906 5126 IN
1009 5033 1910 5123 METAPHRASTEM
2019 5034 2536 5121 DOMINUM
2639 5034 3276 5128 SYMEONEM.

1547 5173 1706 5246 (Apud
1739 5173 1982 5232 Allatium
2023 5175 2102 5232 De
2131 5174 2527 5245 Symeonibus.)

362 5368 507 5428 Cum
572 5378 627 5429 et
658 5370 771 5429 vita
831 5375 890 5427 et
932 5363 1172 5427 dicendi
1219 5363 1490 5425 facultate
1547 5379 1824 5441 magnum
1883 5360 1993 5442 Sy-

363 5475 634 5517 meonem
682 5455 926 5517 laudare
957 5454 1282 5524 statuerim,
1320 5453 1488 5532 cujus
1519 5469 1626 5531 per
1654 5449 1993 5513 universum

359 5543 566 5606 orbem
607 5553 778 5606 terra;
828 5553 916 5604 est
943 5562 1184 5616 nomen,
1222 5550 1281 5604 et
1321 5560 1418 5603 res
1445 5550 1627 5620 gesta:
1657 5539 1990 5616 celebratae,

361 5635 562 5696 nescio
592 5633 947 5715 quibusnam
976 5631 1172 5694 verbis
1203 5641 1333 5696 utar
1359 5630 1421 5692 in
1453 5649 1520 5693 eo
1554 5627 1872 5707 laudando,
1903 5629 1994 5692 vel

2159 5365 2261 5422 Τὸν
2321 5362 2487 5441 μέγαν
2551 5363 2604 5418 ξι
2675 5363 2772 5438 βίῳ
2845 5362 2931 5416 καὶ
3003 5361 3147 5440 λόγῳ
3207 5364 3426 5436 Συμεὼν
3488 5361 3735 5419 ἒπκινεῖν

2080 5452 2460 5533 προελόμενος,
2494 5455 2554 5508 τὸ
2607 5473 2787 5517 πισης
2837 5454 2932 5518 τῆς
2977 5451 3290 5526 οἰκουμένης
3323 5450 3566 5528 λαμπρὸν
3627 5457 3727 5509 καὶ

2078 5540 2396 5620 περιϐόητον
2439 5544 2525 5598 καὶ
2584 5541 2752 5615 ὄνομα
2808 5541 2895 5596 καὶ
2953 5542 3253 5621 εὐτύχημα,
3290 5545 3384 5599 οὐκ
3442 5540 3563 5598 οἷδι
3621 5543 3727 5599 τίσι

2077 5631 2204 5691 ποτὲ
2262 5629 2443 5710 λόγοις
2476 5633 2592 5709 περὶ
2649 5631 2806 5688 αὖτοῦ
2855 5632 3156 5710 χρήσομαι,
3191 5631 3225 5699 ἢ
3268 5631 3316 5688 τί
3345 5635 3448 5687 τῶν
3507 5631 3726 5690 πάντων

2613 5901 2646 5914 ..,
