4004 6138
230 313 305 379 ίῶ
1349 309 1752 375 ENCOMIUM
1795 306 2408 373 METAPHRAST/E.

3453 298 3565 375 186

223 449 337 525 ἧρξεν,
415 445 668 526 ἆρκοῦσιιν
724 445 856 514 τὴν
963 445 1227 527 εὖφημίαν
1296 443 1610 525 παρέξομαι.
1685 443 1845 521 Ἀνὴρ

1934 442 2214 524 quidnam
2247 443 2538 521 dicturus,
2573 462 2641 507 ex
2669 441 2948 508 omnibus
2977 443 3369 510 sufﬁcientem
3405 462 3562 528 prae-

219 540 288 615 γὰρ
325 537 562 611 ἐκεῖνος,
619 537 673 594 οὗ
724 531 906 615 λόγῳ
970 536 1134 614 μόνον
1191 536 1576 613 κοσμούμενος,
1625 535 1713 592 καὶ
1755 535 1845 591 τόν

213 650 252 683 τε
292 630 403 683 νοῦν
458 627 611 708 ἔχων
655 627 1021 702 ἑτοιμότατον
1065 627 1136 688 εἷς
1181 627 1465 701 νοημάτων
1517 625 1700 702 γονὰς,
1745 625 1843 694 τήν

207 738 249 774 τε
296 717 553 794 γλῶσσαν
596 718 714 774 οἷον
770 715 846 784 δὴ
892 717 960 773 τὸ
1004 714 1237 791 Νειλῷον
1281 716 1468 796 ῥεῦμα,
1518 716 1615 772 οὒκ
1647 714 1701 770 ἐν
1742 735 1842 770 πε-

203 805 390 882 ριᾶδοις,
458 810 563 864 οὒκ
617 806 679 864 ἐκ
717 804 1108 882 διαστημάτων
1165 805 1408 884 μακρῶν,
1454 803 1574 861 ἀλλ’
1637 803 1844 878 ὁσημέ-

204 915 273 974 ραι
327 898 544 974 μυρίοις
627 897 992 964 πληθύνουσαν
1067 896 1295 974 πήχεσι,
1357 898 1444 952 καὶ
1502 893 1848 971 εὖκαιρότατα

203 985 610 1067 πελαγὶζουσαν,
670 985 806 1042 ἀλλὰ
848 987 938 1042 καὶ
980 991 1050 1060 τῇ
1117 985 1222 1042 ἀπὸ
1279 991 1384 1041 τῶν
1438 985 1579 1052 ἠθῶν
1637 982 1843 1059 κράσει,

199 1080 275 1133 κεί
308 1078 369 1132 τὸ
427 1077 615 1141 πάσας
675 1075 889 1154 ἀρετὰς,
930 1075 1028 1132 καί
1069 1075 1146 1149 τῷ
1203 1072 1542 1151 παράδειγμα
1604 1071 1844 1150 γενέσθαι

204 1179 304 1230 τοῖς
358 1165 572 1237 ζηλοῦν
638 1166 875 1223 ὶθέλουσι
935 1163 1372 1244 μεγαλοπρεποῦς
1422 1164 1536 1241 βίου
1592 1163 1680 1218 καὶ
1735 1160 1846 1216 σώα-

199 1276 367 1334 φρονος
427 1255 880 1331 σεμνυνομένοις.
960 1260 1154 1312 Τοῦτον
1229 1251 1295 1320 δὴ
1359 1253 1448 1309 τὸν
1517 1251 1848 1330 περιώνυμον

199 1344 365 1424 ἄνδρα,
429 1345 562 1402 καθ’
604 1345 772 1422 ὥραν,
820 1346 891 1411 ὡς
945 1347 1139 1419 εἰπεῖν,
1199 1345 1234 1412 ἡ
1294 1339 1848 1406 Κωνσταντινούπολις

199 1435 505 1506 ἐξήνθησεν,
571 1438 608 1505 ἡ
667 1434 854 1513 πρώτη
912 1435 1002 1491 τὸν
1057 1433 1288 1513 πρῶτον,
1351 1434 1386 1501 ἡ
1439 1430 1698 1496 καλλίστη
1742 1437 1848 1486 τῶν

195 1525 418 1601 πόλεων,
469 1528 570 1583 τὸν
631 1523 915 1582 κάλλιστον
963 1523 1125 1604 φάναι
1183 1522 1500 1602 πολιοῦχον,
1545 1522 1641 1578 καί
1688 1519 1846 1577 δοῦσα

194 1617 350 1688 τούτῳ
411 1627 478 1672 το
527 1615 582 1681 ἐξ
625 1617 790 1682 αὖτῆς
854 1616 1192 1692 γεγενῆσθαι,
1245 1614 1335 1669 καὶ
1381 1618 1451 1690 τῇ
1495 1611 1714 1687 τοιαύτῃ
1749 1630 1844 1687 γε-

194 1705 318 1762 νέσει
353 1707 727 1782 τιμήσασθαι,
786 1701 1040 1760 ἆντέλαϐε
1096 1702 1223 1781 παρ’
1293 1702 1454 1758 αὖτοῦ
1494 1703 1557 1758 τὸ
1607 1710 1846 1759 τοιοῦτον

1931 531 2086 596 bebo
2115 532 2542 596 laudationem.
2585 533 2695 598 Hic
2726 534 2884 598 enim
2933 536 3022 597 vir
3071 554 3190 598 non
3219 535 3406 598 solum
3440 541 3569 598 erat

1931 632 2174 686 ornatus
2203 624 2638 705 eloquentia,et
2667 633 2928 688 mentem
2964 625 3222 689 habebat
3251 625 3570 708 promptis-

1931 711 2144 776 simam
2176 713 2246 774 ad
2281 713 2580 793 gignenda
2604 715 2890 796 praeclara
2918 714 3191 794 cogitata,
3218 723 3278 778 et
3302 715 3566 796 linguam

1933 810 2206 882 tanquam
2232 801 2345 865 Nili
2369 805 2680 878 ﬂuentum,
2719 823 2837 866 non
2863 812 2993 886 post
3020 804 3260 884 longum
3287 805 3570 887 temporis

1931 892 2424 970 curriculum,sed
2460 893 2727 974 quotidie
2753 894 2896 956 rivis
2918 902 3244 958 scatentem
3275 894 3570 977 eloquen-

1929 982 2112 1057 tiae,et
2139 982 2531 1045 inundantem
2567 984 3098 1064 opportunissime:
3121 985 3226 1047 sed
3252 992 3309 1046 et
3332 1001 3570 1047 morum

1929 1072 2511 1152 temperationem,et
2543 1073 2701 1154 quod
2733 1092 2944 1136 omnes
2965 1075 3216 1136 virtutes
3246 1081 3371 1137 erat
3398 1092 3570 1136 com-

1934 1162 2163 1241 plexus,
2197 1171 2254 1224 et
2283 1161 2440 1243 quod
2491 1171 2616 1224 erat
2665 1165 3000 1246 exemplum
3035 1164 3130 1242 iis,
3165 1164 3265 1246 qui
3290 1162 3570 1227 volebant

1933 1251 2180 1314 honeste
2207 1261 2264 1314 et
2291 1252 2595 1315 moderate
2626 1254 3098 1332 vivere,gloriam
3121 1253 3414 1334 insignem
3451 1250 3564 1317 sibi

1930 1342 2570 1422 comparaverat.Hunc
2595 1361 2735 1420 ergo
2769 1342 2956 1404 virum
2980 1343 3569 1415 clarissimum,tem-

1933 1431 2158 1511 pestiie
2191 1440 2367 1512 atque
2400 1439 2725 1507 mature,ut
2746 1432 2823 1495 ita
2857 1433 3076 1508 dicam,
3100 1432 3381 1514 produxit
3409 1430 3571 1497 Con-

1931 1521 2370 1602 stantinopolis,
2409 1521 2600 1602 prima
2621 1522 2902 1603 primum,
2933 1522 3337 1604 pulcherrima
3359 1521 3570 1584 civita-

1932 1609 2646 1690 tum,pulcherrimum,ut
2676 1611 2754 1672 ita
2777 1610 2997 1690 dicam,
3025 1619 3336 1694 patronum
3357 1609 3569 1673 civita-

1930 1697 2045 1777 tis;
2076 1717 2206 1779 qua:
2235 1718 2368 1760 cum
2402 1699 2455 1760 ei
2491 1699 2775 1776 dedisset,
2809 1708 2872 1762 ut
2923 1719 2992 1762 ex
3035 1701 3162 1783 ipsa
3199 1707 3568 1781 nasceretur,

192 1809 586 1874 περιενεγκεῖν,
635 1795 755 1859 οἶος
797 1795 884 1850 καὶ
945 1795 1104 1869 μόνος
1168 1792 1445 1872 ἐξήρκεσεν
1503 1791 1566 1847 ἂν
1608 1792 1674 1848 τὰ
1703 1788 1842 1846 καλο

1934 1795 1985 1849 et
2018 1787 2116 1848 tali
2143 1797 2277 1850 ortu
2309 1807 2443 1850 eum
2478 1797 2769 1864 ornasset,
2813 1790 2887 1853 ab
2920 1809 2990 1852 eo
3022 1791 3135 1853 hoc
3166 1790 3426 1852 vicissim
3459 1807 3568 1852 ac-

190 1884 400 1943 λιστεῐα
464 1884 650 1960 ἒκείνῃ
707 1881 994 1942 ἀποδοῦναι
1038 1889 1140 1939 τῶν
1185 1881 1393 1938 πόλεων
1424 1897 1438 1912 ’
1488 1882 1575 1938 καὶ
1627 1879 1843 1958 γέγονεν

191 1978 316 2051 αὗτῇ
373 1978 408 2044 ἡ
461 1973 598 2052 παρ’
654 1975 853 2031 ἐκείνου
919 1972 1054 2048 τιμὴ
1131 1972 1226 2039 τῆς
1289 1971 1542 2050 πρότερον
1601 1967 1842 2048 μεγαλο-

191 2063 527 2141 πρεπεστέρα
583 2065 672 2120 καὶ
730 2063 923 2138 μείζων
954 2080 971 2098 ·
1017 2061 1140 2118 ὅσον
1185 2061 1308 2118 τότε
1354 2062 1451 2137 μὲν
1515 2059 1700 2116 κάλλει
1758 2060 1845 2115 ναὶ

189 2157 394 2231 μεγέθει
455 2161 570 2211 τῶν
629 2152 805 2210 ἄλλων
865 2152 1070 2232 ἐκράτει
1131 2151 1370 2224 πόλεων,
1416 2150 1595 2228 ὥσπερ
1621 2173 1702 2213 τις
1732 2171 1843 2206 πα-

193 2243 429 2321 ραδείσου
493 2250 677 2324 χῶρος
738 2243 806 2310 τῆ
861 2239 1120 2321 περιϐολῇ
1163 2241 1259 2298 καί
1302 2247 1379 2315 τῷ
1421 2239 1622 2314 κύκλῳ·
1687 2240 1844 2297 ὕστε-

192 2356 274 2410 ρον
328 2333 387 2390 δὲ
447 2331 523 2390 δι’
594 2335 804 2389 ὲκεϊνον
872 2333 960 2387 καὶ
1015 2345 1132 2396 τοῖς
1191 2329 1365 2387 ἄνθεσι
1417 2335 1524 2386 τῶν
1559 2332 1844 2406 αὖθιγενιῖιν

195 2423 419 2500 ἀρετῶν,
484 2419 580 2484 τάς
643 2419 807 2483 ἄλλας
867 2420 1278 2500 ὑπερηκόντισεν
1312 2436 1326 2452 ⁸
1373 2419 1508 2477 ὥστε
1543 2420 1713 2476 εἶκαὶ
1768 2418 1845 2493 μὴ

194 2512 354 2575 οὕτως
400 2510 458 2577 ἒξ
519 2511 698 2590 ἀρχῆς
756 2511 963 2586 κόσμου
1033 2511 1354 2590 τετύχηκεν,
1417 2507 1555 2583 μηδὲ
1608 2508 1848 2574 οἰκιστὴν

197 2612 434 2660 τοιοῦτον
497 2600 834 2680 ηὐτύχηκεν,
869 2599 1180 2681 ἀπέχρησεν
1220 2599 1284 2656 ἂν
1333 2599 1468 2676 αὐτῇ
1526 2601 1589 2654 τὸ
1637 2601 1845 2672 θαυμα-

194 2693 308 2748 στὸν
373 2690 441 2755 δὴ
504 2697 664 2748 τοῦτο
719 2691 962 2770 γέννημα
1015 2691 1148 2768 πρὸς
1204 2690 1306 2758 τὴν
1367 2695 1474 2746 τῶν
1530 2685 1848 2766 κρειττόνων

199 2781 482 2843 ἀντίθεσιν,

1930 1877 2278 1959 cepit,quod
2302 1897 2436 1939 eum
2468 1878 2949 1961 produxerit,qui
2970 1880 3058 1942 vel
3083 1881 3244 1944 solus
3266 1879 3571 1942 suffecerit

1928 1967 2000 2028 ad
2031 1967 2084 2029 ei
2113 1968 2374 2029 dandum
2411 1967 2812 2048 pulcherrima
2864 1969 3108 2047 praemia
3139 1970 3463 2032 civitatum.
3495 1967 3568 2031 Et

1929 2055 2037 2116 fuit
2068 2057 2280 2133 honor,
2315 2074 2490 2137 quem
2523 2075 2591 2118 ex
2623 2057 2723 2118 illo
2787 2058 3012 2132 habuit,
3055 2059 3253 2140 priore
3287 2059 3479 2140 major
3505 2065 3566 2121 et

1931 2145 2410 2226 magniﬁcentior
2435 2168 2451 2220 ;
2485 2145 2642 2226 quod
2675 2157 2817 2208 tunc
2846 2148 3090 2226 quidem
3120 2147 3567 2230 pulchritudine

1928 2234 2246 2315 superabat
2275 2233 2422 2295 alias
2450 2234 2746 2304 civitates,
2777 2235 2954 2297 veluti
2981 2236 3220 2317 quidam
3254 2236 3422 2299 locus
3454 2255 3564 2318 pa-

1927 2323 2108 2386 radisi
2153 2322 2376 2385 ambitu
2411 2332 2470 2386 et
2498 2323 2752 2386 circuitu
2789 2350 2804 2397 ;
2863 2333 3064 2406 postea
3092 2334 3290 2390 autem
3323 2333 3569 2408 propter

1930 2412 2094 2475 illum
2119 2414 2366 2474 ﬂoribus
2391 2431 2626 2494 quoque
2649 2413 2729 2475 ibi
2756 2414 3090 2494 genitarum
3115 2416 3395 2479 virtutum
3418 2416 3567 2478 alias

1932 2503 2108 2580 longo
2131 2502 2440 2566 intervallo
2461 2503 2778 2584 superavit:
2813 2503 2962 2567 adeo
2988 2505 3315 2582 ut,etiamsi
3341 2524 3457 2567 non
3481 2505 3570 2568 sic

1929 2592 2138 2655 fuisset
2155 2601 2362 2654 ornata
2390 2591 2464 2654 ab
2495 2592 2752 2668 initio,ei
2781 2593 3114 2657 suffecisset
3141 2595 3318 2658 foetus
3341 2595 3439 2656 hic
3468 2593 3570 2657 ad-

1933 2682 2225 2745 mirabilis
2254 2691 2317 2744 ut
2348 2701 2414 2745 se
2446 2696 2646 2764 posset
2679 2683 2952 2747 conferre
2981 2703 3115 2747 cum
3149 2684 3573 2766 prastantiori-

1936 2771 2071 2834 bus.

2012 2861 2085 2923 Et
2113 2861 2266 2924 vires
2319 2862 2563 2944 quidem
2613 2863 3114 2946 incomparabiles
3162 2869 3384 2946 statim,
3447 2872 3571 2929 eta

1931 2952 2222 3034 primo,ut
2242 2953 2428 3014 semel
2449 2952 3016 3030 dicam,ortu,etiam
3049 2955 3304 3018 ﬂorente
3325 2954 3567 3036 capillo.

283 2873 379 2929 Καὶ
431 2872 499 2928 τὸ
556 2870 695 2927 κατᾶ
736 2877 952 2927 πάντων
993 2869 1305 2949 ἀσύγκριτον
1335 2870 1523 2947 κράτος
1554 2868 1639 2925 καὶ
1669 2867 1846 2941 ἀπαρ-

207 2960 457 3035 άμιλλον,
519 2962 590 3027 ἦν
646 2959 744 3034 μὲν
799 2960 946 3023 εὐθὺς
1011 2961 1073 3016 τὸ
1131 2959 1192 3017 ἐκ
1243 2961 1484 3039 πρώτης,
1531 2961 1605 3018 ὡς
1649 2959 1844 3036 εἰπεῖν,

206 3049 483 3126 γενέσεως,
541 3051 632 3106 καὶ
691 3049 744 3114 ἐξ
799 3049 1056 3117 ἀνθούσης
1111 3047 1216 3117 ἤδη
1286 3050 1498 3130 τριχός,
1564 3047 1744 3126 ὥσπερ
1801 3049 1845 3103 οἱ

1934 3041 2304 3116 ostendebat,
2340 3061 2457 3104 non
2489 3061 2664 3106 secus
2695 3051 2871 3125 atque
2903 3043 3143 3107 leonum
3177 3044 3351 3107 catuli
3376 3052 3572 3108 osten-

205 3145 302 3194 τῶν
360 3137 599 3196 λεόντων
628 3140 877 3214 σκύμνοι,
925 3140 1072 3204 εύθὺς
1129 3139 1228 3206 τὴν
1275 3141 1435 3219 ὀφρὺν
1491 3135 1842 3213 παραδεικνύ-

1934 3131 2078 3193 dunt
2101 3132 2372 3212 protinus
2401 3132 2808 3213 supercilium,
2835 3141 2895 3194 et
2915 3133 3160 3195 densam
3186 3133 3320 3196 colli
3333 3133 3569 3214 jubam.

205 3249 369 3301 οντες,
429 3231 519 3286 καὶ
573 3235 679 3284 τῶν
737 3229 1072 3308 ἐπαυχενίων
1110 3234 1314 3309 τριχῶν
1371 3229 1432 3285 τὸ
1461 3227 1671 3290 λάσιον,
1710 3219 1845 3283 ’Υπ-

1934 3220 2160 3283 Etenim
2185 3223 2363 3284 ﬂores
2388 3221 2763 3302 pullulabant
2786 3222 3218 3300 intelligentiae;
3235 3232 3293 3286 et
3313 3223 3572 3286 habebat

206 3317 342 3384 ήνθει
402 3319 505 3396 γὰρ
561 3320 702 3391 αὖτῷ
744 3317 810 3373 τὰ
854 3318 948 3384 τῆς
992 3318 1252 3380 συνέσεως
1300 3316 1456 3391 ἐίνθη,
1505 3317 1591 3373 καὶ
1623 3317 1682 3372 τὸ
1711 3317 1845 3396 φρό-

1934 3311 2266 3392 prudentiae
2286 3311 2637 3391 profundam
2663 3311 2978 3393 quamdam
3011 3312 3296 3388 radicem,
3332 3321 3388 3374 et
3414 3331 3570 3394 quo-

210 3429 348 3480 νημα
398 3409 544 3484 ῥίζαν
575 3409 692 3463 τινὰ
721 3410 819 3486 εἶχ
825 3429 849 3462 ε
909 3407 1153 3486 βαθεῖαν,
1181 3409 1272 3465 καὶ
1318 3410 1345 3465 ὁ
1378 3414 1494 3472 νοῦς
1525 3404 1845 3478 ἐξήστραπτέ

1934 3399 2067 3461 dam
2093 3400 2430 3463 admirabili
2461 3400 2688 3479 fulgore
2747 3419 2917 3464 mens
2953 3400 3233 3464 micabat.
3265 3399 3403 3464 Hmc
3435 3399 3568 3463 aliis

204 3517 253 3552 τι
309 3497 634 3573 θαυμάσιον.
695 3503 866 3554 Ταῦτα
925 3494 979 3551 δὲ
1022 3509 1138 3559 τοϊς
1193 3497 1294 3572 μὲν
1350 3495 1530 3560 ἄλλοις
1591 3495 1845 3574 ἀρκοῦντα

1934 3488 2174 3570 quidem
2201 3489 2570 3554 suffecissent
2589 3490 2661 3550 ad
2681 3489 3207 3563 absolutionem,in
3233 3488 3336 3550 illo
3369 3497 3566 3552 autem

207 3585 490 3665 ἐτύγχανεν
553 3587 625 3648 εὶς
682 3583 978 3661 τελείωσιν,
1064 3585 1250 3661 ἐκείνῳ
1303 3586 1356 3643 δὲ
1414 3586 1845 3665 προχαράγματα

1934 3577 2596 3656 agnoscebanturveluti
2614 3578 2878 3660 quaedam
2907 3579 3069 3660 prius
3093 3577 3570 3659 descriptmﬁgu-

214 3679 304 3743 τῆς
362 3675 569 3740 τελείας
599 3675 910 3753 ἐγνηιρίζετο
967 3677 1192 3754 φύσεως.
1229 3676 1438 3753 Ὥσπερ
1468 3675 1556 3731 οὖν
1585 3681 1692 3731 τῶν
1735 3672 1845 3729 δένο

1934 3685 2172 3749 rae,quaa
2195 3667 2519 3748 perlectam
2553 3668 2682 3748 ejus
2713 3667 2974 3730 indolem
3009 3667 3566 3748 praesignificabat.

218 3760 338 3840 δςιων
389 3766 564 3822 ὁπόσα
621 3765 766 3842 παρὰ
824 3765 924 3832 τὴν
966 3765 1120 3844 φύσιν
1162 3763 1545 3822 ἂναϐλαστάνει
1591 3768 1688 3830 τῆς
1721 3761 1843 3820 ἑπι-

1934 3756 2236 3830 Quomodo
2253 3775 2394 3837 ergo
2416 3757 2823 3839 arbores,quaa
2847 3758 3188 3838 germinant
3213 3765 3430 3837 praeter
3459 3776 3570 3820 ua-

221 3853 510 3929 μελομένης
566 3855 750 3934 χειρὸς
795 3854 972 3934 βραχύ
1027 3875 1076 3909 τι
1129 3852 1466 3928 ἐπιδεόμενα,
1518 3854 1564 3909 εἱ
1609 3853 1696 3908 καὶ
1742 3853 1841 3928 ἀρ-

1934 3855 2146 3922 turam,
2180 3865 2386 3927 parum
2435 3855 2680 3926 egentes
2727 3865 2930 3923 manu,
2965 3864 3330 3929 quaeearum
3364 3864 3570 3910 curam

220 3940 344 3999 ὃείαν
377 3945 498 4000 τινὰ
549 3941 924 4023 παραδέξεται,
956 3941 1034 4000 ἔτι
1096 3941 1302 4019 μαλλον
1352 3945 1482 4021 πρὸς
1531 3941 1728 4006 καλλος
1756 3943 1845 3998 καὶ

1934 3944 2112 4017 gerat,
2147 3937 2198 3999 si
2225 3935 2478 4017 aliquam
2511 3938 2851 4017 acceperint
2881 3935 3314 4016 irrigationem,
3341 3945 3400 3999 et
3430 3937 3568 4018 pul-

224 4033 424 4109 μέγεθος
454 4030 755 4090 ἔπιδίδωσιν
785 4047 798 4062 ’
849 4031 988 4089 οὕτω
1035 4029 1092 4087 δὲ
1148 4031 1372 4106 κάκείνῳ
1402 4032 1466 4099 ἦν
1499 4030 1597 4106 μὲν
1629 4032 1662 4099 ἦ
1693 4030 1843 4110 φύσις

1934 4025 2268 4089 chritudine
2287 4036 2347 4088 et
2365 4027 2768 4107 magnitudine
2793 4027 2990 4090 adhuc
3011 4026 3196 4108 magis
3225 4033 3519 4106 augentur
3549 4047 3567 4105 ;

223 4119 453 4198 εὔδρομόν
507 4143 559 4178 τι
619 4126 835 4201 χρῆμα,
897 4121 991 4178 γαί
1047 4121 1194 4186 εὐθὺς
1277 4123 1468 4198 προϊὸν
1525 4119 1639 4177 κατ’
1701 4120 1840 4182 εὐθύ.

1934 4116 2008 4178 ita
2037 4116 2210 4179 etiam
2229 4115 2318 4178 illi
2347 4134 2583 4197 quoque
2617 4124 2742 4178 erat
2763 4116 3146 4178 celerrimum
3170 4115 3569 4196 ingenium,et

224 4209 362 4268 ὀθεν
389 4212 665 4288 αὐτοφυῶς
706 4210 803 4286 μὲν
853 4209 1182 4288 ἒῤῥητόρευε,
1232 4212 1361 4287 πρὸς
1393 4208 1446 4266 δὲ
1477 4209 1790 4289 φιλοσοφίαν
1819 4211 1845 4266 ὁ

1934 4205 2086 4286 quod
2110 4206 2382 4286 protinus
2404 4206 2465 4267 in
2490 4207 2676 4268 altum
2704 4204 3067 4285 erigebatur.
3093 4204 3493 4278 Quamobrem
3517 4205 3568 4268 is

1929 4313 2035 4357 sua
2065 4304 2280 4376 sponte
2311 4295 2612 4376 prebebat
2639 4313 2704 4356 se
2734 4295 2954 4356 oratori
2980 4313 2996 4370 ;
3027 4295 3098 4356 ad
3133 4293 3568 4376 philosophiam

1927 4393 2127 4447 autem
2161 4384 2488 4467 profundus
2518 4385 2734 4447 animae
2764 4384 2932 4447 sinus
2978 4385 3217 4466 copiosa
3247 4402 3424 4447 sensa
3454 4386 3566 4448 da-

1865 4521 1912 4575 υ
1928 4473 2052 4575 bat,
2086 4481 2146 4537 et
2176 4474 2450 4554 cogitata.

2009 4563 2326 4646 Postquam
2349 4571 2546 4626 autem
2579 4564 2807 4645 aspexit
2837 4565 2908 4627 ad
2935 4564 3168 4628 scholas
3192 4565 3574 4646 philosopho-

219 4678 313 4714 των
375 4655 668 4730 ἀπέϐλεπε,
718 4658 808 4714 καί
864 4678 1012 4717 τινας
1071 4656 1274 4714 ἐκεῖθεν
1329 4655 1503 4736 ἀρχὰς
1561 4655 1845 4734 ἐκομίσατο

1934 4671 2086 4729 rum,
2121 4663 2179 4717 et
2211 4653 2374 4716 illinc
2406 4653 2673 4734 quaedam
2705 4654 2957 4736 accepit,
3005 4674 3134 4737 quae
3163 4663 3365 4718 essent
3389 4655 3567 4736 adju-

219 4748 337 4823 πρὸς
392 4747 492 4811 τὴν
549 4752 658 4804 τῶν
700 4746 1042 4817 ζητουμένων
1088 4745 1289 4825 εὕρεσιν
1320 4744 1589 4824 ἀφορμὰς,
1619 4747 1845 4824 ἀνέκυψέ

1934 4751 2131 4804 mento
2163 4741 2235 4804 ad
2295 4741 2702 4805 inventionem
2759 4761 2994 4818 eorum,
3030 4762 3163 4825 qua;
3191 4753 3566 4826 quaeruntur,

222 4300 360 4373 βαθὺς
383 4302 484 4368 τῆς
515 4302 702 4380 ψδχῆς
734 4298 934 4365 κόλπος
967 4296 1165 4378 ἄφθονα
1196 4297 1362 4357 ἐδίδου
1390 4300 1661 4374 νοήματα.

290 4567 437 4626 Ἐπεὶ
467 4566 521 4623 δὲ
564 4568 654 4625 καὶ
684 4569 816 4645 πρὸς
860 4567 955 4630 τὰς
1004 4563 1272 4642 διατριϐὰς
1327 4572 1434 4624 τῶν
1490 4566 1843 4648 φιλοσοφούν-

217 4857 267 4892 τε
307 4837 516 4916 ἀθρόον,
547 4837 634 4892 καὶ
666 4834 801 4913 ἤρθη
831 4835 1123 4913 μετέωρος,
1182 4835 1269 4892 καὶ
1309 4835 1416 4892 ἀπὸ
1465 4843 1571 4894 τῶν
1623 4837 1845 4894 ἀκτίνων

217 4928 320 5004 εὗρε
365 4927 456 4982 τὸν
488 4923 664 4999 ἣλιον,
697 4925 733 4993 ἢ
784 4923 950 4990 οὕτως
1001 4926 1196 4999 εἰπεῖν,
1244 4923 1350 4982 ἀπὸ
1381 4932 1473 4984 τοῦ
1504 4924 1656 4998 ἡλίου
1713 4927 1844 5005 πρὸς

215 5017 298 5081 τὰς
349 5015 574 5078 ἀκτῖνας
630 5011 929 5090 διέϐλεψεν,
963 5014 1022 5070 τὸ
1068 5014 1166 5088 μὲν
1216 5035 1282 5070 εκ
1328 5021 1434 5070 τῶν
1491 5015 1719 5094 ὑστέρων
1781 5017 1846 5074 τὰ

216 5111 387 5183 πρῶτα
446 5102 918 5183 συλλογιζόμενος,
962 5105 1025 5160 τὸ
1061 5100 1118 5159 δὲ
1159 5102 1217 5160 ἐκ
1274 5108 1381 5160 τῶν
1451 5103 1723 5181 προτέρων
1781 5106 1846 5162 τὰ

216 5192 420 5272 δεύτερα
503 5198 572 5270 τῇ
647 5192 801 5257 φύσει
870 5189 1381 5271 συμπεραινόμενος,
1445 5191 1604 5260 Εἰδὼς
1661 5192 1716 5250 δὲ
1773 5195 1846 5261 ὡς

215 5282 315 5343 δυσὶ
356 5283 568 5347 τοότοις
621 5282 658 5350 ἠ
715 5280 891 5339 τελεία
933 5281 1052 5340 καθ’
1095 5283 1238 5358 ἡμᾶς
1282 5283 1432 5364 φύσις
1489 5284 1842 5365 κεκόσμηται,

214 5382 293 5432 νοῦ
347 5375 669 5452 γεννήμασι,
747 5373 835 5428 καὶ
913 5371 1160 5450 γλώττης
1218 5373 1419 5449 ῥήμασι
1478 5375 1566 5430 καὶ
1609 5376 1680 5434 ὡς
1739 5380 1845 5431 τῶν

215 5462 581 5539 προλαϐόντων
633 5461 850 5518 ἐκείνων
881 5468 1088 5540 σοφῶν,
1134 5463 1182 5518 οἱ
1240 5463 1338 5538 μὲν
1393 5461 1480 5518 διὰ
1535 5462 1846 5542 φιλοσοφίας

213 5554 296 5607 τὴν
349 5559 462 5607 νοῦν
493 5549 837 5623 ἐτελείωσαν,
872 5552 917 5605 οἱ
951 5547 1006 5604 δὲ
1036 5547 1120 5605 διὰ
1159 5551 1446 5626 ῥητορικῆς
1478 5553 1578 5618 τὴν
1607 5551 1848 5628 γλῶτταν

214 5641 483 5722 ἐκάθηραν,
528 5642 620 5699 καὶ
678 5637 822 5709 πλήν
867 5659 928 5719 γε
975 5639 1087 5703 ἐνὸς
1132 5639 1168 5716 ἢ
1213 5638 1352 5698 δυσὶν
1396 5643 1442 5705 οἱ
1484 5638 1664 5698 λοιποὶ
1713 5641 1844 5719 πρὸς

1931 4839 2180 4914 repente
2206 4832 2624 4909 assurrexit,et
2653 4834 2838 4897 evasit
2876 4832 3173 4911 sublimis,
3203 4841 3263 4895 et
3292 4853 3360 4895 ex
3385 4835 3568 4896 radiis

1931 4922 2156 4986 invenit
2182 4922 2394 4996 solem,
2428 4923 2517 4984 vel
2549 4941 2584 4984 a
2611 4923 2834 4998 sole,ut
2863 4925 2940 4985 ita
2969 4923 3191 4998 dicam,
3237 4921 3464 5004 aspexit
3492 4923 3569 4986 ad

1930 5011 2152 5084 radios,
2189 5013 2403 5090 partim
2427 5011 2666 5092 quidem
2688 5031 2759 5074 ex
2784 5012 3212 5094 posterioribus
3234 5013 3433 5093 priora
3464 5029 3568 5074 ra-

1931 5101 2317 5163 tiocinatione
2335 5100 2646 5180 colligens,
2673 5101 2886 5182 partim
2917 5109 3114 5163 autem
3139 5119 3211 5163 ex
3241 5100 3565 5183 prioribus,

1929 5209 2066 5269 qua).
2094 5199 2305 5254 natura
2333 5198 2471 5251 sunt
2500 5188 3339 5264 secunda,coucludens.Cum
3369 5199 3571 5253 autem

1929 5281 2298 5362 sciret,quod
2324 5279 2592 5360 perfecta
2619 5288 2820 5341 nostra
2848 5288 3056 5342 natura
3088 5279 3182 5342 his
3207 5277 3448 5342 duobus
3481 5289 3573 5345 est

1929 5377 2162 5444 ornata,
2198 5387 2415 5450 nempe
2439 5369 2662 5431 fetibus
2694 5368 2934 5442 mentis,
2966 5377 3025 5430 et
3052 5369 3269 5446 linguae
3297 5371 3565 5446 ﬂuentis,

1930 5469 1989 5522 et
2007 5459 2165 5539 quod
2187 5478 2255 5520 ex
2280 5459 2531 5538 illis.qui
2555 5477 2690 5518 eum
2715 5459 3568 5540 praecesserunt,sapientibus,

1929 5550 2025 5610 alii
2050 5549 2294 5630 quidem
2313 5555 2874 5608 consummaverunt
2898 5558 3156 5609 mentem
3181 5565 3288 5629 per
3305 5545 3572 5626 philoso-

1931 5639 2129 5724 phiam
2136 5635 2264 5716 ,alii
2277 5653 2414 5696 vero
2436 5650 2545 5717 per
2563 5631 2803 5702 dicendi
2825 5633 3164 5705 facultatem
3186 5637 3454 5726 linguam
3471 5653 3570 5699 ex-
