4004 6138
377 271 490 348 187

1930 278 2220 344 PSELLI.

3629 277 3798 352 188

376 422 884 502 purgaverant,et
917 426 1128 500 praeter
1158 423 1339 482 unum
1373 427 1470 482 aut
1497 417 1669 493 duos,
1703 417 1917 499 reliqui
1942 415 2014 480 ad

2125 419 2315 498 ’ἅτερον
2366 421 2650 478 ὶπένεϋσαν
2710 426 2817 479 τῶν
2847 428 3046 500 μερῶν,
3088 423 3174 480 καὶ
3218 434 3334 488 τοῖς
3379 423 3475 498 μὲν
3507 424 3538 492 ἦ
3570 421 3796 502 γλῶτο

375 511 726 573 alterutram
750 509 1226 587 declinaverunt;
1249 509 1380 572 aliis
1399 510 1637 590 quidem
1663 508 1866 570 densis
1892 507 2021 589 epi-

375 598 820 663 cberematibus
854 598 1055 678 lingua
1089 600 1252 660 ﬂuxit
1284 599 1472 660 instar
1503 598 1702 660 fluvii:
1735 597 1886 659 alios
1911 617 2020 660 au-

378 697 498 751 tem
523 689 906 751 celebrarunt
929 688 1210 769 praeclara
1234 688 1449 749 mentis
1467 705 1644 750 sensa
1669 694 1726 748 et
1742 687 2016 766 cogitata,

375 778 926 859 adeouthiquidem
952 786 1151 838 essent
1176 778 1606 858 propemodum
1631 775 2020 856 elingues,illi

379 877 579 930 autem
603 887 636 928 a
661 867 1017 947 perfectiore
1041 866 1266 928 deserti
1297 867 1713 946 intelligentia;
1739 865 1834 928 ille
1867 866 2023 926 inter

380 965 666 1038 utrosque
686 957 916 1018 medius
935 956 1253 1032 fuit,veluti
1276 955 1574 1038 quoddam
1599 957 1898 1017 vinculum
1923 974 2020 1016 eo-

379 1046 652 1130 rum,qui
679 1060 816 1109 tunc
839 1055 1009 1108 erant
1030 1045 1406 1126 disjuncti,et
1425 1047 1608 1108 menti
1627 1047 1888 1123 linguam
1911 1044 2019 1106 ad-

377 1141 711 1213 jungens.et
725 1141 916 1197 verbis
931 1148 1177 1196 mentem
1191 1139 1556 1202 adhibensmt
1569 1142 1675 1197 arti
1700 1140 1930 1211 quidem
1947 1139 2024 1195 di-

380 1227 840 1298 cendiadjiciens
859 1225 1286 1296 philosophiam
1304 1226 1373 1282 ad
1391 1225 1772 1282 emoaciorem
1793 1235 1841 1280 et
1858 1239 2024 1295 aper-

375 1313 585 1371 tlorem
610 1309 1392 1382 ogerationemzphilosophia
1422 1321 1614 1367 autem
1638 1318 1816 1368 artum
1843 1308 2025 1368 ιιχιοι-

380 1399 599 1470 lens,et
619 1397 786 1454 ambo
809 1399 957 1454 inter
983 1413 1042 1453 se
1065 1406 1508 1466 contemperans
1529 1411 1626 1453 sua
1643 1395 2026 1467 pulchritudi-

381 1479 738 1548 ne,vocalem
762 1486 841 1544 (ut
865 1483 949 1537 sic
972 1480 1184 1551 dicam)
1208 1487 1542 1546 mentom,et
1566 1480 1819 1551 linguam
1844 1479 2028 1538 effecit

384 1565 1436 1636 menteprmditam.Phil030pbabatur
1453 1566 1647 1638 itaque
1671 1581 1799 1623 rum
1826 1565 2024 1622 morali

381 1649 785 1725 probabilitate
807 1649 1220 1720 etfungebatur
1237 1664 1478 1707 munere
1495 1652 1895 1716 oratorispum
1912 1650 2030 1720 phi-

385 1734 674 1817 losophia
699 1733 1143 1813 profunditatm;
1171 1741 1228 1794 et
1257 1742 1389 1796 erat
1411 1733 1682 1814 utrisque
1707 1733 2029 1812 generibus

389 1848 462 1892 ex
499 1847 670 1908 aequo
700 1826 1208 1898 accommodatus;
1244 1845 1438 1908 neque
1470 1827 1860 1908 philosophus
1891 1827 2028 1887 odio

385 1919 642 1985 habebat
665 1927 1080 1998 argumentum
1107 1919 1519 1994 civile,videns
1542 1919 1600 1979 id
1637 1935 1770 1981 esse
1794 1918 2028 1980 colora-

386 2026 508 2080 tum
543 2014 818 2080 tincturis
850 2013 1264 2095 philosophiae,
1299 2032 1495 2096 neque
1530 2023 1727 2075 orator
1750 2030 1904 2092 aegre
1937 2013 2028 2074 fe-

382 2109 486 2174 bat
514 2108 847 2184 scientiam,
880 2107 1131 2170 artiﬁcio
1163 2107 1400 2170 dicendi
1427 2108 1539 2169 sibi
1575 2108 1836 2187 placens.

467 2201 619 2265 Hinc
651 2201 828 2263 veluti
859 2200 1130 2277 quaedam
1152 2200 1380 2282 lampas
1403 2217 1656 2262 accensa
1683 2206 1738 2260 et
1761 2199 1820 2260 in
1843 2199 2027 2260 altum

382 2294 615 2359 sublata
646 2313 679 2356 e
715 2295 994 2375 Byzantio
1023 2294 1148 2356 visa
1192 2305 1303 2368 est,
1334 2295 1511 2357 veluti
1542 2293 1810 2377 quaedam
1847 2294 1936 2356 fax
1968 2294 2029 2355 in

385 2403 526 2448 aere
549 2384 828 2446 omnibus
851 2383 1185 2446 civitatibus
1210 2405 1225 2460 ;
1262 2393 1321 2446 et
1343 2393 1471 2446 erat
1495 2402 1702 2447 revera
1727 2384 1894 2445 locus
1922 2403 2030 2445 ve-

383 2474 495 2538 luti
519 2475 784 2536 mundus
805 2474 1046 2554 quidam
1064 2473 1324 2536 ccelestis
1347 2473 1740 2555 resplendens
1763 2474 2006 2552 omnige

385 2583 532 2627 nere
563 2563 873 2635 doctrinm,
907 2572 965 2626 et
997 2581 1104 2645 per
1165 2584 1346 2626 unum
1399 2565 1498 2643 qui
1555 2563 1742 2625 facem
1780 2562 2027 2636 ferebat,

386 2659 598 2737 partim
623 2654 866 2732 quidem
895 2654 1199 2718 illustrans
1231 2655 1577 2718 universum
1603 2654 1809 2716 orbem
1837 2662 2026 2730 terrae,

390 2744 607 2825 partim
636 2752 837 2806 autem
865 2744 1286 2824 prmtcrlucem
1312 2749 1607 2824 propriam
1634 2743 1846 2805 alienis
1876 2763 2031 2818 quo—

387 2852 507 2916 que
519 2851 838 2895 coruscans
853 2833 1203 2910 fulgoribus;
1229 2843 1285 2895 et
1304 2832 1461 2910 quod
1483 2843 1573 2894 est
1593 2832 2028 2912 admirabilius,

391 2933 451 2990 et
474 2931 720 3006 propter
734 2922 894 3000 quod
918 2923 1080 2984 illum
1109 2923 1398 3003 quispiam
1425 2921 1612 3002 magis
1634 2922 1812 2984 fuerit
1833 2922 2032 2983 admi-

388 3023 719 3089 ratus,cum
748 3019 905 3074 esset
925 3031 1150 3092 genere
1181 3012 1400 3084 clarus,
1436 3020 1494 3074 et
1515 3031 1584 3073 ex
1610 3012 1822 3073 illustri
1855 3013 2030 3073 fami—

390 3103 470 3166 lia
499 3109 761 3175 natus,et
789 3100 1120 3162 abundaret
1151 3101 1394 3175 divitiis,
1433 3110 1489 3162 et
1521 3102 1758 3182 iis,quae
1789 3107 2030 3178 segnio-
2051 3139 2092 3190 ο

389 3211 517 3256 rem
531 3190 1193 3272 eﬂecerintquempiam
1213 3190 1286 3252 ad
1309 3190 1851 3271 disciplinas.Multi
1872 3191 2030 3253 enim

389 3282 506 3345 sibi
529 3291 870 3362 proponunt
887 3279 1219 3341 doctrinam
1246 3291 1303 3341 et
1320 3281 2031 3362 eloquentiam,tanquam

389 3392 570 3453 opum
607 3369 1002 3452 parandarum
1042 3370 1372 3443 materiam,
1401 3389 1518 3431 non
1543 3381 1610 3431 ut
1642 3383 2037 3450 assequuntur

390 3480 622 3543 eaquae
651 3469 787 3522 sunt
821 3459 1202 3532 meliora,sed
1235 3459 1290 3520 ei
1321 3459 1727 3533 studentes,ut
1756 3476 1820 3519 se
1853 3457 2036 3520 rebus

389 3553 556 3614 vanis
582 3550 884 3630 voluptate
909 3548 1215 3630 expleant;
1238 3548 1338 3610 ille
1365 3550 1627 3610 externis
1647 3548 1901 3609 fortuna)
1925 3548 2036 3609 ad-

391 3640 695 3705 miniculis
739 3658 880 3700 usus
911 3648 998 3700 est
1023 3638 1094 3699 ad
1130 3638 1592 3719 philosophiam.
1628 3638 1777 3700 Hinc
1812 3637 2032 3698 factum

391 3739 484 3794 est
513 3739 578 3792 ut
611 3748 721 3791 nec
752 3747 856 3790 eos
880 3726 1264 3788 aemularetur
1294 3727 1710 3808 philosophos,
1743 3729 1839 3808 qui
1865 3740 2036 3789 erant

393 3819 574 3880 nimis
595 3817 912 3887 otiosi,nec
939 3815 1336 3895 oratores,qui
1365 3815 1544 3876 nimis
1575 3815 1989 3877 redundabant
2017 3833 2030 3879 ε

391 3926 528 3970 nam
549 3907 631 3969 illi
658 3905 902 3984 quidem
929 3905 1099 3966 veluti
1128 3905 1418 3964 immenso
1443 3904 1670 3965 lumine
1692 3904 2032 3966 circumfusi

389 3995 576 4061 radiis
608 3994 1002 4076 philosoPhiae
1059 3993 1254 4055 statim
1311 3992 1657 4055 clauserunt
1715 3993 1940 4066 oculos,
1979 4001 2036 4054 et

389 4086 668 4148 virtutem
699 4103 1075 4165 nequaquam
1101 4083 1480 4146 deduxerunt
1507 4082 1579 4144 ad
1601 4085 2037 4157 actionem,nec

395 4175 709 4253 magniﬁce
734 4175 826 4236 usi
853 4181 992 4236 sunt
1017 4173 1417 4254 dogmatibus,
1449 4191 1644 4254 neque
1665 4173 1848 4235 duces
1871 4172 2038 4235 fuere

395 4266 930 4345 civitatum,neq'ie
961 4282 1093 4344 quae
1123 4262 1470 4324 didicerunt
1503 4273 1945 4343 proposuerunt
1977 4263 2037 4324 in

396 4354 598 4418 medio
623 4353 879 4436 populo;
905 4354 1008 4415 sed
1037 4359 1360 4434 promissas
1391 4351 1630 4433 quidem
1667 4351 1880 4415 barbas
1908 4353 2038 4416 ale-

2104 533 2168 566 τα
2225 511 2535 587 ποταμηδὸν
2595 511 2859 590 ἕῤῥευσεν,
2928 512 2978 580 ἐξ
3023 513 3462 593 ἐπιχειρημάτων
3505 521 3785 587 πυκνῶν,

2103 601 2224 665 τοὺς
2280 599 2336 657 δὲ
2391 599 2606 678 ἐκήρυξε
2669 609 2775 658 τῶν
2835 602 3120 676 νοημάτων
3169 603 3235 658 τὰ
3293 601 3620 682 ὑψηλότερα,
3669 605 3788 664 ὣς

2104 695 2243 747 εἶναι
2295 692 2509 755 τούτους
2542 693 2637 764 μὲν
2670 701 2863 768 μικροῦ
2911 689 3021 748 δεῖν
3068 691 3396 770 διγλώττους,
3433 692 3659 757 ἐκείνους
3695 689 3790 746 δὲ

2105 779 2332 857 ἐρήμους
2393 782 2652 854 νοήσεως,
2717 781 2923 844 ἐκεῖνος
3001 781 3161 856 μέσον
3228 781 3430 862 ἀμφοῖν
3487 783 3788 859 γεγονὼς,

2103 867 2390 944 σύνδεσμος
2450 875 2570 927 οἷον
2619 871 2727 927 τῶν
2780 870 2908 936 τέως
2964 868 3321 938 διεστηκότων
3364 871 3594 949 ὲγένετο·
3650 871 3791 926 καῖ

2104 960 2200 1026 τὴν
2259 980 2315 1015 τε
2347 959 2589 1036 γλῶτταν
2633 959 2828 1036 ἐξάψας
2869 967 2960 1017 τοῦ
3001 968 3112 1035 νοῦ,
3159 960 3249 1018 τόν
3281 983 3340 1017 τε
3372 971 3489 1020 νοῦν
3520 959 3789 1028 ἒπιστῆ-

2103 1070 2198 1112 σας
2242 1063 2362 1111 τοῖς
2421 1048 2630 1127 λόγοις,
2693 1051 2785 1105 καί
2846 1049 3105 1127 ῥητορικῇ
3161 1049 3260 1125 μὲν
3303 1051 3403 1117 τὴν
3433 1049 3790 1130 φιλοσοφίαν

2107 1133 2432 1214 προϐιϐάσας
2516 1140 2587 1200 εἰς
2662 1139 3097 1218 πρακτικώτεραν
3181 1137 3278 1195 καί
3357 1137 3785 1218 ἐμφανεστέραν.»

2107 1225 2396 1306 ἐνέργειαν,
2425 1233 2491 1303 τῇ
2521 1225 2575 1283 δέ
2602 1250 2662 1305 γε
2690 1227 2972 1308 φιλοσοφίᾳ
3003 1228 3100 1296 τὴν
3132 1227 3334 1308 τέχνην
3381 1227 3620 1303 ὖψώσας,
3653 1249 3738 1282 κα
3758 1225 3788 1280 ἰ

2109 1317 2337 1395 κεράσας
2383 1316 2544 1396 ἄμφω
2586 1318 2716 1393 πρὸς
2763 1315 2973 1383 ἄλληλα
3014 1330 3130 1380 τοῖς
3163 1316 3290 1394 παρ’
3321 1318 3520 1373 ἑαυτῶν
3549 1314 3787 1372 κάλλε-

2109 1427 2215 1485 σιν,
2276 1405 2546 1487 ἕμφωνον,
2592 1403 2666 1462 ἵν’
2725 1405 2892 1466 οὕτως
2939 1408 3104 1481 εἴπω,
3141 1409 3231 1463 τὸν
3282 1415 3426 1480 νοῦν,
3459 1408 3546 1462 καὶ
3577 1405 3785 1462 ἔννουν

2110 1493 2210 1560 τῆν
2266 1492 2510 1572 γλῶτταν
2555 1495 2858 1572 εἰργάσατο.
2894 1493 3234 1574 Ἐφιλοσόφει
3293 1505 3416 1572 γοῦν
3469 1497 3602 1569 μετὰ
3655 1498 3784 1559 τῆς

2110 1585 2298 1650 ἠθικῖις
2354 1585 2730 1657 πιθανότητος,
2779 1583 2868 1640 καὶ
2913 1582 3222 1661 ἐρρητόρευε
3267 1585 3405 1660 μετὰ
3462 1589 3560 1650 τῆς
3590 1581 3783 1661 φιλο-

2112 1676 2273 1751 σόφου
2306 1673 2620 1750 βαθύτητος.
2659 1673 2754 1730 Καὶ
2799 1677 2864 1741 ἦν
2897 1672 3098 1752 ἀμφοῖν
3145 1686 3264 1729 τοῖν
3315 1685 3494 1750 γενοῖν
3551 1673 3781 1746 ὁμοίως

2055 1763 2462 1840 Βεῦἀρμοστος,
2525 1764 2613 1818 καὶ
2689 1761 2794 1822 οὔδ’
2870 1765 2896 1818 ὁ
2957 1761 3247 1842 φιλόσοφος
3315 1764 3412 1830 τὴν
3473 1760 3784 1828 πολιτικὴν

2112 1850 2279 1926 ἐμίσει
2311 1850 2582 1925 ὑπόθεσιν,
2635 1854 2770 1930 ὁρῶν
2839 1851 3224 1931 χρωννυμένην
3255 1865 3374 1917 ταῖς
3407 1853 3511 1908 ἀπὸ
3540 1855 3639 1917 τῆς
3673 1873 3786 1929 φιν

2112 1939 2358 2018 λοσοφίας
2417 1941 2640 2020 βαφαῖς,
2701 1938 2808 1996 οὗθ’
2871 1944 2898 1996 ὁ
2929 1942 3108 2018 ῥήτωρ
3139 1943 3270 2016 πρὸς
3301 1945 3400 2008 τὴν
3445 1940 3781 2012 ἐπιστήμην

2111 2029 2411 2108 ἀπήχθετο,
2447 2042 2568 2093 ταῖς
2613 2043 2896 2109 τεχνικαῖς
2927 2029 3166 2106 μεθόόοις
3190 2029 3626 2108 ἐναϐρυνόμενος.

2192 2116 2458 2177 Ἐντεῦθεν
2519 2119 2698 2198 ὥσπερ
2741 2127 2819 2186 τις
2876 2119 3092 2188 λαμπὰς
3149 2123 3254 2177 ἀπὸ
3285 2121 3380 2189 τῆς
3447 2117 3782 2192 Βυζαντίδος

2112 2209 2339 2272 ἆφθεῖσά
2399 2231 2452 2265 τε
2510 2211 2600 2266 καὶ
2657 2210 2900 2289 ἆρθεῖσα,
2967 2212 3121 2266 οἷονεί
3160 2233 3239 2274 τις
3287 2213 3479 2289 πυρσὸν
3527 2208 3776 2284 διαέριος

2112 2312 2234 2363 ταῖς
2293 2300 2524 2362 ἀπάσαις
2583 2298 2725 2366 ἔδοξε
2780 2301 2993 2363 πόλεσι,
3059 2302 3154 2358 Καὶ
3210 2300 3278 2368 ἧν
3341 2302 3412 2362 ὡς
3469 2297 3688 2366 ἀληθῶς
3737 2300 3779 2352 ὁ

2112 2396 2294 2469 χῶρος
2341 2391 2461 2447 οἶόν
2519 2413 2600 2453 τις
2661 2390 2862 2466 κόσμος
2922 2389 3187 2470 οὗράνιος,
3233 2395 3364 2446 πᾶσι
3415 2387 3590 2466 λόγων
3622 2411 3774 2444 κατ-

2116 2479 2544 2556 αστραπτόμενος
2605 2480 2801 2558 γένεσι,
2852 2480 2938 2536 καὶ
2983 2477 3049 2535 δι’
3097 2480 3210 2542 ἑνὸς
3243 2478 3526 2558 δᾳδουχοο,
3563 2478 3627 2533 τὰ
3659 2477 3775 2550 μὲν

2115 2567 2214 2634 τὴν
2292 2569 2573 2642 σύμπασαν
2663 2570 2978 2645 οἰκουμένην
3056 2569 3515 2645 καταπυρσεύσας,
3583 2565 3652 2622 τά
3705 2566 3772 2622 δὲ

2116 2659 2246 2733 πρὸς
2305 2661 2380 2732 τῷ
2435 2660 2608 2733 οἷκείῳ
2665 2661 2830 2736 φωτὶ,
2891 2659 2978 2714 καὶ
3057 2671 3176 2722 ταῖς
3262 2656 3564 2736 ἀλλοτρίαις
3622 2677 3768 2712 κατ·

2119 2747 2430 2824 αστράπτων
2474 2760 2849 2826 μαρμαρυγαῖς
2887 2765 2901 2781 ⁶
2936 2747 3031 2804 καῖ
3061 2747 3120 2804 τό
3181 2769 3240 2825 γε
3299 2746 3764 2822 θαυμασιώτερον,

2115 2838 2201 2892 καὶ
2265 2834 2330 2891 δι’
2375 2837 2402 2891 ὃ
2448 2834 2654 2912 μᾶλλον
2703 2836 2762 2893 ἅν
2797 2857 2872 2901 τις
2918 2835 3126 2894 ἐκεῖνον
3185 2837 3526 2914 θαυμάσειεν,
3557 2833 3638 2890 ὅτι
3671 2833 3764 2890 καὶ

2116 2925 2299 3003 γένους
2358 2924 2414 2981 εὗ
2464 2925 2632 3006 ἔχων,
2681 2927 2766 2982 καὶ
2817 2926 2882 2981 τὰ
2912 2931 3008 2994 τῆς
3041 2924 3279 2988 εὖκλείας
3310 2925 3522 2982 οἴκοθεν
3552 2945 3768 2992 κεκτη-

2115 3015 2298 3095 μένος,
2358 3017 2514 3092 βαθεῖ
2583 3036 2640 3071 τε
2702 3014 2914 3089 πλούτῳ
2969 3022 3178 3096 κομῶν,
3240 3017 3324 3070 καὶ
3383 3019 3498 3071 οἷον
3557 3011 3620 3068 ἄν
3677 3035 3764 3077 τις

2119 3106 2248 3182 πρὸς
2291 3102 2559 3161 παίδευσιν
2604 3103 2980 3173 ἀποκνήσειεν.
3016 3105 3074 3162 Οἱ
3125 3105 3244 3182 γὰρ’
3284 3103 3530 3160 πλεῖστοι
3584 3101 3764 3180 ἀφορ-

2118 3196 2227 3267 μὴν
2285 3201 2377 3250 τοῦ
2430 3193 2709 3274 πλουτεῖν,
2771 3193 2950 3269 ὥσπερ
3013 3195 3103 3250 τὸν
3152 3193 3314 3272 λόγον
3363 3193 3617 3262 τιθέασιν,
3652 3192 3768 3271 οὔχ

2115 3281 2191 3339 ἵν’
2249 3281 2504 3352 ἐπήϐολοι
2556 3290 2661 3338 τῶν
2721 3282 3034 3362 κρειττόνων
3065 3280 3292 3361 γένοιντ’
3325 3281 3411 3357 ἂν,
3460 3280 3579 3337 ἀλλ’
3607 3279 3764 3345 ὅπως

2118 3387 2236 3437 τοῖς
2299 3373 2544 3448 ματαίοις
2605 3372 3090 3450 ἐπεντρυφᾰσωσιν,
3150 3371 3277 3452 περῖ
3346 3378 3524 3430 τοῦτον
3583 3392 3768 3426 σπου-

2118 3459 2381 3536 δάζοντες,
2443 3475 2801 3541 παρασκευαῖς
2839 3466 3047 3526 ἐκεῖνος
3107 3466 3227 3527 ταῖς
3287 3463 3429 3539 παρᾶ
3469 3463 3566 3528 τῆς
3618 3457 3761 3524 ἔξω·

2117 3555 2203 3608 θεν
2252 3551 2426 3631 τύχης
2511 3553 2640 3631 πρὸς
2730 3551 3044 3632 φιλοσοφίαν
3135 3551 3424 3631 ἐκέχρητο,
3486 3549 3766 3606 Ἐντεῦθεν

2119 3641 2233 3698 οὕτε
2279 3641 2398 3702 τοὺς
2434 3641 2749 3720 ἆργοτέρους
2782 3643 2888 3697 τῶν
2918 3639 3416 3720 φιλοσοφησάντων,
3467 3637 3585 3694 οὔτε
3636 3638 3764 3702 τοὺς

2118 3729 2515 3808 περιττοτέρως
2595 3735 2699 3785 τῶν
2781 3730 3019 3807 ῥητόρων
3097 3728 3282 3801 ζηλοῖ.
3344 3729 3403 3786 Οἱ
3475 3727 3574 3802 μὲν
3660 3726 3770 3804 γὰρ

2117 3820 2296 3899 ὥσπερ
2355 3818 2568 3893 ἀπλέτῳ
2619 3822 2758 3898 φωτί
2807 3833 2931 3882 ταῖς
2990 3819 3095 3876 διπὸ
3139 3825 3236 3886 τῆς
3282 3817 3596 3897 φιλοσοφίας
3630 3837 3767 3872 κατ-

2120 3913 2498 3989 αστραφθέντες
2548 3909 2783 3989 ἀκτῖσιν,
2835 3909 3017 3966 αὒτίκα
3069 3908 3358 3985 ὶπέμυσαν,
3411 3909 3499 3963 καὶ
3529 3909 3590 3965 οὗ
3622 3927 3765 3984 προ-

2119 3997 2366 4054 εὸίϐασαν
2397 4000 2469 4062 εἷς
2516 3997 2700 4077 πρᾶξιν
2737 4000 2837 4066 τὴν
2897 3999 3113 4076 ἀρετὴν,
3167 3998 3276 4054 οὐδ’
3307 3999 3614 4076 ὶχρήσαντο
3640 4009 3769 4059 τοῖς

2119 4087 2344 4166 δόγμασι
2403 4087 2824 4167 μεγαλοπρεπῶς
2859 4137 2874 4163 ,
2959 4088 3075 4144 οὖδὲ
3158 4087 3426 4166 ἡγεμόνες
3507 4085 3766 4164 γεγόνασι

2121 4177 2354 4256 πόλεων,
2415 4176 2529 4234 οὒδὲ
2586 4178 2856 4256 φέροντες,
2919 4177 2952 4232 ἃ
2995 4178 3394 4253 μεμαθήκασιν,
3457 4178 3530 4238 εἰς
3563 4174 3766 4248 μέσους

2121 4268 2246 4331 τοὺς
2303 4265 2530 4328 πολλοὺς
2590 4269 3010 4346 προτεθείκασιν,
3044 4267 3182 4325 ἀλλᾶ
3235 4267 3466 4343 μακροὺς
3523 4266 3620 4340 μὲν
3676 4265 3765 4330 ἐξ-

2124 4357 2346 4433 έθρεψαν
2377 4356 2663 4433 πώγωέας,
2697 4357 2876 4434 ὥσπερ
2907 4356 3119 4433 ἄκαρπα
3147 4355 3306 4433 θέρη,
3333 4356 3422 4412 καὶ
3453 4356 3762 4432 σκυθρωποί

400 4444 562 4521 bant,
600 4451 876 4526 tanquam
911 4461 1135 4506 messes
1165 4440 1432 4521 inutiles,
1459 4451 1517 4504 et
1551 4441 1806 4504 multum
1843 4443 2031 4507 triste:

2125 4460 2241 4509 τοῖς
2274 4445 2576 4524 προσώποις
2608 4447 2910 4525 γεγόνασιν.

400 4541 592 4606 erant,
623 4543 683 4596 et
711 4532 920 4595 severi.

482 4624 712 4688 Deinde
731 4622 833 4685 alii
854 4621 1094 4702 quidem
1127 4639 1262 4683 cum
1296 4640 1414 4684 non
1440 4641 1593 4702 opus
1624 4630 1784 4684 esset
1808 4640 1917 4702 per
1945 4624 2039 4686 fo-

400 4734 533 4779 rum
556 4711 1326 4792 currentes,intemperanti
1341 4711 1429 4772 usi
1447 4719 1585 4772 sunt
1604 4711 1842 4773 dicendi
1865 4710 2042 4773 liber-

403 4813 547 4882 tate;
568 4803 668 4866 alii
688 4810 887 4864 autem
910 4800 1068 4864 dolia
1084 4801 1352 4882 quaedam
1372 4799 1808 4875 habitarunt,se
1828 4802 1913 4862 eis
1937 4801 2044 4863 cir-

405 4891 906 4958 cumscribentes.
938 4890 1055 4953 Alii
1086 4898 1284 4953 autem
1319 4891 1378 4951 in
1412 4890 1741 4953 dialecticis
1773 4891 2041 4955 interro-

406 4984 744 5066 gationibus
761 4983 940 5043 vitam
969 4999 1135 5042 suam
1154 4989 1660 5060 consumpserunt
1684 4998 1697 5038 :
1724 4979 1822 5040 alii
1846 4988 2044 5041 autem

407 5073 812 5156 quaesiverunt
838 5071 908 5131 de
935 5070 1302 5132 naturalibus
1334 5068 2043 5150 positionibus,quasdam

398 5163 642 5226 inutiles
663 5159 1168 5222 contradictiones
1183 5167 1239 5219 et
1263 5158 1398 5219 lites
1424 5157 1484 5218 in
1509 5157 1683 5218 vitam
1707 5159 2044 5230 afferentes;

399 5260 458 5314 et
479 5252 592 5312 hoc
617 5249 814 5326 ipsum
841 5247 1037 5310 evenit
1069 5247 1346 5325 plurimis
1378 5265 1448 5307 ex
1479 5245 1857 5323 oratoribus;
1901 5266 2045 5327 pru—

400 5340 640 5402 dentem
664 5348 855 5398 artem
880 5338 1147 5398 fecerunt
1173 5335 1550 5396 occasionem
1588 5335 1964 5414 insipientia},
1989 5345 2048 5399 et

402 5446 537 5491 cum
561 5434 864 5505 oporteret
883 5444 986 5487 eus
1009 5425 1236 5505 eligere
1263 5433 1320 5486 et
1344 5425 1615 5486 meditari
1641 5444 1772 5506 quae
1794 5425 2045 5487 civitati-

401 5517 516 5580 bus
539 5521 675 5575 sunt
703 5513 1123 5588 conducibilia,
1153 5513 1486 5593 illi,partim
1515 5513 1758 5592 quidem
1791 5514 1905 5593 ipsi
1929 5516 2047 5576 ﬁn-

411 5601 861 5685 gentes,partim
884 5610 1080 5665 autem
1103 5610 1338 5664 utentes
1360 5610 1639 5683 tanquam
1667 5602 1852 5666 rebus
1876 5622 2049 5685 repo-

2209 4626 2344 4683 Εῒτα
2398 4622 2464 4692 δὴ
2522 4627 2568 4681 οἱ
2613 4624 2712 4695 μὲν
2769 4623 2914 4684 οὐδὲν
2968 4623 3082 4682 δέον
3117 4622 3200 4680 διὰ
3244 4625 3343 4690 τῆς
3381 4623 3578 4701 ἂγορᾶς
3610 4619 3768 4677 θέον-

2123 4737 2233 4790 τες,
2277 4714 2491 4794 ἀκράτῳ
2533 4721 2602 4791 τῇ
2645 4713 2910 4793 παρῤησίᾴ
2969 4714 3274 4793 ἐχρήσαντο
3310 4732 3323 4747 ·
3383 4713 3430 4768 οἱ
3480 4710 3537 4767 δὲ
3586 4712 3771 4772 πίθους

2126 4805 2270 4866 τινὰς
2355 4805 2731 4877 κατῳκήκασιν
2766 4853 2781 4883 ,
2871 4804 3293 4882 περιγράψαντες
3379 4801 3617 4864 ἑαυτούς.
3709 4801 3774 4857 Οἱ

2128 4893 2182 4949 δὲ
2240 4895 2358 4970 περὶ
2411 4891 2753 4956 διαλεκτικὰς
2814 4893 3099 4970 ἐρωτήσεις
3157 4893 3250 4948 τὸν
3283 4891 3484 4949 ἑαυτῶν
3526 4889 3639 4966 βίον
3671 4909 3776 4944 κα-

2126 4984 2514 5062 τατετρίφασιν.
2601 4981 2792 5040 ’Ἄλλοι
2878 4981 2933 5038 δὲ
3009 4984 3128 5058 περὶ
3201 4986 3444 5061 φυσικῶν
3502 4980 3775 5051 ἐζήτησαν

2126 5074 2462 5151 ὑποθεσεων,
2523 5071 2820 5151 ἀνωφελεῖς
2879 5093 3026 5133 τινας
3095 5070 3403 5148 ἀντιλογίας
3455 5070 3541 5124 καὶ
3596 5065 3775 5145 ἔριδας

2129 5170 2204 5236 τῷ
2260 5162 2357 5239 βίῳ
2411 5162 2863 5235 κατικομίσαντες
2892 5181 2906 5196 ⁸
2967 5162 3053 5216 καὶ
3131 5165 3238 5217 τῶν
3295 5158 3537 5235 ῥητόρων
3595 5154 3654 5212 δὲ
3725 5159 3776 5213 οἱ

2131 5252 2338 5316 πλείους
2393 5253 2552 5306 τιυτὸ
2612 5250 2766 5306 τοῦτο
2822 5250 3168 5326 πεπόνθασιν,
3229 5249 3325 5315 τὴν
3381 5246 3616 5325 ἔμφρονα
3673 5244 3776 5300 τέ·-

2129 5362 2295 5418 χνην,
2357 5339 2657 5417 ἀφροσύνης
2716 5339 2962 5418 ἀφορμὴν
3021 5337 3404 5412 ποιησάμενοι·
3439 5337 3528 5390 καὶ
3559 5333 3678 5390 δέον
3708 5337 3778 5390 τὰ

2131 5427 2504 5486 λυσιτελοῦντα
2556 5440 2679 5490 ταῖς
2729 5427 2918 5484 πόλεσι
2979 5429 3348 5505 προαιρεῖσθαι
3380 5425 3468 5482 καὶ
3515 5422 3774 5499 μελετᾷν,

2132 5521 2180 5574 οἱ
2209 5516 2263 5573 δὲ
2291 5519 2354 5573 τὰ
2389 5518 2484 5591 μὲν
2517 5520 2658 5576 αὐτοὶ
2690 5517 3036 5595 πλάττοντες,
3061 5516 3126 5572 τὰ
3157 5514 3212 5570 δὲ
3243 5515 3364 5571 οἷον
3394 5514 3776 5588 ἀποκειμένοις

2133 5610 2466 5687 χρησάμενοι
2525 5614 2800 5687 πράγμασι
2870 5607 3059 5676 καινήν
3113 5627 3232 5662 τινα
3276 5605 3483 5673 σκηνὴν
3543 5609 3621 5678 τῷ
3678 5603 3781 5681 βίῳ
