4004 6138
417 285 520 355 191
1953 291 2061 354 PSl

2153 291 2244 354 LI.
3669 287 3793 358 192

409 423 574 488 sticaa
602 424 1062 490 exercitationis.
1099 425 1248 487 Nam
1282 423 1378 487 hic
1427 442 1662 507 quoque
1712 433 1801 488 est
1849 427 2044 488 carnis

2153 427 2236 496 ῐίος
2302 430 2638 510 κατέλαμπε.
2691 433 2916 500 Δαπάνη
2976 433 3076 513 γὰρ
3123 434 3382 491 κάνταῦθα
3433 441 3666 510 σαρκῶν,
3701 438 3810 495 καὶ

413 515 813 597 consumptio;
838 535 948 578 nec
967 535 1030 579 se
1051 514 1285 577 deliciis
1307 515 1618 590 dedere,in
1647 514 1812 586 iis,in
1839 516 2058 595 quibus

2153 522 2306 602 τρυφὴ
2365 523 2427 579 τὸ
2489 525 2566 598 μὴ
2625 529 2823 602 τρυφᾷν
2881 523 2934 580 ἐν
2992 523 3081 588 οἶς
3143 527 3200 583 οὗ
3253 523 3368 581 δέον
3418 531 3636 604 τρυφᾷψ
3702 521 3809 582 καὶ

414 623 530 666 non
563 613 818 687 oportet,
847 615 905 666 et
933 625 966 668 a
996 605 1218 668 mundo
1249 605 1513 686 separari
1540 626 1556 686 ;
1590 605 1661 667 ad
1697 603 1883 667 Deum
1921 624 2055 667 cum

413 694 558 774 ipsis
591 695 824 758 evolare
856 695 1230 777 corporibus,
1256 704 1316 756 et
1337 697 1577 756 innatus
1606 694 1887 756 resistere
1909 695 2056 756 affe-

414 785 732 859 ctionibus,
789 794 848 847 et
899 786 969 847 iis
1002 803 1131 865 qua}
1169 804 1202 846 a
1237 783 1406 845 malis
1454 782 1764 863 spiritibus
1809 784 2060 845 aﬂluunt

415 873 804 938 extrinsecus.
844 876 945 937 Est
975 893 1116 952 ergo
1161 872 1469 934 amborum
1505 871 1786 953 praeclara
1816 873 1969 937 vita:
2003 881 2060 933 et

416 963 557 1025 olim
592 964 835 1043 quidem
870 964 1082 1039 fuerat,
1109 971 1169 1026 et
1199 963 1313 1025 erit
1340 979 1548 1023 rursus
1575 982 1590 1035 ;
1623 961 1726 1022 sed
1759 981 1876 1024 non
1902 962 2060 1023 clare

416 1052 657 1114 interim
680 1052 874 1116 fuerat
899 1053 1135 1132 cognita
1157 1071 1358 1114 eorum
1383 1052 1477 1113 hic
1501 1051 1936 1124 remuneratio;
1955 1050 2058 1113 sed

413 1143 618 1204 arcani
649 1143 891 1224 quidem
931 1144 1092 1218 libri,
1122 1160 1270 1223 quos
1299 1140 1499 1202 multis
1530 1141 1588 1202 in
1614 1141 1806 1203 futura
1827 1140 1886 1203 in
1911 1144 2063 1203 inte-

413 1249 587 1310 grum
619 1233 992 1295 restitutione
1047 1233 1244 1310 legent
1275 1231 1495 1310 angeli,
1537 1239 1812 1292 accurate
1863 1229 2060 1292 moni-

416 1331 616 1382 menta
648 1323 957 1384 continent
987 1340 1199 1383 eorum
1226 1319 1487 1401 martyrii
1509 1328 1568 1382 et
1589 1319 2059 1382 exercitationis.

415 1407 525 1481 Qui
549 1420 748 1474 autem
773 1422 910 1474 ante
937 1412 1093 1473 hunc
1119 1410 1354 1472 beatum
1381 1410 1568 1470 virum
1598 1428 1695 1471 res
1717 1418 1908 1489 gestas
1934 1409 2064 1471 illo-

416 1517 544 1561 rum
575 1501 974 1581 scripserunt,
1000 1520 1116 1563 non
1139 1508 1276 1561 sunt
1297 1500 1550 1561 assecuti
1575 1499 1810 1561 illorum
1840 1497 2060 1576 magni—

417 1588 754 1672 ficentiam;
788 1591 892 1653 sed
927 1591 1138 1670 partim
1163 1589 1401 1674 quidem
1429 1589 1502 1651 de
1529 1590 1614 1652 eis
1645 1597 1777 1651 sunt
1807 1588 2058 1660 mentiti,

420 1681 632 1761 partim
666 1690 863 1745 autem
898 1700 1028 1743 cum
1060 1699 1176 1742 non
1212 1687 1456 1756 possunt
1486 1678 1665 1740 rebus
1697 1697 1902 1740 eorum
1931 1696 2062 1738 res-

2138 612 2200 666 τὸ
2259 610 2593 692 ἀπεῤῥῆχθαι
2667 618 2866 688 κόσμου
2898 661 2914 692 ,
2961 614 3048 670 καὶ
3103 614 3234 692 πρὸς
3304 615 3434 670 Θεὸν
3485 614 3620 670 κατά
3685 620 3811 671 τῶν

2140 701 2406 775 σωμάτων
2460 703 2632 757 αὖτῶν
2677 701 3001 775 ἀναπτῆναι,
3065 707 3150 758 καὶ
3210 703 3394 770 στῆναι
3437 703 3570 784 πρός
3616 725 3669 761 τε
3727 704 3812 760 τὰ.

2139 790 2347 868 ἔμφυτα
2404 790 2571 870 πάθη,
2621 793 2710 847 καὶ
2767 793 2898 868 πρὸς
2969 793 3036 848 τὰ
3104 791 3408 872 ἐπιρρέοντα
3475 796 3618 870 παρά
3687 798 3808 850 τῶν

2142 885 2391 958 πονηρῶν
2482 880 2799 954 πνευμάτων
2900 879 3111 947 ἔξωθεν.
3196 884 3442 961 Λαμπροὶ
3519 888 3809 960 τοιγαροῦν

2142 966 2303 1045 ἄμφω
2358 970 2404 1025 οἱ
2461 970 2595 1046 βίοι,
2632 971 2718 1026 καὶ
2774 969 2934 1027 πάλαι
2991 971 3091 1046 μὲν
3147 970 3342 1045 ἤστην,
3399 971 3552 1030 ἔστον
3605 971 3662 1028 δὲ
3707 971 3810 1028 καὶ

2143 1059 2310 1121 αὖθις.
2383 1056 2532 1114 Ἀλλ’
2597 1060 2655 1115 οὔ
2705 1057 2924 1138 λαμπρά
2983 1060 3118 1124 τέως
3151 1059 3437 1138 ἐγνώριστο
3505 1063 3540 1130 ἡ
3596 1062 3809 1118 τούτων

2144 1146 2362 1206 ἐνταῦθα
2438 1147 2723 1214 ἀντίδοσις·
2804 1147 2925 1206 ἀλλ’
2991 1152 3043 1205 αἱ
3101 1152 3198 1225 μὲν
3269 1149 3554 1230 ἀπόρρητοι
3595 1148 3800 1229 βίϐλοι,

2145 1235 2206 1300 ἃς
2260 1235 2324 1304 δὴ
2355 1241 2473 1300 τοῖς
2535 1237 2765 1302 πολλοῖς
2809 1239 2861 1296 ἐν
2891 1244 2960 1316 τῇ
3002 1240 3429 1298 ἀποκαταστάσει
3460 1243 3506 1298 οἱ
3564 1239 3794 1318 ἄγγελοι

2145 1326 2566 1404 ἀναγνώσινται,
2623 1327 2814 1406 ἀκριϐῆ
2871 1331 2938 1385 τά
2994 1331 3087 1398 τῆς
3144 1330 3429 1406 μαρτυρίας
3489 1330 3656 1386 αὐτῶν
3701 1331 3804 1386 καὶ

2145 1416 2424 1486 ἀσκήσεως
2471 1416 2682 1497 ἔχουσιν
2743 1420 3124 1494 ὑπομιήματα.
3157 1423 3216 1478 Οἱ
3272 1417 3325 1475 δέ
3376 1421 3478 1497 πρὸ
3530 1427 3618 1478 τοῦ
3659 1423 3804 1477 θαυ-

2147 1506 2339 1566 μασίου
2409 1507 2559 1566 τοῦδε
2622 1506 2802 1587 ἀνδρὸς
2867 1509 3082 1566 ἐνταῦθα
3148 1511 3240 1575 τάς
3305 1509 3520 1567 ἐκείνων
3579 1508 3808 1586 πράξεις

2145 1595 2606 1674 ἀναγραψάμενοι,
2647 1601 2896 1671 οὐμενοῦν
2962 1605 3059 1666 τῆς
3124 1598 3582 1677 μεγαλοπρεπείας
3651 1598 3809 1655 ὲκεί-

2146 1709 2249 1739 νων
2308 1685 2574 1765 ἐφίκοντο·
2621 1685 2755 1743 ἀλλά
2814 1689 2877 1743 τὰ
2913 1687 3010 1762 μὲν
3059 1688 3230 1745 αὐτῶν
3286 1692 3699 1764 κατεψεύσαντο,
3733 1689 3812 1743 τὰ

421 1770 785 1850 pendentem
809 1772 1025 1832 afferre
1047 1769 1280 1831 oration
1293 1767 1640 1842 em,bonum
1666 1767 1784 1828 illis
1805 1767 2061 1829 conscri-

2153 1773 2198 1831 ΒΞ
2246 1776 2324 1850 μὴ
2375 1774 2680 1842 δυνηθέντες
2740 1776 3055 1844 κατάλληλα
3109 1781 3305 1856 θεῖναι,
3353 1776 3597 1853 ἄκομψον
3653 1777 3813 1834 ἐκεί-

423 1867 690 1939 pserunt,
713 1860 870 1940 quod
896 1878 1003 1920 nec
1027 1866 1154 1922 erat
1175 1858 1294 1919 ulla
1321 1856 1610 1935 elegantia
1635 1865 1934 1930 ornatum,
1953 1874 2061 1918 nec

2153 1885 2263 1920 νοισ
2345 1866 2406 1920 τὸ
2478 1864 2704 1944 ἀγαθὸν,
2779 1867 2868 1922 καὶ
2949 1865 3267 1946 ἀφιλότιμον
3349 1865 3811 1945 συγγεγράφασιν,

421 1947 593 2011 laude
625 1949 1130 2030 prosequendum,
1161 1957 1217 2008 ut
1249 1947 1349 2028 qui
1380 1964 1491 2007 nec
1525 1946 1832 2024 pulchram
1857 1947 2061 2025 subje-

2153 1953 2265 2009 οὔτε
2319 1953 2493 2020 καλὴν
2548 1953 2860 2030 ὓποθὲμενοι
2917 1955 3142 2027 ἔννοιαν,
3180 1955 3295 2012 οὔτε
3346 1957 3455 2030 μὴν
3515 1954 3812 2033 εὖπρεπὲσι

419 2039 612 2100 cerint
663 2039 1040 2110 sententiam,
1077 2056 1187 2098 nec
1222 2055 1347 2098 eam
1381 2035 1574 2098 verbis
1629 2035 1899 2096 ornarint
1949 2034 2061 2096 de.

2153 2044 2656 2118 κατακοσμήσαντες
2743 2043 2966 2116 λέξεσιν,
3053 2043 3159 2102 οὐδ’
3247 2043 3475 2123 ἀκριϐῶς
3558 2044 3816 2122 ὑπογρά-

417 2129 712 2200 centibus,
765 2147 959 2210 neque
989 2135 1264 2190 accurate
1313 2123 1748 2202 descripserint
1779 2124 2060 2185 smvitiam

2153 2135 2364 2206 ψαντες,
2431 2130 2546 2190 οὕτε
2609 2133 2706 2201 τὴν
2766 2137 2872 2190 τῶν
2929 2132 3271 2192 κολασάντων
3336 2133 3636 2213 βαράτητα,
3679 2133 3815 2190 οὒτε

413 2236 480 2280 ac
510 2218 880 2281 atrocitatem
913 2236 1144 2290 eorum,
1171 2217 1270 2296 qui
1303 2214 1647 2295 punierunt,
1677 2232 1871 2293 neque
1898 2232 2060 2275 mar-

2153 2223 2240 2287 τὴν
2305 2223 2410 2279 τῶν
2443 2223 2717 2301 μαρτύρων
2777 2225 2908 2302 πρὸς
2962 2225 3056 2289 τὰς
3097 2223 3408 2302 ἀποκρίσεις
3463 2224 3803 2288 πυκνότητα.

415 2317 602 2389 tyrqu
662 2309 721 2370 in
773 2307 986 2371 dandis
1028 2305 1333 2388 responsis
1385 2305 1759 2385 prudentiam
1797 2323 1810 2367 :
1845 2304 2060 2385 quine-

2153 2307 2312 2367 Ἀλλά
2369 2313 2610 2376 καὶτοῖς
2669 2312 2936 2379 ἀσκηταῖς
2993 2313 3092 2379 τὴν
3124 2311 3350 2380 ἄσκησιν
3407 2310 3805 2387 ἐκιϐδήλωσαν,

412 2399 550 2460 tiam
606 2403 1035 2461 monachorum
1086 2397 1505 2458 adulterarunt
1547 2393 2057 2468 exercitationem,

2153 2398 2352 2479 ἀφελῶς
2405 2405 2614 2475 αὐτοῖς,
2647 2402 2733 2459 καὶ
2791 2403 2971 2481 ὥσπερ
3024 2401 3084 2458 ἐκ
3129 2403 3218 2459 τοῦ
3274 2403 3672 2483 παρατυχόντος
3729 2399 3806 2457 ταὶ

413 2488 768 2568 simpliciter
814 2498 872 2549 et
919 2487 1092 2566 quasi
1143 2494 1392 2556 temere,
1427 2493 1486 2546 et
1517 2492 1578 2544 ut
1609 2483 1842 2555 acci'lit,
1897 2483 2047 2545 refe-

2153 2488 2543 2566 ισπουδασμένα
2576 2489 2876 2557 διεξιόντες,

412 2587 636 2653 rentes,
669 2597 803 2659 quae
831 2577 1100 2639 studiose
1129 2574 1202 2637 ab
1236 2574 1353 2635 illis
1384 2573 1535 2634 facta
1565 2582 1728 2635 sunt.

493 2666 644 2728 Hinc
662 2667 878 2730 factum
899 2675 988 2727 est
1007 2674 1069 2726 ut
1091 2663 1362 2725 nonnulli
1385 2681 1456 2722 ne
1481 2662 1567 2724 vel
1592 2661 1794 2739 legere
1812 2660 2056 2739 quidem

2223 2669 2500 2727 ’Ένθεντοι
2555 2672 2602 2725 οἱ
2652 2670 2750 2746 μὲν
2792 2667 2908 2726 οὖῨε
2961 2668 3125 2746 ψιλὴν
3185 2668 3494 2748 ἐκαρτέρουν
3538 2669 3636 2736 τὴν
3691 2671 3810 2725 τῶν

417 2757 778 2819 sustinerent
815 2775 909 2830 ea,
940 2773 1071 2835 quae
1093 2760 1227 2815 sunt
1263 2753 1591 2814 litterarum
1629 2751 1904 2813 mandata
1936 2770 2056 2812 mo—

2153 2759 2732 2834 ὑπομντιματισθέντων
2782 2758 3102 2838 ἀνάγνωσιν,
3140 2773 3256 2822 τοῖς
3313 2757 3368 2814 δὲ
3419 2761 3504 2815 καὶ
3560 2757 3808 2838 γέλωτος

421 2848 742 2920 numentis,
771 2845 904 2907 aliis
935 2855 1133 2906 autem
1162 2860 1254 2918 ea,
1283 2860 1412 2922 qua)
1435 2841 1809 2914 dicebantur,
1839 2840 2061 2922 prebe-

2153 2849 2360 2928 ἀφορμη
2416 2849 2480 2905 τά
2519 2847 2784 2925 λεγόμενα
2827 2849 3161 2928 ἐγνωρίζετο·
3205 2849 3291 2904 καὶ
3347 2849 3409 2904 τὸ
3438 2853 3538 2915 τῆς
3595 2846 3800 2915 συνθῆ-

414 2944 549 2999 rent
576 2935 813 2999 ridendi
834 2934 1172 3004 materiam;
1204 2939 1260 2994 et
1281 2929 1730 3011 compositionis
1756 2930 2061 3010 inelegan-

2153 2961 2245 3006 κης
2357 2937 2629 3009 ἀκαλλὲς,
2714 2941 2804 2995 καὶ
2890 2940 2952 2995 τὸ
3065 2937 3415 2998 ἀνακόλουθον
3499 2938 3597 3006 τῆς
3704 2936 3806 2993 ἑδ-

419 3027 515 3100 tia,
543 3033 598 3087 et
629 3024 940 3088 sententiae
967 3022 1223 3084 absurda
1259 3028 1319 3081 et
1341 3019 1501 3081 nulla
1532 3020 1960 3102 consequentia
1991 3038 2061 3082 ex

2153 3028 2315 3102 νοίας,
2401 3029 2488 3084 καὶ
2587 3029 2650 3084 τὸ
2762 3032 2860 3094 τῆς
2966 3027 3159 3093 λὲξεως
3244 3026 3450 3090 εὐτελὲς
3561 3024 3804 3105 ἀγλευκῆ

417 3115 575 3204 dicto
625 3115 756 3177 vilis
790 3123 849 3176 et
889 3113 1167 3204 abjecta,_
1195 3117 1360 3173 erant
1412 3109 1504 3180 iis,
1563 3109 1667 3190 qui
1713 3108 2056 3204 audiebant.

2153 3130 2265 3181 τοῖς
2309 3117 2582 3175 ἀκούουσιν
2615 3119 2704 3191 ἦν,
2743 3118 2827 3172 καὶ
2860 3116 3238 3197 ἀπηχθάνοντο
3267 3115 3470 3192 μᾶλλον
3491 3115 3526 3184 ἢ
3556 3115 3812 3193 προσίεν-

417 3203 706 3277 insuavia,
742 3213 799 3266 et
829 3203 964 3266 odio
996 3201 1392 3274 habebantur,
1419 3204 1612 3280 potius
1642 3217 1817 3279 quam
1840 3198 2064 3260 admit—

424 3293 720 3366 tebantur.
742 3304 798 3356 et
823 3301 1064 3373 propter
1085 3309 1210 3366 eos,
1235 3291 1333 3371 qui
1361 3289 1872 3368 conscripserant,
1893 3286 2066 3349 nobis

422 3383 682 3446 ludibrio
705 3382 1083 3446 habebantur
1106 3377 1479 3443 admirabilia
1507 3376 1726 3440 Christi
1755 3394 2062 3439 servorum

417 3474 744 3537 certamina
790 3491 857 3534 ac
915 3482 1154 3553 tropaea.
1208 3469 1278 3530 Et
1329 3485 1536 3529 omnes
1581 3466 1822 3547 quidem
1858 3473 2065 3548 aperte

418 3565 638 3644 scripta
685 3560 1134 3625 insectabantur
1188 3557 1524 3621 maledictis
1560 3577 1573 3620 :
1609 3575 1817 3618 eorum
1861 3565 2061 3644 autem

418 3642 556 3714 loco
580 3652 794 3713 atTerre
829 3649 1097 3724 meliora,
1129 3647 1260 3709 aliis
1294 3645 1536 3724 quidem
1584 3650 1828 3726 propter
1878 3642 2064 3704 animi

421 3740 780 3813 socordiam,
807 3739 938 3800 aliis
969 3746 1168 3800 autem
1195 3744 1254 3798 ut
1277 3735 1432 3815 quod
1459 3743 1546 3796 est
1573 3753 1721 3813 opus
1746 3733 2062 3815 perfectis-

419 3830 637 3891 simum
671 3838 730 3889 et
762 3828 998 3888 maximi
1032 3823 1236 3904 studii,
1289 3832 1347 3884 et
1379 3823 1474 3884 cui
1511 3841 1619 3884 nec
1649 3831 1772 3883 tota
1822 3822 2063 3903 quidem

422 3919 530 3980 viri
555 3918 674 3980 vita
693 3915 1018 3991 suffecerit,
1041 3931 1234 3994 neque
1256 3913 1412 3973 vires
1435 3911 1681 3973 aderant
1703 3910 2062 3986 volentibus,

425 4027 536 4071 nec
566 4007 657 4069 iis.
685 4008 786 4087 qui
818 4012 1111 4084 poterant,
1139 4001 1448 4078 voluntas;
1481 4001 1585 4062 sed
1623 4021 1740 4064 non
1765 4002 1941 4064 etiam
1967 4001 2067 4062 ad-

425 4097 714 4160 mirabilis
733 4095 989 4176 Symeon
1011 4092 1221 4156 eodem
1249 4091 1572 4172 modo,quo
1596 4090 1772 4165 ii,fuit
1794 4091 2062 4153 allectus:

426 4189 530 4250 sed
557 4205 688 4250 cum
715 4190 801 4249 eis
825 4183 1159 4266 procedens
1175 4181 1243 4244 ad
1271 4180 1624 4262 scriptorum
1652 4198 1839 4261 usque
1861 4198 2061 4261 repre-

425 4276 800 4347 hensionem,
835 4274 1055 4336 deinde
1086 4271 1373 4353 processit
1405 4270 1676 4344 ulterius,
1713 4279 1771 4332 et
1795 4270 2063 4351 juvenile

425 4365 766 4446 aggreditur
813 4364 1065 4438 facinus,
1100 4361 1189 4423 vel
1223 4360 1457 4424 felicem
1509 4360 1706 4442 potius
1735 4360 2059 4434 actionem,

425 4474 601 4538 quam
621 4454 819 4516 nullus
844 4453 1112 4515 omnium
1136 4451 1318 4531 gessit
1339 4449 1612 4526 feliciter,
1643 4467 1748 4530 per
1769 4468 1940 4531 quam
1962 4449 2062 4510 ille

425 4547 605 4609 evasit
632 4544 850 4607 clarior
879 4542 1177 4617 omnibus,
1211 4540 1311 4621 qui
1342 4549 1479 4602 sunt
1511 4539 1731 4620 ubique
1766 4540 2016 4602 eruditis
2045 4562 2061 4617 ;

426 4643 484 4699 et
509 4635 632 4697 Deo
663 4638 1027 4696 consecravit
1053 4650 1143 4704 ea,
1171 4648 1302 4711 qua;
1322 4638 1460 4691 sunt
1482 4630 1746 4691 omnium
1775 4629 2062 4710 pulcher-

424 4727 578 4788 rima
603 4744 616 4789 :
644 4733 1082 4804 martyrumque
1099 4721 1428 4784 certamina
1449 4728 1507 4782 et
1525 4738 1755 4794 cursus,
1783 4729 1838 4782 et
1866 4739 2068 4783 mona-

424 4817 671 4879 chorum
705 4812 1123 4876 abstinentiam
1155 4819 1334 4890 atque
1368 4812 1713 4891 patientiam
1741 4811 1972 4872 ornavit
1997 4829 2066 4873 ac

427 4904 768 4980 declaravit,
807 4911 864 4965 et
895 4901 1193 4976 eamdem,
1227 4919 1400 4981 quam
1431 4899 1519 4961 illi
1550 4899 1846 4962 adhibens
1871 4899 2064 4963 bene-

427 4993 770 5068 volentiam,
805 4992 1021 5071 gratias
1049 4989 1306 5052 vicissim
1341 4989 1570 5069 accepit
1594 4988 1668 5050 ab
1701 4988 2002 5052 omnibus.

507 5084 660 5158 Quid
691 5083 849 5146 enim
883 5081 1018 5162 quis
1048 5100 1182 5142 cum
1203 5080 1300 5141 tali
1326 5079 1646 5141 contulerit
1667 5086 1889 5159 opera?
1913 5081 2071 5154 Quas

427 5172 764 5236 Griecorum
787 5170 1294 5251 antiquitates,aut
1313 5179 1483 5230 terrae
1507 5169 1782 5229 universa
1804 5169 2073 5232 dimensa

430 5262 653 5342 spatia?
687 5264 914 5335 Quanta
946 5259 1158 5322 Persis.
1188 5258 1425 5338 illisque
1450 5256 1859 5337 superioribus
1880 5258 2073 5340 Baby-

432 5351 609 5412 loniis
657 5351 938 5430 praeclare
987 5348 1190 5428 gesta?
1240 5356 1454 5428 quanta
1507 5353 1708 5421 postea
1739 5346 2073 5412 Alt-xandro

434 5439 816 5502 Macedonum
837 5439 1158 5500 fortissimo
1183 5445 1420 5518 peracta
1442 5435 1804 5497 certamina?
1821 5434 1964 5499 Nam
1985 5439 2079 5501 his
2160 5453 2322 5501 ταυτα

2148 3229 2233 3280 το,
2265 3209 2352 3263 καὶ
2381 3208 2442 3263 τὸ
2474 3205 2558 3263 ἐπὶ
2590 3219 2707 3270 τοῖς
2738 3205 3206 3286 ἀναγραψαμένοις
3243 3203 3638 3280 διεκωμῳδεϊτο
3669 3207 3809 3281 ἡμῖν

2147 3299 2213 3354 τά
2261 3297 2527 3374 θαυμοίσια
2597 3303 2701 3353 τῶν
2773 3305 2865 3354 τοῦ
2928 3304 3156 3368 Χριστοῦ
3209 3297 3545 3373 θεραπόντων
3599 3295 3814 3373 ἀγωνί-

2150 3389 2330 3462 σματά
2358 3408 2414 3443 τε
2460 3388 2546 3443 καὶ
2584 3387 2834 3460 τρόπαια.
2903 3387 2999 3444 Καὶ
3058 3386 3356 3461 ξύμπαντες
3387 3385 3484 3460 μὲν
3542 3381 3809 3442 διελοιδο-

2151 3477 2333 3556 ροῦντο
2409 3477 2587 3554 σαφῶς
2665 3489 2782 3541 τοῖς
2867 3475 3304 3554 συγγράμμασιν,
3379 3473 3811 3550 ἀντεισενεγκετν

2147 3564 2198 3622 δὲ
2307 3565 2510 3622 τούτων
2593 3565 2658 3621 τὰ
2741 3565 3012 3642 κρείττονα
3046 3610 3063 3639 ,
3153 3567 3200 3621 οἱ
3314 3565 3414 3640 μὲν
3496 3561 3562 3619 δι’
3648 3563 3811 3620 ὄκνον

2147 3661 2356 3736 ψυχῆς,
2444 3656 2492 3712 οἱ
2574 3653 2628 3710 δὲ
2714 3656 2785 3719 ὡς
2867 3652 3200 3710 τελεώτατον
3284 3652 3620 3732 σπούδασμα,

2145 3750 2191 3820 ᾧ
2269 3743 2402 3820 μηδὲ
2489 3743 2600 3820 βίος
2673 3743 2736 3799 ἂν
2821 3742 2944 3807 ὅλος
3017 3742 3206 3821 ἀνδρὸς
3267 3741 3612 3820 ἐξαρκέσειεν,
3684 3739 3808 3797 οὔτε

2148 3833 2491 3910 βουλομένοις
2576 3831 2790 3906 δύναμίς
2863 3854 2944 3893 τις
3014 3832 3244 3910 προσῆν,
3318 3831 3436 3888 οὔτε
3493 3829 3807 3904 δυναμένοις

2149 3921 2423 3998 βούλησις,
2495 3920 2642 3979 Ἀλλ’
2707 3921 2831 4001 οὐχὶ
2861 3923 2946 3978 καὶ
3007 3923 3035 3978 ὃ
3065 3922 3354 3995 θαυμάσιος
3397 3920 3618 3996 Συμεὼν
3677 3939 3810 3974 ιαυ-

2149 4013 2240 4067 τὸν
2301 4011 2577 4068 ἐπεπόνθει
2642 4011 2874 4072 τούτοις·
2935 4011 3072 4066 ἀλλα
3127 4010 3290 4090 μέχρι
3349 4019 3440 4069 τοῦ
3495 4009 3808 4084 μέμψασθαι

2149 4113 2264 4166 τοῖς
2335 4100 2727 4180 γεγραμμένοις
2789 4100 3105 4178 συμπροϊὼν
3175 4099 3386 4179 αὐτοῖς,
3446 4097 3630 4155 ἒπειτα
3700 4118 3809 4154 πε-

2146 4192 2369 4269 ραιτέρω
2427 4187 2750 4267 προϐέϐηκε,
2786 4191 2874 4246 καὶ
2933 4187 3115 4267 θαρῤεϊ
3157 4210 3206 4244 τι
3267 4195 3488 4267 πρᾶγμα
3540 4187 3805 4261 νεανικὸν,

2147 4279 2352 4356 μᾶλλον
2409 4277 2464 4335 δὲ
2526 4279 2727 4358 εὒτυχῆ
2789 4277 2997 4357 πρᾶξιν,
3056 4278 3120 4347 ἢν
3187 4277 3354 4342 οὐδεὶς
3417 4282 3522 4335 τῶν
3595 4276 3812 4332 πάντων

2147 4369 2499 4449 εὖτετύχηκε,
2567 4366 2634 4424 δι’
2699 4369 2760 4436 ἧς
2828 4368 3035 4432 ἐκεῖνός
3093 4389 3152 4425 τε
3206 4366 3642 4446 περιφανέστερον
3698 4371 3811 4424 τῶν

2150 4454 2437 4536 ἅπανταχῆ
2497 4456 2796 4536 ἐλλογίμων
2866 4457 3104 4536 ἐγένετο,
3171 4460 3261 4514 καὶ
3321 4463 3398 4531 τῷ
3459 4478 3516 4512 τε
3573 4461 3687 4528 Θεῷ
3744 4455 3809 4511 τά

2147 4547 2406 4604 κάλλιστα
2472 4549 2576 4603 τῶν
2641 4547 2808 4604 ὄντων
2875 4547 3274 4627 ἀφωσιώσατο,
3346 4547 3437 4602 καὶ
3508 4543 3630 4606 τοὺς
3693 4550 3807 4600 τῶν

2148 4637 2424 4715 μαρτύρων
2481 4636 2693 4715 ἀγῶνας
2723 4638 2812 4693 καὶ
2873 4634 3121 4714 δρόμους,
3156 4637 3254 4698 τάς
3311 4656 3370 4691 τε
3413 4641 3520 4690 τῶν
3558 4634 3811 4699 ἀσκητῶν

2149 4726 2456 4804 ἐγκρατείας
2520 4727 2608 4782 καὶ
2691 4727 2966 4804 καρτερίας
3039 4723 3295 4781 ἐκάλλυνὲ
3366 4745 3423 4780 τε
3488 4724 3580 4780 καὶ
3671 4743 3812 4778 κατ-

2150 4813 2441 4890 εκόσμησε,
2490 4816 2578 4872 καὶ
2621 4816 2719 4884 τῆν
2777 4816 2940 4884 αὐτὴν
2985 4815 3207 4877 ἐκείνοις
3272 4811 3643 4891 προσενεγκὼν
3718 4808 3812 4866 εὖ·

2152 4928 2321 4980 νοιαν,
2354 4907 2452 4963 τάσ
2482 4906 2624 4984 παρά
2657 4906 2872 4962 πάντων
2902 4903 3184 4984 ἀντείληφε
3217 4902 3470 4983 χάριτας.

3715 3656 3808 3709 καὶ

2238 5096 2336 5144 Και
2393 5107 2442 5142 τι
2475 5085 2573 5164 γὰρ
2631 5086 2694 5141 ἂν
2721 5085 2908 5160 τιςτῷ
2965 5083 3189 5164 τοιοότῳ
3218 5079 3514 5158 παραϐάλοι
3572 5075 3812 5135 σπουδᾶ-

2156 5194 2368 5251 σματι;
2429 5162 2581 5231 ποίαν
2624 5173 3019 5255 ἀρχαιολογίαν
3081 5162 3430 5241 Ἐλληνικὴν,
3477 5168 3513 5236 ἢ
3565 5166 3813 5240 καταμέ-

2155 5287 2340 5343 τρησιν
2400 5270 2497 5332 τῆς
2545 5269 2832 5334 συμπάσης
2875 5268 2977 5340 γῆς
3018 5279 3034 5335 ς
3092 5261 3181 5316 καὶ
3225 5261 3394 5314 ὁπόσα
3441 5258 3690 5336 Πέρσαις,
3723 5256 3816 5313 καὶ

2159 5356 2260 5432 πρὸ
2319 5354 2533 5410 ἐκείνων
2590 5351 2946 5416 Βαϐυλωνίοις
3005 5351 3370 5428 κατώρθωται,
3404 5347 3505 5403 ὅσα
3562 5366 3620 5400 τε
3677 5345 3814 5416 μετά

2422 5441 2748 5522 Ἀλεξάνδρῳ

2847 5447 2926 5514 τῷ
3009 5435 3324 5494 Μακεδόνων
3429 5432 3811 5511 ἀνδρικώτερον

432 5546 670 5609 quoque
702 5527 1015 5589 ambitioso
1048 5527 1207 5588 cultu
1239 5535 1574 5606 ornatuque
1602 5525 1911 5602 magniﬁco
1945 5547 2061 5589 cun

2163 5531 2556 5608 διηγώνισταις
2627 5531 2786 5609 Ἔχει
2841 5530 2939 5605 μὲν
3008 5529 3099 5584 καὶ
3167 5533 3332 5582 ταῦτα
3406 5521 3661 5602 φιλότιμα
3721 5543 3812 5579 και

432 5619 747 5690 verborum
775 5615 980 5698 lepore
1003 5616 1274 5697 praelusit
1293 5613 1648 5694 scriptorum
1673 5612 1984 5679 indusu-ia.
2000 5617 2061 5680 Ε(

2166 5621 2422 5680 κάλλιστα
2494 5635 2608 5688 τοῖς
2680 5620 2814 5698 μετά
2902 5615 3244 5695 καλλιλογίας
3313 5613 3638 5672 ἐκτεθεικόσι
3715 5610 3810 5677 τάς
