4004 6138
215 293 287 362 193

1332 287 1739 362 ENCOMIUM
1787 281 2398 361 METAPHBASTIE.

3432 278 3540 352 194

205 430 470 507 massae.
546 429 716 487 Ἀλλά
774 429 1002 488 τούτων
1045 431 1142 507 μὲν
1190 430 1274 488 διὰ
1338 431 1437 500 τῆν
1511 438 1614 489 τῶν
1682 433 1849 489 ἀναολ

1932 449 2100 492 amen
2161 447 2282 490 uno
2315 428 2440 490 fere
2472 426 2668 505 magni
2723 423 2947 496 habita,
2985 439 3318 502 eorumque
3375 422 3546 502 vulgo

197 519 509 596 γρι-ᾇιμένων
582 520 841 588 συνθήκην
921 515 1336 578 διεσπούδασται
1407 535 1523 586 τοῖς
1591 522 1816 589 πολλοῖς

1932 519 2178 600 expedita
2236 518 2436 590 lectio,
2477 515 2633 597 quod
2687 513 2876 575 oratio
2907 513 2979 574 sit
3011 510 3139 592 ipsa
3189 516 3541 591 composita.

189 607 572 682 ἐὲτᾶγνωσις.
655 600 856 665 ὐπόσα
952 606 1007 664 δὲ
1065 611 1091 662 ὁ
1164 622 1404 686 γενναῖος
1479 610 1629 674 οὗτος
1687 610 1820 686 ἀνὴρ

1932 610 2050 681 Qua
2081 617 2275 669 autem
2305 608 2390 668 vir
2418 605 2515 667 hic
2539 615 2820 666 strenuus
2851 601 3084 663 decenti
3115 600 3351 683 eloquio
3383 603 3458 668 de
3481 605 3551 669 iis

183 697 288 769 μιτὰ
338 701 440 761 τῆς
487 697 806 775 πρεπούσης
861 705 962 755 τοῦ
1022 697 1182 776 λόγου
1238 695 1522 774 περιϐολῆς
1568 701 1652 755 επὶ
1710 711 1824 762 τοῖς

1932 703 2342 758 :ommentatus
2397 704 2509 768 est,
2544 694 2644 774 qui
2689 693 2778 755 vel
2810 690 3157 771 martyrium
3214 705 3547 772 gesserunt,

176 787 531 862 μαρτυρήσασι
625 788 719 842 καὶ
815 787 1086 856 ἀσκήσασι
1194 787 1300 842 τῶν
1398 789 1826 866 συγγραμμάτων

173 874 390 953 Euam,
455 873 646 932 διττὸν
710 875 831 955 ἔχει
890 877 984 932 τὸν
1036 874 1220 948 ζῆλον,
1274 880 1372 942 τῆς
1431 892 1488 930 τε
1543 878 1676 954 πρὸς
1733 877 1830 944 τὴν

173 967 423 1032 σπθήκῆν
480 964 806 1040 μιμήσεως,
866 966 956 1021 καὶ
1014 969 1112 1033 τῆς
1141 966 1272 1042 πρὸς
1330 965 1397 1021 τὰ
1422 964 1682 1022 κάλλιστα
1739 971 1830 1021 τοῦ

173 1053 309 1118 ἰεους
365 1055 700 1116 τυπώσεως.
760 1054 986 1129 Εἴποιμι
1020 1052 1074 1110 δὲ
1135 1057 1220 1111 καὶ
1249 1054 1422 1132 τρίτον
1466 1057 1561 1111 οὒκ
1613 1053 1830 1111 ἔλαττον

174 1145 380 1217 τούτων,
415 1143 550 1199 ἀλλ’
581 1140 956 1222 ἀκριϐέστερόν
987 1165 1044 1200 τε
1077 1145 1164 1199 γαὶ
1212 1142 1568 1223 ὑψηλότερον,
1602 1143 1680 1200 ὅτι
1712 1146 1828 1219 περὶ

172 1234 262 1286 tu."
304 1235 757 1310 συγκροτούντων
799 1234 860 1290 τὸ
905 1231 1228 1310 Εὗαγγέλιον
1284 1234 1319 1300 ἡ
1351 1238 1458 1288 τῶν
1499 1234 1662 1312 ἀγίων
1695 1233 1827 1289 ἀνά-

173 1343 397 1398 γραπτος
453 1325 659 1397 μνήμη
692 1321 980 1402 κεφάλαιον
1031 1328 1136 1378 τῶν
1182 1319 1360 1376 ἄλλων
1393 1322 1709 1390 καθέστηκε,
1757 1324 1829 1378 Τὸ

170 1411 260 1484 μὲν
286 1414 377 1465 οὗι
426 1411 753 1476 ἐιιλὲξασθαι
786 1419 969 1469 τοότον
1010 1412 1262 1477 τοιαύτην
1291 1411 1462 1485 ἐαυτῷ
1489 1419 1582 1468 τοῦ
1612 1412 1826 1490 γράφειν

169 1500 436 1579 ύωὸθεσιν,
504 1501 799 1579 μαρτύριόν
856 1499 997 1556 ἐστιν
1047 1497 1424 1578 ἀκριϐέστατον
1476 1505 1573 1566 τῆς
1631 1501 1831 1557 ἐκείνω

168 1589 450 1649 συνέσεως·
509 1591 576 1645 τὸ
607 1589 661 1644 δὲ
693 1589 959 1652 τοιαύταις
993 1587 1216 1652 ἐννοίαις
1258 1588 1584 1668 χρήσασθαι,
1618 1590 1704 1645 καὶ
1736 1588 1830 1645 λέ-

169 1677 233 1742 En
284 1679 430 1753 μετᾶ
462 1685 566 1735 τοῦ
594 1685 795 1757 σαφοῦς
826 1676 1112 1757 διηρμένη,
1159 1679 1218 1736 τό
1263 1700 1321 1734 τε
1352 1679 1570 1735 πιθανὸν
1629 1678 1832 1758 ἐχούσῃ

167 1769 246 1823 καὶ
292 1768 586 1838 ἀληθινὸν,
651 1767 739 1824 καὶ
788 1769 1041 1848 ἔμφυτον,
1075 1767 1185 1824 ἔστι
1237 1768 1334 1842 μὲν
1393 1768 1478 1823 καὶ
1531 1773 1632 1835 τῆς
1690 1767 1832 1824 ἐκεί-

1911 787 2002 848 vel
2055 786 2383 847 solitariam
2443 784 2622 844 vitam
2661 782 2995 852 coluerunt,
3032 779 3251 860 duplici
3309 785 3554 848 nomine

1913 875 2354 937 amulationem
2392 872 2629 947 habent,
2667 869 2968 932 imitanda
2999 869 3223 930 scilicet
3252 877 3554 955 composi-

1913 965 2116 1044 tionis,
2153 981 2504 1044 morumque
2560 961 2843 1041 praclare
2873 959 3280 1020 institutorum
3340 963 3558 1026 forma-

1912 1053 2114 1116 tionis.
2149 1053 2354 1115 Dicam
2391 1061 2450 1114 et
2495 1051 2762 1124 tertium,
2797 1048 2942 1110 nihil
2974 1046 3066 1108 his
3095 1047 3383 1124 deterius,
3422 1055 3557 1136 qui-

1913 1141 2075 1203 nimo
2113 1143 2352 1221 majoris
2383 1140 2639 1202 solertia
2668 1137 3129 1218 sublimiusque,
3160 1139 3316 1219 quod
3349 1161 3555 1206 eorum

1911 1231 2127 1310 quibus
2156 1239 2431 1293 constant
2465 1229 2801 1306 Evangelia,
2835 1235 3182 1287 sanctorum
3225 1233 3560 1314 conscripta

1913 1320 2216 1394 memoria,
2251 1320 2617 1398 reliquorum
2651 1325 2828 1396 caput
2861 1315 3103 1376 exsistit.
3158 1317 3327 1389 Quod
3361 1320 3562 1403 itaque

1911 1408 2027 1470 tale
2057 1409 2171 1470 sibi
2205 1416 2616 1488 argumentum
2655 1403 2965 1484 delegerit,
3002 1403 3162 1467 illius
3221 1416 3383 1470 certo
3417 1429 3560 1490 pru-

1914 1498 2177 1562 dentiam
2224 1499 2432 1560 astruit
2467 1518 2482 1573 ;
2516 1497 2673 1574 quod
2707 1513 2843 1557 vero
2894 1493 3112 1554 talibus
3141 1514 3284 1556 usus
3314 1511 3563 1562 senten-

1917 1589 2015 1649 tiis
2058 1595 2172 1668 est,
2208 1605 2396 1668 eaque
2441 1585 2725 1658 dictione,
2764 1603 2900 1664 qua
2950 1590 3078 1663 ipse
3109 1602 3242 1647 cum
3299 1588 3567 1654 claritate

1917 1677 2128 1758 incisa,
2165 1676 2514 1757 probabilis,
2547 1691 2804 1756 veraque
2833 1691 2902 1734 ac
2926 1690 2995 1734 ex
3028 1691 3094 1735 re
3121 1682 3255 1736 nata
3285 1678 3562 1758 eniteret,

1918 1766 2081 1828 illius
2139 1784 2377 1847 quoque
2410 1763 2721 1844 sapientia
2759 1763 2922 1824 claro
2979 1761 3202 1824 indicio
3235 1775 3324 1826 cst
3358 1785 3372 1844 ;
3434 1787 3565 1830 ma-

167 1880 248 1912 ννυ
306 1859 510 1936 σοφίας
545 1855 862 1932 τεκμήριον*
940 1856 1173 1932 μάλιστα
1231 1855 1285 1912 δὲ
1348 1869 1580 1932 σημεῖον
1640 1857 1701 1916 ἄν
1751 1878 1831 1918 τις

1932 1861 2195 1937 rimeque
2245 1855 2553 1916 hominem
2587 1851 2804 1933 prodit,
2841 1850 2945 1928 qui
3004 1869 3071 1912 ex
3107 1861 3442 1934 temporum
3495 1877 3566 1920 ac

169 1951 312 2003 θοϊτο
373 1945 480 2012 τῆς
541 1946 871 2024 εὒαρμόστου
928 1945 1058 2019 πρὸς
1131 1947 1251 2010 τοὺς
1307 1947 1519 2024 καιροὺς
1579 1947 1667 2003 καὶ
1711 1947 1831 2010 τοὺς

167 2037 354 2092 inﬁmi
368 2058 460 2100 τας
494 2034 769 2114 χρήσεως.

240 2127 343 2182 Καὶ
419 2125 520 2180 ’ἕνα
579 2147 624 2180 τι
696 2127 815 2203 περὶ
887 2125 1074 2182 τούτου
1133 2131 1225 2182 τοῦ
1268 2124 1457 2202 μέρους
1515 2125 1679 2198 εἴπω,
1743 2126 1831 2182 καὶ

167 2211 703 2291 παρεκόατικώτερον
774 2220 851 2288 τῷ
912 2213 1056 2292 λόγῳ
1127 2215 1444 2294 χρήσωμαι’
1521 2215 1618 2271 οὐκ
1657 2214 1835 2291 ἀγνοῶ

171 2303 242 2357 ὅτι
295 2315 421 2364 τοῖς
492 2302 725 2368 πολλοῖς
755 2310 862 2360 τῶν
905 2325 963 2359 τε
1021 2303 1464 2382 σοφιστικώτερον
1491 2309 1561 2380 τῇ
1617 2303 1835 2380 γλώττῃ

169 2391 558 2470 κεχρημένων,
596 2392 744 2448 οωὲν
803 2390 859 2447 δὲ
918 2394 1080 2458 ἦττον
1138 2394 1223 2448 καὶ
1280 2405 1396 2458 τοῖς
1447 2394 1562 2469 περί
1597 2393 1662 2448 τὰ
1723 2415 1834 2466 μα-

171 2484 386 2555 θήματα
493 2480 880 2538 ἐσπουδακόσιν
920 2526 935 2553 ,
1036 2480 1174 2538 ἀλλὰ
1275 2483 1361 2538 καὶ
1469 2485 1536 2538 τὰ
1643 2483 1836 2560 φυσικὰ

176 2573 472 2646 μαθήματα
533 2569 991 2648 περισπούδαστα,
1053 2570 1111 2627 οὐ
1172 2571 1308 2626 πάνυ
1368 2593 1418 2627 τι
1488 2569 1836 2642 σπουδάζεται

173 2667 262 2715 τοῦ
321 2659 518 2738 ἆῆρός
603 2661 670 2716 τὰ
742 2657 1167 2740 σπουδάσματα,
1227 2659 1309 2716 ὅτι
1381 2661 1520 2736 μήτε
1590 2675 1656 2717 τὰ
1739 2662 1836 2727 τῆς

177 2749 369 2824 μίξεως
401 2756 513 2805 τῶν
547 2747 702 2806 ἰδεῶν
746 2749 986 2828 ἐκπρεπῆ
1017 2749 1142 2828 παρ’
1178 2751 1384 2830 αὑτοῖς,
1417 2751 1556 2826 μήτε
1587 2751 1636 2806 οἱ
1681 2773 1837 2829 σχη-

179 2841 436 2913 ματισμοὶ
500 2845 610 2894 τῶν
665 2837 842 2916 λόγων
902 2851 1250 2920 καταφανεῖς,
1310 2842 1448 2915 μήτε
1504 2863 1585 2904 τις
1647 2839 1841 2916 ἀπορία

183 2929 388 3006 φύσεως
468 2929 558 2984 καὶ
627 2926 889 3004 ἐπίλυσις⁹
955 2929 1094 3003 μήτε
1170 2930 1468 3006 γραμμικαὶ
1548 2926 1840 2994 ἀποδείξεις

186 3018 320 3090 μετά
402 3023 516 3073 τῶν
599 3023 866 3097 φορτικῶν
950 3017 1228 3093 ὀνομάτων
1257 3066 1270 3092 ,
1332 3018 1471 3090 μήτε
1551 3017 1840 3097 φολοσόφοι

1917 1945 2255 2008 auditorum
2291 1943 2625 2006 rationibus
2654 1958 2996 2004 sermonem
3033 1942 3150 2003 rite
3177 1953 3382 2006 nosset
3407 1965 3568 2009 com-

1917 2052 2164 2116 ponere.

2000 2126 2192 2203 Atque
2223 2131 2287 2184 ut
2319 2123 2497 2202 hujus
2519 2123 2757 2201 generis
2779 2121 3086 2202 quidpiam
3110 2121 3562 2205 loquar,paulo-

1916 2231 2032 2294 que
2055 2213 2247 2275 fusius
2279 2230 2619 2274 sermonem
2653 2209 2996 2285 adhibeam,
3023 2229 3140 2271 non
3178 2213 3430 2277 melatet
3460 2216 3568 2279 viri

1921 2303 2368 2364 lucubrationes
2392 2304 2734 2382 scriptaque
2752 2309 3136 2361 monumenta
3157 2319 3275 2362 non
3298 2321 3432 2366 esse
3453 2325 3570 2366 ma-

1917 2411 2032 2472 gno
2066 2391 2408 2465 studio,nec
2444 2390 2514 2450 iis
2545 2390 2646 2470 qui
2690 2389 2908 2467 lingua
2938 2401 3289 2451 ornamento
3321 2401 3570 2457 utuntur

1919 2481 2099 2543 nimis
2122 2479 2584 2552 Rhetorice,nec
2609 2477 2707 2553 iis,
2734 2478 2834 2556 qui
2865 2495 3040 2538 suum
3065 2479 3324 2541 studium
3351 2500 3570 2563 posue—

1919 2581 2060 2632 runt
2082 2571 2140 2631 in
2175 2567 2642 2650 disciplinis;sed
2681 2585 2790 2629 nec
2817 2566 2912 2640 iis,
2941 2567 3042 2647 qui
3074 2567 3430 2632 studuerunt
3459 2591 3570 2634 na-

1921 2671 2073 2722 tura
2100 2657 2600 2738 contemplationi
2635 2677 2647 2716 :
2687 2655 2841 2737 quod
2875 2655 2963 2717 eis
2993 2655 3235 2719 dicendi
3283 2677 3568 2738 generum

1923 2748 2120 2811 mistio
2151 2767 2270 2809 non
2295 2748 2672 2821 eluceat,nec
2699 2747 2904 2824 ﬁgura
2927 2744 3161 2806 dicendi
3183 2747 3302 2808 sint
3321 2758 3568 2830 aperta,

1923 2855 2118 2920 neque
2165 2837 2286 2898 ulla
2343 2835 2628 2899 naturalis
2670 2833 2959 2896 dubitatio
2993 2841 3053 2895 et
3101 2835 3342 2918 solutio,
3378 2857 3575 2920 neque

1923 2927 2185 2990 lineares
2207 2925 2748 2988 demonstrationes
2773 2941 2907 2984 cum
2928 2922 3283 3004 importunis
3308 2929 3572 2991 nomini-

1925 3017 2262 3095 bus,neque
2286 3014 2718 3098 philosophica
2738 3011 3216 3095 sententia,qua
3239 3015 3574 3098 subjectum

189 3105 379 3164 ’ἔννοιαι
407 3106 846 3186 ὑψηλολογοῦσαι
907 3109 967 3163 τὸ
997 3107 1364 3182 ὑποκείμενον.
1428 3106 1712 3165 Βούλονται
1747 3108 1841 3187 γὰρ

1932 3107 2125 3170 verbis
2177 3107 2237 3168 in
2268 3106 2454 3167 altum
2507 3103 2806 3166 invehant.
2837 3100 3059 3163 Volunt
3087 3105 3247 3166 enim
3304 3106 3405 3187 qui
3436 3121 3578 3171 sunt

191 3197 235 3253 οἱ
293 3175 535 3276 περιττοὶ
566 3175 686 3263 τὴν.
723 3197 910 3277 σοφίαν
939 3198 1071 3275 πρὸς
1129 3175 1372 3262 ἕπίδειξιν
1415 3197 1589 3254 πάντα
1643 3175 1844 3276 γεγράίι

1932 3197 2239 3278 sapientia
2259 3196 2412 3258 ultra
2438 3193 2678 3256 modum
2701 3191 2911 3266 dediti,
2933 3191 3134 3254 omnia
3163 3175 3348 3256 scribi
3367 3197 3441 3258 ad
3472 3216 3576 3260 os-

191 3289 335 3364 ιρθαι,
369 3288 432 3342 ού
461 3287 596 3364 πρὸς
624 3283 888 3366 ὠφέλειαν
918 3286 1006 3341 καὶ
1033 3283 1188 3352 ἤθους
1219 3285 1566 3362 κατόρθωσιν.
1617 3285 1765 3365 Ἐγὼ
1792 3284 1845 3340 δε

193 3372 306 3430 ὠδέ
365 3397 512 3439 τινος
543 3375 744 3431 τούτων
805 3375 944 3453 φημὶ
972 3374 1038 3430 τὰ
1081 3381 1173 3432 τοῦ
1219 3372 1401 3452 ἀνδρὸς
1460 3374 1846 3453 ἀπεστερῆσθαι

195 3464 613 3542 συγγράμματα,
675 3460 826 3519 Ἀλλ’
861 3459 1044 3531 ’ἐπειδὴ
1091 3464 1168 3538 μὴ
1195 3461 1536 3534 ἐπιδεικτική
1579 3485 1660 3527 τις
1706 3465 1848 3538 αὖτῴ

194 3554 227 3619 ἦ
296 3552 526 3631 χρῆσις,
573 3554 635 3608 ού
703 3559 867 3610 ταῦτα
925 3551 1068 3627 αὐτῷ
1127 3553 1349 3632 τίθεται,
1409 3553 1523 3610 οὐδὲ
1594 3553 1655 3609 ἐκ
1709 3574 1844 3627 προ-

201 3642 380 3716 οιμίων
432 3643 609 3721 εὐθὺς,
641 3639 757 3698 οὐδὲ
801 3647 1082 3716 πανταγῆ,
1116 3639 1233 3699 οὐδὲ
1265 3642 1320 3698 ἐν
1368 3649 1553 3717 πιῑισιν⁹
1586 3640 1702 3699 ἀλλ’
1737 3641 1847 3709 ὅπη

203 3732 340 3806 αὖτῷ
366 3731 620 3809 ἀφορμὴν
649 3731 711 3787 τὸ
764 3728 1220 3810 πρᾶγμαδίδωσιν,
1252 3731 1424 3789 ὁπόσα
1455 3730 1570 3788 δέον
1598 3738 1674 3807 τῷ
1706 3730 1851 3809 λόγῳ

203 3821 574 3899 χρησάμενος,
636 3820 721 3876 ἰπὶ
790 3821 882 3876 τὸν
949 3821 1354 3900 προτεθειμένον
1432 3823 1632 3879 σκοπὸν
1705 3821 1850 3885 εὐθὺς

204 3909 497 3970 boantem.
576 3901 633 3967 ’0
702 3909 802 3986 γὰρ
858 3907 1016 3988 λόγος
1076 3911 1218 3985 αύτῷ
1289 3909 1406 3967 οὔτε
1461 3913 1534 3972 εἰς
1589 3921 1856 3990 τεχνολο-

208 4000 322 4075 γίαν
375 4000 468 4055 καὶ
525 3999 848 4066 κατονόησιν
906 3999 1135 4078 φύσεως,
1199 3997 1316 4056 οὔτε
1380 4003 1487 4075 μὴν
1545 4001 1619 4061 εἰς
1676 4023 1854 4080 γραμ-

212 4088 368 4161 uixit:
420 4089 669 4167 θεωρίαν,
730 4088 765 4156 ἢ
821 4089 922 4156 την
996 4089 1369 4167 περιττοτέραν
1427 4089 1482 4144 ἐν
1539 4102 1656 4155 τοῖς
1712 4089 1856 4168 ’ἀρι-

214 4180 364 4252 θμοῖς
411 4177 642 4240 σύνεσιν.
705 4173 858 4234 Ἀλλ’
902 4175 1017 4236 οὗδέ
1074 4175 1422 4249 σπουδάζεται
1464 4180 1634 4254 τούτῳ
1672 4181 1707 4246 ἡ
1762 4185 1855 4236 τοῦ

219 4267 429 4344 ούρἈώ
483 4267 714 4343 κίνησις,
763 4267 792 4335 ἣ
855 4267 1001 4331 ὅπως
1056 4269 1084 4323 ὁ
1153 4266 1395 4334 ἀπλανὴς
1461 4270 1665 4345 κόσμος
1723 4269 1854 4347 πρὸς

219 4357 331 4420 τοὺς
385 4355 660 4423 πλάνητας
734 4357 954 4427 ἑπαντᾷ.
1024 4355 1186 4412 Μὲλει
1257 4355 1312 4413 δὲ
1357 4359 1501 4432 αὖτῷ
1559 4358 1856 4438 συμφώνων

223 4443 256 4510 ἦ
309 4445 602 4524 ὁμοφώνων
630 4442 803 4525 οὐδὲν,
833 4442 953 4501 ἀλλ’
1012 4445 1130 4502 οὐδὲ
1177 4451 1284 4504 τῶι
1337 4445 1422 4503 ἐπὶ
1451 4446 1656 4511 τούτοις
1692 4447 1860 4523 ἰμμε-

1931 3292 2348 3361 tentationem,
2385 3302 2503 3345 non
2547 3281 2620 3345 ad
2657 3299 2892 3342 morum
2939 3284 3396 3350 correctionem.
3456 3286 3576 3367 Ego

1931 3386 2127 3438 autem
2179 3374 2314 3438 dico
2345 3373 2526 3452 hujus
2577 3371 2686 3434 viri
2718 3369 2941 3451 scripta
2992 3369 3154 3432 nullo
3189 3372 3397 3434 horum
3447 3393 3579 3439 esse

1932 3463 2291 3547 privata;sod
2323 3461 2600 3544 quoniam
2630 3477 2748 3521 non
2772 3459 2844 3520 ad
2863 3462 3320 3522 ostentationem
3345 3480 3580 3546 compa-

1930 3555 2171 3616 rabatur
2199 3554 2334 3633 ejus
2353 3549 2627 3632 scriptio,
2653 3567 2722 3611 ea
2747 3565 2866 3610 non
2901 3556 3202 3629 ponuntur
3222 3550 3574 3633 frequentia,

1930 3643 2332 3725 nequestatim
2355 3660 2388 3703 a
2412 3637 2924 3720 principiomeque
2941 3637 3389 3722 nbique,neque
3417 3641 3580 3722 apud

1933 3749 2184 3794 omnes:
2217 3729 2320 3792 sed
2354 3727 2591 3811 quando
2640 3745 2738 3790 res
2765 3726 2862 3788 dat
2893 3726 2949 3789 ei
3001 3727 3410 3813 occasionem,
3438 3749 3582 3794 usus

1933 3822 2036 3898 iis,
2063 3840 2196 3902 qua
2226 3818 2482 3902 postulat
2508 3819 2723 3898 oratio,
2753 3816 2912 3879 redit
2936 3834 3174 3881 rursum
3203 3819 3274 3882 ad
3333 3839 3580 3904 scopum

1938 3911 2302 3993 propositum
2318 3908 2479 3988 .Ejus
2500 3915 2656 3969 enim
2692 3907 2878 3968 oratio
2903 3907 3179 3988 nequead
3201 3911 3583 3992 sophisticam

1936 4002 2209 4062 intuetur
2215 3998 2597 4079 jactationem
2617 3996 2990 4057 utforensem
3013 4008 3586 4082 apparatum,neque

1937 4089 2008 4153 ad
2039 4089 2422 4152 artificiosam
2456 4086 2812 4148 naturalium
2839 4085 3360 4166 excogitationem,
3389 4107 3588 4166 neque

1937 4179 2009 4241 ad
2062 4178 2358 4239 linearum
2416 4173 3007 4255 contemplationem,
3040 4184 3140 4236 aut
3197 4178 3586 4241 curiosiorem

1940 4284 2326 4329 numerorum
2350 4262 2956 4343 intelligentiam.Sed
2981 4283 3176 4346 neque
3197 4273 3285 4328 est
3308 4267 3364 4329 ei
3392 4268 3587 4332 studio

1941 4357 2074 4420 cali
2111 4365 2328 4430 motus,
2362 4364 2464 4417 aut
2491 4353 3002 4432 quemadmodum
3033 4355 3308 4419 inerrans
3328 4359 3589 4422 mundus

1943 4445 2226 4527 procedat
2253 4445 2412 4506 circa
2434 4442 2636 4506 stellas
2667 4449 2958 4505 errantes:
2991 4443 3100 4506 sed
3130 4462 3327 4524 neque
3357 4457 3492 4510 sunt
3527 4459 3585 4522 ei

226 4531 396 4589 λαῶν’
454 4532 540 4590 διὰ
595 4540 750 4590 τοῦτο
805 4540 972 4590 ταῦτα
1031 4533 1130 4608 μὲν
1172 4535 1246 4597 ὣς
1304 4535 1523 4614 περιττὰ
1571 4537 1849 4611 παραπέμ-

1942 4553 2097 4596 cura
2121 4544 2635 4605 cousonautes,aut
2653 4536 3246 4611 semivocales.neque
3259 4540 3358 4611 qui
3371 4555 3476 4614 per
3494 4557 3592 4601 eas

229 4643 396 4680 πεται·
458 4622 598 4681 ἔστιν
656 4622 788 4680 ὅπου
843 4623 1097 4680 καὶκατὰ
1153 4625 1338 4703 καιρὸν
1395 4625 1699 4704 χρώμενος’
1761 4627 1860 4692 τῆς

230 4711 279 4768 δὲ
355 4712 606 4780 ἀληθείας
689 4713 982 4792 ἅπανταχῆ
1065 4713 1275 4794 ἔχεται,
1347 4719 1436 4770 καὶ
1503 4719 1602 4783 τῆς
1691 4715 1864 4791 ἀψευ-

231 4799 341 4861 δους
415 4802 742 4880 διηγήσεως.
816 4803 1066 4880 Φρὰσεως
1138 4800 1194 4858 δὲ
1268 4801 1496 4868 πολλοὺς
1582 4805 1678 4865 μὲν
1748 4805 1866 4860 ἐπί-

233 4914 386 4949 στατο
441 4893 690 4972 τρόπους,
758 4891 1026 4970 κέχρηται
1083 4889 1139 4947 δὲ
1205 4898 1282 4966 τῴ
1341 4892 1682 4973 ἀποχρῶντι,
1737 4895 1866 4971 πρὸς

232 4984 324 5052 τήν
379 5004 437 5039 τε
466 4989 572 5039 τῶν
625 4979 946 5054 σπουδαίων,
976 4981 1066 5037 καὶ
1109 4979 1216 5037 τῶν
1257 4979 1474 5037 πολλῶν
1520 4982 1633 5055 ἅμα
1663 4982 1863 5062 ἀκρόα-

239 5094 331 5134 σιν,
399 5073 497 5130 Καὶ
565 5070 757 5150 ἤρκεσέ
810 5091 870 5147 γε
942 5070 1079 5125 κατὰ
1142 5073 1304 5126 ταυτὸ
1368 5070 1692 5150 ἀμφοτέροις
1749 5084 1867 5136 τοῖς

241 5163 432 5238 μέρεσι.
490 5166 579 5235 Τῷ
632 5161 731 5236 μὲν
774 5160 874 5236 γὰρ
927 5159 1105 5237 ῥυθμῷ
1150 5159 1236 5215 καὶ
1265 5162 1343 5233 τῷ
1376 5159 1562 5216 κάλλει
1605 5161 1700 5229 τῆς
1771 5159 1866 5217 λέ-

244 5249 356 5317 ξεως
381 5299 398 5332 ,
467 5253 558 5308 τὸν
629 5249 914 5328 ἐλλόγιμον
985 5248 1253 5328 ἀκροατὴν
1323 5247 1670 5328 ἐφειλκύσατο
1697 5297 1714 5324 ,
1787 5251 1872 5306 καὶ

245 5339 425 5405 ἰθελξεν
478 5340 673 5406 ἱκανῶς
705 5350 823 5402 τοῖς
877 5343 984 5394 τῶν
1040 5338 1280 5416 χαρίτων
1329 5340 1646 5416 θηράτροις,
1685 5339 1762 5413 τῷ
1819 5336 1874 5393 δέ

251 5450 298 5507 γε
339 5444 494 5510 σαφεῖ
533 5428 630 5486 καῖ
687 5426 900 5500 ποτίμῳ
952 5425 1048 5489 τὰς
1095 5421 1358 5487 ίδιώτιδας
1400 5425 1563 5491 ἀκοὰς
1594 5426 1689 5494 τῆς
1747 5425 1876 5480 ἑαυ-

253 5527 330 5576 τοῦ
380 5520 554 5600 φωνῆς
587 5516 955 5594 ἀνηρτήσατοο
1017 5512 1336 5595 ἀμφοτέροις
1365 5535 1423 5570 τε
1453 5516 1516 5571 αὖ
1569 5514 1879 5594 ὑπηγάγετο

254 5615 317 5686 τῷ
342 5610 578 5686 συντόμῳ
607 5604 709 5664 καῗ
740 5606 966 5677 πιθανῷ.

1946 4625 2011 4687 fit
2039 4621 2724 4701 concentus.Propterea
2742 4619 2868 4682 hac
2899 4620 3143 4703 quidem
3163 4626 3442 4688 amandat
3467 4637 3596 4690 tan-

1947 4732 2124 4791 quam
2153 4728 2614 4793 supervacanea,
2637 4729 3060 4792 nonnunquam
3095 4721 3290 4776 tamen
3314 4715 3400 4778 eis
3421 4726 3595 4781 utens

1949 4811 2008 4864 et
2036 4803 2096 4862 in
2131 4809 2419 4881 tempore.
2461 4797 2698 4862 Veritati
2739 4811 2938 4862 autem
2970 4802 3255 4879 adharet,
3291 4813 3351 4867 et
3384 4829 3414 4866 a
3447 4807 3594 4870 falso

1949 4892 2160 4954 aliena
2186 4889 2537 4951 narrationi.
2575 4888 2864 4950 Dictionis
2887 4899 3082 4951 autem
3113 4893 3336 4954 sciebat
3354 4895 3594 4974 quidem

1949 4982 2168 5042 multos
2192 4979 2576 5040 modoszusus
2599 4986 2692 5040 est
2713 4988 2909 5042 autem
2941 4980 3144 5064 eo,qui
3165 4981 3498 5046 sufficiebat
3521 4986 3594 5048 ad

1950 5069 2313 5132 auditionem
2332 5067 2509 5156 simul
2532 5075 2591 5156 et
2616 5067 2932 5144 bonorum,
2961 5078 3020 5130 et
3041 5070 3287 5148 vulgizot
3317 5082 3382 5134 ut
3409 5092 3597 5156 usque

1951 5156 2197 5220 auribus
2245 5155 2424 5217 simul
2457 5155 2781 5220 satisfecit:
2837 5175 2970 5218 nam
3015 5158 3299 5221 dictionis
3349 5155 3594 5240 quidem

1954 5263 2203 5308 numero
2234 5253 2296 5307 et
2320 5243 2769 5325 pulchritudine
2795 5246 3091 5308 eruditum
3125 5249 3211 5310 sic
3234 5253 3471 5314 attraxit
3497 5273 3599 5318 au-

1959 5336 2303 5407 ditorem,et
2323 5333 2467 5395 satis
2484 5331 2694 5394 delinit
2709 5336 3029 5413 gratiarum
3063 5336 3466 5404 illecebriszeo
3487 5361 3600 5406 au-

1958 5433 2079 5488 tem
2111 5425 2268 5505 quod
2301 5433 2458 5485 esset
2489 5423 2648 5484 clara
2677 5432 2736 5485 et
2765 5423 3112 5487 succulenta
3143 5437 3350 5507 oratio,
3376 5432 3595 5511 effecit,

1960 5523 2026 5576 ut
2073 5530 2248 5601 aures
2280 5513 2688 5601 imperitorum
2737 5513 2814 5601 ab
2864 5513 2998 5592 ejus
3049 5533 3192 5580 voce
3242 5520 3594 5601 penderent.

1961 5600 2190 5669 Ambos
2211 5619 2448 5664 rursum
2481 5598 2712 5664 induxit
2743 5599 3032 5665 brevitate
3064 5614 3120 5666 et
3152 5598 3600 5690 probabilitate,
