4004 6138
252 282 316 357 197
1348 281 1749 356 ENCOMIUM
1797 277 2410 351 METAPHRASTE.

3443 281 3559 348 198

334 449 434 482 τινα
505 431 718 499 καθίζει
778 429 868 483 τὸν
931 425 1304 501 ἆσκητῦ,ν,καὶ
1361 423 1631 503 σχεδιάζει
1681 423 1822 496 αὗτῷ

1921 424 2139 502 mando
2162 426 2292 504 ejus
2313 422 2501 484 oratio
2524 414 2794 483 ascendit
2825 414 3069 500 quidem
3107 427 3359 494 montes,
3394 416 3564 482 subiti

229 519 362 592 3d,:
415 518 518 584 τὴν
582 517 646 573 ἐκ
712 517 978 594 βοτινῶν,
1048 518 1134 572 καὶ
1179 515 1326 591 πόμα
1370 515 1430 571 τὸ
1490 515 1550 570 ἐκ
1609 520 1820 592 πηγῶν,

221 608 479 682 ligna-3:51.
545 610 656 686 γὰρ
724 608 816 670 τὰς
877 606 1129 668 τοιαύτας
1174 604 1452 682 διηγήσεις
1497 603 1667 668 λέξεσί
1719 626 1824 659 τισι

213 700 248 752 τὸ
289 693 436 751 καλὸν
480 697 800 771 ἀνθοόσαις,
839 698 928 752 καὶ
975 693 1276 774 σχημάτων
1331 692 1598 750 ποικίλλει
1655 691 1823 770 ῥοδω-

211 798 332 857 μαῖς,
390 785 486 839 καί
551 788 633 850 ὡς
717 788 966 862 ὁρώμενα
1033 782 1257 842 δείκνυσι
1319 783 1383 838 τὰ
1465 781 1584 839 τότε
1641 789 1826 860 καιροῦ

201 873 527 951 gaudium.
582 874 750 942 κηλῶ
796 875 894 949 μὲν
952 875 1041 929 οὖν
1096 872 1204 950 ἐγώ
1232 875 1322 930 τὸν
1363 870 1524 940 ἄνδρα
1578 871 1670 928 καί
1731 871 1826 938 τῆς

199 964 407 1029 τοιαύτης
453 964 721 1040 εὖτομίας
773 965 863 1020 καὶ
907 962 1156 1042 χάριτος,
1211 961 1356 1018 οὐδέν
1414 982 1470 1018 τε
1511 963 1672 1026 ἧττον
1726 966 1824 1026 τῆς

195 1054 479 1132 sinuatis:
546 1061 659 1109 τῶν
712 1051 1034 1113 ὃποθέσεων,
1086 1052 1141 1106 Ei
1199 1051 1298 1128 γὰρ
1328 1050 1489 1126 κάμοὶ
1521 1049 1696 1107 πολλὰ
1741 1053 1827 1106 καὶ

197 1144 295 1217 περὶ
344 1141 573 1198 πολλῶν
631 1140 1022 1219 συγγράφεται,
1067 1137 1187 1194 ἀλλ’
1219 1138 1311 1195 οὒκ
1344 1137 1406 1194 ἂν
1439 1138 1559 1218 ἔχοι
1589 1146 1824 1196 τοιοῦτον

191 1229 326 1300 ζῆλον
377 1229 477 1285 καῖ
540 1233 782 1305 μίμησιν
838 1229 905 1284 τὰ
961 1225 1340 1302 σπουδάσματα
1371 1245 1391 1265 ⁸
1443 1227 1578 1284 ἀλλὰ
1625 1227 1825 1307 λογίοις

191 1320 272 1392 μὲν
297 1318 427 1382 ἴσως
461 1319 698 1396 ἂνδράσι
738 1316 1030 1398 φανήσεται
1074 1315 1519 1397 περισπούδαστα,
1581 1320 1666 1373 καὶ
1722 1325 1826 1389 ζη-

190 1406 389 1464 Mecum.
435 1417 618 1465 ταῦτα
651 1406 742 1464 διὰ
781 1407 883 1473 τὴν
937 1403 1096 1477 λέξιν,
1159 1405 1244 1461 καὶ
1276 1407 1366 1462 τὸν
1399 1405 1640 1464 ποικίλον
1673 1429 1822 1486 σχη-

186 1499 430 1571 ματισμόν
469 1514 485 1528 ⁸
528 1497 999 1576 καταφρονήσουσι
1031 1494 1084 1548 δὲ
1115 1495 1162 1550 οἱ
1213 1493 1430 1571 πολλοὶ,
1479 1495 1558 1552 ὅτι
1604 1498 1681 1571 μὴ
1728 1496 1830 1572 μέ-

183 1587 258 1642 λον
288 1587 474 1652 αὐτοῖς
500 1587 849 1662 ζητημάτων
884 1585 968 1640 καὶ
999 1585 1214 1639 ἔννοιὼν
1245 1584 1706 1663 ἀπορῤητοτέρων.

241 1857 380 1913 Φασί
410 1857 480 1934 γέ
509 1879 599 1914 τοι
650 1854 790 1931 μηδὲ
851 1857 910 1914 ἐκ
962 1860 1222 1936 παρέργου
1280 1862 1462 1911 τοῦτον
1522 1853 1681 1932 ἧφθαι
1739 1861 1830 1910 τοῦ

179 1947 518 2026 πράγματος,
560 1943 704 2020 μηδὲ
735 1947 893 2005 αὐτὸν
941 1946 1284 2024 προθέμενον,
1317 1946 1361 2000 εἰ
1410 1944 1489 2019 μὴ
1533 1942 1654 2000 ὅσον
1707 1943 1832 2018 βούο

180 2034 342 2089 λεσθαι
377 2050 393 2064 ⁸
447 2033 724 2112 βασίλειοι
793 2033 844 2090 δὲ
891 2042 1079 2092 τοῦτον
1123 2034 1487 2112 παρακλήσεις
1539 2031 1623 2088 ἐπὶ
1680 2042 1832 2091 τοῦτο

177 2125 551 2203 προήνεγκαν,
598 2125 690 2180 καὶ
732 2127 817 2187 οἷς
863 2124 1191 2202 ἐφροντίζετο
1247 2121 1404 2200 λόγος
1463 2124 1557 2179 καί
1601 2123 1829 2183 σύνεσις,

184 2211 272 2267 Exi
317 2213 390 2280 ἦν
441 2213 597 2286 αὗτῴ
642 2214 678 2280 ἡ
722 2214 1035 2291 παρασκευὴ
1063 2211 1113 2278 ἐξ
1146 2212 1381 2287 ἑτοίμου,
1434 2209 1628 2275 κύκλος
1674 2231 1729 2267 τε
1774 2212 1833 2266 οὒ

179 2300 397 2379 βραχὺς,
445 2308 566 2358 τῶν
613 2323 670 2358 τε
716 2303 938 2378 πρώτως
1001 2300 1470 2376 ἒνσημαινομένων
1526 2302 1625 2367 τὴν
1668 2299 1830 2372 λέξιν,

179 2391 249 2446 ni
303 2395 417 2448 τῶν
481 2393 630 2467 μετὰ
676 2399 838 2448 ταῦτα
884 2391 1154 2465 τιθέντων,
1201 2389 1298 2447 καί
1342 2387 1502 2453 ἄλλος
1545 2388 1631 2447 ἐπ’
1662 2388 1832 2468 ἄλλῳ,

181 2481 203 2532 ὁ
239 2479 336 2552 μὲν
366 2482 437 2536 τὰ
478 2486 668 2558 πρῶτα
702 2481 897 2559 ποιῶν,
932 2482 959 2536 ὃ
989 2478 1042 2535 δὲ
1073 2481 1135 2535 τα
1165 2478 1340 2554 δεύτερ
1362 2503 1399 2537 ι.
1455 2478 1560 2535 Καὶ
1592 2478 1676 2536 ἐπὶ
1704 2479 1832 2535 τού-

183 2589 303 2644 τοις,
357 2571 408 2626 οἱ
471 2570 546 2625 τὰ
600 2567 1047 2647 συγγεγραμμένα
1103 2565 1557 2646 ἑξακριϐούμενοι,
1591 2564 1726 2622 ἶν’ἵ)
1782 2589 1832 2622 τι

183 2659 290 2723 τοὺς
345 2659 702 2737 ὑπογραφέας
733 2656 906 2730 λάθοι²
941 2659 1073 2736 πρὸς
1119 2658 1216 2725 τὴν
1269 2655 1628 2730 ὑποκειμένην
1685 2653 1833 2733 διορ-

183 2748 453 2805 θὼσωνται
515 2748 748 2810 ἔννοιαν,
799 2751 870 2807 Οὔ
929 2748 1028 2825 γὰρ
1072 2747 1196 2814 ἐνῆν
1256 2747 1397 2818 αὗτῷ
1426 2744 1510 2801 διὰ
1537 2747 1598 2802 τὸ
1630 2743 1832 2812 πλῆθος

185 2841 280 2890 τῶν
332 2838 782 2916 συγγραμμάτων
841 2834 1103 2900 πολλάκις
1147 2834 1212 2892 τά
1255 2837 1385 2894 αὐτὰ
1433 2834 1751 2892 ἀνακυκλεῖν
1780 2855 1836 2890 τε

185 2925 263 2982 ui
289 2926 519 3006 ἔφορᾷν,
580 2924 735 2983 Ἀλλ’
787 2927 832 2982 εί
883 2929 982 2981 καὶ
1016 2923 1180 2989 πολὺς
1212 2926 1239 2981 ὃ
1270 2924 1458 2998 ζῆλος,
1491 2926 1578 2980 καὶ
1607 2926 1642 2992 ἡ
1672 2945 1832 3004 φρον-

189 3017 257 3077 τὶς
311 3019 672 3096 περιττοτέρα
731 3025 826 3075 τοῦ
852 3013 1086 3089 δέοντος,
1121 3015 1158 3083 ἢ
1189 3013 1394 3091 μᾶλλον
1423 3015 1555 3094 πρὸς
1588 3021 1742 3072 τοῦτο
1771 3013 1836 3080 δὴ

1909 522 2106 576 autem
2131 514 2492 594 speluncas:
2523 511 2634 573 sub
2666 510 2809 590 pinu
2837 516 3172 572 autem.aut
3191 525 3418 588 quercu
3437 507 3552 570 ali-

1908 621 2026 678 qua
2056 603 2305 664 coltocat
2335 601 2785 663 cxercitalorem
2817 619 2832 660 :
2869 605 2928 662 et
2959 598 3076 659 vile
3106 597 3463 659 alimentum
3491 615 3554 662 et

1909 692 2277 754 illaboratam
2304 691 2357 752 ei
2391 691 2562 753 oﬂ'ert
2595 708 2666 752 ex
2699 687 2923 764 herbis,
2949 697 3006 750 et
3043 696 3240 767 potum
3267 705 3335 748 ex
3367 687 3553 749 fonti-

1912 781 2360 861 bus.Ejusmodi
2383 785 2753 844 narrationes
2770 785 2940 839 ornat
2961 777 3313 855 quibusdam
3334 778 3554 840 ﬂoren-

1912 872 2068 933 tibus
2090 872 2338 952 pulchre
2355 869 2807 947 dictionibus,et
2828 869 3004 928 variis
3022 867 3174 928 rosis
3200 867 3550 944 ﬁgurarum,

1911 967 1970 1021 et
1999 979 2091 1041 ea,
2125 979 2260 1037 quae
2287 968 2429 1022 tunc
2459 957 2884 1036 ﬁebant,quasi
2918 956 3166 1036 subjicit.
3196 956 3407 1020 oculis.
3440 958 3552 1018 Vi-

1914 1068 2043 1110 rum
2061 1070 2166 1129 ego
2189 1049 2364 1111 laudo
2386 1048 2624 1130 quidem
2643 1055 2888 1128 propter
2901 1047 2950 1125 ej
2965 1046 3194 1108 usmodi
3214 1047 3556 1110 facundiam

1910 1149 1970 1200 et
1991 1141 2263 1217 gratiam:
2289 1158 2409 1200 non
2436 1139 2631 1200 minus
2653 1134 3044 1215 autem,quod
3072 1135 3320 1216 pulchre
3344 1145 3558 1199 tracta-

1910 1230 1987 1289 vit
2008 1242 2358 1307 argumenta
2389 1249 2405 1304 ;
2457 1246 2592 1288 nam
2644 1226 2752 1287 etsi
2806 1244 2838 1285 a
2870 1243 2966 1286 me
2999 1225 3183 1287 multa
3209 1244 3450 1306 quoque
3480 1227 3557 1289 de

1913 1318 2115 1378 multis
2146 1318 2644 1393 scribuntur,non
2676 1313 2898 1377 habent
2929 1332 3134 1376 eorum
3168 1333 3348 1395 opera
3378 1317 3557 1378 talem

1913 1408 2104 1468 zelum
2137 1416 2194 1467 et
2217 1407 2608 1469 imitationem
2649 1426 2661 1465 :
2711 1404 2814 1466 sed
2847 1403 2990 1464 viris
3026 1403 3271 1480 quidem
3306 1406 3559 1468 fortasse

1913 1496 2106 1558 doctis
2136 1496 2490 1558 videbuntur
2521 1494 2789 1574 digna,in
2815 1513 2953 1574 quae
2983 1492 3242 1554 studium
3276 1493 3558 1556 confera-

1917 1593 2101 1658 tur,et
2123 1605 2192 1648 ea
2214 1586 2652 1649 aemulabuntur
2684 1592 2928 1664 propter
2952 1583 3340 1657 dictiones,et
3366 1584 3558 1647 varias

1915 1676 2135 1755 ﬁguras
2170 1699 2183 1735 :
2218 1677 2413 1738 vultus
2463 1684 2660 1737 autem
2693 1681 3060 1749 contemnet,
3098 1672 3256 1753 quod
3287 1691 3404 1735 non
3437 1673 3560 1736 sint

1857 1801 1892 1848 Β
1915 1767 1970 1827 ei
2003 1783 2162 1827 curae
2187 1765 2637 1847 quaestiones,et
2664 1763 2980 1824 sententiae
3014 1761 3193 1825 nimis
3215 1781 3471 1827 arcanae.

1993 1857 2181 1918 Porro
2213 1863 2408 1917 autem
2442 1853 2648 1915 dicunt
2691 1871 2827 1915 eum
2864 1871 2982 1914 non
3014 1852 3225 1914 leviter
3254 1861 3554 1932 agentem,

1915 1944 2071 2007 hanc
2102 1962 2229 2006 rem
2261 1963 2396 2007 esse
2453 1961 2826 2023 aggressum,
2899 1960 3093 2023 neque
3121 1941 3316 2023 ipsum
3348 1942 3410 2004 id
3441 1942 3560 2005 sibi

1916 2037 2392 2116 proposuisse,ut
2423 2033 2644 2096 faceret
2676 2041 2960 2113 quantum
2991 2031 3188 2108 vellet;
3225 2032 3328 2093 sed
3360 2032 3556 2114 impe-

1917 2126 2130 2185 ratoris
2161 2123 2606 2186 adhortationes
2636 2141 2770 2184 eum
2803 2120 2874 2182 ad
2922 2121 3034 2182 hoc
3064 2120 3462 2199 adduxerunt,
3497 2129 3562 2185 et

1915 2212 1954 2272 ii
1989 2213 2205 2292 quibus
2237 2231 2394 2274 curae
2445 2220 2571 2274 erat
2630 2211 2904 2272 doctrina
2936 2220 2994 2272 et
3028 2211 3424 2288 intelligentia
3452 2230 3469 2287 ;
3501 2219 3563 2273 et

1921 2310 2228 2382 promptus
2261 2304 2315 2363 ci
2372 2302 2483 2362 fuit
2541 2309 2880 2381 apparatus,
2917 2308 2973 2359 et
3007 2317 3124 2361 non
3157 2318 3369 2380 parvus
3400 2299 3564 2362 orbis

1917 2410 2150 2464 eorum,
2184 2392 2284 2471 qui
2319 2392 2507 2471 primo
2542 2389 2866 2451 dictionem
2903 2389 3061 2449 notis
3091 2387 3563 2468 excipiebant,et

1919 2499 2126 2542 eorum
2157 2481 2256 2560 qui
2318 2489 2523 2560 postea
2561 2477 3046 2540 trauscrihebaut
3080 2497 3094 2540 :
3152 2487 3213 2539 et
3243 2477 3397 2538 alius
3428 2485 3562 2558 post

1918 2570 2096 2630 alium
2131 2569 2370 2650 quidem
2431 2569 2621 2649 prima
2670 2568 2944 2630 faciebat.
2981 2565 3088 2629 ilic
3124 2585 3260 2628 vero
3293 2566 3561 2628 secundo

1919 2659 2246 2733 scribebat,
2281 2666 2338 2720 et
2371 2667 2502 2738 post
2560 2657 2684 2732 alii,
2723 2657 2844 2738 qui,
2887 2675 3018 2737 quae
3074 2656 3297 2737 scripta
3327 2655 3564 2718 fuerant

1920 2749 2169 2829 pulchre
2201 2747 2702 2828 intelligebant,ul
2737 2747 2895 2828 quod
2928 2747 3252 2828 scriptores
3281 2747 3560 2821 latuerat,

1922 2843 1992 2900 ad
2016 2845 2377 2914 propositam
2397 2844 2760 2914 corrigere-nt
2783 2841 3149 2898 sententiam:
3171 2854 3304 2897 nam
3331 2849 3565 2912 propter

1921 2928 2282 3006 scriptorum
2305 2926 2745 2988 multitudinem
2767 2923 3352 3005 noulicebateisaepe
3367 2923 3560 2986 eidem

1920 3016 2317 3095 revolvere,et
2349 3015 2595 3078 intueri.
2620 3015 2739 3078 Sed
2770 3017 2880 3077 etsi
2906 3015 3089 3077 fuerit
3121 3013 3344 3077 multus
3367 3013 3562 3088 labor,

191 3103 515 3185 ἀξιόχρεως,
563 3103 686 3160 ἀλλ’
720 3103 748 3161 ὅ
782 3127 842 3183 γε
903 3105 1102 3184 στάχυς
1151 3103 1446 3174 ἐνενικήκει
1496 3111 1683 3183 μακρῷ
1738 3105 1831 3172 τὴν

1921 3115 1978 3168 et
1999 3106 2190 3184 major
2213 3125 2386 3187 quam
2413 3123 2519 3186 par
2540 3115 2698 3168 esset
2719 3102 3206 3181 sollicitudo,imo
3229 3120 3367 3165 vero
3389 3101 3570 3181 digna

193 3196 380 3270 σποράν
416 3211 435 3230 ο
481 3195 574 3250 καὶ
603 3195 664 3249 τὸ
696 3192 858 3264 λήϊον
900 3194 1022 3250 οἷον
1051 3191 1258 3251 οὖδέπω
1289 3197 1380 3250 καί
1413 3195 1670 3272 τήμερον.
1703 3194 1837 3249 ’Ὡσ-

193 3303 243 3337 τε
282 3286 326 3339 εἰ
388 3283 482 3339 καὶ
527 3281 697 3358 μηδὲν
756 3281 888 3340 ἄλλο
946 3284 1023 3356 τῷ
1066 3282 1206 3362 ἀνδρὶ
1265 3281 1662 3359 διεσπούδαστο,
1709 3283 1838 3359 μηδ’

194 3373 520 3454 ἇποχρῶντα
575 3375 641 3431 τὰ
686 3372 823 3431 ἄλλα
874 3374 1178 3453 σύμπαντα,
1213 3375 1301 3430 καὶ
1353 3373 1675 3430 καθέκαστον
1707 3376 1836 3454 πρὸς

193 3461 431 3542 ἆξορμὴν
495 3463 758 3541 εὔφημίας
820 3462 1034 3542 ἂρκοῦν,
1068 3461 1205 3519 ἀλλὰ
1254 3463 1316 3520 τό
1345 3483 1406 3541 γε
1437 3465 1674 3520 τοιοῦτον
1715 3463 1836 3519 ἐλέ-

196 3555 298 3608 σθαι
359 3551 686 3628 σπούδασμα
714 3599 731 3632 ,
790 3553 878 3609 καὶ
934 3551 1099 3618 οὕτως
1169 3551 1598 3630 καταπράξασθαί
1645 3575 1702 3610 τε
1749 3556 1837 3610 καὶ

195 3640 587 3710 ὼφιὸώσασθαι
624 3688 642 3712 ,
727 3641 981 3721 αὔταρκες
1040 3641 1153 3698 ἀντὶ
1235 3645 1428 3705 παντὸς
1483 3640 1647 3699 ἄλλου
1704 3644 1835 3722 πρὸς

197 3729 457 3807 έ-ίκώμιον
486 3736 567 3805 τῷ
602 3727 746 3808 ἀνδρί
753 3778 768 3792 ,

265 3819 416 3898 Ἐγὼ
445 3825 578 3896 γοῦν
609 3819 741 3897 πρὸς
790 3817 889 3893 μὲν
932 3819 997 3874 τὰ
1047 3823 1152 3874 τῶν
1207 3820 1429 3896 θυραίων
1482 3826 1658 3899 σοφῶν
1701 3842 1834 3898 συγ-

197 3910 486 3986 γράμματα
540 3905 648 3964 οὐδ’
703 3905 834 3972 ἆξιῶ
876 3919 1154 3987 συγκρῖναι
1199 3908 1264 3964 τὰ
1312 3908 1692 3985 σπουδάσματα
1745 3919 1838 3969 τοῦ

198 3996 394 4077 ἄνδρός.
462 3997 524 4054 Τί
588 3996 687 4075 γὰρ
731 3997 775 4052 εἱ
827 3997 874 4052 οἱ
935 3997 1031 4071 μὲν
1087 3998 1290 4054 τούτων
1342 4000 1408 4057 τὰ
1456 4001 1836 4065 Παναθηναϊκᾶ

198 4090 488 4156 συνέθεντο,
553 4088 600 4143 οἱ
656 4083 711 4141 δὲ
767 4087 865 4153 τὴν
907 4092 1014 4142 τῶν
1061 4085 1471 4155 Πελοπονησίων
1523 4090 1610 4145 καὶ
1669 4088 1834 4156 Ἀθη-

200 4177 345 4233 ναίυῖν
374 4176 575 4254 μάχην
604 4177 738 4250 μετὰ
781 4177 881 4242 τῆς
912 4173 1139 4255 σοϐαρᾶς
1167 4175 1357 4243 λέξεως
1391 4177 1785 4258 συνεγράψαντο
1816 4195 1831 4211 ⁶

200 4267 281 4322 καὶ
331 4267 380 4322 οἱ
441 4265 543 4340 μὲν
599 4265 737 4321 κατᾶ
772 4270 878 4321 τῶν
909 4264 1172 4344 ῥητόρων,
1221 4271 1268 4323 οἱ
1294 4265 1346 4324 δὲ
1377 4267 1507 4346 ὑπὲρ
1537 4274 1641 4323 τῶν
1671 4267 1838 4346 ῥητό-

202 4377 296 4433 ρων
321 4353 790 4431 ἀντηγωνίσαντο,
823 4353 876 4411 έν
935 4354 1024 4418 οἷς
1081 4357 1141 4412 τὸ
1200 4357 1298 4433 μὲν
1347 4359 1592 4434 περιττὸν
1623 4355 1839 4425 εὔδηλον

201 4446 282 4500 παὶ
309 4442 630 4521 διαπρεπὲς,
688 4445 749 4500 τὶ
805 4442 852 4499 δ’
907 4443 1144 4523 ὠφελοῦν
1173 4447 1348 4526 βραχύ
1375 4468 1425 4502 τι
1458 4448 1544 4503 καὶ
1575 4446 1786 4510 ἀσθενές
1821 4466 1838 4519 ;

205 4534 270 4590 03
318 4535 455 4612 πρὸς
513 4533 729 4598 τούτους
801 4531 888 4589 οὗν
946 4532 1054 4612 ἐγὼ
1107 4535 1195 4590 τὸν
1251 4535 1380 4611 ἐμὸν
1438 4535 1840 4613 ἀνταγωνιστὴν

203 4622 420 4698 ἑλοίμην
452 4619 574 4678 ποτ’
604 4621 666 4677 ἂν
695 4618 1054 4700 παραϐαλεῖν.
1103 4622 1252 4680 Ἀλλ’
1310 4622 1364 4679 εἴ
1392 4624 1485 4699 μοί
1512 4631 1590 4688 τις
1619 4623 1757 4697 δοίη,
1788 4624 1842 4680 ἐν

205 4711 305 4784 ἴσῳ
364 4709 429 4766 ἂν
473 4718 654 4768 τοῦτον
702 4715 848 4777 θείην
901 4724 1018 4775 τοῖς
1067 4714 1186 4791 περὶ
1242 4713 1331 4769 τὸν
1375 4721 1468 4769 τοῦ
1523 4715 1843 4792 Εὖαγγελίου

204 4799 359 4878 λόγον
419 4802 712 4875 πονήσασι,
765 4800 854 4856 καὶ
914 4801 975 4856 τὸ
1021 4807 1114 4858 τοῦ
1144 4799 1304 4879 λόγου
1334 4803 1490 4878 βάθος
1518 4801 1838 4876 ἒξερμηνεύ-

208 4910 353 4943 σασιν
388 4910 401 4922 ·
463 4889 539 4944 ὧν
583 4890 681 4966 γὰρ
741 4887 835 4944 ἴσα
897 4889 961 4945 τὰ
1019 4888 1172 4970 τέλη,
1218 4891 1418 4946 τούτων
1463 4892 1548 4947 καὶ
1600 4893 1650 4946 ai
1682 4891 1843 4971 ἀρχαὶ

217 4976 570 5055 παραπλήσιοι
605 4995 619 5008 ⁸
656 4978 743 5033 καὶ
772 4979 846 5031 ὧν
878 4978 912 5044 ἡ
945 4980 1182 5055 σωτηρία
1239 4981 1430 5058 ψυχῶν
1465 4976 1590 5058 παρ’
1641 4979 1843 5060 ἀμφοῖν

221 5069 274 5122 το
319 5067 470 5131 τέλος
529 5072 634 5122 τῶν
675 5067 996 5146 ὑποθέσεων,
1060 5075 1172 5132 πῶς
1219 5070 1341 5149 οὗχὶ
1398 5070 1486 5125 καὶ
1517 5071 1582 5125 τα
1611 5067 1762 5125 αἴτια
1792 5069 1844 5125 ἐν

219 5154 310 5230 ἴσῳ
366 5157 754 5218 καθεστήκασιν
812 5154 1094 5233 ἀλλήλοις,
1157 5159 1243 5214 καὶ
1302 5161 1348 5216 οἱ
1407 5171 1730 5238 συγγραφεῖς
1763 5157 1846 5216 ἐπὶ

222 5251 302 5313 τῆς
356 5247 518 5313 αὒτῆς
564 5259 750 5304 σταϊεν
784 5246 1020 5321 στάθμης
1055 5266 1072 5324 ;
1106 5247 1141 5316 ἢ
1173 5246 1265 5303 ’ίνα
1296 5249 1356 5303 τὸ
1385 5249 1643 5326 ἡμέτερον
1673 5246 1841 5328 εἴπω,

227 5341 310 5390 τῶν
359 5335 494 5392 ἴσων
551 5335 1043 5414 κληρονομήσουσι.
1080 5339 1274 5397 Ποσοις
1307 5335 1362 5392 δὲ
1405 5340 1500 5396 οὒκ
1549 5337 1612 5391 ἂν
1642 5359 1845 5418 στεφα-

227 5426 392 5494 νωθείη
433 5425 700 5505 ἀριστείας
755 5425 1034 5502 στεφάνοις
1066 5427 1092 5481 ὸ
1123 5427 1422 5501 θαυμαστὸς
1480 5429 1630 5488 οὗτος
1659 5427 1792 5507 ἁνήρ
1827 5447 1844 5505 ς

229 5513 404 5587 μᾶλλον
431 5514 484 5573 δὲ
541 5517 734 5580 πόσοις
799 5516 892 5570 οὒκ
923 5514 984 5570 ἂν
1014 5513 1116 5582 ἤδη
1146 5515 1411 5572 κ-ατὲστεπ
1423 5537 1500 5572 ται
1534 5514 1847 5595 ἀναδραμὼν

226 5606 336 5685 πρὸς
388 5609 534 5684 θεὸν,
591 5607 682 5663 καὶ
747 5600 876 5683 παρ’
922 5602 1134 5666 ἐκείνοις
1196 5605 1460 5685 χορεύων,
1510 5605 1584 5661 ὧν
1632 5609 1848 5665 ἐνταῦθα

1922 3214 2054 3276 quae
2086 3197 2142 3256 in
2178 3196 2288 3257 hoc
2317 3195 2714 3258 adhiberetur
2743 3211 2756 3255 :
2793 3201 3124 3256 sementem
3160 3201 3359 3254 tamen
3393 3193 3569 3271 longe

1923 3284 2062 3346 vicit
2093 3287 2279 3366 spica,
2317 3291 2374 3347 et
2405 3302 2578 3363 seges
2609 3282 2804 3365 qualis
2835 3282 3101 3345 nondum
3135 3280 3245 3342 fuit
3282 3299 3473 3362 usque
3501 3280 3568 3342 in

1922 3374 2276 3436 hodiernqu
2312 3372 2794 3446 diem.Qnocirca
2817 3371 3048 3434 etiamsi
3069 3369 3215 3431 nihil
3247 3370 3408 3431 aliud
3437 3371 3561 3431 viro

1920 3463 2008 3526 illi
2037 3463 2250 3526 fuisset
2278 3463 2672 3537 elaboratum,
2698 3470 2756 3524 et
2780 3480 2900 3523 non
2931 3460 3046 3522 alia
3075 3457 3438 3539 omniaquae
3467 3458 3562 3521 vel

1919 3553 2153 3632 singula
2181 3553 2478 3615 sufﬁciunt
2510 3552 2582 3614 ad
2614 3552 2853 3614 laudem
2887 3548 3258 3627 merendam,
3287 3565 3436 3629 Opus
3467 3555 3560 3610 ta-

1923 3661 2061 3706 men
2095 3641 2208 3703 tale
2229 3642 2660 3722 suscepisse,et
2682 3641 2739 3702 id
2765 3649 2880 3702 tam
2908 3637 3191 3720 praeclare
3214 3644 3556 3700 exsecutum

1921 3750 2078 3808 esse,
2114 3731 2239 3793 viro
2273 3750 2380 3813 pro
2411 3730 2622 3811 quovis
2650 3730 2724 3792 ad
2758 3728 2992 3792 laudem
3025 3727 3348 3791 suffecerit.

1998 3821 2194 3903 Atque
2217 3841 2323 3900 ego
2346 3819 2589 3902 quidem
2609 3821 2746 3883 nolo
2769 3818 3046 3882 conferre
3069 3817 3198 3898 ejus
3219 3835 3403 3898 opera
3423 3835 3562 3879 cum

1917 3911 2156 3991 scriptis
2179 3919 2558 3973 externorum
2586 3906 3105 3992 sapientum.Quid
3130 3906 3291 3968 enim
3313 3908 3362 3968 si
3377 3925 3446 3968 ex
3469 3906 3564 3970 his

1918 4002 2016 4064 alii
2040 4001 2281 4083 quidem
2301 3996 3347 4081 composueruntPanathenaica,alii
3362 4004 3562 4057 autem

1923 4091 2189 4174 praelium
2205 4090 2775 4172 Peloponnesiorum
2792 4085 3320 4150 etAtheniensium
3340 4083 3567 4164 magni-

1923 4182 2033 4243 ﬁca
2055 4181 2318 4241 dictione
2346 4186 2858 4260 composuerunt:
2889 4176 3058 4238 etalii
3079 4174 3323 4253 quidem
3357 4183 3566 4235 contra

1921 4271 2193 4332 rhetores
2217 4270 2597 4331 decertarunt
2630 4278 2688 4330 et
2709 4268 2804 4328 alii
2831 4285 2935 4348 pro
2967 4262 3400 4338 rhetoribus,in
3430 4267 3566 4345 qui-

1923 4359 2038 4421 bus
2069 4366 2161 4421 est
2188 4358 2430 4440 quidem
2459 4358 2709 4437 insignis
2753 4365 2810 4418 et
2843 4355 3194 4417 manifestus
3221 4353 3568 4416 redundans

1924 4449 2242 4511 verborum
2270 4455 2537 4522 ornatus,
2574 4457 2665 4509 est
2717 4454 2912 4509 autem
2947 4443 3143 4507 brevis
3177 4453 3236 4505 et
3264 4441 3570 4504 imbecilla

1865 4532 1903 4579 θ
1923 4537 2165 4600 utilitas.
2194 4535 2336 4601 Cum
2361 4536 2453 4598 his
2483 4554 2623 4614 ergo
2661 4536 2882 4598 nollem
2915 4551 3022 4613 ego
3057 4551 3256 4594 meum
3290 4533 3570 4597 conferre

1923 4626 2205 4690 athletam
2245 4648 2262 4702 ;
2293 4626 2398 4688 sed
2433 4626 2484 4688 si
2515 4627 2650 4703 quis
2683 4625 2825 4686 mihi
2858 4625 2971 4686 hoc
3000 4623 3257 4698 dederit,
3291 4641 3399 4702 ego
3429 4639 3567 4685 eum

1927 4716 2356 4798 exaequaverim
2390 4715 2487 4788 iis,
2522 4717 2623 4796 qui
2659 4718 2716 4776 in
2749 4713 3068 4794 Evangelio
3107 4711 3478 4793 laborarunt,
3510 4719 3572 4773 et

1928 4805 2291 4886 profundum
2327 4803 2492 4866 verbi
2524 4812 2662 4865 sunt
2692 4802 3090 4885 interpretati.
3116 4800 3378 4874 Quorum
3411 4799 3571 4862 enim

1928 4904 2068 4958 sunt
2101 4896 2250 4956 fines
2293 4894 2572 4973 aequales,
2629 4911 2836 4955 eorum
2893 4901 3031 4953 sunt
3064 4893 3240 4954 etiam
3276 4889 3574 4972 principia

1929 4985 2146 5046 similia
2175 5001 2189 5045 :
2223 4993 2279 5045 et
2310 4984 2355 5044 si
2387 4984 2545 5045 salus
2575 4981 2910 5045 animarum
2959 4982 3114 5062 apud
3170 4990 3453 5060 utrosque
3484 4985 3574 5038 est

1931 5074 2064 5134 finis
2090 5083 2601 5151 argumentorum,
2635 5071 2845 5154 quidni
2898 5070 3074 5132 etiam
3127 5067 3350 5130 fuerint
3378 5083 3574 5130 causa)

1928 5161 2087 5225 inter
2115 5181 2178 5224 se
2202 5170 2464 5244 pares,et
2485 5164 2757 5224 steterint
2780 5161 3109 5240 scriptores
3129 5159 3189 5220 in
3216 5157 3424 5219 eadem
3449 5165 3575 5219 tru-

1928 5253 2073 5329 tina,
2109 5263 2234 5332 aut,
2297 5259 2359 5313 ut
2412 5251 2632 5326 dicam,
2687 5251 2845 5331 quod
2900 5258 3169 5310 nosttum
3202 5261 3319 5322 est,
3353 5246 3576 5309 fuerint

1930 5350 2100 5405 etiam
2126 5360 2194 5402 ex
2218 5360 2385 5416 aequo
2411 5343 2666 5402 haeredes
2687 5344 2714 5400 ?
2736 5343 2918 5412 Quam
2943 5341 3140 5399 multis
3188 5352 3379 5398 autem
3407 5341 3574 5399 fortis

1929 5426 2040 5488 viri
2059 5426 2298 5490 coronis
2322 5444 2437 5488 non
2462 5424 2642 5486 fuerit
2666 5422 3048 5486 coronandus
3073 5421 3169 5484 hic
3193 5421 3303 5487 Vir
3322 5421 3579 5482 admira-

1933 5515 2098 5579 bilis?
2120 5519 2240 5579 imo
2267 5534 2410 5580 vero
2433 5511 2654 5596 quibus
2683 5531 2803 5575 non
2826 5520 2914 5573 est
2931 5512 3052 5592 jam
3079 5521 3420 5586 coronatus,
3439 5527 3576 5572 cum

1933 5608 2004 5669 ad
2039 5607 2221 5670 Deum
2285 5602 2649 5680 ascenderit,
2683 5611 2738 5665 el
2772 5601 2924 5686 apud
2964 5602 3093 5663 illos
3124 5603 3299 5667 ducat
3331 5602 3572 5678 choros,
