4004 6138
369 183 483 254 199
1905 184 1949 252 Ρ

3618 184 3775 260 200

364 339 622 398 quorum
658 333 857 412 mores
889 337 953 385 ac
983 312 1158 383 vitam
1191 313 1594 402 conscripsit?
1622 321 1772 385 Nam
1815 323 1906 385 vel
1933 325 1945 385 i

2200 327 2302 394 ἤθη
2349 329 2433 386 καὶ
2491 329 2612 394 τοὺς
2671 327 2814 402 βίους
2873 325 3251 407 συνέγραῴενς
3311 327 3578 397 Ἐπέδειξε
3640 334 3766 412 γὰρ

363 412 484 474 ﬁne
543 411 829 487 ostendit,
889 412 1123 492 qualem
1177 413 1354 473 vitam
1411 412 1622 490 egerit.
1678 413 1810 474 Non
1845 415 1940 476 eni

2227 423 2305 490 τῷ
2348 417 2514 494 τέλει,
2571 421 2762 482 ὁποῖος
2809 422 2950 494 αὐτῷ
3015 421 3044 474 ὁ
3093 415 3568 494 διεσπουδασμὲνος
3625 411 3765 498 βίος

360 518 499 565 eum
534 502 711 564 veluti
743 501 1098 577 abscissum,
1133 510 1234 563 aut
1285 501 1533 562 divisum
1587 501 1769 563 fuisse
1799 502 1934 566 dicu

2182 529 2382 586 γχανεν
2431 507 2526 569 ὥν,
2589 509 2661 566 0'5
2715 509 2814 586 γὰρ
2871 508 3050 586 ὥσπερ
3108 508 3399 582 τετμῆσθαι
3474 511 3634 568 αὑτὸν
3699 513 3763 568 οἱ

358 590 428 667 ii,
463 598 561 674 qui
594 591 872 654 viderunt
908 612 920 652 :
953 591 1059 654 sed
1112 590 1420 654 videbatur
1470 589 1650 652 veluti
1684 608 1717 652 a
1746 593 1939 671 quoda

2180 597 2480 674 empzxo’uc
2552 599 2706 676 φασὶν
2736 646 2751 672 ,
2835 596 2953 657 οὐδὲ
3034 596 3337 676 διῃρῆσθαι,
3409 597 3528 656 ἄλλ’
3583 601 3761 674 ὲῲιιει

271 741 275 746 ,
357 680 597 743 vinculo
633 680 900 752 liberari,
937 690 995 742 et
1051 680 1225 742 hilari
1283 679 1446 742 vultu
1481 697 1545 741 se
1576 682 1852 743 extendet

2178 706 2268 764 περ
2308 687 2449 749 τινὸς
2481 685 2682 762 δέσμης
2713 687 3176 768 ἒλευθερούμενος,
3238 689 3327 744 καὶ
3381 687 3548 766 ἱλαρῷ
3604 692 3759 769 πρὸς

357 770 648 834 ducentes
700 771 970 851 angelos,
1031 778 1089 832 et
1143 770 1400 852 quodam
1467 771 1643 832 modo
1693 789 1760 832 se
1808 772 1938 854 ipsu

2176 796 2207 836 ις
2267 773 2492 852 ἄγοντας
2545 775 2804 853 ἀγγέλους
2865 777 3275 852 ἀνατεινόμενος
3330 786 3578 852 νεύματι,
3643 776 3757 834 καί

362 861 599 923 tradere
625 859 866 923 illorum
899 860 1200 935 manibus,
1233 869 1292 922 ut
1326 858 1444 922 cito
1468 859 1790 939 emigraret
1820 879 1852 922 ο
1875 879 1943 922 Co

2177 885 2201 927 ς
2259 861 2522 926 ἐπιδιδοὺς
2571 865 2757 920 ἑαυτὸν
2800 877 2922 928 ταῖς
2969 865 3182 922 ἐκείνων
3232 868 3441 946 χερσὶν,
3475 866 3568 925 ’ἵνα
3594 869 3753 948 ταχὺ

355 968 523 1031 pore.

2085 953 2343 1020 ἀνασταίη
2370 961 2464 1010 τοῦ
2495 951 2767 1028 σώματος,

434 1037 508 1102 Et
529 1043 614 1101 sic
638 1038 878 1119 quidem
915 1053 1003 1100 est
1034 1045 1304 1100 mortuus
1339 1038 1619 1103 :fuerunt
1647 1048 1843 1102 autem
1872 1049 1996 1103 sia-

2169 1043 2263 1099 Καὶ
2339 1041 2605 1113 ἐτεθνήκει
2695 1044 2795 1118 μὲν
2879 1043 3046 1108 οὕτως
3083 1061 3097 1076 ⁹
3162 1042 3378 1109 εὐωδίας
3435 1044 3489 1102 δὲ
3547 1045 3745 1103 αὐτίκα

355 1126 460 1189 tim
494 1128 889 1203 omnia,suavi
921 1130 1106 1191 odore
1132 1127 1327 1207 plena;
1363 1137 1421 1190 et
1456 1148 1571 1190 non
1609 1140 1747 1192 tunc
1778 1131 1936 1192 solur

2161 1152 2253 1186 ντα
2311 1131 2544 1210 ἐγεγόνει
2603 1134 2796 1212 μεστὰ,
2863 1135 2950 1190 καὶ
3005 1135 3100 1190 οὐκ
3153 1136 3297 1198 εὐθὺς
3360 1135 3548 1208 μόσον,
3613 1135 3740 1192 οὐδὲ

355 1234 468 1279 nec
497 1218 556 1278 in
588 1217 746 1280 diem
782 1217 1155 1298 tertiam,sed
1177 1217 1353 1280 etiam
1378 1218 1436 1279 in
1460 1218 1678 1280 multos
1695 1218 1824 1281 dies
1845 1239 1936 1300 pos

2174 1222 2353 1292 τρίτην
2411 1221 2635 1299 ἡμέραν,
2673 1221 2812 1278 ἀλλὰ
2872 1224 2960 1278 καὶ
3020 1224 3090 1288 είς
3123 1221 3430 1292 πολλοστὴν
3459 1223 3552 1281 ἀπ’
3583 1225 3734 1280 ἐκεί-

355 1321 448 1384 ea,
481 1306 676 1368 donec
731 1306 845 1368 fuit
901 1308 1061 1369 solus
1112 1306 1394 1369 conditus
1448 1308 1507 1368 in
1540 1308 1908 1389 sepulchro;

2154 1332 2202 1388 ς,
2236 1309 2336 1372 ἕως
2395 1306 2459 1377 δὴ
2517 1311 2677 1383 μόνος
2737 1319 2812 1384 τῷ
2864 1314 3014 1391 ταφῳ
3057 1313 3490 1392 ἑτεθησαύριστο.
3529 1317 3629 1372 Καὶ
3663 1314 3734 1381 ἦν

353 1393 584 1458 loculus
619 1404 903 1475 perpetuo
937 1396 1112 1457 talem
1146 1396 1444 1458 emisisset
1477 1396 1748 1472 odorem,
1786 1399 1901 1458 nisi
1933 1424 1934 1456 ;

2173 1399 2337 1478 μέχρι
2368 1401 2567 1462 παντὸς
2599 1399 3003 1478 ἂρωματίζουσα
3035 1404 3068 1469 ἡ
3125 1404 3310 1482 σοφὸς,
3365 1404 3408 1458 εἷ
3467 1405 3543 1478 μή
3595 1425 3732 1464 τινες

354 1483 536 1564 aliqui
569 1491 685 1546 tam
713 1485 918 1565 inique
939 1485 1357 1563 gessissent,ut
1381 1485 1542 1547 aliud
1575 1486 1932 1567 corpuscqu

2153 1496 2329 1545 τοῦτον
2360 1491 2835 1566 παρηνομῆκασιν,
2867 1491 3005 1547 ὥστε
3050 1492 3137 1546 καὶ
3168 1491 3346 1566 ἕτερον
3402 1493 3528 1570 παρ’
3584 1494 3734 1566 αὑτῷ

351 1581 599 1653 propter
631 1591 768 1635 eum
801 1573 1191 1654 deponerent.
1242 1573 1432 1637 Simul
1481 1585 1658 1656 atque
1689 1575 1850 1638 enim
1884 1576 1932 1637 hi

2154 1581 2390 1634 ταθεῖναι
2449 1580 2744 1654 σωμάτιον.
2807 1574 2976 1656 Ὀμοῡ
3031 1603 3089 1637 τε
3145 1583 3244 1660 γὰρ
3300 1581 3520 1638 κάκεῖνο
3587 1605 3735 1658 συμ-

353 1679 568 1741 magno
593 1661 672 1724 illi
692 1663 813 1725 viro
831 1662 1261 1739 accidit,desiit
1281 1665 1410 1726 fons
1431 1663 1530 1726 illa
1551 1672 1746 1726 suavis
1768 1666 1934 1727 odori

2153 1666 2350 1723 πτώκει
2396 1675 2473 1741 τῷ
2516 1668 2738 1746 μεγᾶλῳ
2770 1667 2937 1749 ἀιδρὶ,
2978 1671 3068 1726 καί
3125 1673 3159 1739 ἡ
3219 1676 3319 1738 τῆς
3351 1669 3567 1735 εὐωδίας
3601 1671 3733 1739 ἔστη

352 1751 552 1832 Atque
573 1751 687 1814 hoc
712 1753 956 1833 quidem
983 1753 1405 1828 miraculum,o
1433 1753 1694 1816 virorum
1729 1754 1931 1816 omnin

2152 1758 2252 1832 αὴ.
2292 1755 2457 1813 Τοῦτο
2515 1756 2613 1831 μέν
2642 1755 2707 1824 δὴ
2739 1779 2820 1814 σοι
2853 1760 2914 1814 τὸ
2945 1758 3143 1834 θαῦμα,
3179 1757 3430 1816 κάλλιστέ
3459 1782 3550 1835 μοι
3589 1761 3733 1817 πάν-

357 1839 584 1920 optime
603 1849 666 1903 et
689 1841 1273 1917 eruditissime,satis
1291 1861 1590 1924 superque
1613 1843 1872 1907 ostendit
1895 1863 1938 1924 pi

2151 1863 2186 1896 ιν
2244 1841 2443 1921 ἀνδρῶν
2497 1845 2585 1901 καὶ
2629 1843 3053 1924 ἐλλογιμώτατε,
3111 1847 3185 1912 εἷς
3239 1848 3544 1926 περιουσίαν
3585 1847 3732 1905 ἐστὶν

352 1927 591 1992 ritatem
619 1938 871 2011 tuam,et
891 1931 1290 1994 sanctitatem:
1319 1950 1453 1993 nam
1475 1931 1591 1994 alia
1622 1952 1860 2013 quoque
1889 1932 1930 1994 ti

2150 1929 2394 1998 ὀδείξεως
2429 1938 2525 2000 τῆς
2561 1938 2660 2000 σῆς
2689 1934 3052 2013 καθαρότητος
3085 1937 3172 1992 καί
3220 1937 3512 2014 ἁγιότητος
3549 1957 3559 1971 ·
3610 1936 3731 1994 ἐπεὶ

348 2017 652 2082 sufﬁciunt
670 2021 742 2082 ad
765 2020 1270 2084 accuratissimam
1287 2020 1520 2082 virtutis
1535 2040 1780 2082 consum
1793 2021 1929 2084 mati

2151 2020 2380 2078 ίτέἱλλα
2437 2021 2767 2102 ἀποχρῶντα
2823 2046 2906 2082 σοι
2987 2027 3117 2103 πρὸς
3206 2027 3305 2093 τὴν
3363 2030 3462 2094 τῆς
3531 2027 3726 2107 ἀρετῆς

349 2107 610 2172 nem.Tu
640 2118 836 2172 autem
862 2109 946 2172 sis
974 2110 1118 2171 mihi
1152 2109 1468 2192 propitius,
1503 2110 1552 2170 si
1586 2129 1703 2172 non
1735 2110 1930 2191 perfec

2141 2111 2463 2191 ιριϐεστάτην
2497 2111 2796 2171 τελείωσιν.
2854 2115 2926 2170 Σὺ
2969 2113 3024 2170 δέ
3072 2137 3162 2190 μοι
3195 2115 3358 2179 ἵλεως
3391 2115 3538 2196 εἴης,
3569 2119 3611 2174 εἰ
3643 2119 3722 2192 μή

351 2198 601 2278 exposui
635 2218 874 2262 omnem
910 2209 1068 2262 tuam
1092 2200 1596 2280 virtutem,neque
1621 2219 1690 2261 ex
1715 2200 1932 2262 omnibi

2144 2225 2159 2257 ι
2221 2201 2503 2277 σύμπασαν
2581 2199 3020 2281 διηιριόωσάμην
3091 2205 3305 2283 ἀρετὴν,
3369 2206 3447 2279 μὴ
3506 2207 3602 2274 τὴν
3663 2209 3725 2263 hc

351 2288 468 2348 tuis
513 2287 690 2350 bonis
719 2288 826 2350 tibi
856 2307 1004 2370 pure
1033 2289 1200 2352 attuli
1231 2289 1661 2364 laudationem,
1708 2309 1819 2351 nec
1851 2291 1928 2350 mi

2142 2292 2290 2348 ἱντων
2345 2294 2448 2347 τῶν
2509 2293 2615 2348 σῶν
2675 2290 2855 2348 καλῶν
2906 2295 3271 2370 συνεμέτρησα
3303 2317 3388 2351 σοι
3433 2295 3534 2362 τὴν
3563 2299 3723 2376 εὐφη-

347 2377 630 2441 irascaris
662 2385 904 2459 propter
933 2396 1026 2460 ea,
1053 2397 1184 2460 quin
1205 2385 1344 2440 sunt
1373 2397 1408 2438 a
1440 2396 1535 2440 me
1566 2380 1928 2459 praetermiss

2142 2402 2227 2455 αν,
2260 2381 2347 2436 καὶ
2379 2381 2456 2454 μή
2501 2401 2569 2455 με
2600 2384 2688 2444 οἷς
2746 2380 3055 2456 ἐλλέλοιπα,
3095 2381 3162 2438 δι’
3195 2383 3359 2461 ὁργῆς
3392 2383 3566 2464 ἔχοις,
3600 2383 3723 2440 ἀλλ’

349 2465 455 2528 sed
486 2484 693 2529 eorum
728 2487 860 2549 quae
886 2468 1100 2549 scripsi
1131 2467 1508 2541 memineris,
1544 2469 1595 2528 si
1625 2487 1856 2545 eorum,
1894 2489 1929 2550 q

2140 2493 2163 2534 ς
2195 2468 2556 2549 συγγέγραφα,
2591 2467 2667 2525 διὲ
2700 2472 2924 2545 μνήμης
2955 2469 3131 2549 ἄγοις,
3165 2472 3218 2528 εἷ’
3259 2473 3336 2536 τίς
3388 2473 3500 2530 ἐστι
3532 2473 3721 2549 μνῆμη

349 2556 450 2617 hic
478 2564 638 2626 sunt.
676 2565 766 2618 est
810 2557 932 2619 ulla
985 2557 1280 2620 memoria
1331 2556 1541 2618 vestris
1569 2557 1906 2638 purissimis

2141 2566 2184 2614 ὢν
2244 2559 2461 2616 ἐνταῦθα
2516 2571 2642 2624 ταῖς
2691 2559 3078 2640 καθαρωτέραις
3128 2563 3285 2636 ἡμῶν
3339 2564 3428 2620 καί
3471 2562 3722 2622 θεοειδέσι

351 2644 745 2707 divinissimis
774 2646 1014 2708 animis.

728 2664 745 2707 ς
774 2646 1014 2708 animis.
2079 2656 2309 2730 ψυχαῖς.

409 2826 3707 2856 m

1669 2956 1836 3006 MHNI
1900 2958 2238 3033 ΝΟΕΜΒΡΙῼ
2283 2953 2394 3011 KE’

974 3089 1220 3142 ΜΝΗΜΗ
1267 3091 1394 3142 ΤΟΥ
1444 3089 1524 3142 EN
1572 3089 1789 3140 ΑΓΙΟΙΣ
1837 3089 2098 3141 ΠΑΤΡΟΣ
2141 3089 2336 3142 ΗΜΩΝ
2380 3091 2555 3145 ΣΤΜΕ

1514 3093 1524 3135 i
1572 3089 1789 3140 ΑΓΙΟΙΣ
1837 3089 2098 3141 ΠΑΤΡΟΣ
2141 3089 2336 3142 ΗΜΩΝ
2380 3091 2658 3145 ΣΥΜΕΩΝ
2702 3091 3095 3146 ΛΟΓΟΘΕΤΟΥ

1555 3225 1726 3276 ΤΟΥ
1799 3223 2519 3280 ΜΕΤΑΦΡΑΣΤΟΥ.

1276 3359 1660 3413 ΑΚΟΔΟΥΘΙᾹ
1708 3359 2129 3412 ΣΥΝῙἙΘΕΙΣΑ
2178 3359 2308 3412 ΥΠΟ
2359 3361 2488 3412 ΤΟΥ
2532 3359 2812 3412 ΨΕΛΛΟΥ

587 3481 835 3560 Στιγηρὰ
891 3483 965 3548 εἷς
1023 3485 1106 3558 τὸ,
1171 3485 1323 3566 Κύριε
1400 3485 1672 3565 ἐκέκραξα.
1733 3478 1907 3565 Ἠχος
1974 3483 2198 3564 πλαγίου
2251 3483 2512 3565 δευτέρου.
2581 3488 2717 3567 Πρὸς
2778 3488 2839 3543 τὸ
2894 3484 3069 3556 Ὅλην
3139 3485 3478 3563 ἀποθέμενοι.

1552 3822 1761 3871 MBNSIS
1804 3821 2139 3870 Νονειωῐιιε
2179 3823 2279 3871 DIE
2319 3823 2521 3872 XXVI".

767 3930 1447 3997 ΟΟΜΜΕΜΟΒΑΤΙΟ
1490 3933 1554 3997 8.
1605 3932 1896 3997 PATRIS
1938 3932 2251 3998 NOSTRI
2289 3935 2348 3998 S]

1724 3932 1896 3997 τηις
1938 3932 2251 3998 NOSTRI
2289 3932 2709 4000 smnoms
2752 3899 3305 4000 Locorum/45;

1525 4058 1676 4136 QUI
1714 4059 1824 4123 ET
1864 4059 2546 4126 METAPHRASTES.

1349 4199 1704 4266 OFFICIUM
1760 4204 1814 4266 A
1877 4199 2154 4268 PSELLO
2216 4201 2718 4268 COMPOSITUM.

342 4331 644 4412 Troparia
699 4331 761 4394 in
831 4328 1168 4410 psalmum,
1233 4326 1501 4392 Domine
1568 4328 2316 4486 οιαηιαυίὰἑέἐὲμξοοηιιε
2386 4329 2686 4411 obliquus
2741 4328 3082 4395 secundus.
3159 4332 3238 4394 Ut
3308 4329 3491 4413 illud,
3549 4331 3726 4401 "om

427 4646 636 4710 Munus
686 4651 854 4710 tuum
910 4647 1421 4729 splendissimum,
1487 4655 1546 4710 et
1604 4646 1988 4728 conspicuam

2157 4647 2320 4725 Γέρας
2349 4649 2408 4705 τὸ
2460 4646 2862 4729 λαμπρότατον,
2907 4655 3001 4706 σοῦ
3043 4650 3132 4706 καὶ
3181 4645 3530 4726 περίϐλεπτον
3587 4645 3721 4721 ὕψος

343 4735 1316 4818 celsitudinem,magniiicentiora
1341 4739 1456 4800 tuis
1479 4735 1924 4820 praestantissiir

2142 4736 2640 4815 ,γαλοπρεπέστερον
2674 4785 2689 4811 ,
2773 4751 2896 4800 ταῖς
2987 4736 3397 4816 μεγαλουργίαις
3459 4757 3552 4791 σου
3610 4734 3723 4789 ἀπ-

344 4826 530 4909 gcstis
562 4825 901 4901 (tl'ecisti,et
927 4827 1031 4904 qui
1067 4837 1371 4908 parentem
1397 4827 1665 4908 reginam
1691 4827 1924 4892 urbem.

2145 4825 2352 4907 ἐλεσας,
2385 4827 2601 4890 χαίτην
2649 4826 2965 4904 ἒνεγκοῦσάν
3020 4847 3078 4882 σε
3136 4826 3380 4904 βασιλίδα
3425 4823 3582 4881 πόλιν
3635 4823 3726 4879 καί

344 4916 458 4979 hoc
491 4933 728 4998 quoque
763 4915 1028 4978 omnium
1063 4916 1298 4980 urbium
1333 4916 1793 4979 dominatricem
1821 4923 1876 4977 et
1905 4935 1925 4974 ι

2193 4915 2363 4987 τούτῳ
2447 4914 2827 4992 βασιλεύουσαν
2863 4964 2876 4990 ,
2947 4921 3134 4972 πασῶν
3209 4920 3315 4972 τῶν
3368 4912 3578 4971 πόλεων
3635 4914 3728 4969 καί

349 5003 593 5067 ctricem
615 5004 1095 5087 ostendisti,qu:e
1114 5007 1466 5087 tempestive
1486 5018 1546 5068 te
1563 5005 1746 5068 veluti
1761 5005 1930 5067 ﬂore:

2145 5006 2466 5084 τερκειμένην
2525 5002 2798 5070 ἀπέδειξας
2835 5051 2850 5077 ,
2938 5003 3055 5062 καθ’
3143 5003 3286 5068 ὥραν
3364 5003 3726 5072 ὲξανθήσασάν

347 5099 411 5156 et
428 5092 544 5152 vita
573 5100 634 5154 et
663 5093 1024 5170 oratione,et
1054 5095 1380 5158 virtutibus
1404 5094 1684 5156 omnibus
1715 5102 1926 5173 praesta

2193 5096 2282 5151 τὸν
2335 5093 2548 5160 ἀληθῶς
2607 5094 2963 5173 περιώνυμον,
3025 5095 3122 5170 βίῳ
3177 5114 3236 5149 τε
3289 5096 3375 5149 καί
3421 5091 3588 5171 λόγῳ,
3635 5095 3727 5148 καί

347 5179 596 5241 tissimis
622 5199 762 5243 vere
793 5181 1260 5246 celeberrimum
1314 5183 1501 5245 edidit
1548 5183 1729 5245 fetum
1763 5183 1855 5244 sui
1885 5200 1928 5243 at

2138 5185 2272 5249 ἱσαις
2295 5196 2416 5247 ταῖς
2469 5180 2778 5246 καλλίσταις
2812 5182 3051 5261 ἀρεταῖς,
3086 5185 3146 5240 τὸ
3173 5183 3478 5258 θαυμαστὸν
3522 5184 3719 5249 ταύτης

353 5267 714 5344 mirabilem,
746 5278 807 5331 et
835 5271 1189 5334 emicantem
1225 5290 1534 5335 coronam.

2078 5274 2344 5351 γέννημα,
2377 5272 2464 5328 καί
2495 5271 2738 5349 λαμπρὸδ
2773 5275 3116 5350 στεφάνωμα,

433 5353 483 5418 0
513 5373 609 5416 res
642 5366 836 5433 gestas
869 5369 993 5422 tuas
1025 5360 1407 5423 admirandas
1434 5365 1448 5422 ε
1507 5360 1766 5424 maxime
1794 5359 1989 5436 Pater,

2157 5360 2228 5416 "se
2273 5367 2379 5417 τῶν
2422 5362 2727 5435 θαυμασίων
2766 5382 2878 5430 σου,
2941 5361 3348 5434 θαυμασιώτατε
3410 5362 3604 5438 Πάτερ,
3641 5375 3727 5429 οῖς

435 5515 518 5596 (l)
552 5514 610 5576 id
649 5523 736 5574 cst
767 5516 838 5576 ad
875 5515 1186 5598 VeSperas.
