4004 6138
341 315 457 380 207

1337 311 1607 375 PSELLI
1660 310 2250 373 METAPHRAST/E
2311 309 2696 377 OFFICIUM.

3590 306 3719 377 208

341 448 540 510 anima
570 454 667 508 tua
707 463 875 508 sacra
902 443 1320 524 habitationes,
1354 444 1706 524 gaudentem
1752 444 1978 505 Vultum

2097 467 2178 521 ou,
2227 445 2466 524 θεοφόρε,
2540 444 2892 517 σκηνώματα,
2974 441 3367 523 ἀφαλλόμενον.
3446 449 3585 525 lii-le
3655 447 3723 502 τὸ
3798 426 3803 429 ⁷

342 533 604 615 gerebat,
635 533 844 596 videns
873 540 1106 595 sanctos
1139 550 1256 593 una
1284 549 1486 594 secum
1518 531 1979 610 congaudentes,

341 633 399 686 et
429 624 501 686 ad
536 640 855 704 supernam
890 627 1061 683 vitam
1097 620 1585 682 transmittentes.

420 804 575 867 Ecce
617 803 739 882 jam
771 800 1097 861 associatus
1149 817 1215 861 es
1262 804 1603 860 sanctorum
1650 796 1985 875 ordinibus,

342 891 839 975 patriarcharum,
872 895 1215 967 martyrum,
1268 886 1698 966 apostolorum,
1750 886 1988 948 confes-

337 1000 562 1057 sorum,
598 978 1047 1062 prophetarum,
1082 976 1484 1048 doctorum,et
1511 975 1984 1048 hierarcharum,

339 1072 697 1153 quibuscum
759 1068 1009 1129 choreas
1064 1066 1316 1143 ducens,
1351 1064 1716 1139 beatissime,
1778 1082 1985 1126 recor-

340 1161 481 1223 dare
512 1157 699 1222 nostri
729 1156 884 1237 apud
932 1154 1275 1229 Dominum,
1311 1160 1412 1235 qui
1440 1161 1571 1217 tuas
1601 1154 1809 1217 laudes
1840 1172 1983 1233 pro-

334 1250 663 1333 sequimur.

417 1331 560 1403 Sion
595 1343 797 1400 sancta
826 1334 1029 1416 gratiis
1049 1352 1082 1395 a
1105 1331 1226 1394 Deo
1250 1332 1821 1408 condecoratamrbs
1852 1331 1981 1407 Dei,

338 1438 396 1492 et
427 1429 690 1509 undique
720 1424 1151 1488 communitum
1214 1422 1521 1503 palatium,
1558 1422 1821 1502 reginam
1855 1440 1981 1483 om-

335 1519 500 1580 nium
548 1515 787 1579 urbium
820 1512 928 1575 tibi
958 1512 1270 1589 devictam,
1302 1529 1370 1573 ac
1400 1511 1675 1574 devotam
1707 1510 1980 1584 defende,

334 1607 750 1688 Metaphrastaa
779 1603 987 1678 sacris,
1025 1621 1058 1664 ο
1091 1602 1305 1683 puella,
1342 1600 1805 1683 precationibus.

339 1713 428 1775 Ad
471 1712 729 1793 Laudes,
762 1710 943 1773 echtts
992 1716 1260 1790 quartus.
1308 1708 1403 1772 Ὠς
1448 1721 1694 1786 γενναῖον
1743 1711 1798 1764 ἓν
1842 1708 1984 1787 μάρ-

1071 1812 1208 1849 τυσι.
1224 1837 1235 1849 .

415 1888 499 1950 Ex
551 1887 736 1950 nobili
782 1884 983 1948 radice
1014 1892 1209 1945 ortum
1266 1882 1502 1959 duxisti,
1538 1900 1675 1944 rosa
1705 1881 1871 1944 omni
1915 1899 1984 1944 ex

336 1987 506 2060 parte
535 1975 894 2050 rubicunda,
925 1973 1129 2053 gratiis
1164 1972 1420 2052 Spiritus
1451 1974 1657 2047 tincta,
1690 1970 1988 2060 etﬁdeles

326 2059 595 2148 jucunde
652 2066 880 2128 donans
938 2061 1223 2126 odoribus
1279 2071 1515 2126 tuarum
1566 2059 1986 2141 scriptionum,

333 2156 761 2239 apostolorum,
798 2153 1157 2216 athletarum
1210 2157 1271 2215 et
1327 2150 1739 2213 confessorum
1792 2157 1988 2239 certa-

332 2238 496 2309 mina
519 2245 846 2327 explicans,
883 2240 1238 2324 quibuscum
1269 2259 1390 2303 una
1411 2239 1760 2311 collocatus,
1790 2238 1989 2300 divina

332 2337 632 2410 revelans,
666 2336 950 2414 Symeon,
985 2330 1340 2393 deliciarum
1385 2331 1449 2391 in
1497 2330 1789 2409 gramine,
1824 2328 1983 2405 quod

329 2428 391 2488 in
420 2445 558 2488 rore
589 2433 699 2500 est,
728 2423 1020 2486 habitans.

412 2514 488 2579 Ut
509 2514 831 2595 Scriptura;
852 2512 1048 2575 verbis
1079 2520 1232 2588 utar,
1253 2510 1439 2573 effusa
1470 2519 1582 2582 est,
1613 2506 1896 2590 Symeon,
1924 2508 1983 2568 in

335 2605 509 2667 labiis
533 2605 647 2665 tuis
669 2603 919 2684 Spiritus
951 2601 1141 2664 sancti
1163 2601 1353 2679 gratia
1373 2595 1986 2670 inaastimabilis.Qua-

338 2703 584 2775 propter
611 2693 881 2773 eum,qui
904 2691 1120 2753 frustra
1141 2686 1986 2768 sesejactabat,concerlatio-

336 2802 478 2845 num
509 2781 923 2863 complexibus
981 2779 1326 2856 redargues,
1360 2778 1571 2840 alteris
1603 2798 1621 2850 ;
1681 2776 1867 2837 factus
1897 2783 1988 2838 est

336 2876 497 2934 enim
528 2871 709 2933 veluti
735 2868 955 2949 stipula
983 2877 1123 2929 ante
1147 2870 1342 2945 ignem
1370 2866 1433 2928 in
1464 2865 1729 2927 cinerem
1751 2864 1982 2939 abiens,

337 2971 397 3023 et
428 2969 484 3022 te
534 2976 809 3038 magnum
846 2958 1044 3020 facere
1094 2955 1253 3016 visus
1302 2962 1416 3028 est,
1450 2972 1585 3016 cum
1616 2953 1691 3015 ob
1745 2955 1987 3015 virtutes

338 3049 556 3112 mentis
587 3056 702 3110 tua:
730 3048 946 3109 timore
979 3044 1287 3126 perculsus
1317 3044 1802 3107 contremuisset.

418 3138 617 3201 Veluti
667 3155 873 3198 servus
921 3132 1193 3196 Numinis
1247 3133 1457 3213 factus,
1507 3133 1622 3195 tuis
1675 3133 2044 3217 operibus,c

339 3226 520 3290 veluti
572 3225 783 3288 eodem
814 3243 945 3287 cum
979 3222 1200 3285 sanctis
1230 3220 1626 3284 contubernio
1659 3229 1856 3301 utens,
1892 3240 1987 3283 ve-

338 3316 447 3379 luti
502 3318 632 3377 vita;
665 3325 777 3376 tuae
807 3311 1158 3375 castimonia
1214 3311 1549 3373 libertatem
1587 3311 1858 3391 adeptus,
1889 3310 1986 3372 di-

339 3406 643 3486 vimloque
698 3404 979 3484 Symeon,
1015 3420 1245 3475 eorum,
1280 3401 1380 3480 qui
1412 3408 1469 3463 te
1500 3399 1842 3462 collaudant
1884 3419 1985 3462 re-

338 3496 609 3570 cordare,
641 3494 902 3557 animum
950 3502 1111 3553 tuum
1142 3491 1199 3551 in
1237 3491 1592 3571 probitatem
1622 3507 1985 3571 propensum

339 3585 687 3663 ostendens,
724 3591 788 3644 ut
825 3600 1035 3644 omnes
1066 3580 1175 3643 Dei
1205 3581 1573 3643 humanitate
1611 3588 1986 3661 peccatorum

333 3672 754 3736 remissionem
781 3688 1240 3751 consequamur.

953 3776 1197 3853 Gloria,
1233 3784 1351 3841 etc.

421 3888 551 3949 Vita
626 3885 825 3948 divina
884 3884 1147 3966 perfecta
1205 3883 1620 3963 speculatione
1694 3883 1988 3946 actionem

336 3976 662 4055 exornasti,
700 3974 953 4056 Symeon
1009 3972 1389 4049 beatissime;
1425 3991 1684 4054 namque
1724 3991 1860 4035 cum
1898 3971 1987 4033 di-

336 4066 475 4129 vino
506 4084 711 4130 amore
742 4062 1093 4143 sapientiam
1129 4062 1493 4144 deperisses,
1520 4080 1593 4124 ex
1614 4080 1718 4125 ore
1746 4061 1992 4143 spiritus

332 4157 519 4236 gratia
549 4157 768 4218 ditatus
798 4173 885 4231 es,
922 4164 980 4214 et
1014 4154 1101 4216 uti
1133 4152 1325 4214 favum
1380 4151 1575 4214 mellis
1604 4150 1984 4215 dulcedinem

334 4255 572 4309 tuorum
605 4262 949 4308 sermonum
1016 4242 1190 4304 nobis
1220 4240 1537 4317 instillans,
1572 4240 1787 4303 divinis
1816 4241 1983 4320 cogi-

334 4335 661 4397 tationibus
689 4334 1017 4398 Ecclesiam
1049 4331 1158 4395 Dei
1186 4331 1475 4394 oblectas.
1521 4329 1897 4413 Quapropter
1925 4332 1985 4393 in

336 4425 487 4488 coelo
522 4441 888 4487 conversans
915 4433 1092 4503 atque
1122 4419 1485 4502 inhabitans,
1520 4439 1626 4501 pro
1657 4420 1853 4496 nobis,
1884 4418 1985 4502 qui

335 4521 492 4576 tuam
526 4514 1152 4578 commemorationem
1179 4510 1544 4592 peregimus,
1568 4508 1983 4573 indesinenter
2003 4523 2047 4576 ι)

328 4603 515 4665 Deum
549 4620 828 4684 peccare.

779 4696 1176 4760 Procimenon
1238 4692 1538 4776 Apostoli.

410 4801 703 4870 Mirabilis
758 4802 918 4867 Deus
972 4802 1036 4864 in
1086 4801 1308 4864 sanctis
1368 4800 1515 4863 suis.
1550 4798 1617 4863 In
1673 4797 1979 4876 Ecclesiis,

326 4904 441 4961 etc.

407 4987 515 5052 Ea:
543 4987 822 5070 Epistola
850 4987 1040 5051 Pauli
1069 4988 1150 5049 ad
1193 4986 1550 5049 Corinthios
1582 4985 1778 5049 lectio.

407 5082 669 5163 Fratres,
701 5080 1027 5162 unicuique
1072 5078 1245 5142 datur
1291 5078 1597 5161 revelatio,
1635 5084 1745 5142 etc.
1800 5094 1987 5157 usque

334 5174 444 5248 ad,
476 5171 826 5250 unicuique,
860 5177 922 5231 ut
951 5169 1095 5233 vult.

562 5264 966 5344 Evangeiium
1000 5265 1330 5327 secundum
1368 5263 1753 5325 Matthaum.

415 5357 594 5420 Dixit
627 5357 929 5420 Dominus
958 5358 1275 5438 discipulis
1329 5359 1498 5420 suis:
1546 5351 1655 5418 Vos
1685 5355 1827 5416 estis
1875 5353 1974 5416 lu-

330 5463 469 5507 men
520 5445 753 5522 mundi,
786 5456 900 5509 etc.
946 5464 1134 5526 usque
1180 5446 1276 5526 ad,
1310 5445 1433 5509 Hic
1477 5460 1738 5525 magnus
1792 5460 1974 5506 voca-

331 5534 496 5597 bitur
522 5534 588 5595 in
618 5550 807 5613 regno
836 5536 1143 5599 ccelomm.

2067 534 2375 612 πρόσωπν),
2440 535 2707 611 βλέπουσα
2764 533 2883 594 τοὺς
2933 533 3111 609 ἁγίους
3184 535 3316 608 αύτῇ
3389 536 3725 614 συγχαίρον-

2066 644 2182 702 τας,
2241 624 2328 679 καὶ
2390 627 2517 701 πρὸς
2603 622 2962 696 ὕπερκόσμιον
3018 622 3163 692 ζωὴν
3215 624 3411 691 ταύτην
3467 623 3725 702 προπέμ-

2068 734 2289 776 ποντας.
3028 782 3029 785 η

2151 800 2281 858 Ἰδοὺ
2342 804 2608 880 σδιήφθης
2655 801 2820 878 ἁγίων
2877 800 3135 877 τάγμασι,
3170 807 3538 881 πατρισρχῶν,
3574 824 3727 879 μαρ-

2064 890 2260 960 τύρων,
2321 890 2659 969 ἀποστόλων,
2733 890 2890 945 ὁσίων
2962 910 3044 969 τε,
3112 898 3365 970 ποφητῶν
3424 894 3508 947 καὶ
3573 890 3732 948 διδα-

2070 977 2283 1036 σκάλων
2340 980 2427 1036 καὶ
2470 983 2759 1059 ἱεραρχὼν,
2819 982 3011 1056 οἷσπερ
3066 980 3153 1035 καὶ
3209 982 3548 1061 συγχορεύων
3608 1005 3731 1053 μα·-

2072 1070 2392 1144 ιιαριώτατε,
2454 1071 2703 1144 μέμνησο
2746 1069 2877 1146 πρὸς
2925 1069 3110 1146 Κύριον
3163 1069 3318 1142 ἡμῶν
3371 1074 3479 1125 τῶν
3546 1070 3728 1149 εὔφη-

2069 1159 2307 1231 μούντων
2336 1179 2392 1215 σε
2403 1204 2414 1216 .

2149 1337 2289 1391 Σιὼν
2347 1336 2470 1414 ἆγία
2553 1336 2934 1413 Οευχαρίτωτε,
3007 1335 3163 1398 πόλις
3236 1342 3368 1393 Θεοῦ
3425 1337 3518 1392 καί
3576 1355 3724 1391 κατ-

2068 1424 2429 1504 ωχυρωμὲνον
2480 1424 2766 1501 παλάτιον,
2799 1425 2897 1490 τὴν
2954 1424 3140 1480 πασῶν
3183 1423 3563 1499 βασιλεύουσαν
3613 1426 3727 1481 πό-

2068 1513 2228 1593 λεων,
2287 1516 2340 1570 ἐν
2416 1516 2497 1571 σοὶ
2565 1514 2919 1590 ἀνακέιμένην
2993 1514 3189 1580 ταύτην
3255 1516 3567 1596 περίζωσαι,
3626 1521 3730 1571 to}

2070 1610 2451 1683 Μεταφραστοὺ
2478 1618 2601 1665 ταῖς
2634 1606 2825 1683 ἱεραῖς.
2861 1604 3027 1680 Κόρη,
3063 1600 3328 1672 δεήσεσιν,

2234 1697 2319 1761 Εἰς
2368 1696 2490 1761 τοὺς
2540 1694 2753 1776 Αἴνους,
2787 1695 2928 1796 ἦχος
2980 1692 3051 1752 δ’.
3089 1687 3178 1762 Ὠς
3207 1710 3454 1774 γενναῖον
3505 1697 3558 1753 ἐν

2771 1798 2992 1854 μαρτυρι
3002 1821 3015 1835 .

2154 1873 2411 1949 Εὐγενοῦς
2467 1868 2869 1936 ἆνεϐλάστησας
2932 1869 3103 1946 ῥίζης,
3164 1867 3313 1948 ῥόδον
3382 1871 3726 1949 κατέρυθρον,

2068 1957 2404 2036 βεϐαμμένον
2477 1961 2661 2039 χάρισι
2725 1972 2845 2025 ταῖς
2908 1961 2998 2015 τοῦ
3058 1961 3385 2035 Πνεύμὲιτος,
3443 1962 3529 2017 καὶ
3597 1961 3727 2023 τοὺς

2071 2049 2291 2113 πιστοὺς
2350 2047 2632 2114 εὖωδίασας
2696 2049 2895 2125 ὀσμαῖς
2964 2050 3397 2127 συγγραμμάτων
3470 2073 3586 2127 σου,
3648 2054 3727 2105 ά-

2072 2136 2374 2212 ποστόλων,
2441 2136 2703 2208 ὁθλητῶν,
2761 2137 2857 2193 καί
2908 2138 3066 2192 ὁσίων
3127 2138 3195 2193 σὰ
3253 2138 3542 2213 σκάμματα
3587 2161 3727 2195 συν-

2075 2224 2388 2300 ταξάμενος,
2466 2229 2542 2280 ὧν
2630 2228 2715 2282 καὶ
2797 2227 3081 2304 σύστοιχος
3153 2228 3357 2306 ὼφθης,
3435 2228 3729 2307 θεοφάντορ

2072 2316 2314 2389 Συμεὼν,
2376 2319 2572 2394 τρυφῆς
2652 2315 2704 2371 ἐ)
2763 2312 2933 2394 χλόῃ,
2996 2318 3062 2392 τῇ
3134 2314 3189 2370 ἐν
3246 2314 3416 2393 δρόσῳ
3487 2318 3728 2383 σκηνού-

2070 2425 2249 2477 μενος.

2148 2497 2423 2571 Γραφικῶν
2480 2492 2703 2572 ὲξεχυθη
2761 2515 2879 2567 σου,
2927 2493 3172 2566 Συμεὼν,
3223 2491 3278 2549 ἐν
3319 2505 3439 2556 τοῖς
3489 2491 3723 2574 χείλεσι,

2065 2592 2159 2641 τοῦ
2211 2581 2362 2659 ἁγίου
2410 2581 2711 2655 Πνεύματος
2769 2581 2925 2662 χάρις
2955 2579 3202 2659 ἄῤῥητος.
3270 2584 3362 2639 Διὸ
3391 2584 3483 2640 τὸν
3542 2585 3727 2658 μάτην

2068 2670 2446 2750 καυχώμενον,
2500 2669 2733 2733 πλοκαῖς
2763 2667 3040 2734 διαλέξεων
3070 2667 3360 2748 ἐξώλεγξας
3415 2686 3724 2734 ταπεινοῖς.

2069 2759 2164 2822 ’δὶς
2225 2758 2441 2832 καλάμη
2501 2760 2600 2838 γὰρ
2632 2758 2844 2838 γέγονε,
2876 2759 3011 2815 κατᾶ
3064 2758 3351 2837 πρόσωπον
3402 2768 3497 2817 τοῦ
3553 2764 3725 2840 πυρὸς

2066 2847 2421 2929 τεφρουμένη,
2480 2849 2568 2903 καὶ
2647 2847 2706 2903 σὲ
2765 2847 2970 2924 μᾶλλον
3044 2845 3376 2927 μεγαλύνων,
3438 2847 3725 2931 ἀνεδείχθη

2067 2936 2251 3016 βρύξας
2297 2936 2415 2998 νοός
2447 2957 2541 2993 σου
2564 2936 2660 3002 τὴν
2687 2933 2929 3009 δύναμιν.

2154 3115 2247 3179 Ὠς
2305 3113 2543 3192 θεράπων
2588 3115 2871 3193 γενόμενος
2927 3117 3018 3172 τοῦ
3075 3122 3227 3192 Θεοῦ,
3281 3114 3342 3173 ἐκ
3396 3122 3501 3173 τῶν
3550 3114 3723 3194 ἔργων

2070 3228 2184 3281 σου,
2219 3207 2291 3267 ὡς
2348 3205 2510 3283 ἁγίων
2558 3206 2843 3278 σύσκηνος,
2879 3206 2966 3268 οὓς
3024 3205 3331 3281 ἀνύμνησας
3390 3207 3462 3269 ὡς
3522 3205 3726 3285 παρῥη·

2070 3295 2185 3353 σίαν
2243 3295 2603 3372 κτησάμενος,
2666 3293 2846 3370 ἁγνείᾳ
2915 3299 3007 3350 τοῦ
3074 3295 3188 3370 βίου
3261 3317 3353 3352 σου
3413 3293 3724 3374 θεοῤῥῆμων

2071 3384 2314 3460 Συμεὼν,
2342 3389 2447 3439 τῶν
2504 3384 2806 3457 ὑμνούντων
2856 3403 2915 3437 σε
2973 3383 3243 3463 μέμνησο,
3311 3385 3373 3440 τὸ
3430 3383 3727 3463 φιλάγαθον

2071 3474 2167 3542 τῆς
2225 3477 2409 3552 ψυχῆς
2460 3495 2551 3528 σου
2604 3470 2878 3546 δεικνύων,
2911 3470 3005 3527 ἵνα
3060 3474 3256 3537 πάντες
3313 3478 3406 3531 τοῦ
3450 3480 3583 3531 Θεοῦ
3637 3499 3725 3557 φι-

2071 3563 2395 3641 λανθρωπίᾳ,
2430 3561 2781 3637 πταισμάτων
2811 3560 3069 3641 εὕρωμεν.

2676 3743 2834 3821 Δόξα,
2870 3745 2967 3803 Καὶ
2995 3751 3106 3807 νῦν,

2156 3840 2272 3897 Βίον
2331 3838 2503 3897 ἔνθεον
2546 3840 2906 3913 κατορθώσεις,
2963 3838 3151 3916 θεωρίᾳ
3197 3838 3296 3906 τὴν
3340 3837 3528 3916 πρᾶξιν
3582 3860 3726 3895 κατ-

2074 3932 2380 4006 εκόσμησας
2412 3974 2429 4002 ,
2539 3928 2757 4003 Συμεὼν
2864 3928 3305 4006 παμμακάριστε.
3408 3927 3517 3993 Τὴν
3623 3928 3729 4007 γὰρ

2076 4019 2260 4097 σοφίαν
2316 4016 2547 4096 φιλήσας
2604 4016 2759 4095 ἔρωτι
2814 4019 2961 4095 θείῳ,
2991 4015 3051 4072 ἐκ
3098 4018 3365 4094 στόματος
3407 4018 3502 4073 τοῦ
3551 4020 3730 4074 Πνεύ-

2076 4130 2244 4184 ματος
2311 4108 2408 4175 τὴν
2465 4108 2625 4187 χάριν
2709 4104 3168 4181 κατεπλούτησας,
3229 4107 3317 4163 οιαὶ
3381 4108 3454 4171 ὡς
3539 4108 3728 4185 κηρίον

2072 4197 2286 4274 μέλιτος
2344 4196 2435 4253 τὸν
2495 4194 2801 4275 γλὺκασμόν
2860 4216 2952 4251 σου
3010 4200 3115 4250 τῶν
3176 4192 3352 4274 λόγων
3410 4191 3730 4266 ἅποστᾶζων

2070 4291 2233 4367 ἡμῖν,
2306 4285 2597 4364 εὐφραίνεις
2683 4285 2914 4360 νοήμασι
2983 4285 3142 4349 θείοις
3226 4284 3327 4352 τὴν
3399 4282 3727 4351 Ἐκκλησίαν

2070 4378 2320 4453 Χριστοῦ,
2397 4376 2490 4431 Διὸ
2572 4373 2627 4429 ἐν
2715 4378 2958 4453 οὐρανοῖς
3025 4371 3443 4455 ἐμφιλοχωρῶν,
3502 4372 3724 4444 αὐλιζό-

2069 4486 2255 4545 μενος,
2308 4462 2438 4545 ὒπὲρ
2501 4462 2656 4538 ἡμῶν
2727 4462 3009 4528 ἀπαύστως
3076 4461 3329 4543 πρέσϐευε
3399 4470 3507 4521 τῶν
3575 4466 3725 4522 ἔκτε-

2066 4545 2302 4603 λούντων
2330 4544 2429 4610 τὴν
2460 4545 2681 4618 μνήμην
2709 4564 2824 4601 σου).

2457 4637 2809 4714 Προκείμενον
2844 4644 2935 4693 τοῦ
2961 4636 3319 4701 Ἀποστόλοδ.

2147 4730 2458 4805 Θαυμαστὸς
2539 4733 2567 4787 ὁ
2625 4731 2754 4793 Θεὸς
2825 4728 2879 4785 ἒν
2954 4743 3073 4795 τοῖς
3132 4730 3301 4809 ἁγίοις
3384 4733 3567 4795 αὐτοῦ,
3626 4729 3719 4790 Ἐν

2070 4817 2438 4886 Ἐκκλησίαις.

2259 4911 2396 4989 Πρὸς
2455 4911 2745 4990 Κορίνθίους
2804 4909 3129 4981 Ἐπιστολῆς
3204 4910 3411 4970 Παύλου
3470 4914 3531 4969 τὸ

2724 4991 3072 5069 ἀνάγνωσμα.

2150 5085 2417 5166 ’Λδελφοί,
2480 5082 2731 5159 Ἐπάστῳ
2788 5083 2982 5142 δίδοται
3048 5087 3084 5154 ³η
3139 5085 3467 5167 φανάρωσις,
3511 5087 3601 5145 καὶ
3657 5087 3729 5144 τὰ

2068 5173 2214 5249 ὲξῆς,
2248 5173 2348 5239 ἕως
2378 5180 2493 5253 τοῦ,
2528 5171 2771 5247 Ἐκάστῳ
2798 5174 2971 5238 καθὼς
3002 5174 3274 5253 βούλεται.

2389 5269 2459 5324 Τὸ
2504 5266 2826 5346 Εὗαγγέλιον
2870 5266 2929 5324 ἐκ
2958 5275 3051 5326 τοῦ
3104 5271 3391 5329 Ματθαίου.

2151 5366 2317 5420 Εἶπεν
2375 5363 2402 5417 ὁ
2478 5362 2665 5441 Κύριος
2721 5374 2842 5427 τοῖς
2914 5362 3101 5421 ἑαυτου
3156 5367 3452 5441 μαθηταῖς
3529 5358 3726 5438 ἰ’μετς

2059 5452 2176 5509 ἔστε
2234 5453 2294 5508 τὸ
2350 5455 2464 5530 φῶς
2517 5453 2611 5508 τοῦ
2664 5452 2889 5528 κόσμου,
2948 5453 3039 5510 καὶ
3098 5454 3163 5510 τὰ
3223 5453 3368 5528 ἑξῆς,
3433 5453 3535 5519 ἕως
3603 5464 3722 5520 τοῦ,

2058 5541 2222 5603 Οὗτος
2323 5539 2490 5619 μέγας
2575 5538 2899 5617 κληθήσεται
2979 5540 3034 5598 ἓν
3117 5548 3187 5617 τῇ
3289 5541 3534 5621 βασιλείᾳ
3613 5549 3722 5603 τῶν

2059 5630 2292 5713 οὐρανῶν
2303 5673 2316 5690 .
