4004 6138
304 255 421 322 215

1461 259 1766 323 SYMEON
1781 257 1845 319 IS
1906 256 1962 317 Μ
1971 254 2521 321 ETAPHRASTIE.

3555 262 3717 330 216

306 391 602 456 invexisti.
627 391 840 456 Persas
859 393 945 456 ibi
965 412 1161 474 genua
1182 395 1490 458 ﬂectentes
1510 394 1679 457 stella
1697 393 1949 455 advoca-

2059 387 2254 456 ἰοῦντας
2326 391 2656 472 ἐλέγχουσαν
2731 393 2928 473 Πέρσας
2998 396 3116 454 ἐκεῖ
3174 407 3587 475 γονυπετοῠντας
3653 402 3713 456 ὁ

310 482 422 558 vit;
458 482 556 545 hic
588 490 762 544 notos
794 492 855 544 et
883 484 1109 547 amicos
1155 483 1522 548 deicitlarum
1557 491 1747 546 metus
1776 482 1951 558 longe

314 571 644 654 dissipavit.
683 572 765 634 lbi
798 589 1113 634 munerum
1144 571 1420 634 adductio
1443 579 1497 634 et
1520 571 1783 635 adoratio
1811 593 1823 626 :
1854 569 1954 631 hic

311 662 802 724 vestimentorum
828 661 1062 741 partitio
1083 670 1139 724 et
1156 661 1376 736 irrisio,
1397 668 1457 722 et
1475 661 1828 741 injuriarum
1855 680 1953 721 co-

314 768 485 814 rona.
520 752 697 814 Nunc
725 749 939 825 Judaei,
972 759 1040 811 ut
1068 758 1240 812 antea
1270 749 1617 831 quaerebant
1643 750 1879 828 signum
1915 767 1948 810 e

315 840 490 913 coelo,
524 839 871 901 intueantur
898 838 1090 900 solem
1122 838 1604 909 obtenebratum,
1655 839 1947 899 et‘lumen

317 928 690 992 occulentem
705 927 902 1006 dignis
914 928 1233 1007 caligineN
1239 948 1356 990 unc
1369 928 1823 990 etinanimatum
1842 928 1952 988 hoc

315 1018 600 1099 templum
627 1036 732 1097 pro
748 1017 1086 1083 Judzeorum
1107 1036 1273 1079 more
1292 1027 1347 1080 te
1364 1016 1955 1098 deplorat.Quemad-

316 1107 560 1169 modum
592 1105 752 1169 enim
796 1105 1011 1183 Judaei,
1043 1125 1178 1168 cum
1212 1108 1346 1186 quis
1376 1107 1499 1170 Deo
1533 1106 1949 1174 maledicebat.

314 1196 668 1259 vestimenta
696 1214 803 1256 sua
831 1196 1205 1272 scindebant,
1228 1198 1305 1258 ita
1335 1204 1396 1259 et
1424 1199 1539 1259 hoc
1564 1196 1743 1259 veluti
1775 1195 1919 1257 vesti
1938 1237 1953 1245 -

319 1296 585 1348 mentum
601 1285 797 1348 velum
819 1285 1039 1347 scindit
1063 1296 1118 1347 te
1130 1287 1548 1366 conspiciensa
1561 1284 1667 1347 Dei
1687 1285 1959 1346 hostibus

318 1374 593 1456 improbe
642 1392 711 1436 ac
762 1373 1006 1452 indigne
1036 1383 1482 1457 pertractatum.
1534 1373 1872 1437 Conteritur
1903 1382 1960 1433 et

322 1475 480 1527 terra
504 1463 761 1525 motibus
782 1462 1298 1544 divexata,tuaque
1320 1463 1597 1545 passione
1618 1468 1960 1542 coangusta-

321 1562 401 1631 ta;
417 1552 522 1615 sed
541 1551 780 1613 ubinam
803 1554 1242 1634 sunt,quinque
1263 1554 1448 1616 millia
1469 1552 1961 1632 hominum,quos

326 1641 663 1704 mirandum
696 1641 755 1703 in
786 1641 1029 1704 modum
1062 1643 1395 1704 enutrivisti
1419 1647 1447 1703 ?
1475 1644 1652 1705 Solus
1683 1641 1957 1722 equidem

2033 477 2201 558 ἀστὴρ
2230 481 2635 556 μετεστείλατο,
2697 481 2798 540 ὧδε
2832 486 2918 541 καὶ
2976 486 3241 561 γνωστοίις
3291 509 3347 545 τε
3375 489 3462 545 καὶ
3495 488 3715 568 φίλους

2034 565 2061 619 ὁ
2115 566 2222 621 τῶν
2273 571 2569 625 θεοκτόνων
2624 568 2786 649 φόϐος
2845 570 3274 647 ἆπεμακρύνατο.
3325 565 3537 634 Ἐκεϊσε
3568 576 3714 633 δώ·-

2034 675 2138 731 ρων
2186 658 2514 736 προσαγωγὴ
2575 661 2660 716 καὶ
2715 659 3093 735 προσκόνησις,
3155 663 3374 721 ἐνταῦθα
3431 667 3716 742 γιτώνων

2036 747 2292 831 μερισμὸς
2323 747 2410 803 καὶ
2461 746 2796 828 χλευασμὸς,
2836 749 2931 806 καΐ
2988 751 3240 830 στέφανος
3293 750 3518 831 ὕϐρεων.
3580 761 3715 814 Νῦν

2032 830 2305 908 Ἰουδαῖοι,
2338 837 2409 896 ὡς
2443 837 2564 914 πρὶν
2593 835 2809 907 ἐξήτουν
2866 836 2920 903 ἒξ
2981 842 3199 916 οὖρανοῦ
3241 830 3496 915 σημεῖον.
3549 841 3705 919 βλε-

2035 920 2279 978 πὲτωσαν
2334 922 2483 991 ἥλιον
2539 925 2942 1007 σκοτιζόμενον,
2998 930 3084 983 καὶ
3145 930 3206 984 τὸ
3259 936 3374 1009 φῶς
3445 931 3506 987 ἐκ
3575 938 3713 988 τῶν

2040 1009 2191 1074 ἀξίων
2245 1011 2464 1075 σκότους
2520 1015 2936 1091 συγκρύπτοντα.
3003 1023 3104 1075 Νῦν
3163 1019 3249 1073 καὶ
3279 1020 3308 1075 ὁ
3340 1015 3552 1100 ἄψυχος
3583 1021 3701 1077 οὗ-

2033 1121 2123 1162 τος
2157 1102 2280 1166 ναὸς
2336 1102 2470 1158 κατὰ
2520 1104 2617 1171 τὴν
2674 1101 2976 1173 Ἰουδαῒκὴν
3030 1110 3215 1164 πενθεῖ
3264 1128 3320 1164 οε
3372 1112 3687 1179 συνήθειαν.

2039 1183 2131 1252 Ὠς
2157 1188 2257 1268 γάρ
2287 1188 2533 1247 Ἰουδαῖοι
2564 1191 3007 1273 βλασφημοῦντός
3039 1217 3182 1259 τινος
3242 1198 3316 1261 εἰς
3370 1200 3500 1255 Θεὸν
3557 1200 3693 1257 τοὺς

2038 1277 2237 1333 ὲκυτῶν
2269 1285 2505 1358 χιτῶνας
2537 1279 2826 1361 διέσχιζον,
2877 1283 3014 1340 οὕτω
3067 1282 3133 1352 δὴ
3162 1286 3249 1341 καὶ
3277 1289 3452 1361 οὗτος,
3484 1290 3559 1352 ὡς
3590 1310 3700 1367 χι-

2040 1374 2182 1422 τῶνα
2247 1369 2545 1448 περισχίζει
2602 1372 2662 1426 τὸ
2714 1371 3122 1447 καταπέτασμα,
3174 1376 3317 1453 παρὰ
3343 1381 3449 1433 τῶν
3478 1379 3692 1452 θεομά-

2043 1477 2158 1534 χων
2224 1461 2635 1536 παροινούμενον
2694 1459 2907 1535 βλέπων
2963 1483 3045 1522 σε.
3106 1461 3439 1540 Συντρίϐεται
3492 1468 3585 1522 καὶ
3613 1467 3694 1544 γῆ

2042 1544 2317 1620 σειομένη,
2376 1548 2736 1623 παθαινομένη
2783 1556 2859 1622 τῷ
2903 1550 3055 1607 πάθει
3108 1573 3222 1614 σου,
3282 1551 3451 1609 Ἀλλὰ
3493 1563 3595 1612 ποῦ
3628 1559 3699 1611 τὸ

2043 1632 2244 1700 πλῆθος
2294 1637 2399 1691 τῶν
2431 1635 2881 1717 πεντακισχιλίων
2938 1638 3159 1718 ἀνδρῶν,
3219 1640 3305 1707 οὕς
3348 1645 3697 1722 θαυματουρ-

323 1732 618 1810 Josephus
666 1730 971 1805 audacter,
1027 1731 1337 1813 libereque
1387 1732 1640 1794 Pilatum
1670 1732 1961 1793 allocutus

2059 1724 2216 1813 γήσας
2275 1722 2572 1813 ἐξέθρεψας,
2636 1725 2720 1782 ὅτι
2781 1729 2943 1801 μόνος
3004 1727 3204 1810 Ἰωσὴφ
3273 1753 3404 1808 προς
3460 1732 3700 1789 Πιλᾶτον

330 1838 548 1900 corpus
581 1827 746 1881 tuum
782 1823 1199 1899 expostulavit,
1235 1839 1311 1883 ne
1342 1820 1704 1902 insepultum
1739 1819 1966 1899 abjice-

328 1919 517 1973 retur.
551 1908 667 1973 Ubi
697 1920 838 1970 sunt
864 1909 1242 1971 inﬁrmorum
1275 1918 1488 1986 coetus,
1522 1929 1670 1990 quos
1695 1928 1765 1972 ex
1789 1909 1971 1971 variis

334 1999 560 2062 morbis
581 1998 824 2073 sanasti,
851 2001 940 2063 vel
968 2017 1116 2080 quos
1136 2000 1208 2064 ab
1235 2000 1442 2063 inferis
1464 2000 1769 2063 eduxisti‘.’
1799 1998 1972 2062 Solus

331 2089 699 2156 Nicodamus
724 2090 920 2150 clavos
946 2107 980 2151 e
1004 2088 1303 2163 manibus,
1326 2088 1698 2171 pedibusque
1721 2090 1836 2149 tuis
1867 2107 1970 2149 ex-

336 2179 535 2255 trahit,
585 2188 644 2241 et
671 2185 855 2239 totum
891 2184 947 2239 te
996 2196 1030 2238 e
1063 2177 1221 2256 ligno
1256 2177 1592 2258 depositum
1631 2177 1780 2239 meis
1810 2177 1972 2237 hisce

336 2270 517 2345 ulnis,
550 2286 800 2348 gemens
826 2267 955 2348 ipse
984 2285 1054 2328 ac
1080 2266 1344 2329 fremens
1376 2267 1642 2349 apponit,
1678 2286 1810 2347 qua:
1832 2273 1887 2327 te
1915 2273 1972 2326 et

336 2367 532 2434 antea,
566 2377 698 2419 cum
732 2358 927 2419 infans
958 2374 1144 2427 esses,
1180 2375 1299 2418 non
1334 2356 1464 2419 sine
1496 2357 1799 2438 voluptate
1829 2373 1969 2435 ges-

334 2461 559 2512 tavere.
584 2449 793 2511 Manus
816 2446 1115 2528 siquidem
1140 2447 1232 2508 hae
1255 2465 1403 2509 mere
1425 2456 1476 2509 et
1501 2455 1639 2508 ante
1658 2446 1863 2507 infanti
1888 2444 1968 2506 fa-

339 2552 430 2601 cto
447 2541 1006 2605 administrarunt,et
1025 2553 1181 2596 nunc
1199 2540 1345 2610 justa
1367 2553 1467 2610 per
1481 2539 1759 2597 solventes
1774 2537 1971 2596 adser-

335 2625 579 2688 viunt.0
601 2623 730 2685 dira
753 2622 993 2685 funera!
1019 2623 1549 2685 Demortuisvitam
1574 2623 1972 2697 donans,ante

337 2733 496 2776 meos
519 2716 722 2774 oculos
742 2715 1270 2787 demortuusjaces.
1300 2715 1365 2772 Et
1387 2714 1524 2773 olim
1554 2716 1784 2787 quidem
1819 2724 1969 2772 circa

341 2801 592 2874 pueriles
613 2800 818 2857 fascias
840 2799 1091 2857 studium
1117 2807 1172 2857 et
1191 2813 1423 2869 operam
1449 2800 1723 2870 impendi,
1743 2810 1796 2858 et
1818 2815 1974 2858 nunc

338 2885 614 2950 funebria
635 2883 743 2945 tibi
764 2900 1056 2964 apparans
1078 2883 1421 2948 conturbor.
1448 2883 1692 2965 Tepidis
1713 2886 1892 2946 undis
1920 2895 1976 2948 te

337 2980 477 3053 lavi,
502 2986 563 3040 et
583 2996 742 3039 nunc
763 2973 1154 3037 calidioribus
1184 2983 1241 3037 te
1270 2976 1550 3058 lacrymis
1569 2977 1780 3042 obruo.
1805 2977 1975 3042 Ulnis

2047 1809 2328 1887 τολμηρῶς
2397 1812 2842 1891 ἐπαρρησιάσατο,
2920 1817 3006 1873 καὶ
3061 1819 3123 1874 τὸ
3182 1809 3336 1894 σῶμα
3392 1842 3486 1878 σου
3544 1822 3699 1897 ᾐτή-

2049 1923 2203 1977 σατο,
2259 1903 2331 1965 ὡς
2390 1901 2452 1958 ἂν
2526 1904 2603 1979 μὴ
2659 1902 2901 1982 διαμείνῃ
2959 1906 3055 1963 καῖ
3112 1908 3330 1987 ἄταφον.
3411 1914 3516 1967 Ποῦ
3582 1917 3698 1967 τῶν

2050 1990 2281 2047 ἀσθενῶν
2339 1995 2389 2048 αἱ
2446 2007 2687 2073 χορεῖαι,
2748 1996 2837 2058 οὓς
2894 1999 2951 2051 εγ
3007 1997 3262 2055 ποικίλων
3310 1999 3478 2074 ἐρύσω
3524 2023 3701 2066 νοση-

2054 2081 2260 2155 μάτων.
2294 2081 2368 2138 "H
2399 2089 2501 2139 ποῦ
2557 2085 2644 2140 καὶ
2695 2083 2801 2141 ὰπὸ
2857 2084 2979 2158 ᾅδου
3034 2084 3329 2166 ἐξήγειρας,
3388 2087 3469 2144 ὅτι
3529 2091 3703 2163 μόνος

2055 2169 2357 2247 Νικόδημος
2414 2173 2533 2235 τοὺς
2589 2172 2748 2241 ἥλους
2805 2175 2912 2231 τῶν
2962 2182 3184 2255 χειρῶν,
3233 2177 3327 2233 καὶ
3373 2180 3476 2234 τῶν
3515 2177 3702 2235 ποδῶν

2055 2278 2147 2314 σου
2217 2258 2466 2340 διίστησι,
2540 2263 2628 2318 καὶ
2681 2261 2809 2320 ὅλον
2864 2262 2926 2321 ἐκ
2979 2272 3072 2322 τοῦ
3127 2264 3278 2331 ξύλου
3347 2289 3407 2324 σε
3457 2266 3705 2325 καθελὼν

2055 2349 2215 2424 ἐμαῖς
2278 2348 2536 2427 ἀγκάλαις
2607 2351 2887 2417 ἐπωδύνως
2958 2354 3266 2429 ἐντέθεικεν,
3345 2357 3405 2414 αἴ
3474 2379 3533 2413 σε
3607 2359 3707 2414 καὶ

2050 2438 2237 2517 πρώην
2306 2437 2431 2498 ὄντα
2504 2442 2694 2523 βρέφος
2764 2444 3117 2523 χαρμοσύνως
3193 2442 3512 2506 ἐϐάστασαν.
3594 2449 3704 2505 Καὶ

2051 2529 2149 2606 γὰρ
2181 2542 2362 2608 χεῖρες
2417 2530 2562 2607 ἐμαὶ,
2624 2534 2715 2588 καί
2766 2534 2884 2609 πρὶν
2938 2533 3391 2613 βρεφουργιιθέντα
3447 2534 3709 2612 ἐξυπηρὲ-

2052 2640 2242 2690 τησαν,
2302 2620 2389 2676 καὶ
2454 2627 2540 2677 νῦν
2588 2619 2929 2695 κηδευομένῳ
2971 2619 3325 2683 δουλεύουσιν.
3371 2624 3443 2679 "s2
3491 2630 3704 2702 πικρῶν

2055 2707 2350 2787 liv-capio»!
2409 2708 2490 2766 ὅτι
2557 2724 2767 2788 νεκροῖς
2843 2712 2904 2767 τὸ
2972 2716 3066 2787 ζῇν
3137 2714 3526 2791 χαρισᾶμενος,
3599 2715 3707 2792 πρὸ

2056 2796 2336 2876 ὀφθαλμῶν
2393 2820 2495 2874 μου
2552 2798 2896 2878 νενέιιρωσαι.
2961 2801 3058 2858 Καὶ
3111 2800 3277 2858 πάλαι
3336 2823 3395 2858 σε
3451 2802 3586 2883 ἀμφὶ
3634 2804 3708 2859 τὰ

2055 2885 2275 2965 βρεφικὰ
2345 2884 2702 2957 διακονήσασα
2774 2887 3073 2969 σπάργανα,
3135 2891 3223 2947 καὶ
3291 2893 3409 2971 περὶ
3476 2893 3542 2949 τὰ
3611 2913 3707 2948 νε-

2054 2989 2210 3047 κρικα
2302 2998 2394 3032 σου
2480 2974 2825 3056 τυρϐάζομαι,
2912 2977 3169 3057 Χλιαροϊς
3254 2979 3559 3057 ἐλουσάμην
3643 3003 3707 3038 σε

337 3068 628 3132 maternis
649 3063 1195 3139 sustentabam,sed
1214 3065 1732 3140 subsultantem,et
1754 3086 1968 3147 puero-

2059 3065 2306 3139 νάμασιν,
2366 3066 2462 3122 καί
2516 3067 2850 3145 θερμοτέροις
2919 3066 3034 3146 ἄρτι
3104 3068 3384 3127 καταντλὼ
3455 3092 3513 3128 σε
3580 3084 3704 3134 τοῖς

337 3176 468 3221 rum
487 3174 651 3219 more
658 3156 1155 3236 jocantem,nunc
1169 3154 1666 3218 rursusteiisdem
1684 3157 1972 3233 sustineo,

338 3246 446 3309 sed
470 3244 802 3308 exanimem
829 3252 886 3305 et
911 3252 1281 3305 mortuorum
1308 3261 1475 3306 more
1493 3245 1973 3324 jacentem'l‘um

341 3335 496 3399 labia
527 3333 671 3396 mihi
706 3332 1003 3412 dulcibus,
1038 3351 1109 3394 ac
1139 3333 1393 3395 roscidis
1425 3333 1539 3395 tuis
1572 3333 1720 3395 labis
1751 3335 1975 3397 irrora-

343 3427 583 3490 bantur.
613 3423 762 3485 Tum
784 3440 896 3502 ego
921 3420 1090 3484 beata
1112 3421 1229 3484 dici
1256 3429 1547 3502 poteram,
1572 3423 1727 3504 quod
1764 3434 1980 3501 praeter

344 3513 852 3596 exspectationem
887 3511 1181 3574 Creatoris
1211 3511 1326 3572 mei
1357 3529 1571 3591 parens
1595 3519 1839 3593 apparui
1870 3533 1885 3573 :
1920 3522 1981 3574 et

340 3622 500 3667 nunc
521 3620 751 3676 rursus,
778 3610 844 3662 ut
863 3601 974 3661 sim
1002 3600 1221 3662 misera
1242 3600 1508 3679 contigit,
1527 3601 1680 3681 quod
1709 3601 1824 3662 mei
1850 3601 1980 3663 Filii

341 3695 518 3755 funus
542 3708 780 3752 accuro.
806 3688 895 3750 Ibi
917 3688 1154 3751 dolores
1178 3687 1239 3749 in
1263 3697 1432 3768 partu
1453 3689 1667 3767 eﬂ‘ugi;
1694 3690 1785 3751 hic
1810 3690 1974 3751 dolo-

341 3800 463 3856 res,
494 3780 634 3842 dum
662 3787 717 3840 te
738 3777 986 3858 sepelio,
1016 3775 1306 3840 sustineo.
1329 3777 1494 3839 More
1517 3777 1828 3839 infantium
1862 3798 1971 3841 saa—

346 3886 673 3952 penumero
696 3867 755 3928 in
776 3874 1015 3947 pectore
1031 3865 1701 3938 obdormivisti,etnunc
1716 3879 1979 3929 mortuo-

341 3977 477 4022 rum
497 3958 558 4019 in
574 3957 814 4017 modum
833 3956 891 4016 in
912 3954 1123 4016 iisdem
1139 3952 1582 4016 obdormis.Naa
1596 3955 1709 4016 illze
1725 3959 1979 4037 Symeon

343 4049 551 4112 beatus
571 4045 806 4125 fuit,qui
822 4042 1180 4124 teintemplo
1204 4042 1400 4105 meise
1424 4043 1700 4104 manibus
1721 4047 1976 4124 accepit.

344 4139 663 4217 Propheta;
687 4132 983 4215 siquidem
1008 4141 1067 4195 et
1090 4135 1307 4208 laeta,et
1330 4132 1474 4193 mihi
1498 4132 1755 4211 gloriosa
1778 4136 1980 4199 vatici-

346 4227 467 4290 nati
490 4224 789 4302 sunt,ipse
811 4241 948 4285 vero
967 4221 1130 4284 solus
1146 4230 1204 4283 et
1224 4222 1502 4292 tristia,et
1521 4225 1795 4285 maeroris
1810 4225 1985 4304 plena

347 4313 639 4397 praedixit.
667 4311 714 4377 Ο
734 4311 1036 4393 quomodo
1067 4310 1257 4392 sputis
1274 4310 1484 4373 fmdari
1503 4312 1855 4387 sustinuisti,
1884 4317 1982 4395 qui

2058 3151 2323 3231 δάκρυσιν,
2414 3152 2659 3219 Ὠλέναις
2752 3170 3045 3234 μητρικατς
3130 3157 3488 3238 ἐνεκούφιζον,
3564 3159 3707 3217 ἀλλὰ

2059 3249 2351 3320 σκιρτῶντα
2413 3243 2506 3300 καί
2566 3248 2701 3301 κατὰ
2758 3247 2976 3313 νηπίους
3043 3245 3361 3322 ἆλλόμενον.
3439 3246 3706 3309 Ἀνακου-

2059 3330 2199 3411 φίζω
2227 3353 2286 3388 σε
2314 3333 2402 3389 καὶ
2435 3339 2520 3389 νῦν
2552 3346 2674 3398 ταῖς
2722 3334 2934 3408 αὖταϊς,
2996 3333 3117 3392 ἀλλ’
3146 3335 3368 3410 ἄπνουν,
3434 3340 3519 3395 καὶ
3563 3340 3708 3396 κατὰ

2060 3421 2272 3486 νεκροὺς
2304 3420 2665 3496 ἂνακείμενον.
2732 3422 3053 3481 Ἐνέϐαπτᾶν
3114 3446 3214 3500 μου
3270 3428 3388 3482 τότε
3446 3429 3511 3485 τα
3539 3426 3707 3507 χείλη

2058 3524 2175 3572 to”:
2262 3509 2545 3590 μελιχροτς
2628 3534 2722 3569 σου
2805 3515 2892 3570 καὶ
2959 3512 3242 3592 δροσώδεσί
3310 3538 3400 3574 σον
3471 3520 3705 3599 χείλεσι.

2064 3602 2447 3678 Μακαρὶζεσθαί
2508 3623 2575 3676 με
2629 3610 2918 3670 τηνικαῦτα
2990 3603 3190 3681 παρῆν,
3265 3604 3346 3662 ὅτι
3398 3604 3707 3686 παραδόξως

2060 3690 2270 3766 ὼρέθην
2335 3697 2426 3747 τοῦ
2509 3690 2874 3770 πλαστουργιῦ
2942 3716 3045 3767 μου
3101 3692 3409 3774 λοχεύτρια.
3477 3706 3578 3755 Νῦν
3651 3694 3711 3752 δὲ

2062 3777 2220 3835 πάλιν
2293 3779 2524 3844 νύξεσθαί
2589 3802 2656 3855 με
2725 3781 3125 3860 ἂντεπεγὲνετο,
3212 3782 3294 3840 ὅτι
3377 3784 3712 3864 παρευρέθην

2061 3868 2153 3924 to;
2185 3870 2304 3925 Υίοῠ
2335 3891 2436 3943 μου
2462 3867 2766 3949 κηδεύτρια.
2822 3879 2952 3929 Εκεϊ
3002 3870 3198 3935 ὠδῖνας
3253 3872 3308 3929 ἐν
3358 3879 3437 3947 τῷ
3507 3875 3710 3931 τίκτειν

2064 3958 2328 4038 ἐξέφυγον
2397 3955 2538 4015 ἔνθεν
2594 3958 2777 4024 ὀδύνας
2831 3961 2885 4016 ἑν
2954 3968 3032 4034 τῷ
3084 3962 3303 4019 θάπτειν
3368 3961 3710 4043 εἰσδέχομαι.

2065 4054 2449 4126 Βρεφοπρεπῶς
2520 4070 2611 4123 μοι
2683 4047 2940 4114 πολλάκις
3006 4051 3061 4107 ἓν
3132 4064 3247 4115 τοῖς
3326 4052 3559 4130 στέρνοις
3614 4052 3718 4131 ἀφ-

2066 4139 2336 4210 ύπνωσας,
2399 4139 2486 4194 καὶ
2543 4136 2630 4194 νῦν
2700 4145 3071 4218 νεκροπρεπῶς
3141 4139 3196 4196 ἐν
3267 4150 3468 4206 τούτοις
3539 4143 3718 4199 κεκοὲ-

2066 4248 2261 4300 μησαι.
2323 4227 2604 4304 Μακαρίζω
2657 4229 2748 4284 τὸν
2799 4230 3044 4302 Συμεὼν,
3104 4231 3195 4286 τὸν
3236 4229 3287 4297 ἐξ
3335 4230 3477 4304 ἐμῶν
3510 4237 3715 4310 χειρῶν

2066 4314 2120 4370 ἐν
2174 4320 2250 4389 τῷ
2307 4323 2415 4389 ναῷ
2485 4338 2545 4373 σε
2600 4315 2902 4391 δεξάμενον,
2981 4324 3255 4397 Προφῆται
3325 4320 3425 4398 γὰρ
3488 4321 3576 4376 καὶ
3645 4321 3716 4375 τὰ

346 4412 522 4483 sputo
582 4412 704 4477 tuo,
736 4401 942 4464 oculos
969 4401 1046 4462 de
1078 4417 1232 4462 novo
1265 4400 1619 4462 efformasti!
1674 4400 1968 4474 Quomodc

2069 4406 2341 4485 χαροποεὰ
2370 4407 2457 4462 καὶ
2512 4406 2578 4464 τὰ
2619 4406 2715 4472 τῆς
2767 4406 2919 4473 δόξης
2953 4431 3045 4482 μοι
3088 4411 3513 4487 προεφήτευσαν·
3553 4410 3713 4472 αὖτός

345 4473 551 4572 alapas
574 4473 971 4570 ῐοΙθίἐιεῑί,ειυί
985 4488 1216 4570 ﬂagello
1228 4506 1325 4550 res
1339 4488 1571 4551 divinas
1584 4502 1968 4570 cauponantes

2071 4494 2126 4549 δε
2159 4496 2319 4569 μόνος
2349 4495 2414 4551 τὰ
2446 4496 2748 4574 σκυθρωπὰ,
2810 4498 2898 4554 καὶ
2940 4498 3006 4554 τὰ
3051 4503 3144 4565 τῆς
3189 4496 3359 4564 λύπης
3406 4500 3707 4576 προείπετο.

346 4578 1032 4664 percussisti.Quomodo
1058 4577 1403 4658 probrosam
1424 4579 1684 4641 sustines
1709 4591 1982 4657 mortem,

344 4671 457 4735 Fill
490 4669 739 4732 sceleris
768 4667 1019 4748 espers?
1050 4668 1371 4731 Perforatze
1422 4674 1559 4729 sunt
1606 4686 1815 4730 manus
1848 4678 1985 4745 tuae,

346 4757 791 4844 pedesque,sed
807 4757 1210 4836 clavosipsatn
1236 4755 1488 4819 mediam
1509 4759 1765 4819 animam
1792 4778 1984 4822 meam

347 4849 656 4934 puncturis
670 4847 994 4911 dirissimis
1007 4845 1249 4909 adactos
1274 4844 1599 4926 persentio.
1619 4848 1799 4910 Latus
1825 4859 1984 4911 tuum

347 4940 691 5004 confossum
714 4946 829 5014 est,
858 4937 964 4999 sed
993 4943 1052 4999 et
1076 4952 1274 4997 meum
1301 4952 1405 4996 cor
1434 4934 1645 4997 eodem
1668 4936 1797 5018 ipso
1829 4946 1986 5000 tem-

348 5048 495 5112 pore
516 5027 994 5091 confodiebatur.
1018 5024 1343 5089 Doloribus
1367 5043 1480 5086 una
1506 5034 1699 5088 tecum
1724 5029 1883 5089 cruci
1901 5028 1984 5092 af-

350 5121 465 5182 fixa
484 5137 640 5195 sum,
666 5129 723 5180 et
747 5136 865 5180 una
886 5127 1086 5179 tecum
1110 5115 1422 5178 tormentis
1447 5125 1838 5193 commortna,
1875 5138 1989 5181 una

347 5218 544 5272 tecum
594 5208 878 5290 sepelior.
928 5205 1079 5281 Quid
1124 5203 1271 5268 mihi
1301 5211 1359 5266 et
1387 5203 1520 5266 vita;
1548 5223 1717 5283 meae,
1752 5207 1892 5269 dum
1927 5218 1986 5270 tu

346 5307 529 5377 longe
562 5316 651 5370 es,
686 5317 719 5359 o
750 5297 997 5360 Creator
1025 5301 1290 5372 meus,et
1315 5292 1427 5356 Fili
1455 5294 1984 5360 desideratissime.

2073 4582 2108 4611 "
2119 4591 2202 4647 ΩΙ
2246 4588 2359 4649 πῶς
2406 4585 2766 4661 ἐμπτυσθῆναι
2822 4587 3104 4667 κατεδέξω,
3168 4589 3225 4652 ὃς
3282 4587 3367 4644 διὰ
3409 4589 3711 4663 πτύσματός

2070 4695 2162 4730 σου
2232 4672 2531 4753 ὀφθαλμοὺς
2613 4676 3081 4753 ἐκαινούργησας;
3160 4684 3280 4739 Πῶς
3365 4678 3714 4755 ῥαπισμὲτων

2069 4762 2326 4842 ἠνέσχου,
2359 4764 2415 4825 ὃς
2471 4761 2556 4818 διὰ
2587 4763 2939 4842 φραγγελλίου
2976 4769 3098 4831 τοὺς
3156 4766 3523 4836 θεοκαπήλους
3570 4767 3711 4841 ἐμὰ-

2069 4850 2275 4933 στιξας,
2350 4853 2443 4909 καὶ
2510 4860 2616 4910 τῶν
2681 4852 2835 4932 ἱερῶν
2897 4857 3146 4935 θριγγίων
3220 4854 3531 4928 ἐξήλασαςς
3596 4864 3718 4921 Πῶς

2070 4940 2351 5016 ὑπομένεις
2411 4943 2667 5001 θάναττον
2722 4945 3100 5020 ἐπονείδιστον,
3172 4946 3256 5005 Τὶἒ
3322 4944 3716 5029 ἆναμάρτητε;

2071 5029 2335 5109 Ἐτρήθης
2393 5044 2587 5112 χεῖρας
2644 5037 2734 5093 καὶ
2781 5035 2970 5110 πόδας,
3002 5033 3141 5091 ἀλλὰ
3187 5035 3306 5096 τοὺς
3346 5032 3505 5101 ἥλους
3552 5034 3723 5113 ἔγνων

2071 5123 2143 5182 εἷς
2176 5120 2347 5196 μέσην
2398 5144 2502 5196 μου
2556 5123 2655 5190 τὴν
2687 5126 2873 5205 ψυχεὶιν
2923 5125 3015 5188 τὰς
3075 5122 3259 5189 ὀδύνας
3313 5123 3720 5199 εμπὲμποντας,

2070 5210 2179 5277 Τὴν
2244 5209 2475 5289 πλευρὰν
2533 5211 2844 5285 ἐκεντήθης,
2898 5212 3037 5270 ἀλλὰ
3093 5215 3183 5270 καὶ
3259 5215 3288 5281 ἡ
3360 5213 3466 5289 ἒ.μή
3536 5213 3722 5291 καρδία

2072 5310 2359 5367 τηνικαῦτα
2416 5315 2782 5359 συνεκεντεϊτο
2853 5324 2954 5363 σοι,
3016 5300 3387 5379 Ἐσταύρωμαί
3452 5324 3546 5360 σου
3597 5317 3719 5368 τοῖς

348 5389 551 5466 πόνοις,
587 5388 909 5467 νενὲκρωμαί
971 5408 1065 5446 σου
1115 5409 1193 5459 τῳ
1238 5385 1414 5456 πάθει,
1474 5384 1568 5442 καῖ
1627 5389 2037 5463 συνθαπτομὲνῳ
2091 5390 2490 5466 συμθάπτομαι.
2550 5390 2611 5449 Τί
2654 5390 2772 5467 ἐμοὶ
2825 5392 2911 5447 καὶ
2982 5398 3059 5466 τῷ
3100 5393 3198 5467 βίῳ
3254 5412 3381 5465 μου,
3436 5388 3588 5470 [σοῦ]
3636 5395 3714 5466 μὴ

348 5497 633 5552 παροντος,
663 5477 708 5529 ὦ
738 5476 1073 5552 πλαστουργέ
1102 5496 1203 5549 μου
1236 5476 1324 5530 καὶ
1367 5472 1453 5529 Υἱὲ
1484 5477 1852 5537 ποθεινότατε,

427 5562 546 5627 Sed
569 5560 809 5627 ubinam
834 5572 891 5624 et
912 5562 1337 5643 discipulorum
1368 5561 1585 5627 chorus
1609 5570 1673 5624 ut
1702 5582 1821 5626 una
1850 5584 1981 5632 me-

2152 5567 2318 5626 Ἀλλὰ
2347 5576 2450 5627 ποῦ
2477 5569 2583 5627 τῶν
2639 5571 2892 5651 μαθητῶν
2952 5572 2980 5627 ὁ
3038 5569 3233 5650 χορὸς,
3265 5569 3356 5626 ἴνα
3388 5591 3482 5647 μοι
3516 5571 3717 5628 παθαις
