4004 6138
439 324 557 393 2‘23
1317 326 1701 392 SYMEONIS
1742 326 2334 390 METAPHRASTzE
2363 326 2913 393 PRECATIONES.
3746 319 3903 386 224

440 460 584 536 Quis
608 460 793 540 eriget
826 479 917 522 me
951 461 1010 522 in
1038 459 1255 524 talibus
1288 459 1459 523 malis
1490 459 1902 534 constitutum,
1936 465 1994 519 et

2362 463 2448 527 Τίς
2501 462 2791 532 ἀναστήσει
2835 485 2902 538 με
2946 464 3040 519 τὸν
3085 462 3140 518 ἐν
3169 463 3438 524 τοσούτοις
3491 472 3756 538 κακοῖς,
3805 449 3921 511 καὶ

439 557 604 613 tanta
637 564 877 631 pecca'a
929 552 1214 632 lapsum?
1260 549 1324 613 in
1377 558 1458 621 te,
1517 550 1788 626 Domine,
1839 564 2020 627 spera

2332 552 2451 613 iret:
2524 555 2879 630 περιπεσόντα
2958 551 3474 627 πλημμελήμασινς
3534 551 3694 608 Ἐπὶ
3776 549 3913 619 σοὶ,

440 643 606 706 Deus
634 658 839 714 meus;
868 640 913 700 si
943 649 1032 702 est
1054 639 1203 701 mihi
1228 657 1367 721 spes
1394 639 1625 711 salutis,
1651 637 1699 699 si
1726 636 1904 698 vincit
1932 636 2021 698 be]

2344 688 2360 713 ,
2405 639 2632 720 ἤλπισα,
2697 643 2722 698 ὁ
2792 641 2919 705 Θεὸς
2978 661 3102 715 μουο
3166 643 3209 697 εἰ
3265 639 3377 698 ἔστι
3438 663 3527 713 μοι
3578 637 3916 715 σοττιρίας

438 729 632 808 gnitas
665 738 761 790 tua
793 728 1234 790 multitudinem
1275 728 1654 809 iniquitatum
1688 743 1980 806 mearum,
2016 750 2019 783 :

2338 778 2352 809 ,
2409 733 2456 788 οἱ
2516 738 2635 804 νικᾷ
2688 733 2723 799 ἡ
2786 730 3146 811 φιλανθρωπία
3205 754 3297 789 σου
3347 731 3413 788 τὰ
3470 729 3681 799 πλήθη
3775 728 3915 782 τῶν

443 818 591 880 mihi
622 819 918 893 Salvator,
971 826 1030 881 et
1059 817 1386 880 secundum
1432 818 1849 878 miserationes
1882 823 2010 876 tuas

2328 828 2392 877 ὧν
2444 843 2569 902 μου,
2630 831 2785 899 γενεῦ
2829 844 2919 895 μοι
2980 821 3193 895 Σωτὴρ,
3242 822 3330 877 καὶ
3375 820 3510 876 κατὰ
3564 820 3726 878 τοὺς
3807 819 3909 871 0':-

442 908 885 971 misericordias
931 916 1083 988 tuas,
1129 907 1316 985 solve,
1345 906 1600 988 dimitte,
1635 916 1691 967 et
1722 905 1921 967 relaxa
1951 910 2023 964 mi

2328 910 2430 974 ιούς
2488 933 2581 968 σου
2639 912 2724 967 καὶ
2781 913 2845 966 τὰ
2901 910 3027 978 ὶλέη
3086 933 3203 983 σου,
3232 910 3371 985 ἄνες,
3419 909 3566 989 ἄφες,
3612 907 3909 986 συγχώ-

441 1007 659 1080 quanta
688 996 799 1061 tibi
828 997 1065 1078 peccavi
1098 1019 1115 1071 ;
1149 995 1288 1074 quia
1316 996 1524 1059 multis
1549 995 1720 1057 malis
1744 995 2022 1076 impletae

2324 1022 2345 1055 ν
2403 1022 2494 1076 μοι
2525 1001 2698 1058 πάντα
2749 1000 2849 1059 ὅσα
2880 1024 2962 1058 σοι
3019 1001 3280 1080 ἥμαρτον
3334 1002 3418 1071 ,ὅτι
3448 999 3695 1058 πολλῶν
3772 1019 3905 1054 κα-

439 1088 639 1150 anima
662 1104 815 1162 mea,
841 1095 899 1148 et
932 1104 1050 1147 non
1076 1095 1166 1147 est
1188 1085 1247 1147 in
1272 1103 1368 1147 me
1384 1085 1590 1147 salutis
1618 1102 1779 1166 spes.
1808 1084 2020 1172 Misere

2321 1094 2353 1162 ἧ
2380 1092 2535 1171 ψυχή
2592 1113 2696 1167 μου
2727 1089 2993 1172 ἐπλήσθη,
3029 1094 3114 1148 καὶ
3161 1093 3255 1149 οὒκ
3285 1090 3424 1147 ’ἐστιν
3455 1090 3507 1146 ἐν
3538 1090 3682 1164 ἐμοὶ
3757 1111 3902 1145 σω-

441 1175 595 1251 mei,
650 1174 845 1253 Deus,
898 1174 1229 1237 secundum
1290 1193 1560 1253 magnam
1619 1171 2022 1235 misericordia

2325 1203 2363 1242 ις
2418 1179 2593 1256 ἐλπὶς,
2639 1179 2867 1248 ὶλὲησόν
2925 1171 3015 1262 με,
3078 1183 3105 1238 ὁ
3163 1183 3316 1254 Θεὸς,
3376 1180 3511 1237 κατὰ
3568 1181 3645 1237 τὸ
3727 1177 3906 1254 μέγα

441 1274 624 1345 tuam,
660 1274 719 1326 et
748 1282 824 1326 ne
858 1263 1155 1326 retribuas
1186 1264 1334 1327 mihi
1366 1261 1694 1326 secundum
1731 1280 1913 1343 opera
1937 1279 2022 1323 me

2313 1291 2479 1344 ;σου,
2523 1270 2719 1345 καὶμὴ
2779 1261 3029 1345 ἀποδῴης
3078 1294 3169 1347 μοι
3230 1270 3364 1328 κατὰ
3418 1271 3483 1326 τὰ
3537 1269 3691 1348 ἔργα
3733 1283 3894 1344 μου·

439 1353 545 1417 sed
566 1362 870 1434 converte,
890 1352 1049 1414 susci
1060 1370 1154 1433 pe,
1180 1351 1369 1413 libera
1385 1352 1643 1413 animam
1666 1369 1856 1414 meam
1872 1368 2019 1413 ama

2364 1360 2705 1438 ἐπίστρεψον,
2765 1358 3070 1433 ἁντιλαόοῠ,
3122 1361 3269 1438 ῥῦσαι
3315 1361 3415 1427 τὴν
3479 1360 3693 1438 ψυχήν
3771 1379 3898 1431 μου)

438 1443 500 1504 in
527 1442 748 1522 quibus
776 1451 911 1504 nata
935 1450 1102 1504 estet
1120 1442 1193 1504 ab
1219 1440 1553 1503 exitialibus
1574 1439 2013 1502 inclinationibi

2340 1454 2445 1504 τῶν
2476 1450 2818 1528 συμφυέντων
2877 1449 3011 1525 αὗτῇ
3069 1454 3272 1529 κακῶν,
3306 1451 3391 1505 καὶ
3443 1447 3641 1504 δεινῶν
3719 1468 3895 1523 προ-

443 1532 599 1593 salva
632 1551 728 1594 me
764 1540 1008 1613 propter
1034 1530 1505 1593 misericordiam
1541 1539 1723 1606 tuam,
1759 1538 1822 1591 ut
1851 1529 1952 1591 ubi
1982 1528 2024 1592 al

2320 1558 2416 1595 ων*
2475 1538 2647 1595 σῶσόν
2699 1560 2765 1613 με
2822 1538 2998 1594 ἕνεκεν
3027 1546 3118 1595 τοῦ
3175 1537 3352 1603 ἐλέους
3398 1560 3513 1617 σου²
3546 1537 3654 1592 ’ἕνα
3728 1536 3896 1592 ὅπου

439 1621 679 1682 undavit
709 1620 1018 1691 delictum,
1043 1618 1495 1700 superabundet
1520 1619 1710 1697 gratia
1731 1626 1855 1694 tua;
1892 1627 1948 1680 et
1971 1618 2020 1680 la

2306 1630 2511 1705 εμαρτία
2597 1627 2938 1703 ξπλεόνασεν,
3018 1629 3468 1706 ὑπερπερισσεύσῃ
3544 1628 3580 1694 ἡ
3686 1625 3887 1702 χάρις

441 1708 616 1782 dabo,
645 1718 703 1770 et
722 1708 1063 1789 gloriﬁcabo
1088 1717 1145 1771 te
1164 1728 1402 1790 semper
1424 1706 1704 1771 omnibus
1725 1708 1941 1770 diebus
1965 1707 2015 1767 vi

2354 1718 2442 1773 καὶ
2496 1717 2708 1795 αἰνέσω,
2743 1718 2830 1773 καὶ
2889 1716 3093 1782 δοξάσω
3145 1739 3202 1773 σε
3260 1714 3344 1772 διὰ
3398 1718 3629 1789 παντὸς,
3672 1719 3893 1777 πάσας

441 1818 610 1862 mem.
657 1783 751 1861 Tu
785 1818 849 1861 es
880 1799 1039 1861 enim
1064 1799 1223 1861 Deus
1257 1783 1697 1880 poenitentium.
1733 1806 1791 1860 et
1822 1797 2021 1861 Salvat

2302 1806 2506 1885 ἡμέρας
2547 1806 2643 1874 τῆς
2674 1783 2817 1878 ζίυῆς
2869 1828 2993 1881 μο),
3031 1808 3102 1862 Σὺ
3131 1806 3231 1883 γὰρ
3282 1807 3337 1863 εἷ
3369 1807 3497 1868 Θεὸς
3527 1783 3642 1860 τῶν
3684 1824 3853 1877 μετα

437 1888 835 1970 peccantium,
862 1896 922 1949 et
955 1886 1060 1949 tibi
1082 1887 1330 1968 gloriam
1357 1887 1724 1949 conferimus
1751 1905 1884 1976 cum
1913 1895 2018 1948 aete

2307 1918 2459 1971 ντων,
2517 1897 2603 1953 καὶ
2666 1896 2857 1976 Σωτὴρ
2924 1898 3028 1951 τῶν
3101 1895 3533 1972 ἁμαρτανόντων,
3589 1897 3694 1948 καὶ
3770 1901 3888 1949 σοῦ

434 1996 514 2041 no
548 1986 646 2039 tuo
680 1980 880 2058 Patre,
916 1991 974 2038 et
999 1977 1402 2050 sanctissimo,
1438 1976 1597 2039 bono
1643 1985 1704 2039 et
1731 1975 1961 2039 viviﬁco
1994 1984 2014 2036 t

2314 1983 2464 2051 δόξαν
2520 1984 2905 2061 ἆναπὲμπομεν
2963 1987 3055 2041 σὺν
3115 1988 3190 2057 τῷ
3236 1983 3456 2063 ἀνάρχῳ
3498 2005 3594 2039 σου
3648 1982 3880 2058 "arpi,

432 2067 679 2148 spiritu,
716 2086 873 2129 nunc
902 2076 964 2130 et
995 2084 1256 2149 semper,
1293 2076 1355 2130 et
1378 2067 1436 2129 in
1461 2067 1676 2129 saecula
1709 2066 2013 2129 seculorul

2317 2081 2393 2148 τῷ
2423 2075 2687 2154 παναγίῳ,
2719 2076 2807 2131 καὶ
2864 2075 3067 2153 ἀγαθῷ,
3101 2075 3188 2131 καὶ
3221 2079 3468 2145 ζωοποιῷ
3498 2094 3595 2127 σου
3668 2073 3880 2126 Πνεύ-

433 2158 656 2221 Amen.
2174 2186 2328 2244 ματι,
2389 2172 2476 2222 νῦν
2524 2166 2609 2222 καὶ
2665 2166 2771 2246 ἀεὶ,
2831 2168 2916 2222 καὶ
2972 2166 3046 2229 εἷς
3114 2164 3236 2230 τοῦς
3295 2164 3486 2226 αἰῶνας
3540 2167 3658 2216 τῶν
3728 2161 3882 2216 αἰώ-

2174 2277 2299 2316 νων,
2334 2253 2506 2329 Ἀμήν
2517 2299 2531 2314 .

984 2335 1202 2398 Versus
1243 2336 1537 2414 eiusdem.

2728 2349 2924 2428 Στίχοι
2959 2355 3051 2405 τοῦ
3084 2351 3259 2407 αὐτοῦ.

430 2443 545 2517 Qui
577 2442 681 2505 das
712 2441 857 2503 mihi
889 2458 1127 2503 carnem
1163 2447 1321 2501 tuam
1356 2457 1552 2503 escam
1604 2439 1822 2521 libens,

1796 2481 1822 2521 »,
2176 2434 2233 2500 Ὀ
2270 2439 2387 2505 δοὺς
2422 2441 2616 2519 τροφήν
2651 2463 2741 2515 μοι
2773 2442 2941 2519 σάρκα
2971 2441 3070 2509 σὴν
3101 2439 3377 2517 ἐκουσιως,

433 2531 548 2605 Qui
575 2531 732 2611 ignis
762 2549 827 2592 es
858 2530 1133 2609 indignos
1169 2548 1555 2609 consumens,

2172 2535 2231 2589 Ὃ
2257 2537 2357 2607 πῦρ
2386 2530 2669 2608 ὑπάρχων,
2702 2531 2791 2585 καὶ
2812 2529 3024 2610 φλέγων
3055 2528 3320 2602 ἀναξίους,

432 2624 522 2686 Ne
553 2642 647 2684 me
678 2622 1025 2700 comburas,
1070 2623 1315 2681 Creator
1342 2638 1535 2682 meus.

2175 2619 2263 2686 Μὴ
2292 2616 2357 2685 δὴ
2388 2616 2718 2697 καταφλέξῃς
2751 2639 2842 2697 με,
2874 2617 2976 2693 μὴ,
3009 2615 3342 2693 πλαστουργέ
3374 2630 3495 2689 μου·

432 2711 638 2773 Potius
670 2711 824 2771 intra
845 2711 904 2771 in
938 2710 1343 2770 membrorum
1375 2727 1644 2769 meorum
1679 2709 2013 2791 compagint

1841 2709 2087 2789 regines,
2178 2705 2390 2764 Μᾶλλον
2420 2705 2586 2762 δίελθε
2629 2709 2760 2771 πρὸς
2793 2707 2969 2782 μελῶν
3004 2728 3106 2782 μου
3138 2706 3422 2776 συνθέσεις,

433 2802 498 2864 In
532 2817 743 2861 omnes
774 2807 959 2873 artus,
996 2798 1056 2859 in
1088 2816 1267 2859 renes
1300 2806 1360 2859 et
1383 2817 1489 2859 cur
1521 2817 1744 2859 meum.

2178 2798 2263 2859 Εἰς
2300 2796 2496 2858 πάντας
2528 2795 2750 2871 ἁρμοὺς,
2785 2797 2855 2861 εἷς
2889 2796 3130 2875 νεφροὺς,
3157 2796 3230 2858 εἰς
3261 2791 3496 2868 καρδίαν.

431 2888 551 2953 Ure
583 2896 778 2950 autem
823 2887 1024 2967 spinas
1069 2893 1335 2949 omnium
1392 2904 1660 2949 meorum
1694 2887 2012 2948 delictorur

1940 2905 2045 2947 'um
2074 2904 2090 2960 ς
2175 2884 2374 2951 Φλέξον
2406 2882 2450 2939 δ’
2480 2884 2704 2949 ἀκάνθας
2729 2890 2834 2940 τῶν
2858 2884 2994 2941 ὅλων
3018 2907 3119 2960 μου
3152 2882 3521 2957 πταισμάτων⁸

431 2978 715 3041 Animam
750 2976 1029 3045 emunda,
1067 2986 1328 3037 mentem
1358 2975 1690 3051 sanctitica,

2179 2975 2377 3054 Ψυχὴν
2406 2974 2654 3050 κάθαιρον²
2687 2974 2903 3052 ἁγίασον
2931 2974 3027 3038 τὰς
3059 2973 3271 3050 φρένας,

432 3066 627 3130 Frena
664 3066 936 3138 obﬁrma,
972 3084 1228 3146 ossaque
1255 3066 1434 3126 simul
1468 3086 1483 3141 ;

2105 3067 2147 3117 (ξ
2173 3065 2274 3125 Τὰς
2308 3063 2457 3131 ἡνίας
2489 3061 2731 3140 στήριξον
2758 3063 2959 3125 ὀστέοις
2988 3062 3121 3138 ἅμα·

431 3159 729 3219 Sensuum
761 3154 1031 3217 illumina
1061 3154 1495 3235 quintuplicem
1543 3155 1908 3230 facultatem,

1651 3155 1908 3230 ultatem,
2172 3153 2479 3235 Neminen:
2509 3155 2743 3229 φώτισον
2773 3153 2952 3220 ἁπλῆν
2984 3151 3232 3210 πεντάδα·

430 3247 642 3309 Totum
680 3264 773 3306 me
808 3252 905 3306 tuo
935 3226 1153 3305 timore
1182 3226 1525 3322 constringe
1555 3264 1571 3318 ;
1894 3226 1903 3230 ⁷

1894 3226 1903 3230 ⁷
2172 3226 2331 3300 ’1ολον
2363 3263 2429 3317 με
2473 3226 2549 3315 τῷ
2581 3248 2655 3315 σῷ
2685 3241 3100 3318 συγκαθήλωσον
3134 3241 3300 3321 φόϐῳ·

434 3335 690 3417 Semper
722 3333 922 3417 vigila,
955 3351 1149 3414 serva,
1188 3341 1245 3395 et
1277 3332 1511 3395 custodi
1546 3352 1664 3412 me,

2174 3330 2283 3387 ’Λεὶ
2316 3331 2502 3409 σκέπε,
2544 3331 2751 3408 φρούρει
2795 3352 2850 3387 τε
2881 3336 2970 3387 καί
2997 3330 3220 3411 φύλαττέ
3265 3351 3353 3404 με,

432 3424 527 3489 Ab
561 3424 721 3486 οιηηί
754 3441 943 3505 opere
973 3432 1033 3486 et
1063 3421 1240 3485 verbo
1266 3422 1523 3484 animam
1571 3421 1884 3503 perdente.

1814 3429 1884 3483 te.
2174 3417 2268 3478 Ἐκ
2300 3421 2497 3484 παντὸς
2528 3418 2683 3498 ἔργον)
2713 3422 2800 3476 καὶ
2831 3419 2992 3498 ὶδγου
3024 3420 3395 3500 ψυχοφθρόρου

434 3513 711 3587 Puriﬁca,
747 3512 1008 3576 emunda
1037 3525 1098 3575 et
1130 3512 1319 3591 dirige
1351 3530 1470 3584 me,

2173 3509 2413 3587 ”Αγνιζε,
2449 3510 2536 3565 καὶ
2566 3509 2782 3587 κάθαρε,
2814 3510 2903 3565 καὶ
2932 3510 3141 3587 ῥύθμιζέ
3171 3531 3260 3589 με,

435 3603 691 3677 Exorna,
720 3603 950 3665 instrue
993 3611 1050 3664 et
1080 3602 1355 3663 illumina
1387 3620 1503 3662 me.

2174 3596 2433 3678 Κεὶλλυνε⁹
2467 3598 2721 3677 συνέτιζε,
2757 3600 2844 3655 καὶ
2887 3599 3079 3678 φώτιζὲ
3110 3615 3197 3674 με·

432 3692 697 3755 Ostende
731 3711 826 3752 me
860 3691 1265 3753 habitaculum
1298 3689 1555 3771 Spiritus
1594 3688 1803 3765 solius,

2175 3688 2359 3753 Δεῐξὸν
2386 3708 2450 3762 με
2489 3688 2581 3743 σὸν
2611 3689 2873 3762 σκήνωμα
2910 3690 3201 3764 πνεύματος
3234 3688 3422 3763 μόνου,

433 3781 505 3842 Ει
534 3799 835 3860 nunquam
871 3779 1155 3842 habitatio
1187 3778 1439 3857 peccati.

2175 3777 2279 3837 Καὶ
2313 3776 2512 3851 μηκέτι
2543 3776 2802 3851 σκήνωμα
2829 3779 2927 3845 τῆς
2958 3777 3236 3855 ἁμαρτίας,

431 3869 510 3932 Ut
539 3870 753 3931 domus
786 3878 884 3929 tua
912 3869 1025 3930 sim
1074 3866 1514 3932 communionis
1547 3866 1725 3929 dono.

1650 3887 1725 3929 Io.
2171 3866 2265 3924 ”Ιν’
2301 3870 2372 3929 ὡς
2406 3869 2498 3923 σὸν
2523 3867 2681 3923 οἶνον
2713 3866 2898 3940 εἰσόδῳ
2929 3868 3231 3931 κοινωνίας·

433 3961 508 4023 Ut
531 3959 687 4038 ignis
712 3976 807 4019 me
829 3959 1034 4037 fugiat,
1060 3956 1255 4018 omnis
1280 3956 1433 4017 male
1449 3957 1856 4034 agens,omnis
1875 3955 2014 4017 libid

1967 3957 2082 4033 ido,
2172 3947 2263 4017 Ὠς
2296 3956 2397 4034 πῦρ
2422 3977 2486 4030 με
2514 3956 2702 4034 φεύγῃ,
2738 3961 2839 4017 πᾶς
2870 3967 3188 4037 κακοῦργος,
3224 3963 3330 4014 πᾶν
3359 3958 3548 4030 adiice,

429 4051 867 4113 Iutercessores
896 4046 1082 4109 otl‘ero
1111 4046 1218 4108 tibi
1251 4064 1459 4107 omnes
1495 4054 1761 4122 sanctos,

1758 4097 1761 4115 ,
2170 4043 2417 4123 “pi-5052::
2451 4045 2592 4125 φέρω
2623 4067 2703 4101 σοι
2729 4045 2927 4110 πάντας
2959 4046 3339 4123 ἣγιασμένους,

428 4138 926 4219 incorporeorum
966 4137 1233 4218 ordines,

2165 4135 2270 4199 Τάς
2299 4135 2605 4215 ταξιαρχίας
2635 4155 2691 4190 τε
2720 4139 2825 4190 τῶν
2856 4134 3177 4211 ἀσωμάτων³

430 4230 870 4291 Ρτωουῐευτθπι
906 4234 1068 4287 tuum
1094 4274 1109 4305 ,
1142 4223 1446 4305 sapientes
1475 4224 1798 4306 apostolos,

2165 4225 2265 4282 Τὸν
2295 4222 2594 4303 πρόδρομόν
2623 4244 2741 4301 σου³
2774 4226 2896 4287 τοὺς
2930 4226 3122 4303 σοφοὺς
3154 4223 3500 4300 ἁποστὸλονς,

430 4319 503 4377 Et
532 4335 667 4379 cum
702 4315 795 4377 his
828 4325 986 4377 tuam
1022 4332 1228 4395 puram
1254 4323 1312 4375 et
1340 4313 1784 4376 immaculatem
1808 4313 2011 4377 Matrel

1855 4313 2081 4391 latrem;
2106 4383 2145 4395 _
2168 4315 2304 4391 Πρὸς
2348 4310 2525 4369 τοῖσδε
2555 4311 2654 4378 σὴν
2698 4308 2967 4391 ἄχραντον
3000 4314 3163 4391 ἁγνὴν
3198 4313 3436 4392 Μητέραο

430 4407 694 4479 Quorum
714 4383 1039 4481 orationes,
1058 4403 1426 4476 misericors,
1444 4402 1706 4485 suscipe,
1720 4404 1952 4468 Christe
1976 4423 2011 4465 π

1987 4406 2078 4479 τιή,
2106 4383 2148 4434 D
2167 4398 2261 4457 12v
2290 4402 2378 4464 εάς
2418 4400 2592 4472 λιτάς,
2626 4399 2989 4482 εῧσιιλαγχνε,
3021 4402 3184 4479 δέξαι,
3224 4401 3415 4481 Χριστέ
3440 4424 3568 4479 μου,

426 4496 501 4557 Et
531 4494 717 4557 ﬁlium
753 4493 904 4555 lucis
933 4502 1096 4555 tuum
1130 4510 1367 4555 servum
1403 4491 1592 4554 efﬁce.

2166 4493 2263 4549 Καὶ
2291 4491 2469 4570 φωτὸς
2499 4487 2664 4547 παῖδα
2700 4490 2787 4545 τὸν
2811 4491 2902 4545 σὸν
2934 4489 3149 4569 ἔργασαι
3180 4492 3363 4568 λάτριν

427 4583 517 4646 Tu
549 4582 707 4645 enim
739 4600 804 4644 es
835 4582 998 4643 solus
1026 4579 1421 4644 sanctiﬁcatio
1454 4588 1680 4662 nostra,

1664 4632 1680 4662 ’
2161 4582 2234 4636 Σὺ
2262 4583 2363 4659 γάρ
2389 4579 2648 4658 ὑπάρχεις
2672 4579 2935 4656 ἁγιασμὸς
2969 4581 3054 4635 καὶ
3084 4582 3245 4655 μόνος

422 4672 471 4736 Ο
506 4673 684 4751 bone,
719 4671 1175 4752 animarumque
1207 4678 1551 4733 nostrarum
1586 4671 1915 4753 splendor;

1854 4690 1915 4749 νς
2161 4668 2367 4744 Ἠειῶν,
2400 4669 2584 4748 ἀγαθὲ,
2619 4673 2723 4725 τῶν
2755 4670 2949 4747 ψυχῶν
2977 4672 3063 4725 καὶ
3094 4669 3435 4745 λαμπρότης’

422 4762 497 4824 Ει
523 4760 655 4838 tibi,
691 4771 752 4821 ut
785 4760 979 4841 decet,
1020 4768 1298 4842 tanquam
1328 4757 1450 4820 Deo
1480 4777 1549 4821 ac
1583 4762 1833 4823 Domino

1779 4781 1833 4823 ιο
2165 4760 2268 4816 lini
2297 4761 2377 4815 σοὶ
2406 4758 2712 4836 πρεπόντως
2742 4757 2816 4819 ὼς
2848 4761 2965 4829 Θεῷ
2995 4761 3081 4815 καὶ
3114 4761 3360 4826 Δεσπότη

426 4851 689 4917 Gloriam
725 4869 938 4914 omnes
968 4850 1234 4933 quotidie
1273 4847 1611 4919 offerimus.

2164 4847 2329 4914 Δὸξαν
2358 4850 2586 4911 ἅπαντες
2618 4846 2902 4922 πέμπομεν
2930 4847 3048 4905 καθ’
3077 4850 3302 4927 ἡμέραν,
