4004 6138
232 276 316 341 Ὧθ

1710 259 2117 334 EPISTOL/E.

3486 254 3606 329 230

222 409 534 486 γενομένοις
593 412 692 467 οὐκ
740 405 947 479 ἄδῆλον
996 402 1160 471 ἕξουσι
1216 405 1278 461 τὸ
1334 401 1455 477 ἡδὺ,
1514 402 1609 460 καὶ
1667 401 1777 475 ὅσῳ
1817 400 1881 468 δὴ

1979 416 2141 479 quem
2174 395 2457 477 reSpicit;
2487 404 2549 486 at
2576 396 2677 478 qui
2710 394 2894 486 probe
2918 412 3047 457 eam
3077 393 3497 475 delibaverint,
3517 417 3611 461 nae

215 505 279 570 τῷ
351 497 554 572 μέλιτι
643 502 738 563 τῆς
824 494 1010 574 ψυχῆς
1099 492 1512 571 συγκεκραμένοι
1596 492 1882 570 πεφύκασι’

211 591 288 643 καί
348 612 459 662 μοι
523 585 736 664 δοκεῖν,
786 589 813 641 ὁ
874 597 991 646 τοῖς
1064 585 1359 657 σκέμμασιν
1404 581 1630 646 ἐκείνους
1685 578 1888 657 βαλλόα

210 678 372 752 μένος
440 689 571 739 τοῖς
635 674 853 749 καλοῖς,
918 674 1021 753 οὐχ
1075 670 1249 751 ὕϐρεσι
1326 671 1607 748 βάλλεσθαι
1659 669 1889 748 μᾶλλον,

208 766 241 832 ἢ
328 762 525 843 ῥόδοις
585 765 879 820 πάττεσθαι
937 760 1092 827 δόξει.
1153 761 1302 818 Ἐπεὶ
1357 758 1409 814 δὲ
1467 763 1527 815 τὸ
1584 757 1729 836 ῥόδον
1775 757 1892 838 ἔχει

210 856 308 929 μέν
390 876 555 919 τινας
615 853 844 915 ἀκάνθας
917 849 1342 924 συνεξανθούσας,
1415 847 1534 904 ἀλλ’
1614 850 1672 905 οὗ
1754 848 1894 926 παρᾶ

209 951 370 1000 τοῦτο
429 958 559 1008 τοῖς
596 939 909 1023 φιλοκάλοις
939 938 1125 1016 ἀηδὲς,
1158 938 1295 1001 ἀλλὰ
1342 940 1431 996 καὶ
1466 935 1663 1018 σφόδρα
1719 959 1886 1015 προσ-

215 1033 372 1111 ριλὲς
442 1034 537 1089 καὶ
595 1030 838 1111 ἐπίχαρν
898 1029 993 1087 καὶ
1036 1030 1098 1086 τὸ
1167 1027 1332 1108 γλυκὺ
1413 1035 1566 1084 τοῦτο
1622 1026 1770 1092 ξύλον
1829 1028 1888 1083 τὸ

545 1120 925 1201 (κιννήμωμον
983 1120 1109 1176 αὒτὸ
1168 1117 1449 1195 καλοὸσιν)
1512 1117 1629 1197 ἔχει
1706 1115 1885 1192 μέντοι

214 1215 301 1267 καὶ
362 1209 571 1266 adium:
630 1209 737 1265 ἀπὸ
794 1211 891 1276 τῆς
952 1210 1181 1287 φύσεως,
1223 1204 1342 1263 ἀλλ’
1397 1208 1625 1265 ἐντεῦθεν
1684 1204 1887 1273 μᾶλλον

212 1301 488 1376 ὒπονίζει,
551 1301 641 1357 καὶ
718 1299 983 1377 διεγείρει,
1024 1298 1123 1365 τὴν
1201 1295 1387 1375 ὄρεξιν·
1455 1297 1541 1352 καὶ
1609 1295 1768 1351 αὒτὸν
1835 1292 1888 1350 δὲ

211 1393 303 1445 τὸν
372 1389 607 1467 Ἐρωτά
637 1410 764 1468 φασι
807 1399 925 1451 τοῖς
956 1385 1130 1463 βέλεσι
1189 1387 1424 1465 χαίρειν,
1458 1386 1542 1441 οιαὶ
1587 1386 1682 1441 οὐκ
1738 1385 1890 1447 ἐκτὸς

209 1481 507 1535 ⁴ποιεῖσθαι
567 1483 668 1544 τῆς
728 1474 915 1543 ὀδύνης
960 1476 1057 1542 την
1103 1473 1324 1550 ἡδονήν,
1358 1474 1544 1537 Ὀπως
1606 1474 1778 1529 δὲκαὶ
1826 1474 1892 1529 τὰ

208 1569 273 1624 ἐκ
328 1569 444 1636 τῆς
494 1569 702 1647 τέχνης
734 1566 865 1633 ἄνθη
920 1565 1215 1639 καθωράίζε
1265 1565 1365 1631 τὴν
1423 1562 1751 1633 ἒπιστολτίνί
1799 1566 1891 1619 οἷα

208 1658 316 1730 μὲν
350 1658 464 1735 γὰρ
502 1657 538 1724 ἢ
584 1662 691 1713 τῶν
722 1655 1000 1730 ὀνομάτων
1044 1652 1357 1711 καλλιέπεια
1413 1655 1499 1711 καὶ
1552 1651 1836 1734 φαιδρότης
1872 1651 1886 1711 ί

208 1750 311 1803 οἷα
376 1742 437 1801 δὲ
471 1746 510 1813 ἡ
560 1750 659 1811 τῆς
689 1744 979 1807 συνθέσεως
1032 1742 1254 1819 ἁρμονία
1290 1743 1305 1801 ι
1337 1745 1398 1799 τὸ
1454 1742 1508 1798 δὲ
1538 1749 1646 1798 τῶν
1703 1764 1889 1817 σκωμ⁶

208 1836 413 1909 μάτων
477 1834 740 1915 εὔστοχον
809 1836 897 1889 καὶ
954 1831 1140 1890 δάκνον
1219 1833 1355 1907 μετὰ
1407 1839 1499 1889 τοῦ
1586 1830 1798 1900 ἤδοντω
1856 1833 1891 1898 ἡ

208 1923 266 1979 δὲ
338 1931 454 1979 τῶν
515 1928 792 2003 Γραφικῶν
850 1923 1102 2003 χρήσεων
1156 1921 1413 2000 εὖκαιρία,
1446 1924 1533 1978 καὶ
1577 1922 1693 1989 ἢέν
1744 1919 1891 1976 ἅπαη

202 2036 296 2069 σιν
366 2013 743 2089 ἐπιπρέπουσα
799 2015 994 2093 φυσική
1055 2034 1135 2074 τις
1184 2012 1359 2088 εὔροια
1404 2014 1488 2067 καὶ
1548 2012 1736 2089 χάρις,
1773 2011 1891 2067 οἶον

213 2104 424 2181 ὀπώρα
504 2124 585 2165 τις
650 2104 785 2158 κατὰ
864 2103 961 2168 τὴν
1032 2101 1171 2178 ὥραν
1225 2100 1482 2178 γλυκερὰν
1550 2098 1736 2155 λιϐάδα
1808 2102 1893 2156 καὶ

211 2193 505 2271 μελιιρᾶν
560 2191 951 2262 ἆποσταζουσα.
1016 2193 1113 2249 Καὶ
1165 2192 1212 2246 τί
1242 2189 1287 2245 τ’
1334 2188 1532 2268 ἅῤῥητα
1581 2190 1886 2266 ἀναμετρή-

210 2283 422 2339 σασθαί
479 2303 548 2357 με
600 2280 773 2355 δοκεῖ,
804 2282 941 2336 κατά
978 2282 1067 2336 τὸν
1129 2281 1365 2340 εἰπόντα.
1427 2281 1641 2338 Πάντως
1676 2277 1729 2334 δὲ
1789 2275 1889 2333 ἔδει

216 1120 416 1179 Ἰνδικὸ
424 1147 453 1174 ν

217 2374 310 2428 τὸν
384 2370 555 2434 οὕτως
611 2375 847 2447 εὔπρεπῆ
904 2372 994 2426 τὸν
1042 2371 1177 2446 βὶον,
1244 2368 1408 2432 οὕτως
1466 2373 1606 2426 εἶναι
1667 2369 1754 2424 καί
1800 2369 1891 2423 τὸν

217 2461 397 2537 λόγον
480 2460 766 2536 ἐπιτερπῆ,
829 2458 920 2514 ἵνα
978 2460 1055 2533 μὴ
1122 2457 1376 2535 βασιλεύῃ
1448 2461 1610 2532 μόνον
1668 2454 1887 2533 ἀνδρῶν,

222 2550 373 2605 ἀλλὰ
428 2551 683 2605 καὶκατὰ
738 2551 852 2624 βίου
895 2550 1113 2623 παντὸς,
1147 2551 1233 2605 καὶ
1288 2548 1422 2604 κατᾶ
1478 2548 1637 2623 λόγου
1699 2548 1892 2612 κεκτη-

224 2661 311 2694 ται
348 2642 452 2705 τὴν
487 2645 742 2698 νικῶσαν,

808 2725 822 2745 ἳ
959 2734 975 2743 υ
1152 2725 1175 2743 ἢ
1267 2728 1278 2744 Ι

765 2738 801 2782 Δ
833 2774 846 2788 .
906 2736 988 2801 Top
1033 2734 1367 2789 Λαοδικείας.

312 2815 616 2891 magis:an
672 2816 773 2883 τὴν
830 2817 999 2882 καλὴν
1060 2816 1289 2887 ἐκείνην,
1347 2817 1432 2871 καὶ
1489 2813 1709 2883 ἡδίστην
1760 2815 1889 2871 ἑπι-

237 2907 469 2980 στολην,
518 2906 715 2983 ἐναργῆ
748 2909 825 2980 τῷ
868 2906 976 2961 ὄντι
1034 2911 1349 2985 χαρακτῆρα
1398 2905 1491 2972 τῆς
1552 2905 1755 2981 ἀγαθῆς
1802 2928 1893 2962 σου

238 2999 326 3052 καί
386 2996 637 3068 γλυκείας
688 3001 899 3074 ψυχῆς.
940 2998 1035 3052 Καὶ
1093 2994 1191 3072 γὰρ
1249 2995 1584 3073 φέρωναῦτῇ
1640 2994 1892 3062 ἐνέθηκας

233 3086 363 3153 ἦθός
446 3107 507 3141 τε
594 3086 828 3167 σῶφρον,
906 3086 993 3140 καὶ
1062 3085 1394 3162 ἡμερότητα,
1449 3088 1545 3140 καὶ
1633 3083 1893 3163 μελιχρὸν

236 3183 471 3250 πνεῦμα,
534 3176 625 3230 καὶ
691 3173 792 3241 τήν
843 3174 946 3231 ἀπὸ
1016 3176 1122 3230 τὼν
1191 3171 1419 3253 χειλέων
1476 3171 1695 3250 ῥέουσαν
1765 3171 1895 3241 ἠδο-

236 3266 358 3333 νήν.
420 3266 521 3321 Καί
586 3286 678 3337 μοι
755 3260 973 3338 ἐδόκεις,
1034 3260 1100 3318 δι’
1172 3265 1335 3331 αὐτῆς
1406 3260 1642 3337 ὁμιλεῖν,
1716 3262 1896 3342 ὥσπερ

237 3353 385 3415 ἔθους
469 3352 615 3432 ἕλξις
697 3350 845 3426 μάλα
916 3352 1172 3424 κοσμίως,
1256 3350 1634 3428 παραμιγνύων
1710 3352 1897 3425 κόσμῳ

235 3443 331 3503 τὶς
416 3442 686 3520 χάριτας.
779 3441 908 3500 Οἶος
983 3442 1043 3496 σὺ
1114 3447 1277 3497 ταῦτα
1378 3446 1559 3515 κιρ-ιᾷν
1649 3440 1891 3514 ἐξαίσιος,

237 3534 322 3586 καὶ
374 3532 600 3606 κέντρον
657 3551 708 3586 τι
765 3528 939 3605 φιλίας
1006 3527 1307 3606 ἀπόῤῥητον
1364 3543 1485 3590 ταῖς
1554 3534 1760 3609 ψυχαῖς
1813 3529 1895 3585 ἐν·

491 3618 661 3674 ’Ὥστε
739 3620 899 3674 ὁπότε
970 3619 1068 3685 τὴν
1150 3616 1438 3685 ἕπιστολὴν
1509 3619 1891 3696 ἀνεγίνωσκον,

240 3710 407 3765 Πόσον
491 3707 678 3785 ἔλεγον
740 3704 982 3764 δύνασθαι
1041 3705 1203 3763 πλέον
1289 3707 1383 3769 τὰς
1440 3707 1714 3785 σώφρονας
1778 3709 1887 3787 χά-

241 3821 408 3878 ριτας,
471 3796 610 3874 ἤπερ
668 3796 762 3857 τὰς
833 3797 909 3870 μὴ
968 3797 1105 3852 οὕτω
1162 3795 1437 3875 ἐχούσῖςί
1506 3797 1595 3852 καί
1650 3819 1698 3852 τι
1756 3797 1893 3874 μέγα

242 3886 599 3955 πεποιηκέναι
646 3889 738 3941 τὸν
778 3882 971 3958 ἱμάντα
1028 3886 1234 3944 ἐκεῖνον
1292 3884 1539 3965 ἔφασκον,
1600 3884 1654 3940 ἐν
1710 3886 1756 3960 ᾧ
1803 3909 1893 3965 φι-

244 3978 403 4044 λότης
456 3977 547 4033 καὶ
603 3975 813 4051 ἵμερος,
861 3976 955 4031 καί
1017 3973 1066 4031 τ’
1121 3974 1259 4030 ἄλλα
1316 3976 1379 4031 τὰ
1430 3976 1628 4032 τούτων
1676 3976 1893 4056 αἰσχίω,

247 4066 322 4121 ὅτι
374 4067 471 4122 τὸν
500 4065 639 4120 πάνυ
689 4065 819 4143 πρός
868 4064 932 4120 τᾶ
972 4070 1187 4121 τοιαῦτα
1236 4061 1409 4136 θᾴδιον
1458 4064 1551 4120 Δία
1597 4065 1893 4142 γεγονέναι,

248 4154 436 4221 θελξαι.
492 4153 646 4211 Ἀλλ’
678 4155 713 4222 ἡ
758 4153 1039 4230 ἐπιστολὴ,
1076 4155 1255 4211 πόσων
1315 4154 1413 4229 μὲν
1444 4152 1681 4233 χαρίτων
1714 4153 1899 4210 πλειό-

249 4268 342 4302 νων
400 4244 625 4322 εὔπορος
678 4242 789 4311 ἧνί
850 4243 1000 4318 πόσῳ
1040 4241 1222 4299 δὲκαὶ
1281 4242 1527 4322 σώφρονα
1558 4248 1676 4300 νοῦν
1733 4242 1895 4299 πλέον

254 4334 604 4412 χειρώσασθαι
666 4330 932 4409 δυναμένη
971 4330 986 4393 ί
1056 4333 1226 4391 Ταῦτά
1285 4354 1341 4388 τε
1390 4330 1593 4412 ἔλεγον,
1627 4333 1715 4388 καὶ
1759 4332 1896 4408 ἐμα-

257 4422 458 4500 κᾶρεζόν
518 4443 577 4477 σε
636 4428 733 4489 τῆς
793 4422 1059 4501 γλώττης,
1094 4424 1197 4503 οὐχ
1259 4420 1426 4486 οὕτως
1471 4422 1650 4501 ὥσπερ
1693 4422 1755 4478 σὺ
1797 4423 1896 4490 τὴν

238 3620 369 3676 ιέναι
381 3670 395 3684 ,

1970 487 2057 548 illi
2088 493 2147 549 et
2192 486 2431 547 dulcem
2466 484 2931 564 degustaverint,
2970 491 3027 545 et
3056 491 3341 565 quantum
3375 503 3442 546 ea
3472 505 3607 549 cum

1972 576 2153 638 animi
2204 575 2382 637 melle
2413 580 2892 645 commisceatnr,
2929 573 3485 637 animadverterint.
3540 576 3611 639 Et

1978 666 2122 728 mihi
2152 668 2324 746 plane
2353 664 2608 744 videtur,
2641 664 2741 745 qui
2782 663 3152 745 perpulchris
3195 663 3461 725 dicteriis
3494 665 3609 727 illis

1978 754 2305 836 impetitur,
2340 773 2458 815 non
2490 753 2727 833 injuriis
2756 754 2973 835 appeti,
3007 752 3111 815 sed
3144 754 3328 833 magis
3350 752 3609 816 rosisin-

1977 844 2192 925 spergi.
2206 843 2699 923 Quandoquidem
2715 847 2823 905 etsi
2846 861 2996 904 rosae
3014 861 3130 905 una
3153 861 3287 905 cum
3303 844 3453 905 ﬂore
3472 862 3611 906 enav

1976 934 2050 995 tis
2071 932 2248 994 simul
2272 934 2522 995 horrent.
2545 932 2754 1013 spinis,
2782 951 2901 994 non
2923 939 3238 1014 propterea
3261 933 3476 995 coloris
3492 941 3615 996 stu-

1973 1022 2162 1084 diosis
2193 1022 2453 1102 ingrata;
2505 1020 2625 1082 imo
2672 1039 2845 1101 quam
2896 1022 3147 1085 maxime
3197 1023 3514 1104 concupita
3561 1030 3622 1086 et

1971 1111 2226 1192 gratiosa
2257 1110 2542 1187 evadunt;
2570 1110 2819 1173 etdulce
2832 1110 2943 1173 hoc
2963 1110 3184 1189 lignum
3211 1109 3502 1194 Indicum,
3521 1115 3616 1176 cui

1970 1202 2354 1263 cinnamomo
2387 1219 2607 1262 nomen
2639 1207 2753 1274 est,
2791 1207 3003 1262 natura
3034 1198 3276 1281 quidem
3308 1221 3414 1261 sua
3450 1221 3616 1266 mor-

1974 1292 2095 1365 det,
2130 1290 2234 1350 sed
2267 1308 2338 1350 eo
2372 1289 2559 1368 magis
2590 1307 2658 1349 ac
2692 1288 2877 1367 magis
2908 1287 3164 1363 vellicat,
3196 1296 3253 1349 et
3283 1288 3399 1351 cibi
3433 1309 3622 1371 appe-

1975 1380 2217 1442 tentiam
2251 1380 2488 1440 excitat.
2523 1380 2719 1460 Ipsum
2749 1379 2926 1439 etiam
2960 1377 3312 1458 Cupidinem
3351 1379 3619 1457 tradunt,

1974 1469 2202 1548 sagittis
2233 1468 2520 1547 gaudere,
2557 1468 2611 1528 ei
2632 1487 2747 1529 non
2780 1466 3005 1548 absque
3037 1466 3243 1529 dolore
3261 1467 3619 1549 voluptatem

1974 1557 2292 1639 impartiri.
2324 1557 2592 1631 Quonam
2628 1576 2746 1618 non
2782 1558 2956 1619 modo
2994 1566 3050 1618 et
3071 1576 3139 1619 ex
3172 1565 3299 1619 arte
3321 1558 3488 1639 petiti
3509 1558 3622 1620 ﬂo-

1973 1666 2071 1709 res
2102 1646 2428 1728 Epistulam
2459 1645 2866 1708 decorabant?
2897 1643 3002 1719 Qui
3027 1646 3331 1707 nominum
3355 1647 3622 1710 delectus

1975 1746 2033 1798 et
2064 1736 2350 1817 splendor
2379 1742 2407 1799 Ῥ
2436 1754 2571 1814 quae
2604 1735 3056 1816 compositionis
3083 1736 3498 1799 concinnitas?
3542 1740 3622 1801 At

1975 1825 2366 1889 dicteriorum
2395 1832 2666 1888 exactum
2687 1833 2813 1887 arte
2837 1844 3225 1906 pungensque
3254 1845 3387 1887 cum
3405 1826 3619 1907 volup-

1975 1924 2117 1990 tate,
2147 1924 2203 1977 et
2226 1914 2553 1996 Scriptura:
2577 1915 2992 1977 auctoritatum
3021 1915 3457 1996 opportunitas,
3480 1924 3538 1978 et
3560 1919 3621 1976 in

1976 2006 2253 2066 omnibus
2285 2004 2647 2067 conveniens
2672 2011 2731 2066 et
2763 2004 3046 2066 naturalis
3078 2005 3375 2068 aﬂluentia
3405 2018 3462 2067 et
3494 2024 3622 2084 gra-

1975 2095 2080 2174 tia,
2112 2094 2289 2155 veluti
2347 2093 2577 2156 fructus
2635 2094 2930 2178 quispiam
2964 2094 3023 2155 in
3058 2102 3345 2174 tempore,
3382 2095 3617 2157 dulcem

1974 2190 2195 2263 guttam
2230 2200 2586 2264 suavemque
2622 2184 2897 2246 instillat.
2918 2182 2987 2245 Et
3018 2185 3156 2265 quid
3190 2204 3338 2265 opus
3362 2193 3473 2259 est,
3497 2203 3613 2259 me,

1974 2291 2103 2354 qua;
2119 2273 2316 2334 verbis
2341 2274 2593 2354 exprimi
2617 2282 2941 2354 nequeunt,
2959 2274 3223 2335 oratione
3248 2274 3619 2354 persequi,ut

1975 2362 2074 2423 illo
2104 2361 2340 2423 aiebat?
2370 2364 2623 2424 Prorsus
2653 2362 2984 2424 addecebat
3028 2381 3187 2437 eum,
3238 2362 3338 2442 qui
3389 2370 3474 2425 sic
3505 2364 3619 2425 vita

1979 2451 2326 2531 Spectabilis
2357 2461 2467 2526 est,
2502 2452 2580 2513 ita
2610 2470 2741 2514 esse
2774 2460 2831 2514 et
2858 2451 3129 2513 oratione
3154 2452 3516 2532 jucundum,
3545 2471 3621 2513 ne

1976 2541 2117 2600 viris
2151 2550 2374 2602 tantum
2410 2542 2783 2621 imperitans,
2802 2541 2906 2603 sed
2941 2551 2995 2603 et
3032 2545 3185 2603 inter
3205 2541 3622 2604 vitaainstituta

1975 2631 2134 2691 varia
2160 2648 2490 2711 omnesque
2514 2631 2800 2692 orationis
2824 2630 3316 2712 modos,palmam
3343 2631 3618 2695 haberet.

2537 2719 2634 2782 ιν.
2686 2720 3039 2784 Laodiceno.

2055 2808 2483 2890 Perpulchram
2507 2809 2664 2871 illam
2701 2820 2756 2871 et
2778 2809 3280 2890 jucundissimam
3309 2810 3620 2890 epistolam

1977 2900 2241 2979 suscepi,
2270 2899 2647 2961 manifestam
2677 2899 2845 2981 probi
2876 2899 2959 2961 tui
2992 2908 3047 2961 et
3068 2900 3265 2964 suavis
3285 2899 3469 2962 animi
3492 2900 3622 2962 effi-

1976 2989 2155 3069 giem.
2198 2988 2465 3070 Namque
2518 2991 2572 3051 in
2605 3008 2671 3050 ea
2703 2991 2776 3051 de
2810 3002 2907 3051 tuo
2937 2990 3264 3071 apposuisti
3299 2999 3357 3052 et
3393 3008 3624 3053 morum

1975 3081 2346 3157 gravitatem,
2383 3088 2443 3141 et
2476 3080 2959 3160 tranquillitatem
2997 3081 3307 3155 mentis,et
3340 3079 3624 3142 melleum

1979 3167 2279 3248 spiritum,
2316 3178 2395 3243 et,
2442 3188 2577 3249 quae
2606 3188 2637 3229 a
2666 3167 2838 3229 labiis
2870 3168 3079 3243 eﬁluit,
3116 3170 3505 3249 voluptatem.
3553 3167 3627 3230 Et

1979 3256 2122 3318 mihi
2156 3257 2451 3319 videbaris
2483 3277 2589 3338 per
2620 3276 2747 3319 eam
2781 3276 3122 3319 sermonem
3154 3258 3475 3320 admodum
3510 3258 3622 3319 de-

1979 3365 2116 3408 core
2150 3347 2449 3422 conferre,
2508 3348 2591 3409 uti
2648 3346 2752 3407 tibi
2810 3354 2992 3408 moris
3024 3355 3135 3420 est,
3187 3346 3621 3427 pulchritudini

1979 3437 2197 3514 gratias
2227 3438 2591 3509 immiscens,
2619 3436 2718 3517 qui
2752 3436 2811 3497 in
2846 3436 2963 3497 illis
2988 3436 3313 3497 miscendis
3337 3445 3393 3497 et
3414 3437 3623 3498 aculeo

1979 3522 2278 3595 amicitize,
2343 3524 2613 3586 oratione
2672 3525 2927 3605 exprimi
2986 3543 3103 3585 non
3135 3541 3302 3604 mque
3334 3523 3518 3598 facili,
3561 3524 3623 3584 in

1978 3612 2211 3673 animos
2244 3613 2568 3694 injicienda
2605 3614 2898 3694 praeclare
2932 3612 3187 3675 eximius
3220 3631 3305 3676 es.
3360 3614 3529 3675 Adeo
3564 3621 3627 3675 ut

1982 3720 2339 3782 percurrens
2372 3701 2709 3784 epistolam,
2740 3702 2993 3783 Quanto,
3019 3701 3383 3782 inquiebam,
3412 3703 3628 3764 robore

1979 3792 2109 3871 plus
2142 3793 2451 3872 prudentis
2495 3793 2719 3869 gratiae,
2778 3812 2955 3874 quam
2988 3810 3122 3869 qua;
3154 3791 3231 3854 ita
3261 3810 3327 3854 se
3361 3812 3478 3853 non
3511 3792 3627 3854 ιω-

1980 3881 2179 3953 beant,
2213 3881 2558 3945 abundant?
2587 3895 2645 3945 et
2677 3900 2951 3962 magnum
2984 3881 3125 3963 quid
3165 3882 3358 3961 egisse
3408 3874 3655 3961 cingu-i

1979 3969 2101 4031 lum
2136 3970 2305 4047 illud,
2363 3971 2802 4048 asseverabam,
2858 3973 2915 4033 in
2949 3991 3064 4053 quo
3097 3982 3158 4033 et
3188 3970 3540 4034 concubitus
3571 3978 3631 4032 et

1979 4077 2170 4135 amor,
2205 4067 2263 4123 et
2293 4061 2406 4123 alia
2436 4062 2601 4124 hisce
2634 4061 3031 4136 obscoeniora,
3067 4063 3141 4123 ad
3175 4059 3394 4122 similia
3421 4059 3626 4123 Jovem

1980 4154 2172 4229 ipsum
2207 4151 2745 4231 propensissimum
2781 4151 3072 4213 alliciens.
3109 4151 3187 4213 At
3218 4149 3468 4230 epistola
3485 4154 3632 4230 quot

1977 4239 2180 4317 gratiis
2211 4239 2402 4321 iisque
2433 4240 2907 4302 aﬂluentioribus
2937 4239 3253 4310 redundat,
3290 4247 3631 4320 quantoque

1979 4328 2312 4407 potioribus
2344 4329 2567 4392 viribus
2598 4328 2668 4391 ad
2705 4338 2963 4392 mentem
3006 4329 3361 4411 prudentem
3396 4326 3629 4393 manci-

1981 4418 2233 4496 pandam
2294 4428 2482 4500 potest
2532 4430 2586 4481 et
2620 4419 2847 4500 pollet?
2896 4418 3034 4482 Haec
3077 4420 3204 4501 ipse
3236 4418 3537 4495 dicebam,
3572 4427 3632 4481 et

262 4509 381 4585 ἐμὴν
443 4513 739 4591 ῥητορικῶς
772 4513 858 4569 καὶ
914 4512 1205 4592 εὐτέχνως,
1238 4512 1303 4579 ἢν
1359 4513 1473 4569 ἐπεὶ
1507 4510 1673 4589 μηδὲν
1732 4510 1894 4590 ἔγνως

1980 4505 2215 4570 beatum
2237 4518 2292 4571 te
2313 4528 2443 4571 esse
2460 4510 2534 4571 ob
2554 4509 2768 4589 linguae
2787 4509 3184 4591 praestantiam
3204 4508 3626 4590 praedicabam,

264 4601 337 4679 li?’
380 4601 576 4667 ἓαοτῆς
626 4600 880 4681 ἔχουσαν,
928 4599 1034 4658 ἀπὸ
1074 4611 1165 4660 τοῦ
1198 4604 1498 4681 κεχρῆσθαι
1547 4607 1624 4675 τῷ
1681 4600 1894 4681 μεγάλῳ

1988 4616 2107 4659 non
2135 4616 2319 4678 aequa
2348 4617 2416 4661 ac
2447 4607 2506 4660 tu
2541 4617 2757 4675 meam,
2793 4600 3067 4662 oratoriis
3100 4597 3365 4661 ﬂosculis
3421 4608 3483 4662 et
3535 4599 3635 4662 di-

266 4689 471 4746 Βασιλεῖ
528 4689 660 4769 πρὸς
720 4689 935 4769 λόγους,
1009 4690 1217 4770 ἔκρινας
1296 4691 1564 4771 erratur»,
1637 4690 1788 4755 οὗτος
1847 4689 1894 4747 δὲ

1984 4686 2164 4751 cendi
2195 4687 2448 4749 artificio
2484 4687 2703 4764 fretus;
2758 4706 2932 4769 quam
2966 4705 3098 4751 cum
3131 4685 3262 4769 ipse
3292 4687 3637 4767 agnovisses

266 4778 387 4845 ἅπαξ
439 4781 498 4837 τὸ
556 4778 869 4860 φιλοσοφεῖν
927 4780 1205 4857 ἐλόμενος,
1247 4782 1334 4837 καὶ
1378 4779 1765 4856 λιτότητα,’ὡς
1809 4782 1894 4839 οὒκ

1987 4776 2138 4838 nihil
2172 4795 2243 4840 ex
2274 4795 2339 4839 se
2367 4777 2613 4853 habere,
2651 4778 2813 4856 quod
2846 4786 2905 4840 et
2935 4795 3183 4858 magnus
3212 4777 3543 4860 imperator
3561 4777 3637 4840 ad

267 4864 357 4923 οἷδ’
416 4867 573 4935 ἄλλος
625 4890 706 4934 τις
770 4868 1056 4949 βασιλέων,
1111 4870 1431 4949 ἠγαπηκὼς,
1496 4869 1747 4952 ἀνέχεται
1815 4869 1894 4927 καῖ

1986 4866 2303 4929 dicendum
2328 4875 2622 4945 uteretur,
2642 4867 2916 4930 laudibus
2938 4873 3052 4931 tuis
3076 4868 3312 4947 dignam
3324 4866 3634 4948 judicasti.

266 4958 446 5025 ταύτης
510 4956 575 5025 δὴ
629 4959 845 5023 πάντως
904 4963 1003 5026 τῆς
1059 4958 1333 5041 γλώττης,
1366 4959 1536 5035 οὔδὲν,
1573 4962 1648 5036 μὰ
1698 4961 1759 5017 τὸ
1808 4961 1898 5041 φί-

266 5043 386 5123 λιον,
429 5045 577 5107 οὐδὲν
635 5048 874 5129 κόμψον,
938 5046 1052 5105 οὐδὲ
1101 5052 1347 5128 περιττὸν
1406 5049 1665 5130 ἐχούσης,
1719 5050 1898 5130 ὥσπερ

267 5133 397 5215 ἴσης.
458 5139 529 5196 Tia
600 5139 925 5217 θερμουργὸν
996 5136 1265 5195 ἀπέλαϐον
1333 5149 1542 5215 σκεῦος,
1598 5142 1659 5197 οὔ
1712 5141 1897 5219 χρείας

267 5223 392 5283 item
444 5224 679 5303 μᾶλλον,
717 5228 795 5302 μὰ
846 5227 946 5294 τὴν
1003 5230 1104 5296 σὴν
1161 5229 1302 5307 ἱερὰν
1337 5230 1596 5308 κεφαλὴν,
1631 5228 1665 5298 ἢ
1724 5233 1900 5311 φιλίας

270 5312 466 5398 ἔμπορόν
524 5339 576 5374 τι
635 5316 838 5383 ταύτης
898 5317 1190 5393 ὑπόμνημα
1248 5321 1389 5374 εἶναι
1439 5317 1516 5393 τῷ
1570 5322 1752 5400 θερμῳ
1794 5323 1899 5397 τῷν

269 5411 347 5464 σῶν
369 5409 693 5490 ὶπιθυμητῇ.

1587 5570 1615 5588 κ

1984 4953 2207 5018 Verum
2242 4965 2302 5018 et
2332 4974 2466 5017 cum
2498 4957 2685 5018 semel
2708 4957 2971 5019 animum
2996 4956 3066 5019 ad
3092 4957 3634 5038 philosophandum

1983 5046 2686 5123 addixit,tenuitatem,ut
2707 5064 2775 5108 ex
2803 5046 2933 5109 aliis
2954 5045 3409 5128 imperatoribus
3431 5063 3633 5122 nemo,

1980 5136 2329 5217 amplexus,‘
2362 5144 2421 5197 et
2448 5135 2602 5197 hanc
2635 5155 2871 5219 quoque
2900 5135 3162 5217 linguam
3194 5143 3501 5217 utcunque
3527 5154 3632 5197 su‘

1986 5225 2188 5301 stinet,
2218 5224 2391 5300 nihil,
2425 5243 2534 5306 per
2556 5234 2820 5287 nostram
2847 5225 3504 5305 amicitiam,comptum
3534 5245 3636 5288 ne-

1985 5333 2102 5396 que
2116 5317 2576 5397 supereminens
2603 5314 2949 5390 habentem,
2978 5332 3052 5376 ne
3076 5322 3135 5375 tu
3160 5313 3534 5377 dixeris.Vas
3562 5315 3638 5377 ad

1984 5406 2457 5470 calefaciendum
2509 5408 2737 5485 accepi,
2774 5424 2891 5467 non
2924 5414 2989 5466 ut
3019 5423 3088 5468 eo
3120 5414 3287 5483 utar;
3342 5424 3486 5483 non,
3533 5424 3641 5488 per

1983 5505 2151 5559 tuum
2186 5514 2419 5560 sacrum
2445 5504 2646 5576 caput,
2673 5494 2779 5556 sed
2804 5501 2866 5553 ut
2893 5494 3174 5557 amicitiae
3198 5497 3439 5577 igneum
3466 5496 3641 5571 mihi,

1990 5586 2346 5652 calidiorum
2382 5595 2623 5649 tuorum
2654 5582 2946 5663 studioso,
2983 5589 3436 5649 monumentum
3471 5583 3574 5651 sit.
