4004 6138
412 278 522 350 231

1055 418 1125 488 V.
1175 417 1411 493 Eidem.

498 530 640 592 Tuae
671 529 902 610 pietatis
929 528 1197 605 tabellas,
1223 529 1539 610 diligenter
1561 549 1942 611 percurrens,
1965 552 2060 594 co-

413 637 829 700 guoscensque
860 626 917 680 te
947 618 1203 680 maxime
1233 620 1430 681 animo
1459 620 1621 700 angi,
1651 621 1808 702 quod
1832 640 1867 684 a
1887 621 2062 684 nobis

411 724 767 789 reSponsum
801 707 874 768 ad
909 714 1037 769 tuas
1068 726 1185 769 non
1219 707 1523 784 habueris,
1560 710 1668 772 hac
1700 709 1805 772 tibi
1830 711 2061 773 ratione

413 797 605 860 valide
628 804 689 859 et
708 796 942 859 veritati
956 796 1069 877 ipsi
1087 814 1351 859 consone
1364 799 2059 878 respondemus.Silentit

410 905 591 950 causa
613 905 732 949 non
753 894 850 948 est
878 892 1110 948 tuarum
1136 905 1336 947 rerum
1361 886 1603 963 oblivio,
1631 897 1693 950 ut
1712 897 1833 951 tute
1857 890 2061 972 opina-

409 977 531 1055 ris;
565 994 764 1055 neque
785 975 939 1057 quod
967 993 1068 1037 eas
1093 975 1259 1037 ﬂocci
1283 977 1636 1057 pendamus,
1662 979 1902 1057 segnior
1928 999 2054 1042 ma-

415 1085 528 1129 nus
560 1065 833 1128 redditur
861 1065 933 1127 ad
968 1063 1352 1128 scribendum
1380 1087 1396 1144 ;
1427 1067 1531 1129 sed
1559 1087 1756 1130 rerum
1787 1068 2054 1149 publica-

412 1173 542 1217 rum
560 1153 1026 1236 indeprecabilis
1037 1156 1343 1236 occupatio
1363 1158 1665 1219 etassidua
1680 1159 2058 1240 conﬂictatio,

409 1254 469 1306 et
493 1262 783 1325 nusquam
813 1242 885 1303 de
907 1243 976 1304 iis
1001 1262 1142 1305 cura
1166 1244 1594 1320 inlermittens,
1620 1257 1680 1310 et
1709 1247 1967 1325 linguam
2003 1257 2061 1310 et

410 1351 649 1395 manum
685 1332 1016 1396 consistere
1048 1343 1104 1394 et
1133 1335 1490 1397 commorari
1526 1337 1703 1416 cogit,
1739 1338 2057 1419 quominus

406 1422 481 1486 ad
515 1433 645 1487 tuas
674 1422 1172 1504 respondeamus.
1195 1422 1289 1486 Sic
1309 1434 1418 1500 est,
1450 1425 1706 1505 linguam
1732 1435 1788 1488 et
1816 1447 2053 1490 manum

406 1513 660 1585 retinet;
698 1513 962 1574 animum
991 1531 1128 1574 vero
1161 1532 1275 1574 non
1312 1514 1580 1595 impedit,
1610 1516 1750 1597 quin
1779 1525 2053 1580 notorum

407 1611 465 1663 et
487 1601 816 1663 amicorum
841 1601 1252 1663 recordemur.
1283 1601 1595 1685 Nunquam
1622 1606 1779 1667 enim
1807 1615 2056 1668 tantum-

407 1693 545 1754 dem
580 1690 917 1753 sollicitudo
950 1692 1346 1773 praevaluerit,
1407 1706 1469 1756 ut
1503 1702 1562 1755 et
1594 1701 1792 1757 animo
1844 1713 2050 1758 eorum

1586 286 1735 356 SYM
1747 287 1893 359 EON
1900 292 1968 358 IS
2009 288 2065 357 Μ
2073 282 2621 360 ETAPHRASTE.

3670 298 3804 373 232

2746 435 2837 496 E'.
2892 443 2980 511 Τῷ
3023 438 3087 496 αὖ

2223 531 2293 589 Τὸ
2379 536 2475 598 τῆς
2550 531 2843 610 θεοφιλείας
2918 559 3011 593 σου
3084 551 3454 616 γραμματεῖον
3524 540 3806 617 ἒπιμελῶς

2142 620 2480 700 ἀναγνόντες,
2537 623 2623 678 καὶ
2682 621 2969 683 ἂθυκοῦντά
3019 648 3077 682 σε
3133 628 3273 703 παρὰ
3320 629 3381 684 τὸ
3423 628 3499 696 μὴ
3542 628 3804 708 ἀντίγρα-

2140 729 2213 788 φα
2269 706 2515 789 δέχεσθαι
2589 710 2715 789 παρ’
2772 714 2928 788 ἡμῶν
2981 712 3309 793 διαγνόντες,
3348 717 3547 784 ταύτην
3602 706 3805 776 ποιού-

2142 800 2276 870 μεθα
2316 800 2415 865 τὴν
2469 797 2758 878 ἀπολογίαν
2811 804 2974 881 ὑγιῶς
3033 803 3286 884 ἔχουσαν,
3334 806 3424 861 καὶ
3485 805 3687 887 σφόδρα
3733 813 3807 885 τῇ

2141 885 2360 959 ἀληθείᾳ
2428 886 2768 960 συνᾴδουσαν,
2817 892 2887 948 Οὕ
2955 890 3094 962 λήθη
3162 894 3268 949 τῶν
3326 899 3434 949 σῶν
3494 885 3637 951 αίτία
3701 901 3806 963 τῆς

2140 978 2373 1049 σιωπῆς,
2428 977 2503 1040 ὡς
2548 977 2706 1042 αὐτὸς
2775 977 2979 1055 ἔδοξας,
3033 980 3151 1039 οὐδὲ
3211 984 3272 1038 τὸ
3330 984 3450 1061 περὶ
3504 983 3804 1065 ἐλάχίστου

2138 1071 2302 1121 ταῦτα
2387 1070 2679 1144 ποιεῖσθαι,
2738 1070 3093 1148 ῥᾳθυμοτέραν
3164 1069 3367 1149 ἔχομεν
3455 1075 3554 1138 τὴν
3624 1087 3803 1153 χεῖρα

2144 1155 2276 1227 πρὸς
2318 1155 2418 1223 τὴν
2469 1178 2678 1236 γραφην
2749 1156 2867 1214 ἀλλ’
2912 1157 2948 1226 ἡ
3007 1167 3113 1216 τῶν
3157 1158 3428 1234 δημοσίων
3484 1164 3801 1240 ἀπαραίτη-

2142 1266 2232 1308 τος
2277 1244 2532 1324 ἀσχολία,
2579 1247 2669 1302 καὶ
2716 1248 2788 1303 τὸ
2837 1245 3097 1315 διηνεκῶς
3154 1250 3300 1324 ἡμας
3357 1249 3684 1331 ἀπειλῆφθαι
3734 1257 3801 1328 τῇ

2140 1335 2258 1411 περὶ
2316 1336 2479 1390 ταῦτα
2535 1333 2789 1415 φροντίδι,
2835 1347 2990 1397 τοῦτο
3041 1340 3129 1395 καὶ
3187 1337 3428 1417 γλῶτταν
3490 1339 3663 1418 εἴργει
3710 1342 3800 1396 καὶ

2143 1434 2307 1501 χεῖρα
2364 1423 2430 1480 τὰ
2486 1421 2612 1502 παρ’
2671 1425 2819 1499 ὑμῶν
2877 1427 3180 1501 ἀμείϐεσθαι
3250 1427 3564 1505 γράμματα.
3646 1428 3802 1497 Πλὴν

2139 1509 2275 1566 ἀλλὰ
2317 1510 2562 1589 γλῶτταν
2618 1513 2718 1588 μὲν
2783 1518 2879 1570 καὶ
2940 1530 3105 1595 χεῖρα
3177 1513 3463 1595 δακωλύει,
3508 1517 3700 1597 ψυχὴν
3745 1515 3801 1573 δὲ

2138 1598 2380 1675 οὐδαμῶς
2438 1601 2676 1680 ἀπείργει
2743 1612 2832 1661 τοῦ
2892 1608 3191 1679 μεμνῆσθαι
3250 1610 3356 1660 τῶν
3415 1603 3800 1683 ἐγνωσμένων,

2139 1690 2227 1757 Μὴ
2269 1690 2370 1767 γὰρ
2426 1690 2591 1753 οὕτως
2636 1691 2876 1770 ἷσχύσειέ
2906 1714 3035 1749 ποτε
3087 1690 3156 1749 δι’
3200 1694 3389 1757 αἰῶνος
3449 1694 3689 1773 φροντὶς,
3727 1697 3805 1759 ὡς

409 1780 762 1843 memoriam
824 1779 1063 1853 evellat,
1127 1780 1480 1862 quibuscum
1545 1783 1732 1845 semel
1790 1784 2051 1848 amicitia

2140 1780 2224 1834 καὶ
2286 1782 2471 1859 ψυχῆς
2530 1778 2779 1837 ἐκϐαλεῖν
2844 1781 2943 1849 τὴν
3010 1782 3233 1858 μνήμην
3276 1784 3383 1839 τῶν
3454 1782 3582 1862 παρ’
3642 1785 3805 1859 ἡμῶν

399 1870 601 1951 juncti
632 1888 862 1931 sumus.
916 1867 1035 1932 Sed
1082 1869 1208 1931 haec
1243 1871 1483 1950 quidem
1517 1872 1575 1933 in
1610 1872 1835 1953 optima
1877 1874 2058 1943 animi

407 1968 572 2040 parte
597 1959 706 2020 sita
721 1971 808 2020 est
832 1968 1005 2039 atque
1023 1959 1235 2021 intime
1256 1961 1551 2040 profundo
1569 1961 2059 2045 insita,notasqne

406 2058 714 2112 accuratas
741 2048 942 2112 habet.
971 2047 1117 2120 Quae
1148 2068 1285 2111 vero
1315 2051 1567 2129 singulis
1598 2050 1810 2113 diebus
1840 2071 2056 2115 occur-

403 2150 568 2215 runt,
596 2140 833 2201 decenti
857 2137 1231 2220 providentia
1257 2149 1631 2220 procurante,
1661 2147 1941 2204 continuo
1963 2142 2053 2204 fe-

401 2237 635 2302 runtur,
661 2227 911 2290 nihilum
936 2228 1177 2309 quidem
1202 2248 1332 2290 eam
1360 2228 1657 2292 laedentia.
1685 2230 1884 2293 Addas
1905 2231 2050 2294 illud

401 2316 963 2401 quoque,nonnulla
990 2335 1021 2378 a
1045 2329 1101 2378 te
1124 2317 1494 2398 scripta,non
1522 2323 2051 2400 responsione,sed

402 2409 518 2470 ﬁde
544 2407 732 2486 magis
754 2406 1106 2485 indiguisse,
1124 2414 1335 2469 utvera
1356 2411 1510 2489 apud
1540 2428 1647 2470 nos
1671 2411 2049 2473 aestimaren-

402 2507 521 2574 tur,
551 2496 749 2575 qualia
768 2496 936 2559 fuere
959 2496 1033 2558 de
1060 2497 1569 2576 procuratoribus,
1596 2518 1725 2578 quas
1745 2517 1862 2561 non
1897 2500 2017 2562 mul
2035 2535 2053 2548 -

406 2596 525 2648 tum
557 2594 696 2648 ante
730 2594 964 2665 tempus
996 2586 1054 2646 in
1087 2585 1489 2663 cognitionem
1523 2598 1858 2665 venerunt;
1893 2598 1953 2650 et
1982 2608 2053 2652 ea

400 2676 531 2756 ipse
562 2673 867 2747 existimo,
897 2693 1072 2754 quam
1105 2692 1239 2751 quae
1259 2673 1321 2735 in
1344 2674 1527 2754 Sagra
1548 2685 1709 2755 gesta
1732 2685 1891 2752 sunt,
1919 2696 2054 2739 cre-

401 2760 1080 2842 credibilioraﬂabesja
1092 2781 1145 2822 m
1161 2781 1194 2823 a
1208 2761 1381 2824 nobis
1393 2762 1789 2825 sufﬁcientem
1810 2784 2054 2847 respon-

404 2854 667 2924 sionem;
702 2852 817 2924 vel,
845 2850 893 2913 si
916 2851 1027 2925 vis,
1055 2851 1245 2931 plagae
1276 2871 1406 2934 quae
1428 2852 1502 2914 ab
1525 2871 1729 2916 amore
1755 2853 1916 2916 illata
1938 2864 2053 2935 est,

404 2942 738 3005 remedium
779 2963 793 3001 :
827 2949 886 3001 et
914 2940 1148 3002 oblecta
1172 2952 1228 3004 te
1255 2938 1490 3021 gaudio,
1518 2943 1673 3023 quod
1704 2962 1821 3004 non
1852 2962 2052 3024 prom-

405 3042 569 3113 ptum
603 3039 662 3093 et
693 3030 850 3111 quod
885 3028 958 3090 ad
995 3046 1204 3092 manus
1237 3041 1349 3107 est,
1398 3031 1503 3093 sed
1537 3039 1729 3094 tutum
1762 3043 2052 3114 opportu-

2140 1865 2280 1934 ἅπαξ
2337 1868 2612 1947 φιλεῖσθαι
2657 1869 2961 1947 κριθέντωνο
3012 1869 3132 1926 ἀλλ’
3190 1871 3225 1938 ἧ
3283 1872 3380 1946 μὲν
3411 1871 3466 1927 ἐν
3525 1869 3804 1945 καλλίστῳ

2139 1958 2239 2026 τῆς
2300 1962 2485 2037 ψυχῆς
2547 1971 2721 2015 κεῖται
2779 1960 2867 2015 καὶ
2924 1957 3188 2017 ἑνδοτᾶτω
3244 1960 3444 2037 βαθέως
3510 1960 3793 2037 ἐνσημαν-

2137 2050 2315 2126 θετσα,
2349 2050 2437 2103 καὶ
2487 2043 2728 2123 ἀκριϐεῖς
2781 2049 2898 2112 τοὺς
2960 2049 3154 2113 τύπους
3206 2047 3428 2130 ἔχουσα·
3478 2050 3543 2107 τὰ
3570 2048 3627 2105 δὲ
3675 2046 3799 2106 καθ’

2136 2136 2338 2216 ἡμέραν
2421 2135 2752 2211 ἐμπίπτοντα
2822 2141 2921 2206 τῆς
3007 2144 3380 2215 προσηκούσης
3449 2139 3797 2220 τυγχάνοντα

2135 2226 2384 2303 προνοίας
2463 2225 2675 2305 φέρεται
2751 2226 3013 2307 ἆενθάως,
3059 2225 3227 2304 μηδὲν
3296 2229 3431 2305 αὐτῇ
3501 2226 3794 2307 παραὸλά-

2136 2337 2355 2376 πτοντα.
2411 2313 2626 2379 ’Ἄλλως
2674 2336 2732 2371 τε
2786 2314 2840 2372 δὲ
2895 2319 2982 2373 καὶ
3012 2317 3122 2373 ἔνια
3166 2318 3272 2374 τῶν
3318 2318 3462 2395 παρὰ
3507 2338 3606 2375 σοι)
3652 2339 3796 2396 γρα-

2134 2405 2359 2484 φέντων,
2393 2408 2452 2463 0-3
2482 2403 2732 2462 τοσοῦτον
2784 2405 3105 2485 ἀπολογίας,
3140 2405 3264 2462 ὅσον
3311 2405 3485 2463 ἐδεῖτο
3528 2407 3795 2486 πίστεως,

2138 2496 2224 2551 καὶ
2282 2500 2376 2552 τοῦ
2437 2493 2610 2561 ἀληθῆ
2642 2493 2766 2570 παρ’
2828 2497 2959 2570 ἡμῖν
3013 2492 3201 2575 δεῖξαι,
3239 2496 3333 2553 οἶα
3374 2496 3440 2552 τὰ
3470 2502 3597 2574 περὶ
3659 2492 3799 2553 διοι-

2135 2586 2316 2650 κῆτῶν
2372 2586 2432 2643 οὗ
2479 2585 2581 2661 πρὸ
2637 2581 2840 2639 πολλοῦ
2897 2585 3271 2661 γνωρισθένταο
3318 2587 3394 2641 ὧν
3448 2606 3510 2664 γε
3581 2585 3651 2654 δὴ
3713 2588 3801 2643 καὶ

2137 2669 2354 2751 ἔτυχον,
2385 2674 2472 2728 καὶ
2534 2670 2698 2729 πιστά
2755 2694 2850 2748 μοι
2883 2671 3024 2739 ἔδοξε
3078 2676 3243 2731 ταῦτα
3299 2672 3504 2750 μᾶλλον
3547 2680 3658 2732 τῶν
3714 2675 3800 2731 ἐπὶ

2139 2761 2370 2839 Σάγρας.
2480 2761 2673 2841 Ἔχεις
2761 2762 3016 2839 ὀριοῦσαν
3117 2760 3242 2842 παρ’
3329 2764 3486 2838 ἡμῶν
3583 2763 3797 2822 ἀπολο-

2137 2850 2277 2929 γίαν,
2331 2850 2367 2919 ἢ
2443 2852 2721 2929 θεραπείαν
2778 2855 2876 2918 τῆς
2957 2852 3093 2908 κατὰ
3168 2852 3330 2909 πόθον
3402 2851 3642 2930 πληγῆς.
3706 2847 3794 2909 καὶ

2136 2953 2322 3019 χαῖρε,
2384 2939 2463 2997 ὅτι
2524 2941 2601 3015 μὴ
2658 2941 2717 2995 τὸ
2774 2942 2965 3018 ῥᾷστον
3021 2943 3109 2996 καὶ
3163 2942 3474 3020 πρόχειρον,
3523 2940 3666 2998 ἀλλὰ
3730 2943 3792 2998 τὸ

2134 3027 2367 3108 ἀσφαλὲς
2428 3029 2513 3084 καὶ
2544 3029 2747 3107 καίριον
2803 3028 2978 3109 ἔχεις,
3043 3030 3268 3110 Γράφειν
3300 3031 3398 3105 μὲν
3455 3031 3554 3108 γὰρ
3582 3029 3663 3087 ἔνι
3705 3031 3793 3086 καὶ

401 3138 672 3202 numque
702 3119 1033 3201 possideas.
1083 3119 1355 3183 Facultas
1385 3120 1546 3183 enim
1580 3129 1689 3200 est,
1725 3124 1898 3184 etiam
1933 3142 2050 3185 non

2138 3117 2214 3193 μὴ
2278 3123 2540 3196 φιλοῦντι,
2592 3119 2892 3193 μεμνῆσθαι
2950 3115 3005 3173 δὲ
3055 3121 3143 3174 καὶ
3223 3120 3356 3175 κατὰ
3415 3126 3533 3176 νοῦδ
3611 3117 3784 3199 ἔχειν,

399 3210 652 3286 amanti,
686 3208 889 3271 literas
918 3207 1184 3272 scribere
1212 3230 1227 3286 ;
1259 3217 1317 3271 at
1349 3211 1639 3274 memoria
1667 3211 1964 3289 recolere,
1992 3222 2051 3277 et

2138 3207 2198 3263 τὸ
2254 3207 2332 3282 μὴ
2389 3204 2576 3287 φιλίως
2632 3205 2785 3287 ἕχον,
2847 3204 3125 3266 ἀδύνατον.
3182 3209 3240 3264 Εἰ
3297 3205 3352 3264 δὲ
3409 3207 3497 3265 καὶ
3549 3208 3791 3265 τοιοῦτόν

404 3307 604 3363 mente
636 3298 923 3373 retinere,
956 3297 1058 3380 qui
1090 3298 1352 3362 amicitia
1395 3300 1755 3382 conjunctus
1786 3320 1907 3363 non
1937 3308 2048 3377 est,

402 3390 635 3472 nequit.
693 3388 859 3462 Quod
887 3387 939 3450 si
967 3387 1329 3470 quandoque
1362 3389 1479 3452 tale
1523 3392 1859 3472 scripserit,
1892 3391 2051 3471 quod

400 3478 740 3543 necessario
763 3495 1121 3560 responsum
1147 3484 1615 3560 extgat,prorsus
1635 3488 1696 3541 et
1716 3478 2054 3543 scribemus

400 3579 461 3633 et
494 3566 1019 3651 respondebimus.
1042 3566 1288 3629 Interim
1322 3569 1582 3631 modotu
1607 3587 1814 3650 preces
1841 3569 2049 3646 funde,

399 3668 461 3722 et
490 3658 679 3722 Deum
711 3656 1252 3739 supplicationibus
1280 3676 1528 3722 exorare
1553 3677 1672 3722 non
1703 3659 1966 3735 desinas,
1993 3667 2056 3721 ut

402 3766 689 3831 prospere
718 3747 915 3824 nobis,
950 3764 1084 3827 quas
1108 3763 1230 3907 pr:
1260 3747 1537 3811 manibus
1566 3757 1724 3826 sunt,
1751 3749 2049 3813 eveniant.

1223 3845 1274 3907 Ι.

1223 3845 1274 3908 Ι.

479 3943 767 4006 Decursis
788 3948 903 4005 tua;
921 3941 1679 4024 pietatislitteris,mentem
1700 3951 1759 4007 et
1775 3964 2048 4028 scopum,

402 4034 503 4116 qui
535 4032 595 4095 in
629 4032 749 4095 illis
772 4031 1013 4105 latebat,
1039 4050 1257 4114 capere
1281 4051 1398 4093 non
1433 4033 1755 4114 potuimus.
1784 4037 2050 4116 Namque

398 4124 607 4186 volens
638 4131 695 4184 et
726 4121 942 4195 libens,
977 4140 1110 4184 cum
1144 4125 1205 4183 in
1232 4123 1459 4200 gremio
1492 4126 1846 4187 sententiam
1870 4124 2046 4187 abdi-

402 4214 618 4290 disses,
660 4210 866 4273 multis
897 4229 1008 4273 nos
1037 4229 1104 4275 ac
1134 4212 1317 4274 variis
1349 4212 1657 4276 erroribus
1701 4214 2042 4298 implicasti,

397 4322 532 4365 cum
552 4320 670 4363 non
694 4309 875 4376 esset,
898 4300 998 4362 ubi
1030 4300 1323 4382 exquisita
1341 4303 1429 4364 rei
1445 4302 1759 4383 proposita;
1774 4323 2048 4385 compre-

400 4391 690 4453 bensione
721 4400 985 4452 mentem
1017 4391 1413 4453 ﬁrmaremus.
1468 4393 1639 4466 Quod
1672 4394 1722 4455 si
1753 4413 1884 4476 qnai
1913 4396 2047 4476 ipse

2134 3297 2183 3352 τί
2225 3317 2355 3353 ποτε
2386 3296 2624 3374 γράψῃς,
2657 3296 2775 3353 οἷον
2805 3295 3106 3375 ἀναγκαίως
3168 3295 3423 3353 ἀπαιτοῦν
3451 3296 3552 3364 τὴν
3580 3295 3790 3354 ἀπολο-

2136 3385 2291 3464 γίαν,
2367 3387 2456 3441 καὶ
2517 3385 2795 3462 γράψομεν
2874 3385 3089 3449 πάντως
3158 3387 3246 3442 καὶ
3312 3383 3786 3464 ἀπολογησόμεθα,

2140 3474 2311 3532 Μόνον
2341 3474 2498 3535 αὐτὸς
2543 3475 2728 3553 εὖχου,
2761 3474 2849 3531 καὶ
2900 3487 3024 3539 ταις
3055 3474 3187 3553 πρὸς
3237 3475 3299 3531 τὸ
3329 3480 3488 3532 Θετον
3544 3472 3792 3542 δεήσεσιν

2136 3560 2345 3620 εὒοδοῦν
2379 3563 2518 3638 ἡμῖν
2562 3564 2627 3619 τὰ
2656 3562 2709 3619 ἐν
2733 3562 2912 3642 χερσὶ,
2948 3562 3026 3639 μὴ
3053 3560 3265 3639 ἀμέλει.

2213 3950 2340 4005 Τοῖς
2401 3945 2499 4010 τῆς
2565 3944 2665 4009 σῆς
2720 3939 3013 4021 θεοφιλείας
3069 3939 3376 4020 γράμμασιν
3434 3941 3784 4024 έντῦχὸντες,

2129 4037 2224 4091 τοῦ
2292 4030 2348 4087 ἐν
2431 4033 2612 4095 οὖτοϊς
2688 4029 3161 4108 ἀποκεκρυμμένου
3236 4038 3439 4089 σκοποῦ
3513 4032 3782 4112 ἐφικέσθαι

2132 4121 2225 4178 οὒκ
2279 4119 2640 4195 ἠδυνήθημεν,
2699 4119 2923 4198 ἀσαφείᾳ
2982 4120 3082 4198 γὰρ
3142 4121 3355 4194 ἑκουσίᾳ
3396 4122 3495 4189 τὴν
3549 4121 3783 4177 διάνοιαν

2130 4213 2498 4291 συγκαλύχας,
2554 4211 2625 4272 εἰς
2676 4207 2882 4274 πόλλὰς
2938 4210 3084 4283 ἡμᾶς
3142 4212 3230 4267 καὶ
3286 4208 3565 4289 διαφόρους
3626 4232 3779 4289 περι-

2129 4300 2424 4357 πλανᾶσθαι
2467 4319 2789 4370 πεποιηκας,
2854 4298 2931 4371 μὴ
2993 4296 3220 4376 ἔχοντας
3271 4296 3381 4365 ὅπη
3445 4304 3657 4374 στῶμεν
3709 4302 3778 4371 τῇ

2128 4387 2339 4468 ἀκριϐεῖ
2413 4388 2716 4463 καταλήψει
2791 4394 2884 4444 τοῦ
2943 4386 3310 4462 προκειμένοσ,
3394 4388 3449 4444 Εἰ
3521 4386 3619 4461 μὲν
3690 4389 3776 4443 οὖν

395 4478 504 4542 tibi
527 4498 929 4561 proposueras
949 4479 1122 4542 nobis
1144 4482 1730 4557 occultare,tibierat
1745 4474 1800 4545 in
1817 4474 2039 4560 animo,

2138 4477 2355 4548 ἠϐούλου
2414 4478 2492 4555 μὴ
2549 4479 2805 4544 νοηθῆναι
2860 4476 2926 4531 τὰ
2979 4482 3072 4533 τοῦ
3134 4475 3360 4551 σκοποῦ,
3420 4474 3774 4554 πεπλήρωται

398 4570 581 4632 ﬁnem
606 4569 730 4649 jam
763 4568 1030 4632 habuere
1062 4589 1167 4652 pro
1201 4578 1302 4632 tua
1331 4572 1647 4635 sententia.
1684 4570 1885 4645 Quare
1907 4591 2046 4637 vero

400 4668 458 4723 et
489 4660 552 4721 in
578 4659 704 4740 ipso
730 4660 1005 4739 ingressu
1037 4678 1108 4723 ea
1142 4677 1382 4741 prorsus
1410 4680 1529 4724 non
1562 4661 1758 4723 texisti
1779 4662 2042 4739 silentio,

400 4750 507 4813 sed
537 4747 770 4810 litteras
798 4767 935 4810 cum
966 4747 1086 4811 illis
1115 4749 1593 4832 communicasti,
1621 4768 1770 4832 quos
1801 4751 2047 4817 nolebas

396 4837 621 4901 habere
651 4837 975 4919 participes
1006 4856 1237 4915 eorum,
1269 4857 1403 4921 qum
1437 4856 1549 4920 per
1578 4838 1714 4903 illas
1740 4840 2043 4922 signiﬁca-

397 4926 638 4995 bantur.
674 4926 844 5000 Quod
876 4927 926 4989 si
962 4945 1095 5008 qum
1124 4928 1447 5009 scripseras
1467 4929 1711 4991 omnino
1734 4930 2049 4994 manifesta

396 5019 470 5082 iis
500 5036 635 5081 esse
666 5016 936 5095 volebas,
995 5017 1070 5079 ad
1103 5036 1253 5099 quos
1284 5017 1603 5099 scripsisti,
1637 5020 1780 5101 quid
1816 5019 2049 5084 tibimet

396 5108 511 5190 ipsi
540 5107 899 5184 adversaris,
926 5124 1055 5169 rem
1092 5125 1387 5189 peragens
1419 5107 1606 5170 nihilo
1628 5108 1703 5170 ab
1730 5109 2048 5189 aenigmate

395 5195 776 5273 dissimilem,
809 5206 875 5258 ut
904 5215 1040 5279 quae
1066 5214 1260 5278 neque
1291 5196 1499 5274 velles,
1531 5215 1600 5260 ea
1633 5199 1759 5279 ipsa
1804 5198 1959 5260 velle
1987 5207 2048 5262 te

396 5285 911 5365 deprehendaris?
961 5287 1023 5348 Si
1082 5287 1279 5369 itaque
1310 5304 1561 5367 prorsus
1589 5306 1749 5364 aves,
1780 5287 1956 5351 sicuti
1989 5295 2046 5351 te

395 5373 549 5436 velle
572 5382 659 5436 sat
680 5375 828 5452 scio,
848 5393 1026 5457 quam
1051 5375 1255 5438 volens
1279 5375 1540 5438 oti'udisti
1561 5376 1799 5456 scriptis
1822 5375 2044 5440 obscu-

396 5464 661 5537 ritatem,
697 5464 884 5543 rejice
942 5472 999 5526 et
1030 5464 1116 5526 tui
1145 5465 1384 5528 consilii
1431 5465 1794 5528 sententiam
1850 5466 2042 5547 aperi.

395 5548 603 5634 Neque
636 5551 794 5613 enim
826 5552 1122 5635 quispiam
1150 5555 1227 5617 de
1246 5563 1304 5618 te
1326 5555 1884 5630 dixerit,voluntate
1908 5557 2043 5641 qui-

2127 4591 2209 4627 σοι
2266 4568 2334 4624 τὰ
2380 4567 2516 4624 κατὰ
2559 4566 2809 4645 γνώμην,
2855 4564 2915 4623 Τί
2944 4562 2997 4620 δὲ
3057 4565 3135 4639 μὴ
3186 4566 3284 4633 τὴν
3334 4565 3512 4645 ἀρχὴν
3560 4565 3772 4627 τελείως

2129 4657 2540 4737 ἂμεσιωμησας,
2584 4654 2704 4712 ἀλλ’
2755 4656 3050 4721 ἓκείνωνεις
3107 4654 3461 4733 γραμμάτων,
3518 4656 3607 4720 οὓς
3678 4655 3769 4712 οὐκ

2128 4745 2356 4817 ἠϐούλου
2410 4747 2693 4806 κοινωνοὺς
2736 4743 2896 4826 ἕξειν,
2943 4746 3031 4802 καὶ
3078 4744 3187 4802 τῶν
3241 4741 3309 4800 δι’
3355 4745 3526 4802 αὐτῶν
3574 4742 3771 4811 δηλου-

2130 4837 2353 4916 μένων;
2414 4838 2470 4895 Εἰ
2500 4835 2634 4915 ἅπερ
2682 4833 2920 4913 ἔγραψας
2949 4831 3086 4902 δῆλα
3141 4834 3355 4900 πάντως
3397 4834 3574 4910 βούλει
3618 4832 3771 4913 γενέ·-

2133 4932 2251 4987 σθαι
2298 4940 2418 4992 τοῖς
2447 4927 2580 5005 πρὸς
2625 4924 2715 4989 οὕς
2739 4923 3001 5004 ἔγραψας,
3034 4925 3085 4982 τί
3132 4923 3289 4988 αὐτὸς
3318 4928 3524 4997 σεαυτῷ
3572 4923 3778 5004 ἐλέγχῃ

2132 5017 2557 5098 διαμαχόμενος,
2616 5013 2834 5093 πρᾶγμά
2888 5036 2939 5070 τι
3012 5019 3207 5086 ποιῶν,
3253 5012 3378 5092 παρ’
3435 5010 3582 5071 ὠδὶν
3639 5009 3777 5069 αἰνί-

2131 5127 2335 5186 γματος
2384 5103 2685 5184 διαλάττον,
2719 5106 2807 5161 καὶ
2861 5102 3061 5181 ἅπερᾶν
3108 5101 3330 5174 ἐθέλοις,
3364 5101 3419 5158 έν
3473 5108 3649 5176 ταυτῷ
3698 5099 3775 5173 μὴ

2130 5185 2297 5255 θέλων
2353 5195 2722 5276 φαινόμενοςς
2785 5193 2842 5250 Εἰ
2872 5191 2958 5250 οὗν
3013 5189 3152 5256 ὅλως
3182 5189 3386 5271 βούλει,
3418 5191 3598 5268 ὥσπερ
3654 5185 3776 5247 οἶδα

2127 5286 2216 5344 καὶ
2263 5284 2464 5363 βούλει,
2499 5281 2704 5361 περίελε
2759 5280 2826 5349 ἢν
2886 5281 3023 5336 ἑκὼν
3065 5279 3319 5359 κατέχεις
3375 5286 3481 5336 τῶν
3531 5299 3775 5358 γεγραμ-

2128 5374 2304 5451 μένων
2372 5373 2656 5451 ἀσάφειαν,
2699 5372 2787 5427 καὶ
2849 5372 3091 5448 καθαῴις
3151 5369 3291 5444 ἡμῖν
3346 5366 3509 5438 δήλου
3562 5368 3628 5424 τὰ
3685 5371 3774 5424 τοῦ

2128 5471 2352 5524 σκοποῦ.
2415 5461 2487 5520 Οὔ
2530 5460 2629 5538 γὰρ
2686 5459 2749 5515 ἅν
2799 5480 2880 5525 τις
2944 5459 3031 5516 ἐπὶ
3083 5459 3166 5515 σοὶ
3221 5455 3440 5532 λέξειεν,
3496 5455 3769 5534 βούλεσθαι

2126 5556 2250 5635 μὲν,
2317 5553 2396 5630 μὴ
2452 5549 2696 5608 δύνασθαι
2765 5546 2845 5623 δὲ,
2903 5549 2991 5605 καὶ
3066 5545 3393 5625 ἀτονωτέραν
3466 5544 3617 5627 ἔχειν
3672 5546 3767 5610 τῆν
