4004 6138
234 249 315 318 ἳίθ

1666 245 2077 318 EPISTOL/E.

3443 259 3557 325 234

240 390 419 466 τὶσῖκταν
476 387 572 454 τῆς
603 386 865 468 διανοίας,
898 389 960 453 ὃς
1014 389 1203 456 νοῆσαί
1261 411 1314 444 τε
1336 390 1567 476 ’.ἀγαθὸς
1627 395 1702 466 εἷ,
1751 393 1834 448 καὶ

1938 389 2053 451 lem
2087 391 2312 465 valere,
2346 391 2452 453 sed
2479 390 2698 453 viribus
2727 390 2968 453 destitui
3001 399 3060 453 et
3079 392 3336 472 linguam
3363 397 3560 475 possi-

228 464 504 552 ἑῴηνεῦσαι
570 479 631 533 τὸ
672 477 867 544 νοηθὲν
925 477 1272 541 ἱκανώτατος,
1336 464 1397 536 "0
1455 477 1509 534 δὲ
1577 482 1706 558 πρὸς
1765 490 1840 554 τῷ

219 567 317 621 ’.έιει
355 575 456 637 τῆς
517 566 811 633 ἐπιστολῆς
871 565 1134 645 ἔγραψας,
1194 566 1594 642 ἆποδυσπετῶν,
1623 572 1717 626 καὶ
1774 572 1838 626 τὰ

207 656 400 732 μέγιστα
459 656 680 730 ἀθυμῶν
707 703 723 728 ,
796 655 978 732 ὥσπερ
1037 657 1138 712 ὑπὸ
1208 657 1398 715 τούτου
1469 657 1833 735 κωλυόμενος,

200 751 274 800 τώ
318 745 398 812 μη
426 751 535 812 τῆς
591 747 750 820 ἡμῶν
798 745 1086 802 ἀπολαύειν
1141 746 1238 802 καὶ
1285 746 1408 810 θέας
1459 749 1546 804 καὶ
1599 748 1832 823 ὃμιλίας’

197 835 270 889 καὶ
319 831 440 890 τόδε
501 835 648 912 παρὰ
703 835 784 891 σοὶ
844 847 1042 892 aettur
1105 840 1197 890 σοῦ
1241 835 1340 912 γὰρ
1383 835 1702 911 βουλομένου
1750 839 1836 896 καὶ

195 924 331 995 ἡμῶν
375 921 696 996 ἐθελόντων,
731 923 811 986 τίς
870 922 975 979 ἧσθ’
1035 925 1063 979 ὁ
1107 922 1374 996 κωλύων;
1421 931 1682 1001 ζητοῦμεν
1722 949 1833 1000 μα-

194 1013 314 1070 ὴῖν,
379 1009 533 1076 Πλὴν
595 1010 735 1067 ἀλλὰ
780 1013 867 1067 καὶ
927 1010 1100 1085 ἀπὼν,
1137 1013 1214 1086 μὴ
1259 1013 1436 1086 παύσῃ
1492 1014 1831 1089 μεμνημένος

195 1102 354 1171 ἡμῶν,
389 1101 476 1155 καὶ
509 1099 571 1155 τὸ
633 1107 796 1158 Θεῖον
827 1102 962 1176 ἡμῖν
1016 1123 1072 1157 τε
1104 1102 1190 1158 καὶ
1245 1108 1322 1175 τῷ
1350 1100 1465 1175 λαῷ
1522 1101 1605 1162 διὰ
1635 1105 1831 1170 παντὸς

196 1185 491 1262 ﬂeo-3pm“
502 1235 516 1249 .

551 1473 635 1536 κ’.
674 1475 1054 1546 Κωθσταντίνῳ
1084 1480 1159 1548 τῷ
1201 1475 1468 1549 Ῥωμαίῳ.

263 1581 564 1658 Γράμματά
628 1601 720 1654 μοι
749 1578 847 1645 ἧκε
898 1579 1039 1655 παρὰ
1067 1579 1164 1644 τῆς
1222 1577 1380 1657 φίλης
1411 1579 1528 1652 ἐμοὶ
1577 1581 1664 1637 καὶ
1703 1601 1832 1659 χει-

1924 479 2068 540 dere
2099 479 2457 559 cogitatione
2486 479 2963 556 imbecilliorem,
3001 487 3103 562 qui
3141 490 3199 543 et
3227 482 3562 564 intelligere

1925 568 2178 629 maxime
2212 569 2420 649 possis,
2451 577 2509 630 et
2539 570 2842 631 intellectu
2873 578 3159 651 concepta
3208 571 3407 634 verbis
3455 591 3562 636 ex-

1923 655 2180 736 primere
2211 659 2482 737 apprime
2524 659 2886 739 peridoneus
2918 678 3001 720 es.
3053 663 3140 722 Ac
3172 661 3329 741 quod
3359 662 3421 722 in
3447 663 3565 726 ﬁne

1921 745 2191 826 epistolae
2219 748 2540 828 scripseras
2568 748 2904 829 fastidiens,
2928 756 2985 810 et
3007 756 3125 812 tete
3156 749 3336 812 animi
3370 751 3564 813 maxi-

1920 853 2168 915 mopere
2201 855 2450 918 angens,
2481 837 2650 918 quasi
2681 837 2753 899 ab
2795 839 2908 900 hoc
2945 837 3352 920 impedireris,
3400 860 3473 903 ne
3506 849 3566 903 et

1915 933 2156 1004 aspectu
2185 935 2388 987 nostro
2438 933 2496 987 et
2543 926 2839 1008 colloquio
2884 927 3188 1004 fruereris,
3223 930 3335 990 hoc
3368 929 3430 992 in
3467 938 3566 992 tua

1915 1032 2156 1094 quoque
2185 1033 2362 1076 manu
2389 1021 2498 1078 est.
2527 1018 2676 1079 Nam
2700 1016 2752 1077 si
2783 1015 2892 1078 tibi
2921 1016 2984 1077 in
3014 1018 3211 1078 animo
3236 1027 3348 1096 est,
3375 1030 3433 1082 et
3454 1037 3564 1080 nos

1914 1121 2033 1163 non
2083 1102 2425 1179 abnuimus,
2479 1105 2610 1186 quis
2660 1105 2840 1168 fuerit
2896 1105 3380 1185 impedimento?
3435 1111 3560 1171 Hoc

1915 1191 2394 1272 perquirentibus
2415 1193 2640 1256 indica.
2656 1193 2956 1271 Quidquid
2978 1195 3214 1257 tandem
3239 1196 3337 1277 sit,
3354 1198 3563 1260 etbinc

1909 1279 2151 1362 absens,
2188 1283 2376 1344 nostri
2407 1283 2596 1344 vivam
2633 1291 2922 1364 perpetuo
2956 1285 3302 1348 memoriam
3329 1295 3556 1363 teneto,

1909 1370 2141 1432 Numen
2175 1369 2349 1433 nobis
2377 1379 2437 1434 et
2465 1371 2689 1453 populo
2718 1371 3001 1434 continuo
3047 1375 3398 1455 propitians.

2278 1472 2404 1538 VII.
2450 1474 2856 1538 Constantino
2899 1475 3200 1539 Romano.

1997 1568 2264 1633 Reddita:
2281 1581 2422 1634 sunt
2440 1571 2586 1634 mihi
2608 1573 2818 1634 litterae
2842 1573 2915 1636 ab
2941 1573 3134 1637 amica
3155 1576 3301 1638 mihi
3318 1586 3567 1641 etmanu

182 1671 265 1747 ρὺς
325 1674 425 1724 καὶ
471 1669 754 1745 γλώττης.
833 1667 1126 1744 Γράμματα
1191 1666 1390 1745 φιλίας,
1449 1665 1580 1734 ὅσης
1639 1666 1832 1736 ἡδονῆς

1938 1669 1975 1720 ξι
1996 1660 2233 1738 lingua;
2269 1660 2481 1723 litterae
2510 1661 2789 1724 amicitiae
2846 1662 3120 1725 maximis
3168 1665 3568 1747 voluptatibus

179 1756 576 1827 ἂποστᾶζοντα.
643 1756 788 1834 Ἐγὼ
846 1753 900 1810 δὲ
959 1754 1214 1834 ἠχθόμην
1272 1753 1456 1833 διπλῆ,
1503 1757 1650 1835 φιλίᾳ
1699 1759 1840 1835 πάσῃ

1938 1749 2258 1812 :umulatte.
2285 1748 2405 1828 Ego
2436 1768 2572 1812 vero
2605 1767 2757 1830 aegre
2791 1750 2893 1813 tuli
2916 1751 3258 1832 dupliciter,
3289 1756 3570 1818 amicitiae

179 1846 544 1924 μικροψύχυλς
600 1842 944 1921 ἐπαρώμενος
971 1844 1061 1898 καὶ
1110 1843 1477 1922 μεμφόμενος,
1509 1844 1569 1900 οὗ
1613 1850 1690 1917 τῷ
1718 1867 1838 1902 στε-

1938 1838 2240 1912 universae,
2268 1840 2434 1919 quasi
2459 1839 2654 1920 pusilli
2682 1839 2864 1902 animi
2893 1858 3110 1912 essem,
3130 1841 3489 1923 imprecans,
3509 1854 3569 1907 et

180 1938 389 2012 ρεῖσθαι
424 1933 596 2008 μόνον
640 1939 733 1989 τοῦ
760 1930 1096 2011 φιλουμένω,
1132 1931 1270 1988 ἀλλα
1299 1935 1388 1988 καὶ
1419 1939 1493 2006 τῷ
1523 1934 1842 2013 παραζηλῶ-

1938 1945 2052 1990 eam
2085 1945 2398 2004 accusans,
2425 1936 2479 1990 et
2499 1947 2614 2007 quo
2649 1936 2705 1990 te
2734 1938 2927 1991 amato
2961 1930 3272 2010 spoliarer,
3297 1941 3379 2014 et,
3406 1933 3566 2015 quod

178 2045 260 2078 σαι
294 2022 502 2098 πλέον,
527 2023 614 2078 καὶ
643 2020 824 2086 δεινῶς
857 2022 1258 2093 ὑποκνισθῆναι,
1282 2022 1374 2077 καί
1398 2026 1587 2078 παθεῖν
1610 2023 1708 2089 τὴν
1733 2028 1839 2098 ψυ-

1938 2017 2112 2096 magis
2133 2025 2244 2092 est,
2269 2017 2612 2080 invidentiae
2633 2018 2887 2099 quodam
2920 2028 3082 2081 motu
3103 2022 3344 2101 acrique
3370 2022 3568 2104 pruri-

179 2114 311 2191 χὴν,
358 2111 444 2191 ἐφ’
477 2113 561 2174 οἷς
593 2109 797 2188 ἑτέρους
847 2109 946 2184 μὲν
977 2109 1154 2186 ἐώρων
1187 2110 1515 2187 γραμμάτων
1548 2110 1839 2170 ἀπολαύον-

180 2223 270 2261 τας
319 2206 464 2273 σῶν,
503 2199 598 2273 ἐμὲ
627 2199 806 2271 ὥσπερ
835 2197 1174 2274 ἠμελημένον
1204 2201 1296 2255 τὸν
1332 2199 1473 2276 παρᾶ
1505 2201 1588 2256 σοὶ
1617 2197 1840 2279 Ὀρέστῃ

184 2290 313 2346 ποτὲ
370 2285 616 2354 Πυλάδην
661 2289 810 2344 εἶναι
859 2288 1122 2362 οἰόμενον,
1187 2287 1354 2344 Ἀλλὰ
1408 2294 1494 2344 νῦν
1542 2288 1728 2368 ἐπέχω
1781 2291 1843 2347 τὸ

185 2380 378 2458 χρέος,
442 2376 732 2444 ἐπιστολὴν
775 2374 1080 2451 δεξάμενος,
1137 2377 1326 2454 μικρὰν
1376 2378 1497 2452 μὲν,
1550 2376 1721 2445 καλὴν
1763 2377 1839 2434 δέ·

188 2466 291 2525 053’
355 2466 485 2523 ὅσον
513 2467 709 2538 εἰπεῖν,
743 2464 828 2521 κοί
885 2467 946 2522 οὗ
983 2478 1155 2542 τρεῖς,
1191 2463 1327 2521 ἀλλὰ
1369 2466 1553 2544 μυρίας
1614 2466 1843 2546 ἔχουσαν

189 2558 279 2622 τὰς
350 2557 406 2611 ἐν
463 2556 594 2630 αὐτῇ
651 2555 901 2633 χάριτας,
965 2560 1130 2632 Χαῖρε
1178 2563 1476 2634 τοιγαροῦν,
1511 2556 1595 2612 καὶ
1651 2557 1841 2636 γράφε,

190 2649 278 2702 καὶ
354 2657 472 2708 τοῖς
539 2643 798 2708 τοιούτοις
881 2640 1110 2712 ἡδίστοις
1192 2643 1468 2719 γράμμασι
1539 2650 1848 2721 παραμυθοῦ

192 2736 406 2814 ψυχὴν,
441 2732 590 2806 πόθῳ
637 2737 716 2806 τῷ
776 2733 893 2810 περὶ
941 2732 1000 2788 σὲ
1073 2733 1396 2805 κάμνουσαν·
1445 2734 1518 2795 ὡς
1566 2735 1731 2809 ἡμεῖς
1786 2755 1847 2812 γε

201 2826 264 2880 τὸ
294 2825 365 2881 σει
395 2821 556 2889 ἀξίως
588 2821 908 2896 ἐπαινοῦμεν
936 2819 1223 2897 μηδαμῶς,
1258 2822 1509 2902 φιλοῦμεν
1553 2820 1629 2880 δέ.

722 3108 789 3167 H'
803 3151 818 3169 .
867 3116 951 3182 Τῷ
997 3105 1301 3170 Λαοδικείας
1317 3154 1328 3168 .

280 3215 645 3294 Ἐγκαλοῦμαι
699 3214 814 3289 οὖν,
853 3214 934 3294 ἐφ’
980 3214 1070 3277 οἷς
1129 3217 1224 3272 οὒκ
1278 3213 1386 3269 ἔστι
1417 3236 1510 3290 μοι
1566 3211 1850 3289 ἀπολογή-

206 3310 392 3362 σασθαι
436 3303 638 3382 ῥᾴδιον,
668 3305 773 3383 οὐχ
805 3305 876 3368 ὡς
928 3304 1214 3382 ἀποροῦντι
1247 3301 1565 3382 ἀπολογίας,
1599 3301 1722 3358 ἀλλ’
1777 3305 1850 3365 ὡς

207 3397 487 3472 ἀποροῦντι
548 3391 788 3473 σχολῆς.
823 3391 970 3459 Πλὴν
1022 3393 1084 3448 τὸ
1134 3391 1231 3468 μὲν
1262 3392 1474 3462 σιωπᾷν
1524 3389 1854 3469 ξγχαλεῖσθω

207 3501 320 3560 μοι’
350 3484 577 3562 μετέχει
607 3483 710 3559 γὰρ
736 3481 1008 3556 ἀληθείας,
1044 3479 1140 3536 κᾶν
1172 3479 1308 3554 μηδὲ
1337 3479 1660 3558 συγγνώμης
1689 3480 1854 3550 ἀμοι-

209 3579 296 3651 ρῇ⁶
323 3575 385 3628 τὸ
403 3570 460 3627 δὲ
482 3571 562 3646 μὴ
588 3568 788 3648 φιλεῖν,
817 3567 954 3644 μηδέ
975 3589 1127 3648 ποτε,
1151 3569 1186 3637 ἢ
1217 3568 1312 3624 καὶ
1333 3569 1394 3626 τὸ
1415 3568 1492 3644 μὴ
1510 3570 1631 3625 κατ’
1654 3566 1854 3647 avem-

209 3683 306 3718 πον
363 3659 668 3738 λογίζεσθαι
698 3659 970 3736 πρότερον·
1031 3657 1130 3714 κᾶν
1180 3659 1226 3712 οἱ
1283 3656 1432 3735 λόγοι
1478 3657 1556 3728 μὴ
1599 3657 1858 3737 φέρωνται

209 3752 338 3827 πρὸς
371 3750 498 3811 τοὺς
525 3746 730 3827 φίλους.
764 3745 907 3823 Ἐγὼ
947 3747 1048 3824 γὰρ
1078 3745 1225 3810 ὅπως
1256 3745 1372 3824 ἔχω
1402 3744 1577 3824 φιλίας
1608 3745 1738 3824 πρὸς
1771 3745 1852 3820 σὲ,

213 3841 296 3895 καὶ
325 3839 482 3898 αὐτὸς
516 3834 690 3910 οἶδας,
726 3835 784 3899 ὅς
815 3856 876 3912 γε
905 3845 1056 3893 τοῦτο
1084 3833 1215 3899 τέως
1251 3833 1567 3913 ὁμολογεῖς,
1600 3833 1679 3890 ὅτι
1713 3857 1854 3912 παρ-

215 3929 335 3984 όντα
365 3926 531 4006 φιλῶ.
567 3925 715 3982 Ἐπεὶ
771 3921 825 3979 δὲ
853 3929 1030 4003 τοῦτο,
1064 3921 1199 3992 μηδὲ
1243 3929 1320 3996 τῷ
1350 3922 1514 4001 ἑτέρῳ
1558 3921 1857 3993 διαπιστή-

215 4038 330 4093 σῃς,
363 4015 447 4070 δτι
479 4016 568 4069 καὶ
587 4013 791 4070 ἀπόντα
813 4011 996 4073 πλέον.
1026 4012 1284 4091 Θαρόντος
1319 4011 1416 4083 μὲν
1435 4013 1534 4088 γὰρ
1564 4014 1718 4069 ἱκανὰ
1747 4035 1856 4069 πα-

220 4106 563 4181 ραμυθεῖσθαι
620 4102 680 4157 τὺ
712 4100 925 4179 φίλτρον
982 4100 1104 4175 ὄψις
1147 4121 1204 4158 τε
1262 4102 1417 4175 αὕτη,
1451 4102 1537 4156 καὶ
1567 4099 1716 4179 λόγοι
1775 4105 1861 4159 καὶ

222 4193 421 4268 ὁμιλία,
453 4191 683 4254 ἀπόντος
743 4188 797 4245 δὲ
846 4187 991 4257 δεινὴ
1033 4189 1295 4246 ἐπιθέσθαι
1341 4191 1375 4257 ἡ
1436 4188 1634 4267 ἔφεσις,
1668 4192 1862 4254 παντὸς

224 4283 522 4363 χηρεύουσα
586 4287 678 4336 τοῦ
735 4277 1193 4356 παρακαλοῦντος,
1244 4276 1412 4334 Ἀλλὰ
1469 4278 1530 4333 σὺ
1573 4276 1864 4357 δυσπαραί-

224 4392 380 4437 τητος
413 4372 543 4448 πρὸς
588 4370 685 4436 τὴν
749 4368 984 4446 σιωπὴν,
1014 4373 1217 4444 πικρῶς
1247 4367 1385 4443 ἡμῖν
1427 4368 1586 4433 αότὴν
1632 4369 1717 4423 ιιαὶ
1758 4369 1864 4444 βα-

1921 2107 2059 2185 gine
2099 2107 2405 2183 concitus,
2456 2108 2655 2170 animo
2711 2107 3046 2185 deﬂcerer,
3094 2129 3229 2172 cum
3274 2111 3406 2172 aliis
3437 2123 3570 2174 tuas

1924 2195 2151 2256 litteras
2181 2195 2352 2258 reddi
2382 2214 2721 2276 cernerem,
2759 2215 2856 2260 me
2885 2215 3049 2274 vero,
3106 2199 3208 2279 qui
3249 2201 3570 2281 aliquando

1926 2285 2079 2365 apud
2116 2292 2173 2348 te
2199 2285 2473 2348 Orestem
2527 2285 2772 2365 Pylades
2821 2304 2954 2348 esse
3005 2287 3406 2365 existimabar,
3459 2309 3570 2351 ne-

1927 2373 2185 2453 glectum
2213 2376 2579 2455 contemptui
2602 2373 2830 2436 haberi.
2860 2379 2936 2437 At
2956 2393 3114 2438 nunc
3143 2395 3282 2438 vere
3303 2377 3570 2439 debitum

1929 2461 2076 2524 mibi
2123 2461 2424 2540 tribuitur,
2481 2463 2619 2524 dum
2674 2462 2903 2542 accipio
2952 2464 3289 2544 epistolam,
3335 2483 3570 2546 parvam

1927 2551 2088 2612 illam
2147 2551 2411 2632 quidem,
2459 2551 2564 2614 sed
2614 2551 2765 2614 adeo
2824 2551 3154 2632 pulchram,
3202 2563 3266 2616 ut
3294 2571 3572 2617 sermone

1930 2641 2180 2721 eXprimi
2226 2646 2520 2722 nequeat;
2574 2649 2633 2701 et
2679 2656 2803 2701 non
2850 2639 3072 2716 tribus,
3103 2641 3209 2704 sed
3240 2641 3576 2705 innumeris

1932 2727 2152 2791 Gratiis
2179 2728 2482 2791 refertam.
2516 2725 2731 2791 Valeas
2757 2729 2932 2807 igitur
2951 2728 3318 2811 scribasque,
3341 2738 3400 2791 et
3420 2731 3576 2810 ejus-

1932 2815 2096 2879 modi
2119 2815 2532 2879 minutissimis
2561 2814 2828 2896 epistolis
2851 2834 2924 2879 ex
2949 2824 3049 2878 tuo
3069 2835 3277 2880 amore
3306 2820 3576 2880 animum

1931 2904 2298 2969 laborantem
2336 2921 2599 2968 recrees.
2633 2905 2732 2968 Sic
2765 2921 2880 2968 nos
2909 2913 3009 2968 tua
3061 2906 3239 2985 digne
3268 2905 3579 2970 laudamus

1933 2993 2210 3075 equidem
2245 3012 2574 3073 nunquam,
2603 2993 2710 3058 sed
2738 2993 2914 3075 plane
2943 3011 3217 3061 amanus.

2457 3099 2610 3165 VIII.
2658 3101 3039 3167 Laodicenst.

2013 3211 2281 3272 Accusor
2311 3227 2492 3281 nunc,
2514 3226 2620 3288 pro
2641 3206 2859 3288 quibus
2880 3227 2999 3270 non
3017 3209 3097 3270 ita
3116 3209 3304 3272 facilis
3321 3228 3579 3292 respon-

1934 3300 2022 3360 sio
2045 3305 2131 3359 est
2157 3317 2173 3357 ε
2200 3315 2319 3359 non
2344 3296 2502 3378 quod
2528 3297 2922 3376 responsione
2951 3296 3269 3373 destituor,
3297 3297 3404 3361 sed
3422 3298 3582 3380 quod

1935 3387 2120 3448 otium
2145 3402 2266 3446 non
2286 3384 2572 3466 suppetit.
2597 3387 2876 3446 Attamen
2900 3383 3204 3447 silentium
3230 3385 3374 3447 mihi
3397 3387 3586 3465 impe-

1937 3484 2140 3539 ratur:
2177 3491 2433 3553 namque
2454 3472 2514 3534 id
2544 3490 2578 3533 a
2599 3472 2843 3534 veritate
2873 3471 3132 3535 alienum
3167 3491 3285 3534 nou
3309 3482 3422 3548 est,
3446 3474 3585 3536 licet

1939 3565 2111 3627 venia
2158 3561 2556 3626 excusationis
2607 3579 2728 3623 non
2775 3569 3021 3624 careat:
3075 3580 3245 3624 amor
3272 3579 3413 3624 vero
3445 3579 3586 3640 erga

1939 3654 2186 3726 amicos,
2215 3668 2520 3730 nunquam
2545 3649 3062 3728 mihidenegetur,
3087 3659 3188 3712 aut
3207 3654 3292 3712 uti
3319 3649 3590 3714 homines

1943 3760 2062 3804 non
2092 3739 2460 3814 ratiocinari,
2493 3738 2607 3800 etsi
2637 3757 2948 3800 sermones
2975 3739 3046 3801 ad
3080 3739 3306 3802 amicos
3334 3758 3456 3802 non
3485 3738 3590 3800 de-

1938 3833 2228 3895 ferantur.
2262 3827 2383 3908 Ego
2413 3828 2636 3890 etenim
2669 3845 2785 3907 qua
2817 3837 3016 3889 tecum
3065 3828 3329 3891 amicitia
3373 3827 3587 3890 devin-

1941 3921 2090 3994 cior,
2119 3926 2242 3980 tute
2284 3918 2414 3997 ipse
2430 3918 2553 3997 jam
2579 3915 2734 3977 bene
2767 3917 2944 3990 nosti,
2979 3917 3084 3994 qui
3115 3935 3226 3978 nec
3251 3917 3484 3979 inﬁcias
3513 3916 3587 3991 is,

1943 4016 2302 4091 praesentem
2329 4014 2384 4068 te
2409 4005 2597 4067 amari
2613 4023 2647 4066 a
2671 4024 2791 4066 me.
2827 4007 2890 4068 Id
2922 4006 2973 4067 si
3003 4007 3084 4068 ita
3105 4025 3170 4067 se
3193 4005 3395 4083 habet,
3419 4004 3594 4066 alteri

1945 4116 2182 4180 quoque
2215 4096 2393 4158 fidem
2425 4093 2771 4169 adhibebis,
2807 4093 2992 4156 multo
3037 4096 3223 4173 magis
3254 4093 3589 4156 absentem.

1946 4187 2268 4252 Praesentis
2298 4184 2596 4266 siquidem
2624 4183 2863 4246 abunde
2894 4184 3035 4246 satis
3052 4183 3393 4264 cupidinem
3429 4182 3593 4244 sola-

1947 4277 2112 4339 bitur
2128 4284 2188 4337 et
2207 4281 2484 4354 aspectus
2507 4274 2635 4354 ipse
2667 4281 2725 4334 et
2747 4290 3060 4336 sermones
3091 4283 3150 4334 et
3178 4273 3512 4354 colloquia:
3538 4279 3599 4334 at

1949 4364 2213 4427 absentis
2243 4363 2582 4425 immaniter
2609 4361 2974 4424 desiderium
2998 4362 3252 4437 invadit,
3277 4379 3415 4424 cum
3434 4361 3599 4422 nulla

230 4462 352 4536 ρέως
412 4459 726 4537 προτείνων,
787 4455 852 4522 ἦν
895 4460 1000 4535 οὐχ
1055 4457 1285 4530 ἑκόντες,
1337 4456 1543 4534 πόθενς
1589 4455 1726 4512 ἀλλὰ
1781 4479 1847 4512 κα

1953 4453 2134 4515 leniat
2169 4451 2526 4514 consolatio.
2586 4452 2672 4513 Tu
2729 4468 2867 4512 vero
2926 4451 3240 4512 adversum
3289 4449 3596 4513 silentium

229 4548 335 4605 λίαν
387 4547 606 4608 ἄκοντες
661 4547 887 4625 φέρομεν
942 4547 1077 4623 πρὸς
1128 4545 1252 4608 τοὺς
1295 4543 1499 4618 φίλους.
1534 4546 1705 4624 Γράφε
1747 4546 1864 4602 τοί-

1951 4541 2358 4616 inexorabilis,
2394 4541 2538 4603 illud
2560 4540 2735 4602 nobis
2765 4557 2967 4602 amare
2999 4540 3276 4621 equidem
3307 4541 3599 4620 graviter-

233 4662 312 4697 ην
361 4639 541 4710 αὐτὸς,
598 4637 685 4691 καὶ
741 4637 1076 4714 παραμυθοῦ,
1107 4635 1194 4690 καὶ
1248 4633 1382 4691 κατὰ
1429 4640 1582 4691 τοῦτο
1637 4634 1840 4710 μᾶλλον

1949 4650 2068 4714 que
2097 4630 2388 4706 inculcas,
2423 4629 2582 4710 quod
2637 4648 2755 4691 non
2813 4636 3073 4711 sponte;
3131 4629 3288 4692 unde
3345 4626 3601 4692 enimid

233 4729 299 4789 ὼς
343 4728 485 4804 παρὰ
518 4724 740 4803 γνώμην
781 4745 836 4780 τι
869 4723 1206 4802 πάσχοντας,
1244 4720 1326 4800 ἐφ’
1359 4721 1446 4785 οἷς
1501 4722 1679 4802 φιλεῖν
1711 4721 1847 4804 ἔχον.

1953 4717 2305 4798 contigerit?
2335 4718 2439 4780 sed
2474 4736 2652 4799 quam
2697 4717 2957 4781 maxime
2983 4717 3153 4782 inviti
3187 4737 3328 4797 erga
3373 4717 3602 4780 amicos

233 4838 337 4889 τες,
374 4813 720 4890 κεκωλύμεθα
775 4815 907 4891 πρὸς
942 4813 997 4868 τὸ
1037 4809 1235 4890 λεγεινο
1269 4811 1447 4890 ὥσπερ
1495 4809 1548 4867 εἴ
1577 4834 1657 4876 τις
1689 4812 1847 4891 ἀλγῶ·

1953 4809 2224 4872 facimus.
2278 4805 2490 4870 Scribe
2540 4809 2742 4884 itaque
2789 4814 2874 4882 tu,
2937 4818 2996 4871 et
3048 4825 3299 4886 recrea;
3350 4806 3605 4886 ideoque

235 4905 357 4962 αότὸ
412 4910 568 4960 τοῦτο
618 4902 891 4979 ἐπετράπη
921 4902 981 4957 τὸ
1025 4906 1253 4974 σιωπᾷν,
1282 4901 1370 4956 καὶ
1420 4899 1499 4975 μή
1543 4899 1718 4979 λέγειν
1774 4903 1844 4970 τὴ

1957 4897 2354 4982 potissimum,
2411 4894 2569 4976 quod
2620 4905 2836 4977 praeter
2878 4898 3235 4961 sententiam
3280 4897 3602 4978 patiamur,

235 4991 523 5072 ἀλγηδόνα.
1957 4987 2123 5064 dum,
2138 5004 2271 5050 cum
2290 4985 2464 5048 liceat
2494 4987 2966 5062 amare,dicendi
2989 4987 3262 5049 facultate
3279 4985 3602 5067 privamur;

236 5099 397 5162 aque
425 5098 495 5141 ac
521 5079 573 5141 si
603 5077 736 5159 quis
765 5078 919 5141 male
947 5096 1012 5140 se
1042 5076 1269 5140 habens
1322 5076 1674 5160 dolensque,
1702 5080 1896 5163 ipsum
1924 5081 2040 5144 hoc
2070 5077 2161 5139 illi
2216 5075 2441 5138 silentii
2471 5075 2602 5154 lege
2659 5077 3062 5158 imponantur,
3102 5093 3177 5136 ne
3206 5075 3269 5137 in
3325 5089 3608 5138 sermone

239 5170 513 5252 deponat,
547 5166 655 5230 sed
683 5173 882 5231 mutos
909 5165 1091 5230 corde
1124 5174 1354 5247 premat
1377 5165 1641 5231 dolores.

835 5273 928 5332 ϐ’.
990 5282 1076 5349 Τῷ
1118 5279 1283 5348 αὐτῷ.

316 5384 464 5444 Μετὰ
517 5383 615 5450 τῆν
648 5380 906 5456 ἐντεῦθεν,
938 5382 1012 5445 ὡς
1056 5382 1135 5456 μὴ
1190 5379 1416 5462 ὤφελεν,
1451 5380 1707 5460 uean
1768 5407 1883 5461 σου,

2586 5277 2688 5341 ΙΧ.
2732 5276 2974 5342 Eidem.

2054 5388 2194 5448 Post
2223 5386 2388 5447 tuum
2413 5402 2482 5446 ex
2509 5383 2604 5446 his
2631 5383 2918 5466 partibus,
2947 5386 3048 5468 qui
3086 5403 3389 5465 nunquam
3417 5385 3612 5447 conti-

239 5479 299 5534 οὒ
354 5474 437 5532 διὰ
497 5471 767 5553 γλώττης,
803 5474 862 5530 οὗ
919 5468 1004 5528 διὰ
1051 5471 1404 5550 γραμμάτων,
1451 5470 1556 5528 οὔδ’
1615 5476 1847 5531 ὁτιοῦνπε

1971 5476 2183 5555 gissetl
2221 5473 2577 5547 discessum,
2631 5491 2828 5554 neque
2873 5494 2982 5556 per
3030 5493 3362 5553 sermones,
3423 5493 3620 5554 neque

237 5571 336 5634 τῆς
391 5564 510 5642 ἐμοὶ
553 5561 713 5643 φίλης
780 5559 1076 5629 ἀκηκοότες
1119 5565 1330 5639 ψυχῆς,
1367 5559 1504 5618 οὕτω
1561 5559 1847 5639 διακείμεθς

1978 5563 2326 5645 perlitteras
2349 5561 2661 5644 quidpiam
2685 5563 2850 5625 chari
2873 5565 3023 5628 mibi
3047 5564 3232 5627 animi
3259 5565 3622 5642 audiens,ita

473 5682 742 5746 PATROL.
781 5678 896 5744 Gn.
943 5677 1150 5741 CXIV.
2907 5687 2942 5743 δ
