4004 6138
475 220 594 288 235
1641 215 2021 286 SYMEONIS
2064 227 2375 290 METAPH
2386 229 2672 292 RAST/E.
3783 227 3931 295 236

471 357 718 431 alliciar,
761 362 825 418 ut
857 353 956 436 qui
986 354 1338 444 scissionem
1389 375 1458 418 ac
1494 360 1932 439 separationem
1974 363 2052 422 vic

2346 389 2366 443 ρ
2441 367 2647 444 ἀνάγκη
2707 367 2831 428 τοὺς
2905 367 3075 440 τομὴν
3169 369 3343 443 βιαίαν
3422 371 3502 424 καὶ
3590 364 3927 443 διαῤῥηξιι

470 449 665 538 lenter
707 445 922 506 factam
965 443 1250 538 tolerant.
1310 447 1402 538 At
1433 455 1516 523 tu,
1571 447 1671 529 qui
1726 448 1838 509 hoc
1888 455 2051 531 optin

2341 443 2561 518 τάνταςς
2606 454 2773 511 Ἀλλὰ
2825 455 2887 509 σὺ
2929 458 2956 510 ὁ
3000 464 3164 513 ταῦτα
3224 455 3399 538 εἰδὼς,
3443 465 3570 520 πῶς
3626 454 3922 533 ἠνέσχου

469 535 676 610 calles,
723 533 1026 614 quomodo
1073 533 1406 596 sustinuisti
1463 554 1571 615 per
1612 545 1840 598 tantum
1870 544 2050 619 templ

2339 554 2584 603 τοσοῦτον
2643 545 2838 622 χρόνον
2898 542 3306 620 ἀπαρακλήτους
3347 543 3708 603 καταλιπεῖν
3753 563 3772 622 ;
3844 544 3920 598 Εἴ

468 643 578 688 nos
605 622 833 703 absque
862 622 980 684 ulla
1002 623 1413 685 consolatione
1442 625 1773 686 deserere?
1799 625 2043 707 Siquide

2335 632 2380 687 5v
2439 635 2596 705 ἡμῶν
2627 630 2773 707 μέλει
2828 655 2933 705 σοι,
2967 633 3120 706 μέλει
3154 632 3209 689 δὲ
3265 657 3476 698 παντως
3507 633 3714 709 μέλος
3784 631 3916 688 ἕντι

468 732 608 793 ergo
640 710 828 802 nostri
877 710 985 771 tibi
1016 727 1176 772 curae
1200 720 1288 774 est
1313 735 1324 770 :
1348 720 1417 802 et
1448 722 1610 774 certe
1633 721 1722 774 est
1755 716 1946 777 modis
1975 737 2049 778 on

2335 721 2493 797 μέρος
2526 727 2625 786 τῆς
2669 728 2793 794 μιᾶς
2827 726 3035 800 ψυχῆς,
3068 723 3270 799 γράψον
3304 724 3362 779 τό
3394 726 3573 802 τάχος
3618 723 3725 777 καὶ
3782 745 3914 776 πα-

465 802 668 881 nibus,
721 799 822 880 qui
878 818 1013 880 pars
1070 811 1128 861 et
1184 801 1515 863 membrum
1571 803 1750 863 unius
1780 805 1962 866 animi
1997 825 2046 868 es

2333 813 2492 875 Βησαι
2527 812 2736 889 ψυχὴν,
2875 799 3028 868 τοῦτο
3078 811 3235 873 αὐτὸς
3291 813 3372 890 εἶ,
3407 811 3539 888 ὅπερ
3614 812 3914 889 ἀτεχνῶς

467 908 640 972 quam
657 889 974 950 celerrime
998 889 1265 964 scribito,
1296 900 1355 952 et
1375 891 1642 952 animum
1661 893 1995 970 consolare,
2013 915 2044 957 c

1154 890 1265 964 lito,
1296 900 1355 952 et
1375 891 1642 952 animum
1661 893 1995 970 consolare,
2013 897 2106 957 cui
2189 897 2362 964 ἐκείνη
2396 905 2472 971 τῷ
2503 899 2735 973 σώματι.

465 981 594 1061 ipse
616 978 674 1040 id
709 976 868 1040 idem
894 997 982 1054 es,
1007 978 1161 1058 quod
1191 980 1314 1057 ille,
1348 979 1572 1060 absque
1603 979 1806 1056 dubio,
1840 985 2105 1063 corpori.

1225 1305 1936 1434 ΣΥΜΕΩΝ
2063 1310 3076 1440 ΜΑΓΙΣΤΡΟΥ

1873 1550 1982 1597 ΚΑΙ
2033 1549 2427 1603 ΛΟΓΟΘΕΤΟΥ

1575 1721 2094 1806 ΕΠΙΤΟΜΗ
2169 1724 2710 1807 ΚΑΝΟΝΩΝ

789 2064 1490 2176 SYMEONIS
1591 2069 2252 2178 MAGISTRI
2352 2067 2521 2174 ET
2631 2065 3509 2176 LOGOTHETPE

1594 2311 2078 2396 EPITOME
2161 2307 2698 2394 CANONUM

539 2507 635 2579 (Ex
685 2508 976 2591 Christoph.
1008 2511 1215 2591 Justelli
1257 2511 1613 2591 ξςιθϋοιιιεειι⁸
1626 2512 1774 2570 Jurs's
1809 2515 2055 2591 canonici
2081 2512 2458 2591 αἰθήρ-ποιῇ.
2513 2509 2576 2575 11,
2611 2508 2819 2591 ρλιρ.
2854 2538 2929 2591 ⁸-
2961 2506 3019 2564 In
3047 2507 3318 2587 Symeonis
3347 2507 3577 2591 epitome
3605 2581 3619 2591 _
3643 2517 3878 2591 quatuor

464 2579 630 2652 priora
657 2579 872 2666 concilia
894 2579 1234 2666 :qecumenica.
1265 2581 1547 2666 Nicaenum,
1573 2583 2203 2666 Constantinopolitanum,
2244 2579 2630 2666 Ephesin‘umvet
2659 2579 3084 2666 Cbalce'donense,
3121 2579 3332 2666 primum
3363 2581 3531 2635 locum
3566 2579 3821 2666 obtinent
3853 2599 3866 2642 ;

465 2649 1129 2736 sequuntur'parlticulares
1157 2669 1246 2736 seu
1299 2655 1472 2736 topica;
1527 2649 1810 2736 πηροὶ-,μεθ
1846 2649 2018 2712 ordine
2047 2679 2058 2711 :
2123 2649 2402 2736 Ancyram,
2441 2651 2778 2736 Sa‘rdicenci‘s;
2806 2649 3242 2736 Neocasz’ir‘i‘ensis,
3292 2649 3638 2736 gangrenam,
3673 2652 3871 2736 A_n_tio-

466 2719 628 2776 cliens
681 2727 731 2776 et
766 2719 1106 2788 Laodicensis,
1171 2723 1320 2779 uibus
1355 2719 1525 2781 'etiam
1555 2719 1758 2781 addidit
1802 2743 2027 2785 canones
2077 2719 2398 2798 apostolicos,
2429 2723 2516 2779 sed
2575 2731 2623 2778 et
2678 2721 2938 2778 Atricanos
2989 2719 3163 2786 XCIV,
3196 2731 3246 2775 et
3301 2719 3630 2789 Trullenses,
3665 2732 3720 2778 et
3758 2731 3867 2778 tres

466 2790 706 2848 epistolas
733 2790 1002 2848 canonieas
1032 2739 1227 2848 Basilii.

466 2793 706 2862 epistolas
733 2793 1002 2848 canonieas
1032 2793 1227 2849 Basilii.

859 3023 1225 3087 Sanctorum
1266 3024 1696 3105 apostolorum.
2124 3037 2159 3084 Β

1683 3076 1696 3090 .
2124 3037 2159 3084 Β
2741 3030 2856 3083 Τῶν
2922 3025 3257 3087 ἀποστόλων,

545 3129 602 3188 1.
640 3125 763 3190 Duo
795 3137 894 3190 aut
924 3137 1045 3192 tres
1074 3129 1340 3211 episcopi
1372 3131 1656 3194 ordinant
1685 3132 2053 3214 episcopum.

2282 3124 2338 3195 ι’,
2405 3130 2571 3198 Δύοῆ
2629 3145 2776 3208 τρεῖς
2810 3130 3088 3188 ἐπίσκοποι
3145 3137 3551 3210 χειροτονοῦσιν
3617 3130 3863 3187 ἐπίσκο-

2178 3242 2304 3282 πον,

540 3305 602 3370 2.
629 3303 794 3368 Unus
817 3323 960 3367 vero
994 3307 1425 3387 presbyterum,
1461 3308 1553 3370 vel
1585 3308 1927 3373 diaconum.

1776 3327 1927 3373 sum.
2256 3299 2331 3385 β’.
2370 3313 2460 3373 Εἷς
2489 3306 2565 3382 δὲ,
2602 3305 2953 3385 πρεσϐύτερον
2981 3308 3070 3363 καὶ
3098 3306 3357 3365 διάκονον.

541 3397 600 3458 3.
639 3394 925 3457 Sacerdos
955 3395 1068 3475 lac,
1098 3406 1198 3457 aut
1228 3397 1368 3468 mel,
1399 3410 1503 3460 aut
1528 3399 1810 3475 siceram,
1844 3407 1944 3460 aut
1971 3403 2094 3462 ani-

2269 3397 2340 3475 γ’,
2403 3391 2588 3475 Ἰερεὺς
2644 3400 2670 3453 ὁ
2719 3397 2879 3475 γάλα,
2933 3397 2966 3464 ἢ
3024 3395 3168 3471 μέλι,
3230 3396 3264 3463 ἢ
3323 3396 3528 3472 σίκερα,
3604 3397 3642 3465 ἢ
3708 3397 3850 3468 ζῶα,

461 3483 660 3558 malia,
693 3490 794 3543 aut
821 3482 1116 3561 legumina
1169 3486 1429 3547 offerens
1475 3487 1548 3547 ad
1601 3486 1809 3562 altare,
1843 3495 2042 3567 praete:

2272 3485 2462 3560 ὄσπρια
2518 3493 2596 3559 τῷ
2651 3487 3002 3563 θυσιαστηρίῳ
3057 3484 3362 3564 προσάγων,
3422 3484 3570 3551 πλὴν
3637 3483 3851 3562 χίδρων

460 3590 636 3651 quam
670 3589 851 3631 novas
871 3571 1066 3650 spicas
1088 3581 1145 3634 et
1167 3592 1307 3635 uvas
1331 3583 1390 3636 et
1409 3574 1629 3650 oleum,
1658 3583 1717 3637 et
1745 3576 2041 3655 thymiam:

2260 3619 2262 3626 .
2320 3573 2592 3652 σταφυλῆς
2654 3573 2992 3653 [σταφυλῶν]
3047 3575 3133 3628 καὶ
3184 3572 3382 3646 ελαίου,
3444 3574 3541 3629 καί
3620 3572 3841 3650 κηρίον,

459 3659 812 3740 deponatur.
1087 3688 1104 3702 -

2173 3664 2261 3718 καὶ
2287 3664 2642 3741 θυμιάματος,
2677 3665 3021 3733 καθαιρεσθω.

539 3748 600 3809 4.
635 3745 886 3808 Fructus
933 3747 1175 3837 domum
1231 3756 1555 3827 mittantur,
1604 3753 1882 3832 primitiae
1929 3757 2092 3837 epis-

2259 3749 2323 3813 δ’,
2383 3753 2442 3807 Αἱ
2512 3752 2718 3829 ὀπῶραι
2789 3751 2931 3808 οἶκοι
2989 3752 3402 3827 πεμπέσθωσαν,
3463 3751 3701 3830 ἀπαρχὴ
3761 3755 3840 3822 τῷ

461 3843 768 3923 σοροῌδιιι
823 3834 1204 3915 presbyteris,
1266 3858 1414 3918 quos
1470 3841 1645 3919 primi
1705 3834 2042 3923 sequentibt

2253 3841 2454 3912 ισκόπῳ
2509 3840 2544 3906 ἦ
2601 3852 2720 3898 τοῖς
2770 3839 3161 3918 πρεσϐυτέροις,
3225 3843 3285 3904 ἃς
3329 3843 3376 3898 οἱ
3433 3849 3644 3920 πρῶτοι
3711 3851 3834 3902 τοῖς

459 3921 838 3985 distribuant.
1792 3921 1807 3923 “

1792 3921 1807 3923 _
2176 3927 2297 3995 ἑξῆς
2341 3927 2662 4004 διανέμοιεν,

538 4012 600 4074 5.
631 4010 956 4090 Conjugem
991 4012 1273 4074 sacerdos
1322 4019 1370 4075 si
1418 4015 1642 4095 ejiciat,
1679 4021 2090 4083 excommuni-

2255 4018 2321 4078 ε’.
2381 4019 2489 4085 Τὴν
2541 4019 2736 4095 βοηθὸν
2792 4020 2956 4096 ἱερεὺς
3013 4016 3287 4074 εκϐάλλων
3331 4019 3688 4098 ἀφοριζέσθω,
3749 4017 3828 4093 μή

457 4108 628 4162 cetur
659 4119 673 4161 :
703 4103 751 4160 si
784 4116 924 4160 vero
974 4117 1092 4160 non
1125 4102 1484 4185 introducat,
1520 4105 1704 4183 gradu
1748 4107 2038 4186 dejiciatu:

1328 4111 1484 4185 ucat,
1520 4105 1704 4183 gradu
1748 4107 2087 4186 dejiciatur.
2174 4107 2397 4184 εἰσάγων
2425 4105 2504 4180 δὲ,
2538 4108 2906 4185 καθαιρείσθω.

536 4189 597 4252 6.
630 4187 957 4251 Saeculares
987 4205 1159 4250 curas
1187 4192 1519 4272 suscipiens
1560 4195 1860 4272 sacerdos,
1894 4215 2090 4262 sacer-

2252 4196 2352 4268 ς’.
2424 4198 2691 4272 Κοσμνκὰς
2749 4195 3022 4276 φροντίδας
3093 4194 3387 4276 δεχόμενος
3447 4198 3641 4275 ἱερεὺς,
3693 4193 3816 4250 ἄνι-

455 4276 618 4338 (Ιοῑὶο
651 4279 932 4357 privetur.

745 4284 932 4338 vetur.
2171 4306 2259 4362 ερο
2275 4308 2298 4348 ς
2311 4331 2324 4347 .

539 4365 594 4425 7.
653 4363 764 4436 Qui
805 4385 939 4428 cum
969 4365 1200 4429 Iudaeis
1232 4369 1460 4434 Pascha
1511 4372 1796 4451 celebrat,
1830 4374 2120 4455 deponi-c

2250 4373 2326 4444 ζ’.
2424 4375 2757 4453 Καθαιρεϊτο’
2829 4378 2856 4430 ὁ
2925 4375 3096 4432 τελῶν
3193 4374 3328 4451 μετὰ
3403 4373 3672 4434 Ἰουδαίων
3767 4373 3820 4428 τὸ

456 4463 572 4518 tur.

2177 4463 2389 4541 Πάσχα.

534 4545 595 4607 8.
630 4542 922 4608 Sacerdos
962 4563 1082 4607 non
1112 4548 1563 4612 communicans
1607 4550 1763 4613 dicat
1806 4570 2085 4628 causam;

2251 4544 2333 4618 η’.
2409 4552 2577 4627 Ιερεὺς
2648 4553 2725 4626 μὴ
2812 4549 3233 4627 μεταλαμϐάνων
3302 4552 3504 4629 λεγέτω
3589 4553 3651 4608 τὸ
3719 4547 3816 4605 αἵ-

453 4633 612 4715 quod
645 4634 692 4694 si
715 4652 834 4695 non
865 4634 1101 4709 dixerit,
1136 4639 1719 4702 excommunicetur:
1743 4651 2034 4722 suSpectul

2231 4663 2283 4697 ον
2317 4687 2332 4713 ,
2407 4641 2727 4719 ἀφοριζέσθω
2803 4639 2856 4694 δὲ
2943 4640 3022 4713 μὴ
3108 4639 3276 4717 λέγων
3307 4659 3319 4671 '
3408 4640 3648 4697 ὕποπτον
3716 4637 3812 4714 γὰρ

453 4723 609 4784 enim
640 4723 836 4784 reddit
871 4725 1243 4790 offerentem.

2173 4731 2430 4796 πεποίηκε
2461 4731 2551 4785 τὸν
2584 4729 2943 4806 προσάγοντα,

527 4811 590 4875 9.
624 4808 1182 4876 Excommunicabis
1240 4834 1374 4877 eum
1434 4816 1537 4898 qui
1591 4817 1651 4878 in
1707 4819 1979 4880 oratione
2027 4828 2086 4880 et

2247 4817 2324 4880 θ’,
2385 4818 2680 4897 Ἀφορίσεις
2740 4821 2832 4874 τὸν
2895 4823 2961 4893 τῇ
3018 4818 3178 4896 εὐχῇ,
3235 4821 3332 4874 καὶ
3393 4839 3452 4874 τε
3510 4814 3811 4894 μεταλήψει

446 4906 870 4962 communione
900 4920 1016 4964 non
1051 4913 1409 4984 perseverat.

1093 4913 1409 4966 erseverat.
2167 4908 2245 4983 μὴ
2276 4908 2669 4986 παραμένοντα.

530 4991 628 5054 10.
665 4991 776 5064 Qui
827 4999 955 5053 orat
1003 5011 1138 5053 cum
1194 4995 1711 5057 excommunicato
1766 5004 1866 5058 aut
1896 4996 2082 5075 gradu

2249 4997 2308 5058 ι’.
2369 4998 2429 5054 Ὀ
2489 4997 2878 5076 συνευχόμενος
2925 4995 3287 5071 ἂκοινωνήνῳ,
3334 4998 3369 5066 ἢ
3431 4995 3805 5075 καθῃρημένῳ,

447 5079 704 5160 dejecto,
729 5089 941 5155 suapte
966 5081 1260 5143 sententia
1288 5083 1742 5148 condemnatur.

1049 5081 1260 5143 utentia
1288 5083 1742 5148 condemnatur.
2168 5086 2630 5159 αὐτοκατάκριτος.

532 5171 596 5231 11
617 5218 630 5232 .
663 5169 776 5242 Qui
807 5170 1048 5233 aliunde
1079 5171 1340 5250 ejectum
1363 5173 1722 5254 susceperit,
1749 5177 1931 5253 magis
1957 5174 2080 5255 ipse

2248 5175 2349 5238 ια’,
2415 5166 2471 5231 ιΟ
2535 5173 2815 5250 δεξάμενος
2860 5175 2951 5230 τὸν
3025 5172 3242 5230 ἄλλοθεν
3298 5173 3536 5253 ἄδεκτον,
3583 5170 3799 5228 ἂδεκτό-

449 5257 782 5339 ejiciendus
811 5267 920 5322 est.

756 5276 782 5318 Β
811 5267 920 5322 est.
2163 5286 2337 5344 τερος.

531 5349 629 5408 19.
680 5344 788 5416 Qui
837 5347 1508 5411 excommunicationem
1569 5349 1881 5425 mentitur,
1943 5349 2078 5412 ideo

2247 5349 2340 5413 ιϐ’.
2431 5345 2488 5410 Ὀ
2595 5354 2685 5408 τὸν
2769 5352 3057 5430 ἀφορισμὸν
3171 5353 3500 5426 ψευσάμενος
3583 5345 3798 5405 ἁδειινό-

451 5435 708 5497 maxime
735 5435 1100 5513 rejiciendus
1119 5447 1234 5502 est.

762 5435 1100 5513 ejiciendus
1119 5447 1234 5502 est.
2163 5464 2318 5506 τατος
2332 5491 2343 5504 .

539 5523 637 5587 13.
672 5521 888 5586 Sedem
921 5542 988 5586 ex
1013 5525 1157 5589 sede
1181 5545 1296 5589 non
1314 5527 1578 5605 invades,
1605 5527 1836 5608 nisiqui
1868 5527 1953 5590 ibi
1972 5528 2079 5592 de-

2254 5532 2340 5609 ιγ’,
2429 5531 2621 5610 Θρόνον
2707 5535 2799 5591 οὒκ
2884 5529 3207 5602 ἐκπηδήσεις
3293 5531 3352 5587 ἐκ
3456 5530 3670 5610 Θρόνου,
3713 5549 3715 5551 ‘
3753 5523 3835 5590 εἶ,
