4004 6138
275 225 345 290 ἳ37
1486 206 1820 282 ΕΡΙΤΟΜΕ

1978 209 2277 281 NONUM.

3460 193 3577 278 238

279 363 317 430 μή
369 369 476 417 τοῖς
562 356 676 411 ἐκεῖ
757 346 1190 433 λυσιτελέστερος
1217 401 1232 431 ,
1307 354 1380 416 ὡς
1464 348 1846 408 διδακτικώτα-

1972 358 2074 409 unt
2104 349 2305 411 utilior
2333 348 2718 431 sis,tanquam
2750 348 2823 409 ad
2854 348 3190 410 docendum
3222 349 3570 429 aptissimus

271 469 323 509 τος
385 445 576 520 ιιρίνοιο
608 464 623 477 ο

265 535 458 610 διακρίσει
481 535 570 589 καὶ
601 533 954 609 παρακλήσει.

315 620 385 680 ιδ’.
483 620 750 697 Κληρικὸς
821 621 961 683 ἅπας
1053 622 1082 676 ὁ
1166 625 1263 686 τῆς
1355 620 1547 680 οἰκείας
1633 617 1845 690 ἐκστας,

255 718 316 769 καί
377 712 468 776 τὴν
534 710 818 787 ἀλλοτρίαν
913 710 1091 776 οἰκῶν,
1167 711 1251 764 καὶ
1335 711 1465 783 πρὸς
1549 715 1642 763 τοῦ
1724 707 1848 763 ἐπι-

253 802 412 856 σκόπου
478 797 884 873 δυσωπούμενος
921 846 937 877 ,
996 800 1081 854 καὶ
1151 800 1208 856 οδ
1281 797 1636 867 παλινοστῶν,
1691 796 1845 852 ἀκοι-

253 892 465 956 νώνητος.
546 889 645 946 Καὶ
714 887 900 945 τοῦτον
957 889 984 944 6
1045 887 1098 942 ἐν
1169 888 1357 964 γνώσει
1428 885 1698 965 κατέχων,
1752 889 1843 943 a6-

249 979 602 1054 τοκατάκριτος.

311 1066 379 1125 ιε’.
448 1068 688 1143 Ἀνίερος
753 1066 891 1130 ἅπας
953 1065 1198 1142 δίγαμος,
1272 1065 1308 1132 ἢ
1379 1063 1658 1132 παλλακὴν
1721 1065 1843 1120 ἐπι-

249 1157 433 1236 triam-

306 1332 411 1406 ις’.
497 1333 560 1389 Ὀ
626 1330 1050 1405 ἀπολελυμένην,
1111 1331 1146 1398 ἢ
1213 1331 1414 1410 χήραν,
1487 1331 1524 1398 ἢ
1593 1332 1850 1408 Θεράπαι-

244 1446 332 1501 vn,
363 1422 395 1490 ἢ
424 1419 656 1497 μαινάδα
685 1418 862 1476 λαϐὼν
891 1421 1079 1499 ἱερεὺς,
1110 1421 1274 1485 ὄντως
1319 1419 1542 1496 ἀνίερος.

306 1598 384 1670 ιζ’.
445 1603 518 1657 Οὒ
588 1597 924 1675 κεκλήρωται
993 1601 1020 1653 6
1076 1595 1164 1653 δύο
1224 1595 1478 1676 ἀδελφὰς,
1536 1597 1570 1663 ἤ
1635 1597 1854 1671 ἀνεψιὰς

237 1689 321 1766 ἆγα
329 1691 416 1766 τόμ
427 1711 545 1754 ενος
554 1736 569 1750 .

305 1777 395 1843 ιη’.
433 1777 497 1835 ’0
527 1777 783 1855 κῗιηρικὸς
809 1776 1003 1855 ἐγγύας
1035 1778 1093 1833 οὖ
1112 1773 1342 1837 δίδωσιν.

296 1867 356 1924 ιϐ’
367 1915 378 1928 ,
417 1868 682 1946 Εὔνοῦχος
712 1870 912 1944 ἱερᾶται
923 1913 936 1928 ,

297 1954 363 2015 κ’.
414 1955 700 2025 Ἐκτομίας
732 1953 784 2010 δὲ
826 1955 906 2016 οὗ,

297 2046 396 2106 αι’.
470 2047 533 2103 Ὀ
617 2047 752 2120 μετὰ
836 2042 1033 2116 κλῆρον
1125 2043 1304 2100 ἑαυτὸν
1375 2044 1637 2116 ἒκτεμὼν,
1713 2046 1846 2099 καθ-

231 2137 425 2210 ᾕρηται.

296 2221 393 2285 ιϐ’.
456 2224 516 2280 ’0
571 2225 755 2282 ἑαυτὸν
799 2222 1038 2299 ἐκτεμὼν
1089 2221 1299 2293 λαίκος,
1334 2222 1422 2278 ἐπὶ
1460 2220 1686 2298 τριετίαν
1744 2220 1848 2298 ἀφ-

229 2313 424 2390 ορίξεται
434 2358 447 2372 .

296 2402 397 2479 κγ’.
491 2403 712 2480 Πορνεία
791 2403 1064 2481 συσχεθεὶς
1148 2403 1338 2480 ἱερεὺς,
1400 2401 1434 2468 ἢ
1492 2399 1753 2478 ἐπιορκία,
1814 2397 1850 2465 ἢ

228 2490 498 2566 κλέμματι,
533 2491 852 2568 καθῄρηται.

297 2579 392 2641 κδ’.
467 2580 529 2639 Ὀ
603 2583 834 2658 ἱερᾶσθαι
907 2579 1140 2659 μέλλων,
1210 2581 1252 2635 εἰ
1307 2578 1572 2654 βούλοιτο,
1645 2597 1848 2654 προγα-

234 2673 392 2744 μείτω.

297 2761 386 2823 κε’.
451 2761 644 2838 Ἰερεὺς
697 2759 884 2814 ⁴πιστὸν
953 2759 989 2825 ἢ
1058 2758 1280 2815 ἄπιστον
1334 2758 1604 2826 τυπτήσας
1663 2757 1845 2810 καθαια

235 2863 403 2927 putat.

300 2938 420 3014 ις’.
484 2937 547 2998 Ὀ
606 2937 926 3014 καθαιρεθεὶς
999 2935 1356 3015 εὐλογώτατα,
1416 2936 1459 2990 εἰ
1529 2940 1634 2989 τῶν
1687 2934 1846 2988 θείων

238 3025 396 3101 ἅψεται
425 3028 614 3106 πάλιν,
651 3026 1126 3104 ἐκκηρυκτότατος.

301 3119 393 3188 κζ’,
440 3118 497 3176 ’0
561 3117 646 3172 ἰπὶ
708 3117 982 3196 χρήμασιν
1031 3115 1222 3194 ἱερεὺς,
1267 3113 1400 3189 μετὰ
1456 3120 1549 3170 τοῦ
1591 3132 1847 3191 χειροτο-

237 3209 465 3275 νήσαντος
522 3206 931 3282 καθαιρούμενος
1005 3204 1148 3259 ἔσται
1186 3250 1202 3282 ,
1276 3205 1362 3258 καὶ
1435 3201 1566 3256 κατὰ
1636 3201 1851 3275 Σίμωνα

238 3298 371 3352 εἰσαεὶ
399 3295 776 3362 ἀνοινώνητος.

304 3383 404 3453 κη’,
437 3386 498 3443 ’0
559 3382 626 3440 6t’
684 3382 962 3461 ἀρχόντων
1013 3383 1296 3444 ἐπίσκοπος
1327 3380 1628 3458 γινόμενος,
1663 3379 1851 3432 καθαι-

237 3475 454 3550 ρούμενος
485 3471 837 3551 ἀφοριζέσθω.

300 3653 393 3714 κθ’.
468 3653 529 3710 ’0
607 3649 660 3714 ἐξ
753 3648 984 3704 ἆναιτίου
1072 3648 1304 3726 σχισθεὶς
1392 3645 1703 3718 ἐπίσκοπος,
1766 3644 1850 3700 καὶ

235 3743 414 3818 πηγνὺς
497 3738 632 3796 ἄλλο
717 3739 1100 3816 θδσιαστῆριον,
1163 3732 1282 3810 μετ’
1361 3737 1529 3791 αὐτῶν
1607 3731 1706 3799 ἕξει
1788 3735 1849 3790 τὸ

239 3827 437 3888 ἱκτωτον
471 3828 574 3913 [ἴς.
608 3828 899 3903 ’ἐκπτωτονΙ
911 3867 928 3885 .

301 3919 365 3980 λ’.
422 3909 680 3981 ’Ᾰδεκτος
740 3915 933 3995 ἑτέροις
993 3917 1019 3970 6
1073 3912 1124 3978 ἐξ
1173 3913 1353 3991 ἐτέρου
1409 3909 1682 3989 περιόντος
1741 3909 1848 3989 ἀφ-

239 4010 521 4084 ωρισμένος.

303 4096 399 4158 λα’.
459 4097 630 4158 Ξένος
696 4095 860 4174 ἱερεὺς
933 4092 1059 4173 δίχα
1115 4098 1442 4150 συστατικῶν
1499 4093 1558 4148 οὗ
1627 4087 1852 4168 προσδέ-

240 4205 392 4262 χεται·
451 4189 544 4244 καὶ
614 4184 757 4265 ἔχων
817 4181 1258 4258 ὲππνακρίνεταιν
1319 4182 1406 4236 καὶ
1468 4182 1511 4236 εἰ
1581 4179 1687 4234 τῶν
1762 4179 1852 4256 ἆρ’

239 4275 449 4333 θοτοπῶν
509 4275 802 4353 προσίεται⁹
862 4273 905 4327 εἶ
963 4267 1008 4326 δ’
1063 4271 1174 4344 οὖν,
1239 4265 1641 4347 ἐφοδιαζὸμενος
1711 4269 1852 4323 611:0-

241 4362 477 4438 πέμπεται
487 4412 499 4424 .

709 445 798 500 καὶ
869 442 1024 500 τοῦτο
1093 441 1305 499 πολλῶν
1390 439 1695 496 ἐπισκόπων
1763 441 1849 494 καὶ

1972 437 2238 512 idiceris,
2291 437 2471 517 idque
2519 437 2838 499 multorum
2887 438 3304 518 episcoporum
3343 438 3579 516 judicio

1930 535 2103 605 atque
2129 526 2549 588 obtestatione.

2014 615 2111 677 14.
2160 615 2369 675 Omnis
2399 613 2656 676 clericus
2689 616 2926 696 propria
2956 617 3166 679 relicta
3214 615 3471 678 ecclesia
3517 615 3583 679 in

1932 702 2126 764 aliena
2152 703 2397 782 degens,
2427 704 2476 764 si
2505 703 2578 765 ab
2630 705 2911 786 episcopo
2942 715 3253 768 revocatus
3303 723 3425 768 non
3475 722 3579 767 re-

1931 792 2090 867 deat,
2143 794 2712 868 excommunicatur,
2777 803 2835 856 et
2889 795 2990 875 qui
3046 797 3205 857 hunc
3267 795 3469 857 sciens
3521 805 3585 855 et

1934 882 2193 960 prudens
2222 881 2470 958 detinet,
2521 882 2777 962 ipsemet
2804 884 3256 946 condemnatur.

2013 1060 2109 1120 15.
2155 1058 2416 1131 Quilibet
2443 1060 2705 1122 secundo
2736 1062 3115 1124 matrimonio
3152 1064 3423 1142 junctus,
3477 1072 3584 1125 aut

1932 1147 2323 1210 concubinam
2354 1151 2647 1223 nutriens,
2671 1149 2744 1210 ad
2777 1152 3172 1213 sacerdotium
3205 1170 3326 1214 non
3353 1151 3578 1213 admit-

1934 1243 2094 1298 titur.

2017 1327 2114 1387 46.
2157 1325 2437 1407 Quisquis
2465 1327 2772 1390 dimissam
2803 1337 2907 1390 aut
2935 1330 3191 1403 viduam,
3249 1338 3352 1392 aut
3380 1331 3575 1391 ancil-

1936 1415 2078 1489 lam,
2112 1425 2215 1476 aut
2245 1416 2631 1478 bacchantem
2665 1417 2726 1476 in
2765 1435 3007 1479 uxorem
3059 1421 3383 1500 acceperit,
3441 1439 3579 1486 vere

1939 1503 2270 1566 sacerdotio
2303 1504 2602 1583 indignus.

2023 1593 2123 1653 17.
2171 1594 2304 1655 Non
2334 1593 2611 1672 allegitur
2644 1594 2708 1654 in
2737 1595 2965 1657 clerum
2999 1596 3267 1678 quisquis
3297 1597 3444 1661 duas
3476 1617 3579 1661 so-

1893 1723 1918 1767 ς,
1941 1699 2132 1754 rores,
2166 1691 2266 1743 aut
2294 1681 2682 1744 consobrinas
2712 1683 2771 1744 in
2806 1685 3250 1748 matrimonium
3282 1688 3537 1752 duxerit.

2022 1776 2122 1833 48.
2173 1769 2437 1832 Clericus
2467 1769 2884 1852 ﬁdejussiones
2914 1793 3030 1836 non
3058 1773 3180 1838 dat.

2017 1861 2112 1921 19.
2162 1857 2486 1922 Eunuchus
2519 1860 2851 1923 sacerdotio
2884 1863 3047 1942 fungi
3082 1873 3297 1944 potest.

2013 1952 2112 2013 20.
2161 1951 2274 2022 Qui
2305 1966 2443 2011 vero
2473 1950 2735 2030 seipsum
2767 1950 3128 2026 absciderit,
3175 1973 3577 2036 nequaquam.

2011 2038 2110 2099 21.
2159 2038 2221 2100 Si
2251 2039 2384 2118 quis
2417 2047 2722 2120 postquam
2757 2040 2815 2100 in
2843 2039 3068 2102 clerum
3099 2052 3407 2122 cooptatus
3437 2045 3578 2108 fue-

1933 2130 2030 2202 rit,
2064 2129 2326 2207 seipsum
2359 2126 2700 2203 absciderit,
2735 2127 3089 2208 deponatur.

2015 2216 2112 2278 ‘29.
2157 2215 2370 2278 Laicus
2399 2216 2500 2296 qui
2530 2217 2794 2295 seipsum
2828 2219 3187 2294 exsecuerit,
3235 2238 3342 2302 per
3391 2224 3578 2286 trien-

1934 2305 2100 2368 nium
2128 2315 2494 2384 segregatur.

2014 2396 2113 2458 93.
2163 2394 2456 2456 Sacerdos
2506 2395 2922 2474 fornicatione,
2985 2407 3082 2459 aut
3137 2401 3422 2480 perjurio,
3481 2410 3580 2464 aut

1932 2486 2088 2548 furto
2119 2484 2464 2559 obstrictus,
2500 2485 2841 2565 deponitur.

2010 2575 2110 2638 24.
2159 2573 2271 2645 Qui
2301 2574 2373 2636 ad
2407 2592 2612 2636 sacros
2644 2575 2886 2638 ordines
2917 2579 3358 2656 promovendus
3388 2587 3501 2658 est,
3528 2581 3579 2643 si

1933 2663 2072 2725 velit
2101 2664 2265 2744 prius
2293 2681 2541 2724 uxorem
2567 2663 2768 2726 ducat.

2009 2752 2109 2814 QE).
2163 2751 2460 2814 Sacerdos
2491 2751 2729 2814 ﬁdelem
2760 2761 2858 2814 aut
2890 2753 3193 2817 inﬁdelem
3239 2755 3289 2816 si
3321 2774 3574 2836 percus-

1927 2843 2094 2917 serit,
2127 2841 2471 2921 deponitur.

2012 2930 2109 2992 26.
2160 2929 2480 3010 Depositus
2511 2930 2730 3008 justam
2769 2930 2842 2993 ob
2873 2950 3132 3005 causam,
3162 2933 3212 2994 si
3229 2951 3327 2995 res
3348 2932 3577 2997 divinas

1931 3038 2168 3082 rursum
2199 3019 2482 3098 attigerit,
2519 3023 2776 3082 maxime
2819 3022 3268 3099 compellendus
3299 3030 3416 3088 est.

2012 3109 2112 3170 27.
2162 3109 2274 3182 Qui
2301 3109 2438 3170 data
2468 3109 2721 3190 pecunia
2752 3109 3034 3172 sacerdos
3073 3111 3260 3175 factus
3311 3121 3421 3189 est,
3457 3131 3580 3176 una

1936 3219 2068 3260 cum
2099 3217 2168 3260 eo
2194 3196 2296 3279 qui
2315 3197 2509 3278 ipsum
2543 3197 2833 3259 ordinavit
2853 3198 3203 3278 deponatur,
3224 3219 3292 3262 ac
3319 3200 3576 3264 Simonis

1935 3289 2087 3365 Magi
2117 3291 2300 3350 instar
2327 3287 2385 3347 in
2419 3294 2767 3366 perpetuum
2801 3289 3373 3352 excommunicetur.

2016 3376 2117 3440 28.
2165 3375 2276 3449 Qui
2309 3376 2664 3454 principum,
2701 3383 2800 3437 aut
2846 3376 3284 3453 magistratuum
3319 3379 3579 3457 potentia

1933 3469 2116 3529 fretus
2138 3464 2210 3526 ad
2240 3465 2643 3545 episcopatum
2675 3465 3032 3542 pervenerit,
3059 3465 3364 3544 depositus
3383 3484 3579 3545 segre-

1976 3563 2129 3618 etur.

1937 3578 2129 3707 $8319?
2164 3642 2494 3724 Episcopus
2526 3643 2626 3721 qui
2660 3641 2789 3703 sine
2815 3659 2991 3703 causa
3012 3660 3077 3703 se
3096 3642 3169 3704 ab
3193 3643 3327 3705 aliis
3369 3661 3576 3724 segre-

1933 3732 2176 3814 gaverit,
2210 3738 2385 3812 atque
2416 3730 2579 3792 aliud
2611 3732 2795 3794 altare
2827 3732 3244 3809 construxerit,
3277 3751 3409 3794 cum
3448 3736 3574 3815 ipso

1931 3821 2273 3902 dejicietur.

2014 3912 2110 3973 30.
2159 3910 2248 3972 Ab
2309 3910 2442 3971 aliis
2475 3929 2591 3971 non
2622 3909 2969 3989 recipiatur,
3020 3910 3286 3992 quisquis
3337 3911 3410 3973 ab
3459 3911 3576 3974 alio

1935 3999 2255 4081 superstite
2286 3998 2840 4062 excommunicatus
2869 3998 3069 4062 fuerit.

2015 4092 2116 4154 31.
2163 4087 2454 4150 Externus
2485 4087 2766 4150 sacerdos
2810 4086 3034 4168 absque
3083 4089 3582 4152 commendatitiis

1937 4178 2208 4262 epistolis
2257 4195 2376 4238 non
2432 4176 2736 4256 recipitur,
2775 4183 2835 4238 et
2877 4177 2926 4235 si
2969 4175 3202 4252 habeat,
3263 4177 3582 4257 diligenter

1938 4270 2332 4338 examinatur,
2395 4284 2534 4326 num
2570 4283 2674 4327 eos
2703 4264 2804 4345 qui
2852 4273 3074 4327 rectam
3134 4266 3312 4328 [idem
3374 4275 3580 4329 tenent

1933 4357 2225 4440 approbet
2259 4375 2273 4415 :
2308 4355 2401 4416 sin
2431 4371 2590 4428 vero,
2624 4361 2968 4433 segregatur
2997 4362 3178 4431 atque
3206 4355 3533 4434 ablegatur.

305 4449 398 4517 λε’,
463 4457 606 4534 Δίχα
645 4458 737 4510 τοῦ
781 4449 990 4530 πρώτου
1053 4460 1201 4505 ποιεῖ
1247 4444 1390 4504 οὐδὲν
1456 4448 1484 4502 6
1540 4443 1848 4514 ἐπίσκοπος,

2019 4448 2117 4508 3‘2.
2166 4445 2411 4524 Absque
2446 4443 2698 4523 primate
2746 4442 2891 4534 nihil
2922 4440 3065 4503 facit
3095 4445 3430 4525 episcopus,
3465 4445 3582 4534 nisi

243 4540 276 4594 εἶ
321 4544 390 4617 μὴ
460 4543 529 4601 τᾶ
597 4543 693 4610 τῆς
778 4538 1053 4616 παροικίας
1124 4539 1301 4594 αὐτοῦ’
1377 4537 1466 4592 καὶ
1541 4535 1569 4590 6
1643 4535 1850 4612 πρῶτος

244 4624 342 4710 ἄνερ
402 4633 605 4692 ἐκείνου
691 4628 838 4689 οὒδὲν
915 4627 1000 4683 διὰ
1079 4627 1179 4693 τὴν
1273 4623 1622 4705 ἐφειλομένην
1714 4625 1850 4698 ὁμό-

243 4738 382 4785 vetas,

309 4807 403 4887 λγ’,
451 4811 542 4877 Μὴ
586 4819 916 4888 χειροτονεῖν
971 4806 1240 4883 ὑπερόρια·
1298 4807 1324 4859 6
1382 4801 1436 4858 δὲ
1495 4803 1634 4881 παρὰ
1708 4801 1855 4878 γνώ-

244 4917 333 4967 μην
377 4907 480 4957 τῶν
537 4898 812 4977 ἐγχωρίων
860 4893 1141 4972 ἐπιτελῶν,
1203 4893 1336 4970 μετὰ
1393 4901 1485 4950 τοῦ
1537 4891 1853 4966 τελουμένου

245 4983 582 5053 ἀτελέστατος.

309 5161 398 5228 ὶδ’,
480 5166 540 5223 Ὀ
604 5160 996 5236 νεοπρόϐλητος
1055 5162 1098 5218 εὶ
1153 5151 1546 5240 δυσανασχετεῖ
1607 5159 1737 5236 πρὸς
1795 5158 1856 5213 τὸ

244 5245 514 5332 ξγχείρημα
541 5300 556 5328 ,
661 5252 959 5330 ἅφορίζεται
1044 5250 1236 5329 μέχρις
1319 5250 1381 5304 ἃν
1463 5245 1847 5325 παραδέξηται·

247 5339 282 5392 εί
316 5338 361 5396 δὲ
411 5344 556 5421 παρὰ
608 5348 702 5399 τοῦ
761 5347 890 5397 λαοῦ
932 5341 1011 5415 μὴ
1067 5338 1306 5417 δεχθείη,
1341 5340 1368 5393 6
1412 5334 1605 5411 κλῆρος
1666 5335 1852 5412 ἀφορί-

247 5431 383 5502 ζεται,
434 5430 513 5488 ὅτι
571 5431 650 5507 μὴ
709 5432 799 5486 τὸν
858 5427 1027 5508 ὄχλον
1083 5422 1448 5483 πεπαίδευκεν·
1519 5427 1546 5479 6
1604 5421 1657 5478 δὲ
1714 5422 1853 5479 ἐστιν

250 5513 528 5586 ἓπισκοπος.

1937 4555 2007 4599 ea
2056 4553 2191 4612 qua;
2240 4543 2379 4595 sunt
2411 4551 2535 4595 suae
2566 4532 2836 4612 parceciaa
2871 4549 2884 4592 :
2917 4549 2986 4592 ac
3018 4533 3244 4612 primas
3289 4535 3420 4596 sine
3478 4533 3576 4596 illo

1929 4625 2084 4706 nihil
2115 4623 2252 4686 facit
2281 4630 2522 4701 propter
2550 4619 2815 4682 debitam
2849 4621 3253 4682 concordiam.

2022 4802 2121 4864 33.
2169 4801 2343 4863 Extra
2371 4798 2643 4880 proprios
2675 4798 2825 4860 ﬁnes
2857 4817 2974 4860 non
3007 4807 3099 4862 est
3125 4799 3523 4863 ordinandum
3557 4823 3572 4864 :

1937 4893 2037 4975 qui
2068 4898 2264 4954 autem
2297 4897 2511 4969 praeter
2541 4887 2894 4950 sententiam
2929 4907 3134 4950 eorum
3168 4890 3269 4968 qui
3325 4892 3382 4949 in
3433 4890 3581 4951 locis

1936 4984 2157 5063 degunt
2189 4997 2390 5042 sacros
2421 4979 2664 5040 ordines
2697 4977 2944 5059 peragit,
2980 4996 3086 5058 pro
3135 4996 3256 5038 non
3305 4977 3578 5040 ordinato

1933 5072 2241 5135 habeatur.

2019 5161 2118 5224 34.
2161 5159 2274 5233 Qui
2302 5175 2516 5221 recens
2546 5156 2888 5238 designatus
2929 5164 3042 5232 est,
3075 5156 3126 5218 si
3156 5156 3578 5219 demandatum

1938 5267 2157 5312 munus
2203 5246 2448 5326 exsequi
2476 5254 2784 5325 gravetur,
2817 5253 3184 5325 segregatur,
3216 5245 3412 5309 donec
3442 5265 3580 5308 sus-

1938 5339 2166 5420 ceperit
2199 5355 2213 5399 :
2248 5336 2298 5397 si
2329 5352 2468 5396 vero
2518 5353 2549 5395 a
2586 5334 2804 5414 populo
2861 5352 2979 5396 non
3035 5344 3312 5416 receptus
3369 5336 3577 5410 fuerit,

1941 5429 2138 5489 clerus
2169 5423 2737 5495 excommunicatur,
2769 5422 2927 5500 quod
2973 5422 3209 5501 plebem
3265 5442 3383 5486 non
3432 5425 3582 5508 edo-g

1942 5516 2134 5579 cuerit
2165 5533 2179 5579 :
2216 5516 2345 5595 ipse
2375 5527 2512 5572 vero
2541 5517 2742 5572 manet
2770 5509 3107 5593 episcopus.
