4004 6138
373 223 494 290 ‘239

1541 227 1923 292 SYMEONIS
1965 222 2583 292 METAPHRAST/E.

3618 219 3752 288 240

457 364 556 426 35.
605 362 862 444 Singulis
885 365 1057 428 annis
1081 364 1171 426 his
1189 361 1452 444 episcopi
1474 359 1852 433 conveniant,
1881 377 2011 440 pro-

2177 361 2278 425 λε’,
2355 366 2448 427 Ai;
2531 363 2649 420 κατ’
2721 362 2839 426 ἔτος
2923 365 2968 419 οἱ
3053 363 3329 420 ἒπίακοποι
3415 358 3750 417 συνιέτωσαν

376 459 508 532 pter
536 453 810 532 dogmata
840 462 899 516 et
939 455 1195 534 negotia.
1241 452 1502 514 Primum
1536 448 1777 530 quidem
1811 457 2016 528 quarta

375 540 756 605 Pentecostes
785 542 1182 619 hebdomada,
1208 541 1473 605 secundo
1499 557 1638 601 vero
1665 536 2018 599 duodecima

375 627 668 696 Octobris.

455 721 554 783 36.
602 720 930 804 Episcopus
961 742 1058 786 res
1088 720 1372 786 Ecclesize
1401 737 1532 782 cum
1568 723 1856 799 potestate
1902 714 2013 777 ad-

374 809 691 872 ministret.

455 901 555 965 37.
602 900 762 963 Nihil
803 901 1126 982 quidquam
1187 897 1652 978 consanguineo,
1713 894 1826 956 nisi
1881 902 2015 954 tan-

375 1007 551 1070 quam
585 993 832 1070 pauperi
867 990 1149 1069 largiens.

454 1078 554 1141 38.
600 1077 842 1158 Absque
894 1078 1176 1160 episcopo
1227 1076 1375 1138 nihil
1433 1075 1570 1137 facit
1620 1071 1929 1154 presbyter
1958 1081 2018 1133 et

373 1169 684 1233 diaconus.
717 1168 952 1231 Etenim
984 1168 1096 1248 ἰρει
1133 1167 1388 1248 populus
1417 1164 1680 1227 creditus
1711 1170 1820 1224 est.

454 1348 556 1410 39.
605 1347 726 1410 Res
747 1346 818 1408 ad
843 1345 1167 1408 Ecclesiam
1194 1353 1250 1407 et
1273 1343 1616 1424 episcopum
1648 1342 2016 1421 pertinentes

372 1435 704 1499 manifestae
735 1443 985 1510 exstent,
1022 1445 1082 1496 ut
1112 1442 1168 1496 et
1197 1433 1511 1514 episcopus
1543 1437 1814 1500 testetur,
1842 1435 2014 1507 atque

372 1524 640 1588 Ecclesia
677 1525 902 1586 nullum
935 1523 1216 1586 damnum
1248 1522 1519 1601 accipiat.

453 1703 555 1766 40.
602 1700 929 1784 Episcopus
961 1709 1309 1782 potestatem
1344 1697 1556 1760 habeat
1588 1714 1768 1777 super
1795 1713 1892 1756 res
1921 1711 2012 1755 ec-
2037 1722 2076 1772 Β
2180 1697 2262 1773 μ’,

375 1791 758 1866 clesiasticas,
789 1810 922 1852 cum
955 1809 1086 1852 eam
1118 1808 1295 1870 super
1309 1787 1536 1850 animas
1559 1785 1807 1848 habeat:
1839 1793 2014 1864 atque

373 1881 574 1943 omnia
597 1881 764 1961 juxta
791 1880 1047 1942 divinam
1080 1880 1436 1940 voluntatem
1471 1877 1860 1938 administret.

458 1972 552 2033 M.
601 1969 895 2034 Sacerdos
948 1969 1174 2032 aleator
1219 1977 1394 2049 atque
1447 1966 1739 2042 ebriosus,
1784 1965 1835 2026 si
1895 1983 2012 2026 non

373 2059 628 2132 desinat,
664 2061 1017 2140 deponatur.

452 2150 555 2214 42.
602 2149 861 2212 Clericus
909 2156 969 2211 et
999 2148 1185 2210 laicus
1215 2145 1434 2210 similia
1487 2145 1712 2208 faciens
1769 2163 2013 2206 excom-

371 2237 731 2300 municatur.

449 2327 552 2393 43.
599 2325 894 2390 Sacerdos
918 2327 1105 2391 mutui
1127 2343 1338 2390 usuras
1360 2323 1623 2403 exigens,
1653 2323 1762 2384 nisi
1785 2321 2017 2384 desinat

373 2415 746 2480 deturbetur.

451 2507 554 2569 44.
601 2505 876 2579 Quicum
912 2504 1207 2570 hmreticis
1239 2513 1366 2568 orat
1409 2500 2005 2566 excommunicatur:

375 2593 477 2676 qui
504 2613 643 2657 vero
673 2597 784 2657 hos
813 2595 1065 2658 clericos
1096 2594 1418 2668 existimat,
1448 2593 1632 2672 gradu
1661 2599 1949 2652 movetur.

453 2684 554 2746 45.
603 2685 891 2747 Sacerdos
922 2683 1213 2764 baptisma
1259 2694 1316 2744 et
1365 2681 1722 2744 sacriﬁcium
1776 2678 2012 2740 haereti-

377 2791 581 2835 corum
611 2773 935 2852 recipiens,
969 2771 1300 2833 sacerdotio
1333 2770 1613 2848 indignus
1645 2777 1756 2830 est.

457 2861 556 2923 46.
605 2861 715 2934 Qui
772 2880 910 2925 vere
963 2861 1315 2941 baptizatum
1369 2860 1566 2922 denuo
1614 2857 1894 2938 baptizat,
1948 2876 2015 2918 nc

376 2970 516 3015 eum
570 2950 672 3031 qui
719 2950 1023 3028 impietate
1079 2949 1337 3030 pollutus
1382 2957 1472 3011 est
1502 2968 1618 3011 non
1669 2948 2014 3028 rebaptizat,

377 3038 661 3103 sacerdos
693 3058 810 3101 non
844 3051 935 3101 est
969 3037 1307 3100 habendus.

456 3130 558 3191 47.
608 3127 922 3190 Saecularis
939 3128 1235 3208 propriam
1259 3147 1502 3190 uxorem
1527 3127 1798 3207 ejiciens,
1814 3126 2018 3188 aliam-

378 3236 498 3296 que
517 3224 620 3279 aut
640 3217 944 3278 dimissam
978 3216 1225 3291 ducens,
1254 3215 1858 3278 excommunicandus
1897 3223 2013 3278 est.

456 3307 558 3369 48.
605 3305 718 3379 Qui
749 3324 865 3366 non
897 3304 1149 3384 baptizat
1179 3305 1238 3364 in
1272 3307 1532 3377 Patrem,
1585 3312 1642 3364 et
1683 3303 1921 3378 Filium,
1959 3311 2019 3366 et

376 3394 660 3476 Spiritum
713 3401 1004 3468 sanctum,
1059 3393 1162 3456 sed
1200 3391 1627 3473 transgreditur
1663 3391 1810 3453 illud
1859 3409 2016 3471 prae-

374 3491 636 3564 ceptum,
673 3482 998 3545 sacerdotio
1029 3484 1192 3562 fungi
1222 3502 1340 3544 non
1373 3481 1572 3545 debet.

456 3575 558 3636 49.
605 3571 717 3646 Qui
746 3592 864 3633 non
887 3572 1074 3633 tribus
1100 3573 1286 3634 initiat
1312 3571 1710 3634 mersionibus
1737 3589 1750 3633 :
1776 3571 1879 3634 sed
1902 3586 2020 3631 una

372 3663 435 3725 in
466 3661 704 3722 Domini
736 3670 1013 3733 mortem,
1048 3663 1203 3742 quod
1256 3663 1544 3724 Dominus
1591 3680 1711 3724 non
1769 3659 2013 3735 dixerit,

374 3750 708 3814 sacerdotio
741 3752 1067 3813 movendus
1099 3760 1209 3813 est.

460 3843 560 3902 50.
609 3839 820 3902 Omnis
849 3841 1102 3902 clericus
1132 3858 1164 3899 a
1194 3839 1414 3919 nuptiis
1447 3848 1506 3900 et
1545 3857 1726 3902 carne
1778 3846 1839 3900 et
1885 3838 2021 3899 vino

383 3927 734 4001 abhorrens,
771 3930 819 3990 si
849 3948 966 3990 non
995 3927 1368 4001 emendetur,
1405 3927 1796 4007 expellendus
1825 3935 1935 3986 est.

458 4018 558 4080 5t.
611 4018 722 4090 Qui
775 4015 1202 4097 paenitentibus
1234 4035 1351 4078 non
1380 4016 1659 4094 ignoscit,
1693 4015 1821 4096 ipse
1850 4015 2022 4078 venia

376 4105 679 4184 indignior
708 4117 818 4167 est.

458 4196 556 4256 52.
605 4194 900 4256 Sacerdos
930 4213 963 4256 a
994 4197 1126 4257 vino
1161 4204 1219 4259 et
1248 4194 1526 4258 carnibus
1547 4193 1879 4274 abstinens,
1906 4192 2020 4256 nisi

375 4284 818 4345 exercitationis
848 4301 1046 4359 causa,
1080 4284 1416 4365 deponitur.

454 4373 556 4435 53.
605 4371 869 4434 Clericus
899 4373 1050 4434 citra
1080 4373 1310 4435 itineris
1341 4373 1754 4438 necessitatem
1790 4375 1850 4437 in
1884 4393 2085 4459 σευ-ο

373 4479 529 4542 pona
563 4459 946 4535 manducans,
982 4463 1386 4541 segregandus
1418 4472 1533 4526 est.

453 4549 816 4613 54.Clericus
831 4551 1043 4630 injuria
1067 4551 1334 4613 afﬁciens
1350 4553 1694 4634 episcOpum
1714 4553 2017 4632 dejicitur.

464 4637 860 4720 55Presbyter
885 4659 1027 4702 vero
1054 4650 1111 4702 et
1131 4641 1415 4702 diaconus
1440 4644 2014 4707 excommunicatur.

453 4731 555 4792 56.
604 4727 893 4791 Similiter
923 4738 1122 4791 autem
1154 4729 1253 4810 qui
1284 4730 1554 4805 surdum,
1607 4730 1911 4806 claudum,
1962 4740 2020 4792 et

371 4836 596 4882 cacum
631 4816 855 4878 cavillis
887 4818 1230 4882 insectatur.
1387 4899 1390 4903 ι

453 4909 554 4970 57.
603 4905 933 4986 Episcopus
965 4906 1240 4987 pietatem
1274 4927 1391 4971 non
1422 4909 1644 4971 docens
1676 4926 2017 4971 excommu-

375 4997 613 5060 nicatur
637 5012 650 5058 :
678 4995 999 5074 deponitur
1025 5015 1162 5059 vero
1187 4997 1235 5058 si
1264 5008 1605 5078 perseveret
1627 5017 1747 5059 non
1774 4998 2013 5061 docere.

450 5088 550 5149 58.
599 5088 664 5148 ln
698 5085 981 5146 clericum
1015 5087 1214 5166 inopia
1244 5087 1703 5161 laborantem,si
1733 5105 1798 5150 se
1829 5086 2016 5150 bene-

369 5175 551 5237 ﬁcum
604 5194 720 5236 non
773 5181 1014 5253 praestet
1059 5175 1362 5250 sacerdos,
1416 5177 2010 5245 excommunicatur:

375 5262 695 5342 deponitur
723 5281 860 5324 vero
891 5263 940 5323 si
977 5262 1408 5324 immisericors
1441 5273 1772 5343 permanet.

454 5351 556 5412 59.
581 5349 693 5420 Qui
720 5351 798 5412 im
811 5350 1041 5431 piilibri
1065 5353 1427 5414 mentionem
1450 5352 1588 5414 facit
1613 5354 1672 5414 in
1697 5354 2012 5432 concione,

375 5437 716 5523 deponitur.

2097 447 2182 505 δια
2252 450 2319 506 τὰ
2373 449 2634 529 δογματα,
2685 453 2772 506 καὶ
2829 450 2894 508 τὰ
2966 451 3275 530 πράφματα⁶
3333 455 3542 528 πρῶτον
3614 446 3748 522 μὲν,

2099 544 2164 614 τῇ
2233 540 2459 616 τετάρτῃ
2535 540 2632 606 τῆς
2694 545 3069 606 Πεντηκοστῆς
3150 536 3419 613 ἔϐδομάδι·
3506 540 3574 612 τῇ
3658 531 3749 612 δὲ,

2098 626 2502 706 ὒπερϐερεταίῃ,
2533 626 2802 704 δὼδεκατῃ
2833 630 2893 685 τὸ
2927 626 3186 707 δεύτερον.

2181 714 2317 790 λς’,
2369 719 2644 774 Διοικείτω
2701 719 2834 791 μετὰ
2893 719 3069 796 κυρίας
3126 717 3191 772 τὰ
3249 720 3343 783 τῆς
3415 712 3751 780 Ἐκκλησίας

2101 808 2128 860 ὁ
2159 805 2446 868 ἐπίσκοπος
2493 807 2803 883 πράγματα.

2178 893 2282 965 λζ’.
2339 897 2480 964 Μήτι
2529 895 2729 952 τούτων
2774 908 3045 974 συγγενεῖ,
3108 894 3144 960 ἢ
3198 896 3271 959 ὡς
3313 893 3504 960 πένητι
3569 913 3747 972 χαρι-

2099 983 2342 1059 ζύμενος.

2178 1071 2293 1138 λη’.
2373 1073 2535 1152 ’Ἃτερ
2607 1073 2899 1130 ἐπισκόπου
2956 1085 3102 1129 ποιεῖ
3189 1068 3534 1149 πρεσϐύτερος
3576 1067 3748 1128 ὀὐδὲν

2098 1161 2184 1217 καὶ
2271 1159 2534 1226 διάκονος’
2635 1163 2722 1218 καὶ
2789 1163 2887 1239 γὰρ
2987 1165 3135 1223 οἶτος
3213 1161 3556 1216 πεπίστευται
3647 1159 3746 1212 τὸν

2100 1249 2248 1309 λαόν.

2178 1338 2280 1398 λθ’.
2343 1341 2417 1397 Τὰ
2483 1342 2578 1406 τῆς
2631 1338 2978 1419 Ἐκκλησίας,
3036 1341 3125 1395 καὶ
3177 1339 3244 1395 τὰ
3294 1344 3386 1396 τοῦ
3446 1335 3746 1394 ἐπισκόπου

2099 1429 2391 1507 προκείσθω
2475 1431 2763 1508 πράγματα
2851 1431 3067 1508 φανεράο
3142 1428 3237 1484 ἵνα
3330 1426 3426 1483 καί
3498 1427 3526 1482 δ
3615 1425 3743 1482 ἐπί-

2099 1542 2301 1584 σκοπος
2370 1519 2662 1587 διατίθτ,ται
2703 1569 2716 1595 ,
2807 1522 2891 1576 καὶ
2959 1520 3092 1597 μένῃ
3160 1523 3194 1588 ἡ
3253 1518 3544 1585 Ἐκκλησία
3599 1517 3746 1587 ἀζή-

2097 1631 2250 1684 μιος.

2350 1697 2729 1770 Ἐξουσιαζὲτω
2813 1703 2917 1774 τῷν
3006 1698 3461 1766 ἐκκλησιαπικῶν
3533 1700 3562 1754 ὁ
3617 1695 3741 1752 ἐπί-

2101 1808 2298 1849 σκοπος
2371 1789 2703 1865 πραγμάτων
2738 1835 2754 1862 ,
2827 1790 2914 1844 καὶ
2979 1790 3084 1844 rth
3169 1792 3361 1866 ψυχῶν
3443 1786 3563 1864 γάρ·
3652 1785 3750 1840 καὶ

2097 1873 2358 1932 διοικείτω
2386 1878 2556 1935 πάντα
2587 1878 2720 1934 κατὰ
2749 1878 2843 1945 τὴν
2872 1877 3013 1934 Θείαν
3049 1877 3348 1954 ἀρέσκειαν.

2179 1962 2298 2038 μα’,
2382 1966 2440 2022 Ὀ
2514 1964 2771 2033 κυϐιστης
2838 1971 2928 2022 καὶ
2998 1968 3244 2045 πάροινος
3316 1965 3506 2044 ἱερεὺς,
3565 1966 3607 2020 εἰ
3681 1965 3751 2022 οὔ

2097 2055 2276 2130 παύει,
2309 2056 2630 2132 καθῄρηται,

2179 2141 2292 2218 μϐ’.
2366 2143 2653 2225 Κληρικὸς,
2713 2147 2800 2201 καὶ
2867 2143 3082 2225 λα’ἰκὸς,
3138 2145 3201 2202 τὰ
3258 2146 3418 2222 ὃμοια
3490 2146 3746 2226 πράττων

2097 2233 2392 2312 ἀφορίζεται
2403 2279 2414 2292 .

2178 2321 2294 2400 μγ⁹.
2353 2331 2544 2389 Τοκους
2599 2323 2840 2381 ἀπαιτῶν
2888 2322 3089 2382 δανείου
3145 2324 3332 2404 ἱερεὺς,
3367 2325 3410 2380 εί
3441 2326 3500 2383 οὒ
3555 2324 3741 2396 παύει,

2097 2412 2416 2488 καθῄρηται.

2176 2498 2287 2574 μδ’.
2376 2491 2434 2557 Ὀ
2517 2501 2909 2581 συνευχόμενος
3019 2503 3308 2580 αἰρετιιιοτς
3410 2501 3738 2581 ἆῳρίζεταν

2097 2589 2424 2667 καθαιρεττᾶι
2455 2588 2509 2645 δὲ
2549 2592 2577 2644 ὃ
2597 2589 2884 2667 κληρικοὺς
2906 2591 3120 2654 τούτους
3150 2589 3470 2667 ἡγούμενος,

2179 2677 2289 2750 με’,
2373 2679 2658 2754 Κάπτισμα
2729 2681 2817 2736 καὶ
2875 2683 3051 2736 θυσίαν
3113 2682 3389 2758 αἱρετικῶν
3462 2677 3747 2756 δεξάμενος

2096 2767 2262 2843 ἱερεὺς
2293 2766 2516 2844 ἀνίερος.

2180 2855 2323 2932 μς’.
2385 2857 2444 2914 Ὀ
2502 2855 2868 2928 ἆναϐαπτίζων
2925 2860 3015 2913 τὸν
3073 2855 3238 2921 ὅντως
3290 2855 3743 2939 βεϐαπτίσμένον,

2097 2947 2186 3002 καὶ
2254 2945 2331 3020 μὴ
2412 2943 2774 3018 ἀναϐαπτίζων
2845 2946 2937 3003 τὸν
3005 2946 3405 3022 μεμολυσμένον
3462 2945 3740 3022 ἀσεϐόθεν,

2031 3047 2073 3098 c
2097 3035 2319 3113 ἀνίερος.

2180 3123 2294 3198 μζ’.
2343 3124 2452 3190 Τὴν
2496 3125 2689 3181 οἰκείαν
2747 3121 3018 3182 ἐκϐάλλων
3077 3127 3106 3180 ὁ
3148 3127 3429 3202 κοσμικδς,
3462 3128 3549 3184 καὶ
3591 3123 3741 3205 ἄγων

2098 3213 2302 3288 ἑτέραν,
2335 3213 2369 3280 ἢ
2393 3211 2818 3294 ἆποόελυμένην,
2852 3213 3184 3291 ἀφοριστὲος.

2182 3301 2301 3378 μη’.
2364 3302 2422 3359 Ὀ
2482 3303 2559 3377 μῆ
2613 3302 2878 3378 βαπτίζων
2928 3305 3000 3364 εἱς
3053 3304 3279 3380 Πατέρα,
3326 3305 3413 3361 καὶ
3475 3305 3622 3377 Υἲὸν,
3651 3306 3745 3362 καὶ

2099 3399 2249 3470 ἅγιον
2281 3397 2513 3466 Πθεύμα,
2548 3389 2684 3447 ἀλλὰ
2713 3390 3096 3468 παρεκϐαίνων,
3130 3392 3358 3471 ἂνίερος,

2181 3577 2289 3652 μθ’.
2367 3568 2424 3636 Ὀ
2485 3578 2562 3654 μὴ
2619 3579 2754 3656 τρισὶ
2811 3585 2958 3647 μυῶν
3027 3576 3394 3658 καταδύσεσιν,
3442 3577 3579 3636 ἀλλᾶ
3641 3581 3746 3654 μιᾷ

2102 3668 2171 3730 εἷς
2229 3669 2320 3724 τὸν
2364 3673 2454 3724 τοῦ
2512 3670 2696 3747 Κυρίου
2751 3668 2997 3745 θάνατον,
3029 3668 3057 3723 ὃ
3115 3669 3194 3743 μὴ
3227 3670 3254 3724 ὁ
3316 3669 3500 3746 Κύριος
3559 3672 3744 3744 εἶπεν,

2103 3756 2323 3834 ἆνίερος.

2184 3845 2254 3919 ν’,
2311 3843 2575 3917 Κληριιιὸς
2633 3845 2772 3910 ἄπας
2824 3846 3021 3926 γάμον,
3093 3847 3186 3902 καί
3242 3845 3392 3922 κρέα,
3447 3847 3534 3904 κ·ιῖ
3594 3846 3751 3904 οἶνον

2103 3932 2541 4010 βδελυσσόμενος,
2574 3936 2618 3991 εί
2651 3935 2728 4010 μὴ
2757 3932 3042 4012 διορθοττο,
3089 3933 3437 4014 ἔκκήρυκτος.

2185 4022 2282 4080 να’.
2347 4021 2406 4080 Ὀ
2463 4037 2584 4089 τοῖς
2629 4030 2943 4100 μετανοοῦσι
3000 4023 3080 4099 μή
3139 4025 3543 4104 συγγινώσκων,
3575 4024 3750 4104 ἀσυγ-

2101 4114 2484 4192 γνωστότερος,

2183 4200 2284 4261 νϐ’.
2348 4203 2435 4270 Μὴ
2507 4201 2930 4280 μεταλαμϐάνων
2985 4204 3152 4284 ἱερεὺς
3195 4204 3343 4263 οἴνου
3411 4205 3498 4261 καὶ
3556 4207 3745 4284 κριῶν,

2103 4291 2148 4346 εί
2180 4290 2258 4366 μὴ
2290 4287 2356 4346 δι’
2391 4288 2639 4368 ἄσκησιν,
2672 4293 2995 4370 καθῄρηται,

2181 4378 2286 4456 νγ’.
2347 4375 2404 4437 Ὀ
2437 4376 2562 4458 δίχα
2619 4379 2719 4448 τῆς
2765 4382 2900 4437 κατὰ
2957 4379 3132 4459 τρίϐον
3189 4381 3430 4460 ἀνάγκης
3487 4378 3744 4459 κληρικὶς

2104 4468 2178 4531 είς
2206 4466 2508 4533 καπηλεῖον
2539 4468 2744 4529 ἐσθίων.
2770 4469 3101 4547 ἀφοριστέος,

2183 4553 2283 4614 νδ’.
2317 4553 2566 4633 ’Υϐρίζων
2615 4557 2904 4614 ἐπίσκοπον
2934 4557 3186 4638 κληρικὸς
3216 4564 3574 4640 καθαιρετται.

2180 4644 2280 4706 νε’,
2317 4642 2670 4722 Πρεσϐύτερος
2695 4643 2749 4701 δὲ
2778 4650 2870 4703 καί
2903 4645 3144 4712 διάκονος
3173 4648 3495 4728 ἆφορίξεται.

2180 4735 2309 4808 νςη.
2359 4733 2421 4790 Ὀ
2480 4731 2533 4789 δὲ
2589 4737 2791 4815 κωφὸν,
2837 4737 2924 4792 καὶ
2975 4735 3180 4816 χωλὸν,
3226 4738 3320 4794 καῖ
3372 4739 3567 4819 τυφλὸν
3621 4737 3741 4795 δια-

2100 4821 2376 4902 χλευάζων
2407 4823 2628 4898 ὁμοίως.

2181 4909 2276 4982 νζ’.
2358 4911 2464 4979 Τὴν
2533 4910 2801 4972 εὐσέϐειαν
2847 4914 2905 4969 οὗ
2963 4911 3219 4972 διδάσκων
3277 4915 3563 4979 ἐπίσκοπος
3636 4917 3746 4996 ἀφ-

2098 5001 2352 5081 ορίζεται,
2402 5005 2735 5081 καθαιρετται
2768 5000 2822 5058 δὲ
2867 5003 3039 5077 μένων
3083 5003 3380 5070 ἀδίδακτος.

2182 5090 2291 5156 νη’,
2388 5089 2604 5148 Ἐπιδεᾶ
2698 5090 2960 5171 κληφικὸν
3030 5094 3194 5171 ἱερεὺς
3295 5097 3388 5151 οὒκ
3458 5094 3753 5172 εὐεργετῶν

2103 5180 2427 5262 ἀφορίζεται,
2459 5185 2791 5260 καθαιρετται
2823 5179 2878 5236 δὲ
2908 5181 3082 5256 μένων
3112 5181 3352 5249 ἀνέλεος.

2182 5357 2280 5418 νϐ’.
2316 5356 2567 5424 Ἀσεϐοῠς
2595 5357 2776 5437 βίϐλον
2807 5357 3172 5432 ἐκκλησιάζων
3201 5365 3552 5443 καθαιρετται.
