4004 6138
358 365 476 432 243

1515 376 1820 440 SYMEON
1832 378 1899 438 IS
1941 379 2563 446 ΜΕΤΑΡΗΒΑὸΤίΕ.

3605 384 3731 450 244

356 503 716 586 neopliytus.
751 505 814 568 Si
846 508 980 588 quis
1012 517 1141 587 post
1192 509 1634 572 ordinationem
1677 511 1989 596 deliquisse

2106 512 2194 569 Ιίαν
2253 513 2566 590 ἀμαρτήσας
2613 513 2956 595 ἀποδειχθείη
3007 516 3037 584 ἢ
3094 517 3369 595 πρότερον,
3401 518 3437 586 ἢ
3479 518 3732 596 ὕστερον,

358 607 703 675 compertus
733 597 910 660 fuerit
940 598 1100 678 prius
1148 605 1247 660 aut
1279 608 1505 678 postea,
1555 600 1654 661 hic
1681 600 1842 663 clero
1890 621 1997 664 ex-

359 683 634 763 pellatur.

440 773 503 834 3.
536 773 1061 836 Subintroductam
1097 793 1175 839 ne
1203 777 1336 856 quis
1375 777 1611 854 habeat,
1637 789 1850 860 praeter
1881 801 1996 844 ma-

359 871 512 925 trem
541 871 642 924 aut
670 881 968 940 sororem,
1001 882 1224 945 easque
1254 883 1561 946 personas,
1588 888 1718 949 quae
1757 889 1994 933 omnem

359 951 761 1032 suspicionem
796 953 1108 1030 effugiunt.

439 1043 501 1103 4.
533 1041 864 1122 Episcopus
883 1047 955 1104 ab
978 1044 1258 1107 omnibus
1291 1046 1751 1126 provincialibus
1773 1051 1997 1111 consti-

361 1129 587 1219 tuitur:
622 1131 714 1193 sin
754 1149 918 1204 vero,
972 1133 1182 1194 saltem
1230 1153 1264 1196 a
1321 1135 1534 1209 tribus,
1593 1138 1841 1218 reliquis
1892 1158 2002 1219 per

361 1218 596 1280 litteras
627 1223 1173 1284 consentientibus:
1211 1225 1570 1305 praecipuam
1616 1235 1810 1288 tamen
1856 1218 2000 1290 auc-

360 1308 656 1371 toritatem
691 1311 1195 1390 metropolitanus
1226 1311 1460 1375 habeat.

440 1399 499 1461 5.
535 1398 651 1470 Qui
682 1397 754 1459 ab
786 1398 918 1460 aliis
943 1403 1442 1464 excommunicati
1475 1414 1632 1484 sunt,
1670 1405 1742 1467 ab
1774 1406 1905 1468 aliis
1927 1425 2001 1468 ne

358 1486 793 1568 suscipiantur,
827 1497 1219 1568 praterquam
1255 1491 1303 1552 si
1339 1502 1581 1571 propter
1611 1495 2001 1573 pusillanimi-

359 1583 563 1656 tatem,
594 1585 694 1638 aut
723 1579 1192 1652 contentionem,
1241 1590 1340 1642 aut
1385 1581 1523 1660 quid
1554 1584 1847 1662 ejusmodi
1892 1603 2002 1647 ex-

361 1665 822 1727 communicatio
856 1666 1003 1728 facta
1032 1667 1233 1732 fuerit.

441 1752 501 1814 6.
548 1752 989 1815 Alexandrinus
1051 1758 1368 1835 episcopus
1424 1776 1606 1838 super
1661 1761 1996 1840 AEgyptum,

2082 601 2230 667 οὗτος
2274 603 2559 660 πεπαύσθω
2591 610 2684 661 τοῦ
2715 603 2935 684 κλήρου,

2162 781 2237 856 γ’.
2315 781 2665 838 Ἐπείσακτον
2723 783 2892 856 μήτις
2951 783 3148 862 ἐχέτω,
3210 785 3410 860 μητρὸς
3470 783 3618 863 δίχα,
3691 785 3732 851 ἢ

2081 867 2334 946 ἀδελφῆς,
2367 873 2453 926 καὶ
2507 871 2614 926 τῶν
2670 871 2967 950 φροσώπων
3013 873 3044 928 ἃ
3077 879 3250 930 πᾶσαν
3291 874 3524 948 ὑποψίαν
3580 875 3730 930 ἀπο-

2081 955 2365 1036 διδράσκει.

2163 1043 2232 1105 δ’.
2277 1047 2603 1112 Ἐπίσκοπος
2647 1051 2747 1106 ὑπὸ
2799 1051 3008 1110 πάντων
3057 1053 3160 1106 τῶν
3201 1053 3558 1132 ἔπαρχιωτῶν
3587 1055 3730 1108 καθ-

2085 1136 2311 1196 ίσταται.
2376 1139 2432 1194 Εἰ
2481 1135 2535 1193 δὲ
2575 1140 2674 1216 μὴ,
2720 1139 2851 1204 τέως
2892 1143 3074 1217 τριῶν,
3117 1145 3221 1196 τῶν
3277 1139 3578 1198 ὑπολοίπων
3637 1139 3734 1194 διὰ.

2085 1226 2411 1301 γραμμάτων
2483 1229 2777 1302 γινομένων
2821 1230 3142 1308 συμψήφων·
3216 1230 3276 1285 τὸ
3333 1229 3515 1305 μέντοι
3583 1229 3726 1296 κρά-

2084 1335 2172 1375 τος
2205 1317 2232 1369 6
2276 1314 2678 1393 μητροπολίτης
2708 1317 2903 1398 ἐχέτω.

2165 1401 2231 1461 ε’.
2293 1405 2352 1462 Oi
2397 1403 2463 1460 δι’
2524 1406 2717 1483 ἑτέρων
2773 1407 3168 1486 ἀφοριζόμενοι,
3229 1404 3314 1485 ὑφ’
3387 1407 3577 1484 ἐτέρων
3643 1407 3733 1482 μὴ

2083 1489 2583 1572 προσδεχζσθωσαν,
2651 1494 2792 1562 πλὴν
2850 1499 2894 1551 εἰ
2958 1497 3035 1570 μὴ
3101 1495 3183 1552 διὰ
3242 1499 3624 1575 μικροψυχίαν,
3691 1496 3735 1562 ἢ

2084 1580 2430 1658 φιλονεικίαν,
2464 1581 2499 1648 ἦ
2529 1605 2578 1638 τι
2609 1594 2852 1642 τοιοῦτον
2883 1587 2910 1640 6
2940 1586 3224 1663 ἀγορισμὸς
3257 1584 3493 1661 γέγονεν.

2161 1669 2266 1742 ς“³.
2334 1673 2616 1747 Αἰγύπτου,
2676 1675 2768 1728 καὶ
2829 1671 3047 1752 Λιϐύης,
3099 1676 3186 1729 καὶ
3245 1668 3734 1748 Πενταπόλεως,’ὁ

2085 1756 2452 1836 Ἀλεξανδρεὺς
2526 1760 2703 1840 ἐχέτω
2769 1761 2863 1829 την
2935 1762 3188 1827 ἐξουσίαν’
3267 1764 3350 1819 καὶ
3420 1765 3448 1818 6
3511 1762 3733 1835 Ῥώμης

356 1838 621 1920 Libyam,
675 1850 734 1903 et
779 1844 1150 1923 Pentapolim
1209 1854 1564 1924 potestatem
1620 1838 1886 1912 habeat:
1942 1858 1989 1912 el

2106 1853 2187 1901 τῶν
2230 1849 2330 1903 ὑπὸ
2379 1838 2620 1929 Ῥώμην,
2674 1853 2762 1906 καὶ
2803 1853 2850 1907 oi
2890 1851 2942 1906 ἐν
3001 1850 3325 1932 Ἀντιοχείᾳ,
3361 1853 3446 1907 καὶ
3501 1855 3546 1908 οἱ
3602 1851 3729 1908 λοι-

356 1933 665 1991 Romanus
699 1949 880 2011 super
910 1950 1014 1993 eos
1046 1933 1146 2012 qui
1179 1936 1382 1995 Romae
1408 1935 1626 1997 subditi
1659 1948 1816 1998 sunt.
1851 1941 1994 2000 ltem

357 2017 792 2094 Antiochenus,
821 2019 1038 2100 aliique
1070 2039 1251 2101 super
1281 2023 1396 2083 sibi
1438 2023 1764 2104 subjectos.

444 2109 496 2167 '7.
545 2105 768 2187 Siquis
819 2109 1136 2189 episcopus
1193 2111 1341 2172 citra
1403 2111 1574 2192 primi
1637 2116 1995 2176 sententiam

356 2204 588 2258 creatus
618 2196 824 2277 fuerit,
849 2217 924 2258 ne
955 2198 1031 2259 sit
1065 2199 1405 2279 episcopus.
1443 2200 1755 2264 Multorum
1793 2205 1998 2265 suﬂ‘ra-

357 2285 453 2364 gio
485 2285 817 2348 secundum
847 2305 1140 2348 canonem
1176 2287 1290 2348 lato
1313 2289 1363 2348 si
1396 2299 1516 2350 tres
1536 2290 1720 2370 aliqui
1754 2301 1996 2354 contra-

358 2372 588 2448 dicunt,
621 2393 826 2437 eorum
861 2377 1156 2438 sententia
1188 2377 1357 2438 irrita
1388 2378 1485 2441 sit.

434 2464 496 2526 8.
539 2464 871 2544 Episcopus
901 2465 1070 2527 IEliae
1102 2466 1450 2547 lionoretur,
1487 2476 1717 2530 servata
1765 2480 1993 2532 metro-

355 2550 477 2630 poli
508 2552 798 2630 dignitate
828 2571 958 2616 sua.

437 2640 494 2700 9.
543 2639 820 2703 Haeretici
842 2641 1102 2716 Cathari,
1137 2642 1196 2703 id
1227 2652 1316 2704 est
1347 2646 1482 2724 puri
1515 2646 1655 2707 dicti
1695 2648 1994 2709 acceden-

357 2735 446 2789 tes
471 2731 730 2808 primum
765 2731 1156 2810 profiteantur
1186 2749 1252 2792 se
1274 2730 1556 2795 Ecclesia;
1588 2734 1996 2798 functionibus

355 2834 737 2891 assensuros,
795 2837 864 2880 ac
921 2838 1052 2881 cum
1114 2820 1364 2897 bigamis
1429 2824 1991 2899 communicaturos,

355 2905 664 2984 lapsisque
696 2907 927 2969 veniam
963 2908 1395 2986 impertituros.
1429 2914 1513 2972 Ac
1538 2911 1588 2971 si
1612 2913 1714 2989 qui
1741 2914 1991 2974 ordinati

352 2995 757 3075 reperiantur,
783 2998 902 3058 sint
924 2996 985 3057 in
1008 2996 1219 3058 eodem
1238 2997 1473 3078 ordine,
1500 3001 1758 3081 exempli
1785 3003 1992 3082 gratia,

356 3082 459 3163 qui
492 3101 631 3146 vere
664 3095 753 3145 est
782 3083 1118 3164 episcOpus,
1154 3084 1230 3146 sit
1279 3085 1596 3167 episcopus
1632 3110 1644 3146 :
1699 3091 1803 3166 qui
1855 3109 1993 3154 vero

353 3171 507 3251 apud
541 3172 828 3235 Catbaros
856 3182 945 3236 est
989 3175 1324 3253 episcopus,
1377 3175 1451 3237 sit
1503 3177 2056 3259 chorepiscopusm

2011 3243 2023 3279 ί

355 3260 448 3322 vel
480 3261 807 3342 presbyteri
838 3271 937 3324 aut
960 3263 1228 3343 episcopi
1257 3263 1491 3326 honore
1543 3266 1820 3344 gaudeat.
1870 3260 2053 3330 Ne-”

355 3367 468 3430 que
499 3351 656 3412 enim
689 3350 804 3412 duo
837 3359 1012 3412 erunt
1046 3351 1106 3412 in
1137 3369 1255 3414 una
1285 3353 1434 3414 urbe
1467 3357 1758 3435 episcopi.

433 3438 530 3500 10.
572 3440 684 3513 Qui
710 3441 839 3501 sine
860 3439 1298 3502 examinatione
1327 3442 1700 3522 ordinantur,
1739 3444 1790 3504 si
1821 3444 1994 3507 dein-

350 3545 490 3607 ceps
520 3528 716 3591 delicti
746 3535 1092 3607 arguantur,
1128 3547 1162 3590 ο
1192 3529 1377 3608 gradu
1411 3530 1829 3594 deturbentur.

431 3617 530 3681 Μ.
565 3617 918 3699 Quicunque
970 3635 1043 3679 ex
1100 3618 1282 3697 lapsis
1341 3617 1604 3682 ordinati
1663 3630 1820 3696 sunt,
1886 3640 1990 3701 per

350 3707 751 3786 ignorantiam
784 3716 886 3768 aut
917 3705 1449 3769 dissimulationem
1483 3726 1692 3771 eorum
1741 3711 1840 3790 qui
1887 3731 1990 3774 eos

352 3794 722 3869 ordinarunt,
758 3795 1154 3874 deponantur.

432 3882 530 3944 12.
575 3883 690 3956 Qui
720 3884 852 3944 sine
888 3884 1250 3945 necessitate
1282 3886 1632 3963 transgressi
1681 3896 1840 3958 sunt,
1875 3889 1985 3948 etsi

349 3973 520 4034 venia
550 3973 670 4033 sint
695 3971 946 4050 indigni,
982 3973 1210 4034 veniam
1243 3981 1442 4033 tamen
1479 3974 1732 4053 aliquam
1767 3994 1981 4038 conse—

349 4061 470 4123 cuti
499 4061 812 4123 duodecim
845 4079 1032 4123 annos
1064 4080 1196 4123 sese
1227 4060 1600 4124 submittant.

429 4152 526 4214 l3.
563 4151 674 4223 Qui
697 4150 811 4212 vim
839 4150 994 4230 passi
1015 4169 1083 4211 ac
1115 4152 1405 4213 restitisse
1431 4151 1540 4212 visi
1561 4159 1734 4211 sunt:
1767 4152 1982 4214 deinde

349 4239 640 4320 impietati
697 4249 1133 4300 consenserunt
1185 4257 1253 4300 ac
1315 4239 1716 4319 resipuerunt,
1769 4239 1978 4302 decem

350 4346 537 4390 anuos
569 4327 1189 4390 excommunicantur.
1225 4327 1737 4390 Considerandum
1787 4338 1875 4390 est
1922 4331 1982 4390 in

349 4417 631 4479 omnibus
661 4419 1020 4498 poenitentiae
1049 4435 1263 4497 genus.
1297 4419 1385 4480 Ac
1439 4418 1488 4478 si
1540 4418 1588 4477 is
1619 4418 1716 4498 qui
1753 4437 1982 4496 pmnam

2083 1937 2170 1992 ποὶ
2200 1937 2306 1993 τῶν
2336 1937 2563 1999 οἰκείων,

2159 2112 2229 2183 ζ’.
2287 2112 2354 2170 E’t'
2381 2136 2461 2178 τις
2505 2113 2558 2170 δὲ
2590 2114 2875 2181 ἐπίσκοπος
2927 2121 3024 2182 τῆς
3058 2126 3148 2174 τοὺ
3206 2118 3411 2195 πρώτου
3440 2116 3563 2196 δίχα
3621 2119 3726 2194 γέ-

2081 2225 2237 2269 νηται
2293 2203 2538 2284 γνώμης,
2572 2205 2648 2278 μὴ
2709 2205 2846 2262 ἔστω
2879 2205 3189 2271 ἐπίσκοπος·
3253 2207 3338 2263 ἐπὶ
3377 2205 3431 2261 δὲ
3462 2207 3556 2273 την
3614 2212 3729 2262 τῶν

2080 2290 2295 2348 πολλῶν
2367 2293 2545 2371 ψῆφον
2581 2295 2866 2372 γινομένην
2920 2295 3055 2351 κατά
3097 2295 3316 2370 κανόνα,
3349 2297 3392 2351 εἰ
3428 2309 3573 2370 τρεῖς
3625 2317 3726 2351 τι-

2079 2401 2163 2444 νες
2193 2379 2546 2457 ἀντιλέγοιεν,
2579 2382 2692 2437 εἶεν
2723 2381 2984 2445 ἀϐέϐαιοι,

2157 2466 2239 2534 η’.
2305 2468 2364 2526 Ὀ
2413 2468 2700 2535 ἐπίσκοπος
2774 2469 2952 2536 Αἰλίας
2993 2472 3258 2548 τιμάσθω,
3317 2471 3619 2548 σωζομένου
3657 2478 3729 2548 τῇ

2078 2555 2406 2633 μητροπόλει
2437 2566 2530 2614 τοὺ
2560 2560 2717 2624 οὒτῆς
2747 2558 3068 2631 ἀξιώματος,

2153 2644 2222 2702 θ’.
2287 2648 2345 2702 0i
2379 2646 2600 2724 καθαροί
2658 2649 3106 2728 προσερχόμενοι,
3153 2655 3361 2728 πρῶτον
3432 2649 3721 2724 ὁμολογεί-

2079 2755 2273 2806 νωσαν,
2336 2733 2415 2790 ὅτι
2485 2737 2829 2805 συνθήσονται
2897 2750 3013 2800 τοῖς
3074 2737 3170 2804 -ιῆς
3244 2737 3564 2805 Ἐκκλησίας
3635 2743 3727 2794 θεο

2079 2835 2261 2890 σμοῖς·
2341 2825 2433 2881 καῖ
2493 2827 2871 2894 κοινωνήσωσι
2928 2824 3210 2904 διγάμοις,
3274 2830 3358 2883 καὶ
3427 2829 3722 2906 συγχωρή-

2078 2933 2227 2970 σουσι
2281 2917 2399 2974 τοῖς
2455 2915 2784 2970 πεπτωκόσι·
2863 2916 2954 2971 καί
3026 2917 3187 2981 οὕτως
3251 2917 3298 2972 oi
3356 2917 3719 2993 εὑρισκόμενοι

2077 3002 2578 3080 κεχειροτονημένοι
2639 3003 2692 3058 ἐν
2730 3010 2806 3077 τῷ
2850 3007 2986 3078 οὒτῷ
3037 3005 3288 3084 τάγματι.
3338 3006 3495 3078 Οϊον,
3529 3007 3556 3062 ὁ
3617 3005 3718 3079 μὲν

2080 3092 2264 3167 κυρίως
2308 3091 2614 3170 ἐπίσκοπος,
2675 3093 2766 3159 εἵη
2827 3093 3136 3157 ἐπίσκοποςο
3205 3097 3232 3150 ὁ
3293 3091 3346 3149 δὲ
3399 3094 3540 3164 παρά
3597 3109 3717 3158 τοῖς

2077 3183 2329 3254 καθαροῖς
2371 3180 2682 3256 ἐπίσκοπος,
2743 3184 2777 3251 ἢ
2821 3183 3227 3262 χωρεπίσγοπος
3281 3183 3451 3254 ἔσται,
3484 3183 3518 3250 ἢ
3581 3206 3718 3261 πρε-

2077 3265 2325 3347 σϐυτέρου
2392 3271 2579 3344 τιμὴν,
2650 3271 2686 3339 ἢ
2766 3271 3051 3328 ἐπίσκόπου
3104 3273 3400 3342 κεκτήσθω.
3462 3275 3534 3331 06
3616 3274 3721 3350 γάρ

2078 3356 2283 3413 ἔσονται
2313 3355 2400 3414 δύο
2431 3360 2502 3420 εἰς
2534 3361 2657 3433 μίαν
2685 3360 2840 3417 πόλιν
2884 3361 3185 3419 ἐπίσκοποι.

2159 3444 2216 3507 ι’.
2251 3450 2311 3503 Oi
2356 3444 2710 3514 ἀνεξετάστως
2767 3451 3253 3530 χειροτονούμενοι,
3289 3452 3332 3507 εἰ
3383 3449 3499 3518 ἑξῆς
3557 3450 3718 3529 ἐλέγ-

2075 3556 2266 3614 χοιντο
2295 3534 2374 3590 ὅτι
2405 3534 2665 3613 ἥμαρτον,
2703 3536 2840 3595 οὕτω
2883 3539 3288 3601 πεπαύσθωσαν,

2151 3623 2246 3681 ια’.
2309 3625 2368 3681 Oi
2407 3628 2887 3703 παραπεπτωκότες
2939 3627 2975 3694 ἢ
3029 3627 3236 3704 ἀγνοίᾳ,
3269 3628 3303 3696 ἢ
3359 3629 3550 3704 γνώσει
3609 3633 3714 3684 τῶν

2071 3713 2588 3789 χειροτονησάντων,
2623 3713 3005 3792 προαχθέντες,
3041 3716 3508 3794 καθαιρείσθωσαν.

2152 3887 2244 3964 ιβ’.
2306 3889 2460 3946 ’Ὁσοι
2495 3891 2660 3968 χωρὶς
2717 3891 2954 3970 ἀνάγκης
2984 3890 3318 3968 παρέϐησαν,
3352 3895 3394 3948 εἰ
3445 3895 3540 3949 καί
3573 3917 3712 3972 συγ-

2066 3977 2286 4052 γνώμης
2336 3981 2468 4045 ἧσαν
2514 3977 2764 4053 ἀνάξοιοι,
2800 3981 3119 4058 συγγνώμης
3177 3983 3319 4046 τινὸς
3375 3981 3698 4058 ἀξιούμενοι,

2064 4063 2263 4121 δώδεκα
2293 4065 2387 4133 ἔτη
2431 4068 2889 4126 ὺποπιπτὲτωσαν.

2144 4151 2240 4230 ιγ’.
2303 4158 2361 4212 Οἱ
2419 4157 2721 4231 βιαζόμενοι
2782 4161 2868 4213 καὶ
2927 4157 3165 4224 δόξαντες
3205 4160 3534 4234 ἀντιστῆναι,
3582 4176 3704 4220 εἶτα

2066 4243 2409 4318 καταθέμενοι
2495 4251 2561 4320 τῇ
2633 4244 2843 4318 ἀσεϐείᾳ
2878 4295 2892 4320 ,
2968 4249 3053 4304 καὶ
3134 4249 3702 4330 ἀναστρατευσάμενοι,

2065 4329 2332 4388 δεκαετίαν
2391 4332 2834 4410 ἀφοριζέσθωσαν.
2907 4338 3222 4403 Σποπητὲον
3273 4337 3325 4393 δὲ
3397 4339 3477 4418 ἐφ’
3537 4329 3704 4395 ἅπασι

2065 4423 2125 4476 τὸ
2165 4419 2304 4486 εἶδος
2361 4427 2455 4490 τῆς
2509 4424 2812 4496 μετανοίας
2857 4425 2950 4481 καῖ
3007 4427 3332 4505 θερμοτέρως
3389 4429 3485 4502 μὲν
3531 4451 3704 4503 μετα-

346 4507 618 4585 suscipit,
673 4507 1090 4569 ferventiorem
1123 4525 1188 4569 se
1219 4507 1278 4567 in
1313 4505 1654 4587 pmnitendo
1683 4507 1981 4587 ostendat,

2111 4508 2392 4585 ελουμένου
2464 4519 2556 4568 tofi
2619 4510 2898 4586 δεξαμένου
2943 4515 3000 4571 τὺ
3057 4517 3342 4590 ἐπιτίμιον,
3402 4517 3702 4595 φιλανθρω-

346 4596 671 4657 humanius
703 4615 836 4658 cum
875 4615 946 4658 eo
976 4608 1106 4675 agat
1158 4585 1478 4677 episcopus
1519 4615 1531 4659 :
1567 4596 1613 4656 si
1644 4615 1779 4658 vero
1811 4585 1980 4676 fligi;

2109 4600 2286 4676 ότερον
2359 4602 2386 4655 6
2444 4600 2729 4666 ἐπίσκοπος
2789 4600 3113 4661 διατιθέσθω³
3199 4607 3564 4685 ψυχροτὲρως,
3626 4605 3694 4680 δὲ,

347 4683 606 4764 diorem,
639 4686 930 4747 severius.

425 4775 528 4835 44.
563 4773 677 4848 Qui
706 4774 821 4836 vita
849 4775 1164 4854 excedunt,
1213 4774 1676 4838 communicent.
1729 4777 1788 4837 Si
1841 4794 1979 4837 vero

345 4865 481 4942 quis
507 4863 772 4945 ipsorum
805 4863 1199 4940 convalescat,
1235 4864 1310 4925 sit
1339 4882 1471 4925 cum
1503 4863 1578 4926 iis
1610 4871 1832 4924 tantum
1876 4866 1976 4940 qui

346 4952 632 5016 orationis
661 4960 799 5014 sunt
830 4951 1174 5032 participes.

424 5044 524 5106 15.
571 5043 632 5104 Si
685 5043 816 5122 quis
867 5042 1336 5104 catechumenus
1381 5041 1579 5122 lapsus
1628 5041 1829 5113 fuerit,
1881 5043 1977 5104 hic

345 5141 467 5193 tres
497 5149 685 5192 annos
730 5130 931 5193 audiat
971 5131 1154 5212 idque
1181 5131 1374 5192 solum
1412 5152 1426 5192 :
1463 5129 1682 5192 deinde
1713 5149 1845 5192 cum
1877 5150 1975 5192 ca-

346 5219 723 5280 techumenis
752 5230 902 5281 oret.

424 5307 528 5370 16.
561 5308 648 5369 Ex
679 5307 827 5370 urbe
869 5310 928 5370 in
959 5310 1167 5372 urbem
1201 5328 1397 5391 neque
1418 5309 1755 5389 episcopus,
1787 5327 1982 5388 neque

345 5394 676 5475 presbyter,
706 5415 904 5477 neque
931 5397 1223 5462 diaconus
1244 5403 1478 5478 migret.
1517 5397 1824 5478 Siquidem
1852 5417 1980 5459 rur-

345 5502 446 5545 sus
473 5484 861 5548 restituentur
887 5489 1159 5551 ecclesiis
1182 5490 1242 5552 in
1273 5487 1494 5570 quibus
1535 5487 1795 5550 ordinati
1818 5496 1975 5548 sunt.

420 5661 517 5726 17.
550 5659 848 5743 Quotquot
881 5664 1210 5747 presbyteri
1242 5677 1298 5730 et
1327 5667 1564 5730 diaconi
1595 5665 1666 5728 ab
1718 5665 1976 5729 ecclesia

2065 4685 2498 4766 δραστικώτερον.

2145 4776 2238 4836 ιδ’.
2284 4780 2342 4836 Oi
2392 4777 2747 4854 ὶξοδευόμενοι
2794 4781 3232 4839 κοινωνείτωσαν·
3269 4784 3312 4838 εἶ
3368 4781 3422 4839 δέ
3473 4806 3551 4848 τις
3610 4786 3697 4841 αὖ·

2061 4869 2165 4922 τῶν
2221 4868 2446 4944 ὑγιάνοι,
2479 4866 2615 4926 ἔστω
2675 4871 2809 4944 μετά
2863 4877 2970 4927 τῶν
3026 4875 3121 4936 τῆς.
3169 4871 3337 4951 εὐχῆς
3368 4875 3697 4930 κοινωνούν-

2058 4977 2185 5029 των,
2218 4958 2305 5012 καὶ
2335 4957 2520 5029 μόνον,

2142 5045 2228 5102 ιε’.
2302 5045 2368 5103 E't’
2425 5069 2504 5112 τις
2575 5049 2936 5124 παραπέσοιτο
3010 5051 3437 5128 κατηχούμενος,
3509 5053 3700 5108 οὑτωσὶ

2059 5135 2222 5206 τρισὶν
2280 5135 2450 5192 ἔτεσιν
2493 5137 2788 5215 ἀκροάσθω,
2848 5140 2934 5195 καὶ
2990 5138 3173 5214 μόνον·
3235 5143 3355 5196 εἶτα
3401 5142 3535 5216 μετά
3591 5145 3696 5199 τῶν

2060 5224 2483 5303 κατηχουμένων
2513 5226 2771 5306 εὐχέσθω,

2227 5313 2240 5334 ν
2328 5312 2342 5336 1
2511 5314 2521 5334 Ι
2721 5318 2734 5338 ’1
2871 5318 2880 5336 Ι
3189 5318 3198 5328 ¹
3259 5321 3268 5340 Ι
3622 5323 3633 5342 7

2143 5313 2223 5386 ις’
2249 5359 2266 5377 .
2350 5323 2422 5371 Εκ
2453 5315 2660 5381 πολεως
2693 5337 2766 5381 εις
2813 5317 2968 5373 πολιν
3014 5319 3151 5390 μήτε
3182 5340 3491 5393 επισκοπος,
3557 5343 3700 5393 μητε

2062 5401 2431 5480 πρεσϐύτερος,
2520 5405 2656 5478 μήτε
2735 5403 2973 5467 διάκονος
3087 5406 3449 5480 μεταϐαινέτω
3485 5425 3498 5438 ⁸
3588 5409 3701 5466 ἕπεὶ

2061 5489 2221 5546 πάλιν
2264 5489 2683 5562 ἀποδοθήσονται
2741 5508 2860 5559 ταῖς
2903 5495 3211 5562 ἐκκλησίαις
3272 5497 3325 5552 έν
3358 5497 3449 5562 αἶς
3506 5520 3697 5578 κεχει-

2062 5581 2370 5659 ροτόνηνται
2382 5629 2395 5643 ,

2143 5669 2230 5741 ιζ’.
2289 5668 2444 5727 ’Ὅσοι
2503 5671 2838 5747 πρεσϐύτεροι
2910 5674 2995 5729 καὶ
3041 5669 3272 5731 διάκονοι
3325 5675 3421 5739 τῆς
3488 5673 3694 5744 ἑκκλη.
