4004 6138
108 297 128 333 ἱ

279 313 343 376 “iis
1497 317 1832 380 EPITOME

1960 318 2285 380 lNONUM.
3458 316 3577 382 246

267 445 337 504 ss'z:
375 445 862 527 ἀναχωρήσουσιν,
910 447 1125 505 ἅδεκτοι
1193 450 1266 512 εἰς
1336 448 1515 525 ἑτέρας
1575 449 1851 517 ἐκκλησίας

1960 451 2325 526 recesserint,
2381 450 2441 510 in
2491 449 2640 511 alias
2687 447 2974 512 ecclesias
3017 467 3135 512 non
3164 449 3575 532 recepiuntur,

258 537 518 610 γενήσονται,
556 533 670 598 ἕως
741 537 1139 615 ἐπιστρέψωσιν
1186 539 1260 602 εἷς
1314 538 1408 602 τὰς
1458 539 1660 594 ἑαυτῶν
1716 561 1851 616 παρ-

1960 555 2143 599 rerum
2176 539 2249 599 ad
2279 556 2416 600 suas
2442 537 2729 618 parcecias
2759 545 3159 602 revertantur.
3193 536 3257 602 Si
3279 539 3410 620 quis
3437 556 3577 616 vero

247 626 380 686 αιίας⁹
429 626 470 678 εἱ
515 622 574 679 δέ
620 647 715 686 τις
767 629 860 682 τὸν
909 627 1074 703 ἑτέρῳ
1132 625 1442 705 διαφέροντα
1484 630 1851 706 χειροτονήσοι

1960 645 2078 688 tum
2130 627 2270 704 quid
2326 627 2397 688 ad
2457 626 2637 689 alium
2698 627 2976 706 pertinet,
3029 628 3387 690 ordinaverit
3432 628 3582 690 citra

237 711 324 790 ὅτ’χα
359 713 574 788 γνώμης
629 715 737 770 τοῦ
796 717 994 775 οἰκείου
1033 716 1344 792 ἐπισκόπου,
1410 715 1596 794 ἄκυρος
1639 719 1672 784 ἡ
1732 739 1851 797 χει·

1960 716 2298 776 sententiam
2333 715 2558 796 proprii
2590 715 2881 796 episcopi,
2912 715 3078 778 irrita
3111 716 3224 779 erit
3255 715 3576 781 ordinatio.

227 802 414 876 ροθεσίαι

283 891 374 954 ιη’.
418 892 485 948 Εἴ
527 915 613 954 τις
681 896 885 956 τόκους
919 894 954 961 ἢ
998 892 1238 968 ὀμιολίας
1271 891 1552 967 λαμϐάνει,
1585 893 1851 973 ἀλλότριος

2029 893 2122 954 18.
2173 892 2230 954 Si
2263 891 2397 971 quis
2432 910 2644 963 usuras
2677 901 2778 954 aut
2807 893 3146 974 sescuplum
3179 892 3432 974 accipiat
3451 900 3582 974 post

219 982 331 1037 ἔσται
384 982 520 1054 μετὰ
587 984 704 1039 τὸν
767 983 887 1062 ὅρον
939 991 1124 1040 τοῦτον
1181 983 1275 1050 τῆς
1333 981 1682 1064 Ἐκκλησίας,
1728 987 1851 1040 καθ-

1960 979 2228 1042 Ecclesiae
2258 980 2845 1058 determinationem,
2880 989 3157 1065 tanquam
3187 982 3419 1046 alienus
3466 982 3579 1046 de-

220 1070 493 1143 αιρούμενος
506 1119 520 1132 ,

1960 1081 2217 1149 ponatur.

286 1157 330 1213 θ’
605 1161 618 1180 ι
869 1183 897 1197 ρ
1069 1158 1110 1182 Μ
1281 1158 1301 1192 Δ
1627 1159 1645 1191 .'

269 1183 282 1212 t
332 1204 345 1219 .
389 1161 450 1215 Οἱ
526 1158 794 1216 διακονοι
881 1172 988 1223 ,οῖς
1047 1162 1190 1222 ίοιοις
1237 1181 1450 1236 μετροις
1523 1181 1850 1239 μενετωσαν,

2019 1160 2117 1221 19.
2168 1159 2413 1221 Diaconi
2454 1160 2511 1220 in
2562 1161 2684 1221 suis
2719 1160 2992 1222 terminis
3025 1170 3326 1236 maneant,
3382 1178 3580 1239 neque

213 1247 320 1318 μηδὲ
385 1249 553 1319 μέσον
621 1249 1006 1326 πρεσῖυτέρων
1063 1250 1480 1318 καθεζέσθωσαν’
1541 1249 1683 1326 παρὰ
1748 1271 1851 1305 κα-

1964 1255 2096 1308 nter
2127 1247 2500 1328 presbyteros
2531 1249 2814 1323 sedeant;
2870 1267 3004 1310 nam
3037 1258 3245 1312 contra
3287 1267 3577 1312 canonem

209 1339 307 1391 ss'u
359 1339 459 1412 γὰρ
522 1338 634 1393 καί
711 1337 925 1403 ἀταξίαν
984 1336 1088 1415 [ἷ’ς,
1162 1335 1426 1414 εὐταξίαν]
1483 1337 1643 1413 ἐστὶν,
1694 1335 1747 1393 εἴ
1803 1359 1851 1392 τι

1960 1342 1998 1396 it
2028 1336 2340 1397 decentem
2379 1336 2650 1398 ordinem
2685 1347 2794 1411 est,
2829 1338 2880 1399 si
2910 1338 3050 1418 quid
3085 1339 3199 1400 tale
3251 1338 3575 1418 contingat.

202 1432 405 1479 τοιοῦτον
438 1429 534 1480 καὶ
564 1428 821 1502 γένοιτο.

293 1513 308 1538 Ι
426 1516 439 1534 ο
871 1516 882 1533 ι
955 1515 967 1532 ν
1389 1533 1400 1546 ,
1533 1516 1546 1535 \
1635 1516 1658 1535 ν

261 1537 336 1574 κ,
380 1523 444 1570 Οι
511 1514 886 1570 Παυλικιανοι
944 1514 1378 1586 αναϐαπτίζονται
1464 1537 1550 1571 και
1608 1537 1654 1570 ει
1719 1535 1856 1576 τινες

198 1600 416 1674 utinstin
500 1603 803 1676 ἄμεμπτοι
845 1602 1131 1659 δείκνυνται
1194 1602 1666 1668 ἀναϐαπτισθέντες
1727 1624 1854 1680 χει-

197 1692 638 1762 ροτονείσθωσαν⁶
745 1693 789 1747 εἰ
871 1689 925 1745 δὲ
1022 1693 1100 1764 μὴ
1184 1693 1455 1766 ἄμεμπτοι
1540 1694 1852 1765 δεικνυνται,

195 1781 649 1852 προαιρείσθωσαν
660 1824 675 1837 .

194 1864 288 1920 ἐπεὶ
329 1871 410 1940 μὴ
457 1871 820 1947 χειροτονίας
856 1868 1200 1948 μετέχουσιν,
1243 1874 1296 1925 ἓν
1342 1884 1458 1935 τοῖς
1489 1869 1708 1934 λα“ικοῖς
1765 1867 1854 1933 ἐξ·

191 1955 474 2023 εταζέσθωσ
485 1980 550 2013 ον
561 2005 579 2018 ,

255 2044 367 2104 κα¹.
421 2045 518 2102 Ἐν
583 2059 719 2109 ταῖς
758 2057 1044 2124 Κυριακαϊς
1106 2047 1165 2101 οὗ
1195 2046 1308 2104 δέον
1371 2047 1553 2104 κλῖναι
1585 2048 1643 2103 τὸ
1701 2046 1848 2125 γόνυ,

194 2130 296 2186 ἀλλ’
323 2134 519 2209 ὀρθοὺς
561 2136 817 2212 [ὀρθίους]
851 2135 1099 2214 εὔχεσθαι
1143 2137 1263 2201 τοὺς
1297 2137 1621 2215 ἀνθρώπους.

192 2237 485 2316 Ἐπιστομὴ
556 2242 811 2298 κανόνων
873 2248 980 2298 τῶν
1042 2241 1094 2296 ἐν
1160 2241 1715 2300 Κωνσταντινουπόλει
1775 2242 1850 2318 ρν’

773 2323 938 2398 ἁγίων
997 2319 1267 2399 Πατέρων,

264 2425 334 2485 α’.
398 2415 463 2481 Ἠ
498 2426 656 2481 κατὰ
715 2426 937 2482 Νίκαιαν
985 2427 1192 2487 πίστοις
1218 2425 1497 2501 κρατείτω*
1543 2426 1609 2481 τὰ
1651 2423 1704 2480 δὲ
1748 2431 1852 2481 τῶν

203 2512 432 2587 αἱρέσεων
467 2516 533 2570 τὸ
570 2515 840 2588 ἀνάθεμα.

266 2600 338 2675 β’.
395 2594 729 2680 ει’·ιτιῑρόριος
786 2604 857 2664 εἰς
933 2600 1268 2664 Ἐκκλησιῶν
1339 2604 1618 2681 σύγχυσιν,
1667 2601 1848 2678 μηδεὶς

207 2688 348 2767 ἔστω,
394 2695 542 2764 μήτε
612 2695 964 2772 χειροτονῶν,
1017 2687 1148 2763 μήτ’
1192 2689 1514 2766 ἐνθρονίζων,
1551 2692 1672 2749 Ἐπὶ
1714 2690 1849 2767 μέν-

207 2798 275 2832 τοι
325 2787 426 2836 τῶν
462 2780 522 2836 ἑν
588 2795 710 2843 τοῖς
747 2779 943 2835 ἔθνεσιν
997 2777 1356 2853 Ἐκκλησιῶν,
1389 2782 1423 2847 ἡ
1466 2785 1571 2836 τῶν
1605 2784 1848 2859 Πατέρων

213 2871 445 2943 κρατείτω
491 2873 779 2937 συνήθεια.

277 2957 346 3032 γ’.
393 2950 452 3016 Ὀ
504 2958 1132 3023 Κωνσταντινουπόλεως
1177 2960 1321 3023 εὐθὺς
1379 2960 1514 3033 μετὰ
1569 2961 1660 3015 τὸν
1710 2959 1850 3016 Ῥώσ-

221 3065 309 3115 tm:
343 3049 662 3122 τετίμηται.

280 3131 342 3196 δ’.
398 3137 650 3205 Μάξιμος
712 3139 740 3193 ὁ
789 3137 962 3208 Κύων,
1007 3144 1112 3193 τῶν
1181 3136 1485 3193 ἐπισκόπων
1543 3135 1909 3205 ἀλλότριοςοο

222 3222 292 3276 καὶ
316 3223 450 3288 ἅπας
498 3227 714 3304 ἀνίερος
743 3228 801 3290 ὃς
833 3225 1016 3300 ἐκείνῳ
1045 3225 1404 3303 κεκλήρωται.

286 3398 345 3461 ε’.
405 3393 468 3461 Ὀ
536 3404 774 3479 Πατέρα,
825 3405 914 3459 καὶ
959 3406 1098 3476 Υἱὸν,
1149 3404 1232 3458 καὶ
1289 3403 1440 3479 ἅγιον
1493 3409 1705 3476 Πνεῦμα
1747 3410 1852 3459 τῶν

221 3481 418 3547 δυτικῶν
449 3495 625 3568 τόμος
658 3494 912 3567 ὁμοούσια
943 3496 1281 3569 παρεγγυῶν,
1316 3490 1687 3554 εὐαπόδεκτος.

285 3667 380 3740 ς’.
447 3674 550 3729 Καὶ
599 3674 626 3727 6
672 3668 952 3735 κακόδοξος
1012 3669 1514 3748 πλεονεκτούμενος,
1561 3670 1850 3748 ὲγκαλείτω

226 3757 322 3811 κατ’
388 3760 710 3818 ἐπισκόπου·
779 3761 824 3816 εἰ
888 3757 943 3814 δὲ
988 3766 1092 3814 τῶν
1151 3759 1426 3836 ἱερωτὲρον
1483 3759 1573 3826 εἴη
1631 3762 1690 3816 τὸ
1751 3760 1847 3837 ἔγ-

225 3855 403 3920 κλημα,
467 3851 549 3923 μή
595 3849 822 3926 λεγέτω⁶
883 3850 960 3922 μὴ
1017 3847 1218 3924 λεγέτω
1289 3846 1342 3902 δὲ
1386 3847 1514 3921 μηδ’
1557 3847 1756 3922 ἄλλως,
1805 3856 1850 3909 εἰ

225 3939 662 4012 προκατέγωσταν
767 3939 845 4012 μὴ
919 3935 1122 4013 λεγέτω
1193 3938 1279 3992 καὶ
1351 3940 1377 3992 ὁ
1461 3938 1846 4004 ἀκοινώνητος⁸

227 4027 287 4087 μὴ
349 4023 552 4103 λεγέτω
597 4029 682 4082 καὶ
724 4029 752 4082 ὁ
815 4024 1140 4095 ἀπόϐληνος,
1177 4028 1260 4081 καὶ
1308 4029 1334 4082 ὁ
1392 4028 1852 4104 κατηγορούμενος

226 4107 266 4161 ἓν
315 4134 465 4188 τισιν,
515 4116 622 4180 ἕως
692 4115 1060 4172 ἀποδύσωνται
1117 4116 1182 4169 τα
1239 4117 1433 4173 οἰκεῖα.
1484 4118 1854 4193 Κατηγορείτω

230 4194 272 4252 δὲ
323 4204 348 4256 6
405 4204 706 4281 ὀρθόδοξος,
767 4207 796 4259 6
854 4204 1188 4276 κοινωνικὸς,
1250 4205 1278 4258 6
1347 4204 1780 4281 ἁκατάγνωστος,
1827 4208 1854 4260 6

232 4285 634 4372 ἀκατηγόρητος·
714 4297 800 4349 καὶ
870 4293 1225 4349 κοινωνείσθω
1298 4304 1413 4357 τοῖς
1491 4292 1853 4371 ἐπαρχιώταις

237 4378 282 4429 τὸ
325 4378 595 4458 ἔγκλημα,
659 4385 714 4440 Εἰ
754 4381 799 4437 δ’
858 4380 1188 4454 ἀδυνατοϊεν,
1224 4383 1352 4458 πρὸς
1396 4385 1607 4457 μείζονα
1649 4383 1852 4460 τραπέ-

235 4469 409 4528 σθωσαν
461 4471 704 4529 σύνοδονο
774 4473 860 4528 καὶ
918 4470 1041 4549 δίχα
1086 4470 1355 4549 ἐγγραφῆς
1418 4476 1514 4537 τῆς
1577 4493 1849 4527 ταυτοπα-
1876 4508 1917 4558 ο

236 4555 379 4623 θείσας
408 4564 485 4634 μὴ
547 4560 936 4619 ἁκουέσθωσαν·
973 4562 1002 4614 6
1053 4556 1106 4613 δὲ
1136 4560 1278 4636 παρὰ
1307 4558 1472 4615 ταῦτα
1517 4566 1592 4632 τῷ
1634 4558 1849 4635 βασιλεῖ

235 4651 458 4720 προσιὼν,
495 4652 584 4705 καὶ
613 4647 880 4726 ἐνοχλῶν,
929 4648 1323 4722 ἀποκήρυκτος,

296 4842 587 4918 Ἐπιστομὴ
623 4843 860 4900 κανόνων
907 4843 1010 4898 τῶν
1043 4842 1096 4898 έν
1142 4842 1346 4922 Ἐφέσῳ
1377 4843 1540 4920 ἁγίων
1586 4841 1762 4898 Πατέ-

961 4944 1087 5000 ρων,

295 5029 359 5094 α’,
414 5032 542 5090 Ἐὰν
575 5029 899 5108 ἀποληφθεὶς
934 5032 958 5085 6
1019 5029 1419 5106 μητροπολίτης
1452 5033 1558 5084 τῶν
1594 5026 1843 5084 Κελεστί-

239 5138 304 5172 νου
341 5121 647 5200 ἀντέχεται,
695 5119 729 5187 ἢ
772 5118 1073 5194 ἀνθέξηται,
1121 5116 1446 5190 ἀπόϐλητος,
1482 5117 1567 5171 καὶ
1609 5138 1671 5173 το
1727 5116 1846 5184 ἑξῆς

235 5203 499 5277 ἀδιοίκητος
511 5258 523 5271 .

300 5297 362 5370 β’.
417 5299 605 5360 Ὀστις
668 5295 934 5374 Νεστορίῷ
997 5298 1245 5374 σύμφρων
1318 5295 1568 5374 ὁμόφρων
1625 5295 1841 5352 ἐπίσχο-

239 5403 336 5457 nec,
365 5388 728 5465 ἆποκήρυκτος
740 5432 752 5444 .

304 5475 364 5550 γ’,
415 5477 509 5541 ’Ὀς
569 5476 669 5530 ὑπὸ
699 5471 978 5544 Νεστορίου
1035 5473 1131 5536 τῆς
1177 5471 1468 5547 ἱερωσύνης
1522 5469 1839 5546 κεκώλυται,

243 5559 502 5641 ἱερώτατος·
536 5567 564 5620 ὂ
595 5561 651 5619 δὲ
691 5561 919 5624 δεκτέως
955 5558 1160 5632 ἐκείνῳ,
1194 5561 1402 5639 ἁνερος,

2023 1514 2122 1575 90.
2173 1514 2549 1575 Paulianistae
2598 1514 2794 1576 denuo
2842 1513 3212 1594 baptizantur
3246 1537 3260 1574 :
3295 1532 3364 1576 ac
3394 1514 3444 1576 si
3475 1515 3579 1595 qui

1941 1602 2142 1664 clerici
2165 1601 2727 1682 irreprehensibiles
2744 1602 3209 1682 comperiantur,
3231 1601 3578 1682 rebaptizati

1941 1690 2318 1765 ordinentur,
2345 1690 2459 1751 nisi
2489 1708 2627 1752 vero
2658 1690 3219 1769 irreprebensibiles
3245 1690 3577 1764 videantur,

769 1783 830 1835 Λὶ
899 1778 953 1834 δὲ
1024 1778 1350 1836 διακόνισσαι
1419 1779 1851 1856 ἐξαπατηθεῖσαι,

1960 1777 2334 1856 leponantur.
2373 1777 2736 1840 Diaconissa:
2769 1777 3059 1858 deceptae,
3095 1778 3578 1862 quandoquidem

1938 1868 2327 1929 ordinationis
2359 1877 2632 1948 expertes
2663 1875 2825 1943 sunt,
2863 1869 3018 1930 inter
3039 1869 3220 1931 laicos
3241 1875 3576 1930 versentur.

2014 2049 2111 2106 2t.
2138 2044 2469 2107 Dominicis
2495 2044 2706 2107 diebus
2729 2062 2848 2106 non
2875 2053 3108 2126 oportet
3127 2063 3283 2125 genu
3305 2046 3575 2121 ﬂectere,

1935 2133 2038 2195 sed
2074 2141 2267 2194 rectos
2298 2133 2577 2196 homines
2606 2151 2800 2196 orare.

1936 2239 2220 2319 Epito-me
2267 2259 2564 2304 canonum
2606 2258 2681 2304 CL
2734 2245 2992 2305 Patrum
3051 2238 3578 2319 Constantinopoli

2492 2337 3013 2410 congregatarum.

2014 2429 2070 2486 1.
2120 2426 2358 2489 Nicaeus
2379 2424 2529 2486 ﬁdes
2559 2422 2824 2485 obtineat
2850 2429 3280 2504 serveturque:
3310 2422 3578 2484 haereses

1931 2532 2075 2577 vero
2110 2514 2450 2577 anathema.

2011 2604 2069 2665 2.
2105 2603 2312 2665 Nullus
2336 2610 2617 2664 externus
2637 2598 2712 2663 ad
2735 2598 3136 2663 Ecclesiarum
3161 2599 3574 2663 confusionem

1934 2710 2130 2768 neque
2147 2691 2682 2772 ordinet.nequein
2704 2689 2847 2752 sede
2867 2687 3574 2752 collocet.Verumtamen

1934 2787 1993 2842 in
2024 2781 2311 2843 Ecclesiis
2343 2798 2475 2861 quae
2503 2789 2642 2841 sunt
2664 2777 2823 2858 apud
2853 2777 3132 2857 gentiles,
3169 2786 3398 2859 patrum
3429 2796 3576 2840 con-

1933 2870 2188 2931 suetudo
2221 2877 2511 2931 servetur.

2011 2961 2072 3022 3.
2108 2956 2802 3038 Constantinopolitauus
2823 2957 3138 3036 episcopus
3159 2961 3417 3036 primum
3440 2962 3574 3038 post

1936 3049 2143 3111 Roma)
2170 3047 2515 3126 episcopum
2552 3045 2842 3108 honorem
2873 3043 3162 3106 obtineat.

2014 3141 2072 3198 .t.
2120 3136 2409 3198 Maximus
2439 3133 2695 3214 Cynicus
2735 3133 2807 3194 ab
2843 3133 3142 3213 episcopis
3190 3131 3422 3196 alienus
3453 3153 3470 3195 :
3501 3151 3570 3196 ac

1935 3228 2207 3309 quisquis
2255 3224 2328 3286 ab
2360 3241 2430 3285 eo
2463 3225 2522 3284 in
2554 3223 2780 3284 clerum
2812 3221 3106 3303 ascriptus
3137 3230 3250 3299 est,
3285 3222 3571 3302 profanus

1933 3315 2244 3378 habeatur.

2011 3407 2070 3468 5.
2116 3403 2590 3466 Occidentalium
2649 3409 2857 3463 tomus
2886 3399 3147 3471 Patrem.
3181 3407 3240 3461 et
3268 3398 3480 3462 Filium
3511 3409 3572 3462 et

1936 3493 2222 3573 Spiritum
2241 3503 2508 3553 sanctum
2528 3487 3074 3551 consubstantiales
3091 3504 3387 3561 asserens,
3399 3487 3571 3550 facile

1933 3583 2286 3644 admittitur.

2013 3674 2072 3733 6.
2120 3673 2228 3744 Qui
2258 3671 2416 3732 mala
2446 3669 2728 3750 opinione
2768 3667 3031 3729 imbutus
3060 3675 3171 3742 est,
3207 3667 3260 3729 si
3292 3668 3568 3748 injuriam

1937 3762 2207 3840 patiatur,
2235 3770 2472 3823 accuset
2494 3776 2690 3820 coram
2717 3758 3024 3837 episcopo.
3047 3755 3109 3818 Si
3131 3766 3331 3819 autem
3361 3775 3567 3820 sacer-

1935 3851 2135 3912 dotum
2169 3855 2395 3912 crimen
2442 3849 2539 3921 sit,
2593 3867 2668 3908 ne
2716 3847 2894 3916 dicat,
2949 3863 3145 3922 neque
3194 3847 3370 3907 etiam
3423 3846 3573 3908 alius

1935 3950 2106 4002 antea
2127 3939 2558 4000 condemnatus
2575 3937 2752 4010 dicat,
2774 3953 2970 4014 neque
2997 3934 3568 4007 excommunicatus,

1936 4048 2133 4109 neque
2177 4030 2464 4108 dejectus,
2519 4035 2575 4087 et
2625 4026 2726 4105 qui
2778 4023 3200 4085 nonnullorum
3253 4023 3570 4084 criminum

1936 4129 2248 4180 accusatur
2276 4117 2454 4189 dicat,
2505 4116 2696 4175 donec
2727 4114 3014 4174 intentata
3042 4110 3159 4172 sibi
3189 4110 3444 4172 crimina
3473 4111 3570 4171 di-

1937 4206 2190 4268 luerint:
2231 4213 2470 4266 accuset
2491 4211 2689 4264 autem
2715 4200 3103 4274 orthodoxus,
3130 4198 3572 4260 communionis

1937 4299 2252 4376 particeps,
2308 4312 2425 4354 non
2473 4291 2924 4361 condemnatus,
2973 4308 3090 4349 non
3122 4297 3452 4376 accusatus,
3501 4307 3571 4352 ac

1937 4375 2400 4464 provincialibus
2421 4382 2649 4442 crimen
2672 4380 3169 4441 communicetur.
3197 4375 3259 4439 Si
3285 4395 3425 4438 vero
3449 4396 3567 4440 non

1938 4472 2184 4553 possint,
2240 4471 2308 4531 ad
2346 4471 2636 4549 majorem
2670 4487 2736 4529 se
2765 4474 3116 4530 convertant
3145 4467 3465 4544 synodum,
3499 4487 3570 4530 ac

1933 4563 2083 4623 citra
2104 4560 2535 4642 professionem
2561 4557 2830 4638 ejusdem
2855 4556 3099 4618 affectus
3123 4574 3198 4617 ne
3222 4556 3564 4620 audiantur.

1930 4651 2040 4724 Qui
2092 4663 2290 4711 autem
2349 4657 2555 4710 contra
2585 4649 2711 4709 haec
2740 4648 3166 4726 imperatorem
3213 4644 3356 4721 adit,
3393 4645 3568 4728 eique

1932 4740 2262 4802 molestiam
2295 4738 2514 4813 exibet,
2546 4735 2878 4799 abdicetur.

1931 4850 2200 4928 Epitome
2246 4864 2548 4909 canonum
2604 4853 2955 4908 sanctorum
3012 4843 3276 4906 Patrum
3334 4841 3566 4922 Ephesi

2521 4941 2976 5015 congregatum.

2012 5032 2068 5092 t.
2120 5029 2611 5110 Metropolitanu
2640 5026 2741 5107 qui
2786 5025 3102 5087 Caelestino
3146 5022 3414 5084 adhaaret
3462 5034 3565 5084 aut

1927 5119 2272 5180 adhaesurus
2303 5126 2414 5188 est,
2449 5115 2832 5196 rejiciendus,
2857 5132 2926 5175 ac
2955 5113 3244 5192 deinceps
3263 5110 3336 5172 ab
3366 5111 3562 5174 admi-

1927 5207 2279 5270 nistratione
2309 5207 2590 5269 Ecclesiae
2619 5202 3015 5266 removendus
3047 5211 3158 5264 est.

2006 5299 2065 5362 Q.
2114 5296 2389 5377 Quisquis
2419 5296 2733 5376 episcopus
2761 5290 3040 5355 Nestorio
3071 5295 3412 5367 assentltur,
3447 5291 3559 5354 ab-

1926 5389 2220 5449 dicandus
2252 5395 2342 5446 est

2007 5477 2065 5538 3.
2112 5475 2462 5554 Quicunque
2504 5493 2538 5533 a
2581 5470 2854 5533 Nestorio
2905 5470 3235 5534 sacerdotio
3294 5469 3564 5550 dejectus

1927 5575 2036 5641 est,
2071 5563 2403 5628 sacerdotio
2435 5559 2824 5651 dignissimus
2856 5572 2950 5625 est
2982 5579 2997 5626 ;
3034 5560 3135 5651 qui
3167 5575 3303 5621 vero
3349 5559 3424 5628 ab
3458 5560 3561 5626 illo

1928 5663 2238 5737 susceptus
2269 5660 2382 5732 est,
2417 5649 2721 5738 profanus.
