4004 6138
366 307 481 373 247
1530 313 1833 376 SYMEON
1841 313 1909 374 IS
1953 315 2022 376 Mi

2137 314 2560 379 LPHRAST/E.
3609 314 3749 379 248

447 447 508 507 4.
555 444 664 518 Qui
715 444 787 507 ab
837 444 1116 526 episcopo
1169 445 1625 522 condemnatus,
1673 444 2008 510 aNestorio

2172 449 2240 512 δ’.
2306 443 2364 509 Ὀ
2420 455 2750 532 κατακριθεὶς
2795 453 2846 519 ἐξ
2900 453 3212 533 ἐπισκόπου,
3245 453 3331 510 καὶ
3361 453 3464 510 ὑπὸ
3523 463 3748 510 Νεστο-

373 537 690 616 sﬁsceptus
723 543 834 610 est,
868 534 929 595 id
963 534 1110 597 nihil
1143 535 1199 597 ei
1231 534 1442 616 prosit.

2141 561 2198 596 ου
2231 537 2460 619 δεχθεὶς,
2495 541 2858 621 ἀνωφέλητος.

453 625 518 687 5.
535 623 745 688 Laicus
769 623 873 704 qui
899 625 1118 704 synodo
1139 625 1388 699 resistit,
1415 625 2001 688 excommunicatur:

2170 629 2242 688 ε’.
2290 627 2676 697 Ἀκοινώνητος
2735 636 2762 687 6
2792 629 2982 694 λα’ίκὸς
3030 634 3058 688 6
3087 629 3466 710 ἀντοφθαλμῶν
3504 636 3574 706 τῇ
3605 649 3758 686 συν-

373 715 628 777 clericus
656 731 794 775 vero
827 715 1070 792 insuper
1098 712 1428 775 abdicetur.

2137 714 2214 789 ἴῳ·
2249 719 2275 773 6
2308 715 2360 773 δὲ
2395 717 2671 800 κληρικὸς,
2705 719 2780 777 ἔτι
2813 722 2899 776 καὶ
2927 721 3320 798 ἂποκήρυκτος.

452 806 513 864 6.
562 802 888 882 Episcopus
919 801 1092 862 aliam
1126 820 1160 862 a
1189 801 1428 863 Nicaena
1459 801 1638 863 (idem
1672 803 2004 883 proferens,

2171 805 2281 880 ς’.
2351 805 2411 865 Ὀ
2471 811 2646 864 πίστιν
2704 809 2885 888 ἑτέραν
2942 816 3042 877 τῆς
3092 811 3146 866 ὲν
3203 811 3394 880 Νικαίᾳ
3451 809 3749 887 προσάγων

379 892 610 956 alienus
661 890 733 953 ab
783 889 1052 953 Ecclesia
1080 889 1332 952 habetur
1366 911 1379 950 :
1415 891 1601 953 laicus
1631 909 1768 953 vero
1801 895 2006 974 expel-

375 982 543 1044 litur.

463 1073 522 1132 7.
571 1067 895 1131 Serventur
925 1085 1029 1128 sua
1060 1068 1278 1149 quique
1309 1069 1628 1147 provinciae
1679 1071 1816 1149 jura
1865 1090 2011 1152 pura

370 1167 547 1239 atque
575 1156 855 1218 inviolata
881 1173 893 1217 :
931 1155 1032 1236 qui
1053 1163 1248 1218 autem
1268 1158 1620 1218 contrariam
1645 1157 1739 1218 his
1761 1159 2011 1219 formam

376 1247 630 1320 inducit,
665 1246 847 1310 futilis
878 1255 993 1307 est.

457 1337 516 1401 8.
543 1334 925 1397 Eusthatbius
949 1351 1082 1396 cum
1101 1333 1381 1396 resistere
1405 1342 1746 1398 constanter
1767 1334 2016 1398 deberet

379 1427 512 1504 (hoc
562 1424 723 1486 enim
775 1423 969 1484 omnis
997 1421 1176 1484 debet
1204 1423 1567 1504 episcopus),
1627 1434 1792 1504 terga
1840 1424 2014 1488 facile

381 1515 529 1576 dans
560 1513 934 1575 detrectavit.
981 1510 1332 1572 Theodorus
1363 1512 1425 1572 in
1457 1513 1586 1592 ejus
1617 1513 1811 1575 locum
1844 1514 2012 1575 ordi-

379 1608 554 1664 natus
584 1608 694 1662 est.
731 1601 836 1662 llle
866 1617 1006 1660 vero
1038 1598 1367 1680 lacrymans
1395 1608 1570 1682 atque
1601 1619 1852 1663 exorans
1906 1603 2014 1663 ho-

2092 893 2406 969 ἐπίσκοπος,
2442 895 2816 973 ἠλλοτρίωται·
2846 897 3038 964 λα’ίκὸς
3067 896 3121 954 δὲ
3151 896 3587 976 ἐξωστράκισται.

2171 1069 2238 1138 ξ’.
2285 1076 2552 1150 Τηρείσθω
2594 1075 2658 1132 τὰ
2690 1075 2890 1150 ἑκάστῃ
2947 1076 3179 1156 ἐπαρχίᾳ
3229 1075 3492 1154 προσόντα
3535 1073 3743 1152 δίκαια,

2094 1162 2296 1240 καθαρὰ
2365 1163 2459 1220 καὶ
2539 1161 2781 1220 ἀϐίαστα·
2865 1158 2921 1223 Ὀ
3009 1163 3063 1219 δὲ
3126 1165 3291 1222 τύπσν
3374 1165 3742 1240 ἀντικείμενον

2095 1251 2300 1314 τούτοις
2333 1252 2585 1330 εἰσάγων,
2618 1253 2927 1320 ἆνιῖννητος,

2175 1339 2256 1406 η’.
2315 1339 2591 1420 Ἀντέχειν
2623 1343 2844 1422 ὀφείλων
2907 1343 3190 1408 Εὖστάθιος
3234 1351 3524 1422 καρτερῶς·
3576 1351 3741 1400 τοῦτο

2095 1430 2194 1508 γὰρ
2237 1429 2400 1492 ἅπας·
2460 1437 2602 1487 νῶτα
2657 1429 2774 1496 δοὺς
2823 1431 3029 1510 ἀφελῶς
3089 1435 3458 1510 παρῃτήσατο.
3521 1431 3742 1490 Θεόδω-

2097 1540 2184 1596 ρος
2244 1519 2359 1575 ἀντὶ
2430 1520 2618 1576 τούτου
2661 1521 3119 1600 κεχειροτόνηται·
3184 1525 3211 1577 6
3267 1519 3320 1576 δὲ
3388 1521 3584 1578 κλαίων
3647 1523 3746 1578 καὶ

2097 1606 2352 1664 δυσωπῶν
2411 1611 2508 1676 τήν
2561 1611 2724 1685 τιμὴν
2771 1612 2932 1667 αἰτεῖ·
2997 1613 3023 1665 6
3081 1611 3194 1666 ἀντ’
3251 1611 3448 1667 ικείνου
3481 1632 3747 1690 χειροτο-

381 1707 590 1752 norem
653 1687 891 1768 repetit.
936 1688 1069 1778 Qui
1127 1687 1286 1750 illius
1337 1689 1467 1778 loco
1511 1690 1689 1751 alium
1723 1689 2018 1752 ordinavit

2137 1699 2264 1767 ήσας
2310 1696 2608 1774 ἀνεύθυνος,
2643 1697 2786 1778 ἔχων
2826 1698 3028 1766 δηλαδὴ
3085 1700 3180 1768 τὴν
3213 1699 3410 1756 ἐκείνου
3467 1687 3748 1773 παραίτη-

378 1779 588 1842 insons
619 1785 731 1854 est,
766 1796 899 1839 cum
931 1777 1091 1840 illius
1121 1777 1558 1840 recusationem
1608 1798 1714 1858 pro
1768 1779 2018 1840 crimine

2138 1809 2182 1842 ιν
2240 1785 2352 1842 ἀντ’
2398 1777 2762 1865 ἐγκλήματος.
2810 1790 2837 1843 6
2880 1786 2934 1843 δὲ
2980 1785 3306 1844 δεδικαίωται
3358 1788 3517 1863 μόνον
3559 1795 3749 1859 τοῦτο,

381 1867 620 1931 habeat.
654 1865 779 1930 Hoc
812 1874 1010 1956 autem
1036 1866 1264 1956 justum
1298 1885 1429 1929 esse
1461 1869 1644 1929 visum
1699 1875 1808 1943 est,
1857 1867 2018 1948 epis-

2137 1877 2162 1932 ὸ
2220 1880 2317 1942 τῆς
2380 1875 2678 1943 ἐπισκοπῆς
2737 1877 2883 1956 ἔχειν
2937 1875 3124 1952 ὄνομα,
3173 1878 3258 1932 καὶ
3319 1878 3415 1946 τὴν
3463 1878 3752 1934 κοινωνίαν

378 1965 626 2037 copatus
655 1974 876 2017 nomen
905 1955 1071 2016 illum
1106 1954 1348 2028 habere,
1385 1956 1694 2037 ipsamque
1746 1974 2017 2018 commu-

383 2046 652 2123 nionem,
686 2045 966 2128 quodque
996 2045 1108 2107 hoc
1141 2043 1456 2122 benignius
1487 2046 1670 2106 visum
1701 2045 1802 2109 sit.

387 2152 678 2233 Epitome
709 2169 1012 2215 canonum
1039 2160 1386 2214 sanctorum
1419 2151 1609 2214 Patre
1641 2151 2017 2215 Chalcedone

931 2248 1465 2320 congregatorum.

461 2336 520 2397 2.
574 2337 684 2410 Qui
719 2336 865 2398 emit
895 2343 953 2396 et
981 2332 1083 2414 qui
1114 2331 1317 2396 vendit
1360 2333 1820 2409 ordinationem,
1857 2335 2017 2396 circa

383 2426 600 2507 gradus
658 2425 1050 2506 periclitatur.
1101 2424 1222 2485 Lex
1250 2431 1444 2485 autem
1479 2424 1658 2486 etiam
1713 2441 1900 2504 usque
1943 2423 2015 2484 ad

384 2515 886 2596 paramonarium.

465 2604 525 2665 3.
574 2603 680 2676 Qui
701 2604 1014 2676 domorum
1040 2603 1410 2686 saecularium
1435 2619 1636 2664 curam
1663 2602 2018 2681 suscipiunt,

389 2692 772 2774 corripiendi,
789 2692 906 2754 nisi
919 2692 1072 2756 forte
1089 2690 1160 2752 ad
1182 2687 1427 2753 mineris
1445 2690 2020 2752 administrationem

389 2779 861 2844 mexcusabilem
893 2781 985 2841 lex
1015 2779 1331 2856 vocaverit,
1356 2787 1455 2840 aut
1481 2780 1796 2860 episcopus
1825 2779 1898 2841 ad
1924 2799 2025 2860 pu-

390 2870 672 2950 pillorum
708 2877 766 2929 et
795 2868 1102 2929 viduarum
1134 2885 1338 2929 curam
1372 2867 1726 2930 incita-verit.

471 2959 534 3022 4.
580 2957 806 3018 Domus
859 2955 1112 3018 orationi
1169 2955 1384 3031 dicata,
1447 2964 1547 3018 aut
1596 2956 2021 3019 monasterium

391 3046 538 3108 citra
592 3045 860 3128 episcopi
912 3046 1265 3108 sententiam
1301 3064 1421 3108 non
1450 3054 1590 3108 sunt
1638 3046 2018 3108 exstruenda.

2101 1966 2285 2034 αὐτήν·
2319 1967 2406 2022 καὶ
2438 1964 2518 2021 ὅτι
2549 1967 2905 2046 χρηστόνερον
2951 1964 3211 2026 δέδοκται.

2100 2160 2364 2238 Ἐπιτομὴ
2395 2184 2463 2218 κα
2477 2162 2631 2220 δόνων
2660 2153 2766 2219 τῶν
2810 2162 2864 2218 ἐν
2901 2161 3206 2242 Καλχηδόνι
3237 2163 3392 2218 ἆιίων
3437 2165 3522 2219 καὶ
3553 2183 3746 2238 μακαο

2698 2244 2822 2320 ρίων
2865 2243 3110 2320 Πατέρων
3121 2287 3133 2302 .

2177 2332 2258 2410 β’.
2315 2325 2376 2392 Ὀ
2419 2333 2772 2409 ἑξωνούμενος
2831 2337 2915 2392 καὶ
2959 2338 2986 2391 6
3017 2336 3327 2414 πιπράσκων
3378 2333 3737 2415 χειροτονίαν,

2098 2425 2216 2502 περὶ
2246 2423 2366 2487 τοὺς
2421 2425 2651 2499 βαθμοὺς
2721 2422 3062 2482 ὲπικινδύνοι·
3111 2427 3138 2482 6
3191 2423 3246 2481 δὲ
3289 2425 3449 2499 νόμος
3491 2423 3592 2486 ἕως
3651 2433 3744 2489 καὶ

2100 2513 2515 2590 παραμοναρίου,

2184 2601 2258 2678 γ’.
2320 2603 2379 2658 Οἱ
2410 2607 2682 2677 κοσμικῶν
2742 2602 2909 2661 οἴκων
2969 2600 3275 2678 ἐπιμέλειαν
3327 2598 3744 2681 ἀναδεχόμενοι,

2103 2690 2459 2764 ἒπιτιμητέοι’
2495 2690 2636 2758 πλὴν
2689 2694 2735 2748 εἰ
2785 2693 2861 2768 μὴ
2904 2691 3118 2750 καλέσει
3176 2692 3336 2766 νόμος
3379 2692 3452 2754 εἰς
3485 2689 3749 2768 ἀφήλικος

2104 2779 2362 2848 διοίκησιν
2418 2782 2800 2851 ἀπαραίτητος·
2849 2783 2884 2851 ἢ
2941 2785 2968 2839 6
3031 2783 3326 2850 ἡπίσκοπος
3371 2783 3610 2860 ὀρφανῶν
3654 2783 3749 2838 καὶ

2106 2873 2294 2949 χηρῶν
2326 2869 2630 2944 ἐπιμέλειαν
2663 2871 3017 2950 ἐπιτρέψειεν,

2183 2956 2230 3013 δ’
2236 3005 2250 3020 .
2318 2958 2603 3037 Εὖκτήριος
2634 2961 2814 3035 οἶκος,
2851 2962 2887 3028 ἣ
2932 2962 3306 3036 μοναςτήριον,
3339 2961 3558 3038 γνώμης
3616 2959 3748 3040 δίχα

2103 3058 2194 3107 τοῦ
2273 3048 2566 3106 ἐπισκόπου
2645 3050 2866 3109 ἀσυστα·
2940 3050 3082 3114 ἅπας
3145 3049 3200 3106 δὲ
3272 3051 3538 3124 μοναστῆς
3605 3051 3746 3107 ὑπο-

393 3135 604 3200 Omnis
660 3143 860 3198 autem
918 3135 1245 3196 monachus
1310 3136 1593 3216 episcopo
1651 3135 2022 3215 subjiciatur,

2141 3137 2352 3217 ετάχθω
2393 3142 2470 3211 τῷ
2527 3137 2822 3215 ἐπισκόπῳ,
2855 3141 2942 3196 καὶ
2996 3140 3096 3207 τῆς
3155 3139 3345 3218 μονῆς,
3392 3143 3436 3195 εἰ
3482 3140 3560 3213 μὴ
3615 3137 3745 3216 παρ’

391 3242 588 3306 neque
637 3243 672 3285 a
717 3240 824 3286 sua
855 3223 1162 3285 mansione
1193 3222 1479 3299 discedat,
1513 3224 1628 3285 nisi
1659 3224 1732 3286 ab
1764 3243 1834 3286 eo
1866 3224 2023 3287 invi-

389 3321 568 3374 tetur.
625 3315 842 3376 Servus
891 3311 1116 3394 absque
1146 3311 1375 3374 domini
1407 3331 1704 3375 consensu
1739 3315 2024 3376 monasti-

389 3421 517 3464 cam
550 3403 727 3465 vitam
759 3420 834 3464 ne
866 3403 1278 3484 amplectatur.

467 3492 526 3556 5.
573 3490 684 3564 Qui
715 3510 748 3554 e
778 3491 1097 3554 civitatein
1133 3491 1428 3554 civitatem
1460 3499 1789 3568 transeunt,
1837 3511 2021 3554 cano-

394 3581 574 3643 nibus
605 3582 680 3643 de
711 3582 820 3643 hac
849 3600 914 3644 re
943 3580 1187 3643 sancitis
1217 3581 1635 3662 subjiciantur.

467 3672 526 3732 6.
575 3673 641 3734 In
675 3670 967 3751 martyriis
996 3678 1099 3732 aut
1127 3671 1426 3745 oratoriis,
1460 3671 1565 3733 sed
1607 3690 1724 3733 non
1756 3671 2026 3733 absolute

389 3759 717 3822 ordinabis.
789 3759 893 3821 Sin
953 3777 1094 3820 vero
1153 3758 1255 3840 qui
1311 3759 1614 3821 ordinatus
1674 3768 1782 3834 est,
1840 3760 2026 3840 gradu

391 3847 636 3910 excidit.

476 3939 529 3998 7.
579 3936 691 4009 Qui
722 3937 878 3998 inter
906 3936 1163 3999 clericos
1184 3945 1284 3996 aut
1306 3936 1628 3999 monachos
1649 3937 1896 4000 allectus
1915 3949 2026 4013 est,

391 4026 442 4088 si
502 4025 775 4087 militiam
835 4032 934 4086 aut
991 4024 1337 4104 dignitatem
1369 4033 1718 4106 arroganter
1768 4028 2025 4106 aifectet,

391 4114 765 4177 maledictus.

473 4206 533 4264 8.
584 4204 851 4267 Clericus
881 4205 940 4267 in
972 4203 1340 4266 medicorum
1375 4204 1578 4280 domo,
1613 4205 1798 4268 autin
1830 4224 2030 4268 mona-

392 4294 575 4356 sterio
607 4293 828 4372 degens
859 4293 1130 4376 episcopi
1178 4292 1340 4356 urbis
1387 4299 1655 4374 potestati
1704 4295 2029 4376 subjaceat.

393 4380 506 4454 Qui
535 4399 672 4444 vero
702 4383 776 4444 ab
809 4401 878 4445 eo
910 4383 1120 4460 resilit,
1157 4402 1390 4465 pcenam
1423 4383 1653 4446 subeat.

2109 3231 2265 3286 αὐτοῦ
2320 3227 2693 3308 προτρέποιτο,
2726 3229 2804 3305 μὴ
2861 3230 3166 3308 ἀφίσταται,
3224 3227 3416 3291 Δοῦλος
3471 3226 3544 3304 δὲ,
3581 3229 3625 3285 εἰ
3662 3229 3746 3302 μὴ

2108 3315 2297 3394 γνώμῃ
2326 3326 2418 3376 τοῦ
2446 3316 2724 3400 δεσπότου,
2757 3319 2834 3394 μὴ
2866 3319 3159 3394 μοναζέτω.

2187 3484 2256 3556 ε’.
2317 3497 2376 3554 Οἱ
2433 3493 2836 3570 μεταϐαίνοντες
2897 3497 2960 3555 ἐκ
3013 3496 3222 3562 πόλεως
3281 3500 3353 3562 εἰς
3411 3495 3588 3576 πόλιν,
3621 3497 3748 3562 τοὺς

2107 3584 2224 3660 περὶ
2265 3585 2448 3641 τούτου
2479 3585 2702 3649 κανόνας
2732 3585 3199 3649 ὑποϐλεπέτωσιν,

2188 3671 2290 3746 ς’.
2352 3672 2472 3731 Ἐπὶ
2531 3676 2833 3754 μαρτυρίυις
2877 3677 2912 3745 ἢ
2957 3678 3274 3754 εὐκτηρίοις,
3322 3675 3417 3734 οὒκ
3467 3673 3746 3749 ἀμολύτως

2109 3761 2533 3842 χειροτονήσεις·
2613 3766 2656 3820 εἴ
2713 3763 2766 3822 δὲ
2841 3767 2942 3842 μή,
3002 3765 3419 3845 ἀχειροτόνῆτος
3490 3767 3518 3820 6
3590 3761 3750 3830 δῆθεν

2113 3853 2605 3931 χειροτονούμενος.

2190 3941 2265 4010 ζ’.
2331 3931 2386 3997 Ὀ
2447 3939 2745 4018 κληρωθείς
2788 3943 2822 4009 ἢ
2893 3963 3152 4017 μονασας,
3185 3941 3222 4010 ἢ
3268 3940 3383 4021 [γρ.
3445 3941 3517 4022 εἰ]
3580 3963 3755 4021 στρα-

2111 4027 2275 4100 τείαν,
2312 4028 2347 4094 ἣ
2371 4026 2539 4093 ἀξίαν.
2573 4028 2977 4111 ἀπαυθαδιάσει,
3008 4031 3292 4109 ἑπάρατος.

2189 4205 2276 4272 η’.
2333 4198 2389 4264 Ὀ
2421 4210 2476 4262 ἓν
2506 4207 2760 4286 πτωχείῳ
2789 4209 2824 4276 ἢ
2883 4211 3105 4284 σεμνείῳ
3165 4209 3477 4288 κληρωθεὴ,
3510 4207 3756 4284 βλεπέτω

2110 4296 2210 4362 τὴν
2260 4295 2496 4363 ὶξουσίαν
2527 4299 2620 4355 τοῦ
2677 4297 2966 4355 ἐπισκόπου
3009 4305 3106 4366 τῆς
3139 4299 3373 4361 πόλεως.
3423 4290 3478 4356 (Ο
3510 4297 3564 4354 δὲ
3619 4299 3751 4354 τού-

2111 4407 2204 4442 του
2233 4386 2564 4466 ἆφηνιάζων,
2597 4387 2901 4466 γίνωσκέτω
2931 4391 2990 4445 τὸ
3023 4389 3304 4462 ἐπίτίμιον.

474 4472 539 4534 9.
587 4472 804 4534 Clerici
832 4471 1156 4552 litigantes,
1183 4473 1234 4535 si
1263 4471 1468 4538 relicto
1500 4474 1778 4554 episcopo
1811 4475 1881 4536 ad
1915 4494 2022 4538 sai-

2193 4474 2262 4536 0'.
2321 4475 2582 4552 Κληρικοῖ
2642 4474 2998 4552 δικαζόμενοι,
3060 4480 3102 4534 εἰ
3160 4477 3410 4556 ἀφέμενοι
3481 4477 3570 4531 τὸν
3627 4474 3749 4530 ὶπί-

400 4561 620 4622 cularia
643 4561 872 4640 judicia
905 4581 972 4624 se
993 4563 1334 4639 conferant,
1360 4563 1646 4624 canonice
1675 4563 2026 4644 puniantur:

395 4667 467 4711 ac
517 4649 772 4712 clericus
802 4670 938 4714 cum
995 4659 1272 4734 episcopo
1329 4653 1698 4715 contendens
1743 4653 2027 4734 synodum

394 4747 700 4820 exspectet
760 4760 772 4800 :
844 4743 1332 4823 metropolitanns
1388 4760 1525 4804 vero
1583 4741 1898 4824 episcopus
1954 4743 2029 4804 ad

397 4827 1122 4911 Constantinopolitanum
1156 4839 1455 4912 provocet.
1793 4829 1795 4832 ’

475 4919 573 4981 10.
621 4917 881 4981 Duarum
917 4919 1153 4981 urbium
1187 4919 1454 4981 ecclesiis
1489 4920 1745 4981 clericus
1775 4937 1894 4980 non
1925 4921 2033 4982 ad-

396 5005 616 5070 dicitur
652 5028 665 5068 :
700 5009 750 5070 si
785 5027 918 5071 vero
949 5009 1222 5072 addictus
1254 5010 1450 5087 fuerit,
1506 5010 1582 5070 ad
1631 5008 1881 5090 primam
1935 5028 2036 5072 re-

396 5104 679 5159 vertetur.
743 5097 804 5160 Si
861 5099 996 5179 quis
1054 5107 1256 5161 aulem
1303 5099 1425 5178 jam
1460 5099 1775 5160 translatus
1831 5097 2032 5174 fuerit,

398 5184 612 5263 prioris
673 5187 944 5249 ecclesia:
971 5204 1171 5249 rerum
1207 5187 1366 5250 nullo
1399 5188 1574 5250 modo
1609 5187 1903 5270 particeps
1933 5187 2030 5250 sit.

480 5274 575 5336 11.
628 5277 928 5357 Pauperes
960 5275 1229 5357 epistolis
1270 5275 1566 5352 instructi,
1625 5288 1684 5337 at
1715 5295 1833 5336 non
1864 5294 2033 5337 com-

402 5363 718 5424 mendatiis
780 5365 994 5426 litteris
1051 5364 1164 5426 iter
1223 5364 1487 5427 faciant:
1537 5363 2036 5428 commendatitiaa

399 5450 557 5510 enim
588 5452 1026 5514 existimatione
1061 5453 1326 5532 praeditis
1357 5452 1592 5517 dantur.

479 5539 577 5602 12.
603 5538 668 5600 In
693 5539 838 5601 duas
860 5541 1192 5621 provincias
1217 5561 1332 5604 una
1355 5542 1654 5622 provincia
1676 5560 1791 5602 non
1816 5543 2028 5605 scindi-

390 5634 506 5708 tur,
545 5631 645 5711 qui
677 5647 813 5690 vero
859 5629 1106 5692 sciderit
1154 5632 1496 5716 episcopatu
1533 5631 1829 5715 dejicitur.
1886 5635 2032 5708 Quae

2114 4586 2336 4643 σκοπον,
2394 4579 2677 4641 κοσμικοῒς
2733 4567 3021 4642 κριτηρίοις
3093 4569 3397 4644 ὁρμήσωσι,
3459 4570 3746 4625 κανονικῶς

2113 4653 2518 4710 εὖθυνέσθωσαν·
2596 4655 2681 4710 καὶ
2753 4653 3006 4733 κληρικὸς
3083 4656 3358 4727 ἐπισκόπῳ
3427 4652 3745 4732 διαφερόμε-

2113 4763 2200 4804 νος
2257 4743 2460 4818 μενέτω
2495 4742 2590 4809 τὴν
2637 4741 2868 4799 σύνοδον·
2931 4746 3018 4801 καὶ
3074 4743 3470 4822 μηνροπολίτης
3527 4741 3746 4798 ἐπίσκο-

2112 4853 2210 4894 πος
2247 4833 2333 4887 τὸν
2369 4830 2971 4895 Κωνσταντινουπόλεως
3000 4833 3353 4903 ἐξαιτήσοιτο.

2199 4919 2266 4982 ι’,
2331 4920 2431 4977 Δύο
2488 4919 2696 4976 πόλεων
2759 4934 2910 4984 ναοῖς
2968 4921 3216 5000 κληρικὸς
3275 4924 3334 4978 οὗ
3376 4919 3748 4996 καταλέγεται·

2118 5011 2161 5064 εἰ
2218 5007 2270 5064 δέ
2328 5009 2710 5089 καταλεχθείη,
2747 5017 2822 5084 τῷ
2880 5011 3119 5090 προτέρῳ
3162 5011 3632 5091 ἐπιστραφήσεται.
3695 5010 3756 5066 El

2118 5098 2171 5155 δὲ
2217 5099 2470 5173 μετετέθη
2529 5121 2605 5165 τις
2663 5098 2786 5175 ἤδη,
2834 5104 2911 5175 μὴ
2968 5100 3372 5158 ἐπικοινωνείτω
3430 5099 3563 5155 κατά
3634 5120 3754 5154 τινα

2117 5187 2307 5265 τρόπον
2341 5201 2458 5251 τοῖς
2489 5193 2585 5254 τῆς
2622 5188 2867 5267 προτέρας
2910 5189 3211 5267 πράγμασιν
3242 5189 3551 5255 ἐκκλησίας.

2200 5268 2295 5338 ια’.
2356 5282 2415 5337 Οἱ
2447 5279 2670 5346 πένητες
2729 5275 3062 5358 ἐπιστολαῖς,
3109 5279 3246 5335 ἀλλὰ
3277 5280 3354 5354 μὴ
3408 5290 3754 5339 συστατικαῐς

2118 5365 2458 5424 ὁδευέτωσαν·
2519 5370 2570 5423 αἱ
2628 5368 2726 5446 γὰρ
2795 5369 3100 5424 συστατικαὶ
3145 5375 3212 5445 τῇ
3279 5365 3547 5442 ὑπολήψει
3610 5387 3756 5443 παρ-

2117 5456 2334 5535 έχονται
2345 5505 2358 5518 ,

2198 5534 2291 5622 ιβ’.
2328 5548 2410 5611 Εἷς
2467 5543 2725 5625 ἐπαρχίας
2758 5543 2846 5602 δύο
2901 5548 2935 5614 ἡ
2967 5545 3200 5626 ἐπαρχία
3253 5547 3346 5618 μία
3377 5547 3436 5602 οὗ
3480 5545 3752 5618 τέμνεται·

2113 5636 2138 5690 6
2193 5632 2247 5692 δέ
2276 5634 2475 5710 τεμὼν,
2509 5633 2886 5700 ἀνεπίσκοπος.
2935 5637 2994 5692 Αἱ
3043 5635 3096 5692 δὲ
3129 5637 3404 5713 γράμμασι
3446 5632 3756 5712 βασιλικοις
