4004 6138
290 363 345 428 ?i9
1486 362 1827 427 EPITOME
1890 361 2142 426 CANON
2151 362 2259 423 UM
2275 406 2288 419 .

3463 356 3582 425 ‘250

273 503 512 567 τιμηθεϊσαι
576 496 783 571 πόλεις,
830 503 933 565 τῆς
996 500 1163 574 τιμῆς
1212 498 1624 557 ἂπολαυᾶτωσαν
1668 497 1853 572 μόνον,

1981 502 2146 558 utem
2179 495 2560 575 imperatoris
2579 497 2870 578 rescripto
2900 495 3102 558 scissae
3128 502 3264 559 sunt
3290 496 3577 567 civitates,

266 591 320 643 ui
354 590 377 643 ὁ
416 589 631 646 αὐτόθεν
686 586 1005 651 ἐπίσκοπος’
1050 592 1119 665 τῇ
1172 587 1227 644 δὲ
1271 587 1483 657 ἀληθῶς
1526 587 1855 667 μητροπόλει

258 679 299 735 τὰ
330 681 479 735 οἰκεῖα
508 676 862 748 ωζέσθωσαν
892 676 1089 741 δίκαια.

306 854 382 931 ιγ’.
445 853 721 934 Κληρικὸς
786 854 914 935 δίχα
974 861 1302 913 συστατικῶν
1363 856 1721 923 ἀκοινώνητος
1784 858 1856 921 εἱς

248 944 364 1002 πόλιν
390 944 571 1020 ἱτὲραν
584 994 598 1007 ,

305 1032 380 1092 ιδ’.
426 1032 795 1115 Ἐτερόὸοξος,
844 1034 929 1091 καὶ
991 1034 1228 1115 ψάλτης,
1273 1038 1357 1093 καὶ
1402 1038 1769 1115 ἀδαγνώστης,
1815 1038 1859 1092 εί

244 1127 383 1199 γήμας
451 1123 749 1201 ἐτέκνωσε,
807 1124 1042 1202 προσάγε
1099 1131 1167 1200 τῇ
1237 1130 1482 1200 κοινωνίᾳ
1543 1128 1608 1183 τὰ
1677 1125 1855 1200 τέκνα,

241 1212 361 1289 εἴπερ
408 1212 594 1270 ἐκεῖσε
629 1210 1003 1289 βεϐάπτισταιν
1052 1216 1097 1270 εἰ
1127 1212 1172 1270 δ’
1226 1214 1299 1271 ἔτι
1332 1216 1477 1291 μένει
1534 1214 1853 1291 ὰϐάπτιοτα,

241 1304 376 1358 σῖικετι
416 1302 735 1377 βαπτίζεται
767 1316 883 1366 τοῖς
926 1306 1237 1381 αἱρετικοῖς.

298 1478 371 1539 ιε’.
420 1478 749 1537 Διακόδισσα
795 1481 838 1536 εὶ
895 1481 973 1555 μὴ
1029 1481 1419 1559 τεσσαράκοντα
1472 1483 1567 1549 ἔτη
1626 1483 1683 1539 οὒ
1726 1483 1859 1561 γίνε-

234 1588 318 1625 ται·
384 1574 451 1645 τῇ
500 1568 559 1626 δὲ
612 1564 721 1625 διὰ¹
760 1570 931 1646 γάμου
990 1570 1089 1638 τὴν
1134 1569 1471 1649 λειτουργίαν
1521 1571 1852 1650 ἐξυϐρισάσῃ,

233 1659 459 1730 ἀνάθεμα.

298 1738 407 1821 ις’,
466 1747 801 1818 Μονάζοντες
871 1749 907 1815 ἢ
976 1749 1292 1824 μονάζουσαι
1350 1752 1427 1826 μὴ
1494 1751 1853 1830 γαμείτωσαν

232 1836 321 1891 ἐπεὶ
351 1837 592 1893 ἔστωσαν
639 1838 988 1903 ἀκοινώνητοι
999 1886 1012 1899 .

302 1927 382 1999 ιζ’.
436 1927 744 2008 ’ῌρχώριος
773 1927 869 1984 καί
899 1929 1124 2006 ἇγροικὴ
1190 1934 1459 2008 παροικία,
1532 1933 1575 1986 εί
1605 1952 1855 2008 τριακον-

230 2008 412 2069 ταετίας
467 2006 801 2086 ἐσχέθησαν,
832 2006 1278 2084 κατεψίσθωσανί
1321 2012 1365 2066 εἰ
1422 2009 1476 2066 δὲ
1533 2006 1730 2077 ταύτης
1775 2010 1853 2065 ἐν-

227 2097 301 2159 τὺς
484 2096 775 2173 γεγένηταί
842 2118 921 2162 τις
986 2101 1103 2176 περὶ
1160 2103 1332 2157 αὐτῶν
1406 2098 1852 2180 ἀμφισϐήτησιςι,

232 2190 326 2241 εἷεν
372 2183 642 2243 ὑπόδικον
677 2188 721 2241 εἰ
764 2184 819 2241 δὲ
878 2188 966 2244 καὶ
1020 2188 1332 2244 κανόνισται
1377 2189 1477 2265 [ἴσ.
1514 2188 1856 2265 κεκαίνισται]

229 2272 487 2349 βασιλικῆς
561 2273 895 2340 ἐκκαλέσεως
938 2273 1115 2349 πόλις,
1175 2277 1209 2343 ἡ
1270 2273 1415 2341 τάξις
1463 2278 1548 2332 καὶ
1608 2278 1635 2331 ὸ
1693 2277 1857 2336 τύπος

231 2362 556 2422 ἀκολουθείτω
629 2377 748 2429 τοῖς
817 2362 1117 2427 πολιτικοῖς
1178 2363 1457 2440 δημοσίος,
1516 2367 1604 2422 καὶ
1652 2364 1857 2432 ἐκκλη-

231 2468 498 2518 σιαστικοις
534 2450 808 2531 Ι-στικῆς]
839 2454 1138 2531 παροικίας.

300 2539 390 2607 ιη’,
451 2541 715 2620 Κληρικοὶ
746 2544 831 2598 καὶ
889 2544 1203 2617 μονάζοντες
1248 2544 1292 2597 εἰ
1350 2545 1642 2621 φωραθεῖεν
1684 2544 1720 2612 ἢ
1751 2566 1857 2623 φα·-

236 2631 528 2708 τριάζοντες,
610 2630 647 2698 ἢ
716 2631 1097 2705 συνομνύμενοι
1170 2630 1287 2686 κατ’
1353 2631 1681 2705 ἐπισκόπων,
1752 2640 1859 2689 τῶν

236 2720 419 2795 βαθμῶν
462 2724 640 2779 αὐτῶν
670 2718 891 2776 ἕκτωτοι
919 2718 1030 2797 [ἵσ.
1064 2718 1377 2800 ἕκπτωτοι],

301 2808 381 2871 ιθ’,
424 2798 483 2868 ’0
536 2810 644 2876 τὴν
676 2809 867 2865 οἰκείαν
908 2808 1177 2873 ἀπολέσας
1209 2798 1452 2888 πατρίδα,
1485 2813 1529 2867 εἰ
1560 2811 1645 2867 ἐπ’
1691 2809 1858 2878 ἄλλην

238 2895 528 2966 Ἐκκλησίαν
565 2896 842 2970 ἐλήλυθεν,
874 2898 1276 2973 ἂνεπιτίμητος.

298 2986 365 3047 κ’.
435 2988 770 3050 Ἐπίσκοπος
826 2986 880 3043 δὲ
936 2985 1081 3052 ξένον
1160 2986 1415 3066 κληρικὸν
1473 2987 1856 3066 είσδεξάμενος,

239 3074 349 3146 μιτᾶ
383 3077 472 3135 τοῦ
501 3075 787 3155 δεχθὲντος
822 3074 919 3140 ἕξει
948 3077 1009 3131 τὸ
1054 3074 1437 3141 ἁκοινώνητσν.

1942 584 2173 647 honore
2221 585 2493 647 fruantur
2542 594 2789 658 tantum,
2843 593 2902 647 et
2933 588 3029 664 qui
3061 586 3282 647 ibidem
3316 593 3582 647 versatur

1943 677 2264 755 episcopus
2300 692 2313 735 :
2348 673 2403 734 ei
2438 692 2572 735 vero
2621 676 2721 755 qui
2751 692 2890 736 vere
2923 675 3415 756 metropolitanus
3466 681 3575 750 est,

1942 762 2179 843 propria
2211 772 2632 824 conserventur
2653 764 2812 843 jura.

2023 853 2121 914 13.
2172 852 2436 914 Clericus
2469 852 2691 933 absque
2738 853 3245 915 commendatitiis
3277 852 3488 915 litteris
3518 854 3579 914 in

1942 941 2096 1003 alius
2126 940 2292 1002 urbis
2323 942 2809 1003 communionem
2846 961 2963 1003 non
2997 942 3309 1023 recipitur.

2022 1032 2120 1093 14.
2147 1030 2365 1093 Cantor
2390 1039 2445 1091 et
2467 1030 2652 1092 lector
2673 1050 2706 1093 a
2724 1039 2889 1093 recta
2910 1031 3026 1092 ﬁde
3050 1031 3306 1105 alienus,
3334 1032 3381 1092 si
3404 1031 3583 1093 ducta

1942 1137 2127 1181 uxore
2176 1118 2399 1180 liberos
2440 1120 2770 1193 sustulerit,
2827 1138 2929 1181 eos
2980 1119 3053 1181 ad
3091 1120 3579 1182 communionem

1941 1208 2205 1283 adducit,
2262 1208 2558 1288 siquidem
2612 1208 2840 1269 ibidem
2893 1208 3174 1288 baptizati
3227 1208 3468 1270 fuerint.
3518 1206 3581 1269 Si

1938 1316 2077 1359 vero
2113 1297 2374 1357 nondum
2409 1297 2527 1357 sint
2575 1297 2875 1376 baptizati,
2926 1317 3043 1359 non
3075 1298 3332 1378 amplius
3382 1295 3579 1376 bapti-

1940 1395 2147 1448 zantur
2172 1386 2327 1466 apud
2364 1386 2699 1448 haereticos.

2025 1477 2125 1538 15.
2174 1475 2517 1537 Diaconissa
2549 1475 2662 1536 nisi
2686 1476 3074 1556 quadraginta
3095 1494 3282 1537 annos
3304 1483 3438 1536 nata
3462 1492 3581 1536 non

1943 1564 2290 1626 ordinatur:
2325 1565 2377 1625 ei
2412 1573 2609 1627 autem
2643 1583 2773 1644 qua;
2802 1564 2949 1625 inito
2979 1564 3387 1637 matrimonio,
3414 1581 3582 1624 sacro

1944 1654 2181 1716 muneri
2212 1653 2477 1716 dedecus
2510 1654 2797 1727 attulerit,
2834 1654 3173 1715 anathema.

2025 1744 2123 1805 16.
2154 1743 2429 1807 Monachi
2454 1750 2556 1803 aut
2577 1742 2865 1803 moniales
2889 1744 3329 1804 matrimonium
3351 1760 3424 1802 ne
3440 1759 3576 1802 con-

1881 1851 1917 1901 B
1943 1834 2197 1897 trahant:
2221 1833 2514 1913 siquidem
2544 1832 2657 1893 boc
2682 1832 3576 1905 fecerint,excommunicentur.

2024 1926 2121 1987 17.
2170 1922 2494 1986 Rusticana
2527 1922 2808 2002 parmcia,
2841 1940 2946 1983 seu
2982 1923 3114 2002 pagi
3146 1924 3331 1997 curia,
3389 1921 3439 1983 si
3471 1919 3581 1981 tri-

1941 2014 2105 2092 ginta
2149 2030 2337 2074 annos
2392 2029 2684 2092 possessa:
2714 2011 2961 2086 fuerint,
3019 2010 3483 2089 possideantur:
3532 2008 3584 2070 si

1943 2111 2140 2164 autem
2166 2102 2322 2163 intra
2344 2100 2491 2162 illud
2512 2108 2746 2182 tempus
2774 2100 2951 2162 fuerit
2982 2100 3183 2178 aliqua
3212 2102 3285 2162 de
3316 2100 3411 2161 bis
3432 2118 3581 2161 cou-

1945 2193 2248 2263 troversia,
2284 2191 2401 2252 sint
2428 2190 2650 2266 judicio
2684 2189 2924 2251 obnoxii
2951 2208 3152 2251 earum
3180 2206 3580 2269 possessores.

1942 2278 2004 2342 Si
2056 2297 2195 2340 vero
2240 2278 2617 2358 imperatoris
2659 2277 2832 2356 jussu
2881 2276 3023 2338 urbs
3054 2285 3334 2338 renovata
3384 2276 3580 2352 fuerit,

1942 2368 2089 2430 ordo
2121 2387 2190 2429 ac
2222 2366 2414 2429 forma
2448 2367 2721 2429 ecclesia:
2770 2366 3101 2446 parcecialis
3134 2366 3338 2428 civiles
3366 2384 3434 2428 ac
3467 2384 3582 2447 pu-

1941 2456 2127 2519 blicas
2157 2456 2568 2518 ordinationes
2597 2464 2898 2536 sequatur.

2025 2548 2123 2608 18.
2166 2545 2383 2607 Clerici
2414 2563 2483 2606 ac
2517 2544 2790 2606 monachi
2812 2543 2862 2604 si
2887 2546 3175 2624 comperti
3199 2545 3420 2606 fuerint
3444 2561 3585 2605 con-

1941 2635 2237 2697 venticula
2268 2634 2491 2696 habere
2527 2652 2593 2695 ac
2625 2634 2941 2711 conjurare
2973 2641 3179 2694 contra
3213 2634 3583 2715 episcopum,

1940 2723 2222 2805 gradibus
2254 2723 2377 2784 suis
2411 2722 2711 2784 excidant.

2022 2814 2122 2876 49.
2171 2813 2279 2885 Qui
2312 2812 2531 2873 amissa
2562 2810 2756 2891 patria
2787 2810 2856 2871 ad
2892 2809 3065 2873 aliam
3098 2808 3423 2874 Ecclesium
3476 2828 3584 2872 ve-

1942 2907 2119 2978 nerit,
2154 2903 2726 2983 irreprehensibilis.

2023 2996 2123 3057 90.
2172 2993 2505 3073 Episcopus
2535 2992 2636 3073 qui
2668 3000 3017 3055 extraneum
3055 2992 3341 3055 clericum
3375 3010 3587 3055 susce-

1947 3083 2126 3165 perit,
2160 3102 2295 3143 cum
2329 3092 2606 3163 suscepto
2638 3080 3276 3143 excommunicabitur.

300 3162 396 3226 ια’,
455 3163 846 3256 Ἀδοκίμασςτος
903 3162 1181 3241 κληρικὸς,
1242 3163 1276 3231 ἢ
1324 3163 1512 3225 λα’ίκὸς
1571 3166 1858 3225 ἐπισκόπου

2024 3174 2126 3235 21.
2172 3172 2440 3241 Clericus
2469 3180 2573 3233 aut
2612 3170 2804 3232 laicus
2834 3189 2953 3231 non
2986 3170 3267 3250 probatus
3299 3188 3586 3234 accusans

238 3260 552 3333 κατηγορῶν,
586 3252 794 3309 ἀνεπίδε
802 3275 922 3315 κτος
933 3298 948 3314 .

301 3343 397 3419 κβ’.
456 3347 519 3402 ‘0
591 3341 643 3408 ἐξ
704 3344 992 3422 ἀνθρώπων
1056 3351 1149 3402 τοῦ
1213 3342 1503 3401 ἐπισκόπου
1560 3345 1861 3423 γεγενημέ-

237 3452 330 3510 νον,
369 3434 431 3489 τὰ
488 3433 695 3492 ἐκείνου
738 3432 1009 3511 ἁρπάζων,
1070 3435 1162 3490 τοῦ
1216 3433 1419 3509 βαθμοῦ
1474 3434 1861 3513 ἁμαρτήσεται,

302 3522 403 3600 κγ’.
465 3527 530 3583 Οἱ
564 3522 855 3580 ἐπισκόπου
913 3521 1039 3601 δίχα
1084 3524 1151 3590 τῆ
1214 3524 1605 3582 Κωνσταδτίνου
1662 3522 1861 3596 διατρί-

236 3608 390 3676 ϐοντες
449 3610 629 3691 πελει,
690 3613 779 3667 καὶ
836 3612 1075 3691 ταραχὰς
1144 3611 1499 3691 ἀνεγείροντες
1570 3611 1670 3690 [ἴσ.
1730 3614 1863 3671 ἀνα-

237 3700 521 3780 γείροντεςΙ,
553 3704 651 3769 τῆς
674 3699 867 3765 πόλεος
895 3699 1317 3762 ἱλαυνέσθωσαν,

301 3787 396 3853 κδ’,
455 3791 831 3867 Μοναστήριον
888 3789 1181 3845 ἐπισκόπου
1248 3790 1437 3867 γνώμῃ
1510 3792 1700 3870 παγὲν,
1763 3815 1864 3868 με-

236 3876 348 3934 νέτω
400 3879 824 3956 ἀμεταποίητον*
874 3880 961 3935 καὶ
1020 3878 1100 3934 ὅτι
1174 3886 1328 3936 τοῦτο
1360 3878 1461 3957 [ἵσ.
1497 3879 1524 3935 ὅ
1568 3903 1616 3938 τι
1674 3877 1863 3959 τούτῳ]

234 3965 459 4037 ἆνήκοιτο
523 3968 897 4035 ὰνεκποίητον,
958 3969 1018 4026 Ὀ
1076 3966 1122 4023 δ’
1170 3966 1346 4034 ἄλλως
1407 3969 1717 4051 ἐπιχειρῶν,
1767 3975 1862 4031 οὒκ

237 4054 480 4123 ἀνεύθυνος
492 4107 508 4121 .

301 4148 393 4211 κε’,
455 4147 608 4208 Εἴσω
663 4149 850 4223 μηνῶν
920 4154 1075 4225 τριῶν
1134 4150 1186 4203 αἱ
1243 4154 1350 4205 τῶν
1407 4148 1709 4208 ἐπισκόπων
1768 4174 1859 4208 τεο

240 4231 420 4294 λοῦνται
474 4236 827 4316 χειροτονίαι·
898 4237 1199 4315 παρατείνει
1249 4236 1304 4292 δὲ
1373 4240 1464 4293 τὸν
1541 4240 1735 4319 χρόνον
1791 4243 1860 4297 ἀ-

241 4323 384 4401 νάγκη
430 4349 515 4391 τις
561 4327 948 4405 ἀπαραίτητος.
998 4327 1055 4383 Εἰ
1102 4325 1155 4381 δὲ
1214 4329 1313 4401 μὴ,
1348 4329 1375 4382 ὁ
1417 4336 1741 4406 χειροτονῶν
1800 4332 1862 4386 τὸ

242 4409 476 4490 ἐπινίμιον
548 4414 775 4473 εἴσεται*
830 4417 864 4483 ἡ
935 4414 1118 4491 μέντοι
1193 4414 1453 4495 πρόσοδος
1511 4418 1717 4493 μενέτω
1786 4427 1862 4494 τῷ

243 4501 475 4579 οἰκονόμῳ
486 4553 499 4566 ,

1947 3261 2318 3343 episcopum,
2352 3260 2739 3340 rejiciendus.

2025 3352 2128 3413 29.
2176 3350 2289 3423 Qui
2322 3349 2602 3430 episcopo
2633 3350 2746 3410 vita
2774 3347 3001 3422 functo,
3030 3347 3192 3410 illius
3221 3347 3377 3409 bona
3406 3347 3583 3429 rapit,

1946 3439 2137 3520 gradu
2164 3438 2508 3517 dejicietur.

2028 3529 2127 3590 23.
2173 3526 2284 3600 Qui
2319 3526 2528 3606 injussi
2560 3527 2820 3607 episcopi
2855 3525 3363 3605 Constantinopoli
3411 3544 3582 3587 com-

1949 3624 2255 3679 morantur
2282 3635 2351 3677 ac
2382 3614 2588 3678 turbas
2619 3617 2899 3690 excitant,
2935 3614 3081 3677 urbe
3114 3613 3511 3694 expellantur.

2028 3794 2130 3857 94.
2174 3792 2595 3857 Monasterium
2628 3794 2703 3855 de
2731 3794 3027 3858 sententia
3054 3793 3316 3875 episcopi
3348 3800 3586 3854 exstru-

1951 3890 2132 3958 ctum,
2175 3892 2410 3945 maneat
2451 3884 2846 3958 immutabile,
2879 3893 2936 3946 et
2966 3882 3253 3965 quidquid
3288 3881 3360 3943 ad
3393 3880 3585 3961 ipsum

1944 3978 2203 4054 pertinet
2232 3992 2309 4035 ne
2338 3973 2654 4036 alienatur.
2690 3973 2802 4045 Qui
2839 3991 2975 4036 vero
3008 3991 3181 4042 secus
3211 3971 3444 4047 fecerit,
3468 3990 3588 4033 non

1943 4062 2059 4125 erit
2088 4063 2386 4125 innoxius.

2022 4149 2121 4214 25.
2156 4150 2316 4213 Intra
2339 4162 2462 4214 tres
2479 4168 2717 4213 menses
2740 4151 3157 4232 episcoporum
3181 4150 3590 4212 ordinationes

1946 4240 2365 4321 perficiantur;
2428 4248 2667 4319 tempus
2725 4257 2862 4300 vero
2923 4247 3200 4319 prorogat
3269 4238 3589 4301 necessitas

1943 4330 2142 4409 aliqua
2172 4328 2553 4391 inevitabilis.
2578 4328 2638 4391 Si
2686 4346 2859 4391 secus
2888 4328 3006 4401 ﬁat,
3060 4328 3347 4389 ordinans
3404 4344 3590 4408 pcenas

1944 4420 2059 4482 erit
2089 4418 2406 4494 obnoxius,
2432 4418 2663 4480 reditus
2687 4425 2886 4479 tamen
2912 4436 3096 4499 penes
3120 4419 3591 4499 dispensatorem

1946 4516 2241 4571 maneant.

307 4583 431 4667 ις’.
488 4594 779 4668 Οίκονόμος
833 4593 931 4648 ἀνα
976 4593 1151 4658 πάσας
1206 4593 1300 4658 τὰς
1348 4592 1672 4663 Ἐκκλησίας
1729 4597 1858 4654 ἔστω

2026 4597 2127 4661 26.
2174 4597 2558 4679 Dispensator
2588 4596 2647 4657 in
2680 4596 2965 4658 omnibus
3009 4596 3292 4658 Ecclesiis
3321 4594 3397 4657 de
3426 4592 3589 4657 clero

244 4678 329 4736 ἀπὸ
374 4691 465 4741 τοῦ
499 4682 721 4760 κλήρου⁸
782 4685 809 4739 ὁ
857 4681 911 4739 δὲ
970 4692 1124 4742 τοῦτο
1180 4689 1520 4761 καταφρονῶν
1579 4685 1865 4753 ἐπίσκοπος

245 4765 321 4825 όῦκ
338 4772 687 4851 ἀνέγκλητος.

308 4860 403 4931 κζ’.
464 4862 729 4940 Κληρικὸς
791 4862 1036 4939 ἁρπάζων
1080 4872 1332 4937 γυναῖκα,
1391 4862 1861 4933 ἀνεκκλησίαστος.

246 4946 268 5000 ὃ
314 4946 361 5003 δὲ
399 4950 593 5015 λα’ίκὸς
651 4951 789 5009 ἔστω
832 4951 1090 5029 ἆνάθεμα,
1118 4950 1253 5007 κατά
1306 4961 1461 5010 τοῦτο
1520 4955 1605 5011 καί
1663 4955 1691 5011 ὃ
1736 4978 1863 5015 συδ-

245 5043 386 5112 αιρῶν
416 5041 519 5118 [ἴσ.
554 5041 833 5117 συναινῶν]
846 5086 861 5103 ,

310 5129 416 5195 κη’.
452 5123 510 5189 Ὀ
572 5135 667 5196 τῆς
711 5129 831 5193 νέας
890 5128 1178 5193 ἐπίσκοπος
1226 5118 1435 5204 Ῥώμης
1473 5137 1548 5205 τῷ
1608 5139 1704 5201 τῆς
1756 5157 1864 5192 πα-

249 5210 499 5298 λαιοτέρας
561 5219 846 5296 ὁμότιμος,
896 5218 978 5275 δια
1034 5218 1129 5287 τὴν
1192 5225 1296 5276 τῶν
1352 5222 1637 5300 σκήπτρων
1694 5226 1864 5300 μετά-ι

248 5324 423 5372 στασιν,

314 5396 407 5460 κθ’,
469 5390 547 5455 Ἀἱ
576 5397 688 5476 [ἴσ.
724 5396 812 5477 Οἱ]
846 5398 1069 5474 Πόντου,
1102 5398 1187 5455 καὶ
1249 5395 1451 5479 Ἀσίας,
1484 5401 1569 5456 καὶ
1626 5404 1860 5477 Θρᾴκης,

248 5487 330 5539 καὶ
380 5490 422 5543 οἱ
477 5485 729 5567 βάρϐαροι
788 5490 866 5560 τῷ
922 5491 1020 5553 τῆς
1088 5488 1481 5546 Κωνσταντίνου
1551 5492 1862 5571 κεχειροτό-

254 5592 428 5637 νηνται.

318 5659 381 5726 λ’.
439 5655 493 5726 ὀ
557 5661 931 5739 καταϐιϐάζων
1002 5664 1288 5724 ἐπίσκοπον
1346 5669 1418 5733 εἷς
1489 5671 1863 5758 πρεσϐύτερον,

1949 4690 2348 4750 constituatur
2381 4711 2392 4746 :
2430 4688 2532 4767 qui
2565 4705 2702 4748 vero
2736 4688 2847 4748 hoc
2880 4686 3210 4749 contemnit
3241 4686 3583 4765 episcopus,

1950 4777 2202 4839 crimine
2235 4796 2353 4839 non
2388 4785 2574 4837 caret.

2031 4868 2130 4930 27.
2180 4866 2447 4929 Clericus
2494 4865 2814 4927 mulierum
2865 4865 3136 4946 rapiens,
3179 4862 3448 4925 Ecclesia
3475 4862 3589 4942 eji-

1949 4956 2161 5033 ciatur,
2212 4957 2398 5018 laicus
2431 4973 2566 5017 vero
2598 4955 2674 5016 sit
2703 4956 3042 5027 anathema,
3091 4963 3149 5015 et
3184 4952 3284 5033 qui
3316 4952 3410 5014 bis
3438 4969 3589 5013 con-

1947 5048 2126 5108 sentit
2160 5046 2357 5107 eidem
2392 5063 2580 5125 paena}
2612 5044 2987 5123 subjiciatur.

2027 5136 2124 5197 28.
2174 5138 2349 5197 Novae
2380 5134 2587 5196 Romae
2619 5135 2936 5214 episcopus
2962 5131 3169 5193 eodem
3204 5149 3341 5192 cum
3376 5129 3593 5192 veteris

1947 5224 2153 5287 Romae
2182 5225 2467 5304 episcopo
2503 5223 2731 5285 honore
2782 5222 3009 5283 fruatur
3060 5227 3301 5301 propter
3348 5217 3593 5300 Imperii

1948 5314 2426 5377 translationem.

2029 5404 2130 5468 29.
2181 5402 2375 5476 Ponti,
2412 5400 2596 5475 Asia),
2629 5399 3019 5480 Thraciaeque
3057 5400 3322 5479 episcopi
3355 5415 3422 5460 ac
3452 5396 3591 5459 bar-

1951 5493 2077 5556 bari
2108 5513 2142 5555 a
2172 5490 2829 5571 CouStantinopolitano
2863 5489 3236 5553 ordinentur.

2027 5672 2128 5737 30.
2177 5671 2292 5747 Qui
2342 5672 2692 5753 episcopum
2727 5668 2799 5731 ad
2833 5668 3165 5755 presbyteri
3195 5664 3442 5750 gradum
3474 5663 3587 5731 do-
