4004 6138
351 336 460 409 251
1500 340 1805 405 SYMEON
1813 341 1881 402 IS
1945 340 2562 410 METAPHRASTxE.
3605 351 3730 419 252

349 475 551 540 mittit.
588 476 914 556 sacrilegus
946 497 960 539 :
994 476 1123 556 ipse
1152 474 1308 537 enim
1340 475 1530 564 culpa:
1580 476 1874 538 obnoxius
1922 500 1930 535 ι

2144 479 2355 546 όσυλος⁶
2404 484 2560 561 ὁγὰρ
2617 484 2882 556 ὑπαίτιος,
2917 485 3004 542 καὶ
3059 486 3286 564 ἀνίερος.
3346 480 3401 547 Ὀ
3431 488 3482 546 δὲ
3543 512 3723 548 κατα-

346 566 684 628 saccrdotio
717 564 1137 645 indignus.Qui
1169 582 1305 626 vero
1336 563 1541 625 insons
1572 565 1842 644 dejectus
1874 585 1927 629 es

1363 583 1541 625 nsons
1572 565 1842 644 dejectus
1874 576 1982 641 est,
2071 566 2336 636 ϐιϐασθεὶς
2367 570 2654 636 ἐπίσκοπος
2688 573 2937 638 ἀναίτιος.

346 653 424 717 sit
456 655 798 735 episcopus.

428 744 527 807 31.
578 744 697 804 Mos
728 754 820 804 est
849 743 1158 835 (Egyptiis,
1193 743 1305 835 nisi
1337 743 1826 835 archiepiscOpns
1858 764 1987 835 per-

2149 736 2259 809 λα’.
2326 746 2561 806 Εἴθισται
2610 764 2726 816 τοῖς
2785 754 3111 829 Αἰγυπτίοις,
3160 756 3203 810 εἰ
3248 754 3324 827 μὴ
3367 758 3395 811 6
3459 756 3726 835 ἀρχιεπί-

345 833 578 897 miserit
609 851 727 895 non
754 832 1048 909 scribere,
1084 852 1198 913 quo
1235 832 1296 894 ﬁt
1325 840 1389 893 ut
1420 832 1665 894 minime
1710 834 1919 914 culpan

2142 859 2267 901 οπος
2338 838 2597 916 ἒπιτρέπῃ
2629 888 2644 919 ,
2711 842 2788 913 μὴ
2865 843 3105 922 γράφειν’
3178 841 3410 900 έντέῦθεν
3482 832 3723 917 ἄμεπτοι

344 922 489 994 sint,
523 941 659 984 cum
690 922 879 984 sancti
908 922 1127 984 Leonis
1157 922 1424 1001 epistolae
1453 941 1569 982 non
1606 922 1925 1003 subscrips:

2143 967 2146 990 ι
2205 925 2582 1005 ἐπιγράφοντες
2611 934 2679 1005 τῇ
2709 929 2964 1007 ἐπιστολῇ
3024 938 3116 988 τοῦ
3149 932 3292 989 ὁσίου
3327 931 3576 1007 Λέοντος,
3614 934 3724 998 ἕως

344 1011 487 1082 rint.
523 1012 713 1073 donec
747 1010 1233 1090 archiepiscopus
1262 1020 1497 1073 creatus
1527 1011 1723 1073 fuerit.

1176 1029 1233 1071 18
1262 1020 1497 1073 creatus
1527 1011 1723 1073 fuerit.
2067 1013 2484 1092 ἀρχιεπίσκοπος
2514 1018 2757 1094 γένηται.

427 1100 678 1164 Scholia
710 1102 790 1165 ad
806 1119 863 1164 Ix
888 1102 1196 1165 Cononem
1219 1102 1599 1164 mcumenicw
1618 1109 1851 1182 quartae
1870 1121 1983 1181 sy-

2148 1103 2357 1181 Τγόλια
2438 1107 2511 1168 εἱς
2569 1105 2615 1163 θ’
2679 1107 2970 1187 κεφάλαιον
3037 1115 3138 1177 τῆς
3209 1109 3268 1188 δί’
3342 1112 3724 1187 οἷκουμενικῆε

344 1192 511 1254 nodi.
550 1226 613 1236 -—
650 1190 987 1255 Exarchnm
1020 1191 1315 1264 dioecesis,
1371 1199 1537 1252 vocat
1585 1194 1921 1271 patriarcha

2143 1191 2307 1255 υόδου.
2355 1226 2432 1237 —
2488 1193 2757 1275 Ἔξαρχον
2788 1197 3101 1265 διοικήσεως
3154 1197 3335 1260 καλεῖ.
3369 1200 3460 1255 τὸν
3515 1221 3724 1277 πατρια-

344 1279 822 1360 uniuscujusque
849 1279 1150 1355 dicecesis,
1172 1278 1281 1340 sub
1306 1298 1421 1359 quo
1448 1288 1771 1341 censentur
1800 1299 1925 1341 anni

2139 1305 2245 1361 χειν
2304 1284 2534 1349 ἑκάστης
2592 1284 2930 1359 διοικήσεως,
2973 1285 3060 1363 ὑφ’
3118 1288 3175 1343 ὃν
3233 1291 3279 1344 οἱ
3328 1294 3434 1344 τῶν
3506 1288 3720 1356 ἐκείνης

344 1382 754 1443 mereaturque
786 1373 1215 1443 provinciarum
1248 1371 1407 1427 illius
1430 1372 1925 1442 metropolitae.Dit

2139 1371 2343 1450 αρχιῶν
2372 1371 2579 1429 τελοῦσι
2625 1373 3044 1449 μητροπολϊται.
3103 1376 3285 1443 Φησίν
3315 1379 3404 1432 οὖν
3457 1378 3485 1433 6
3542 1379 3720 1433 κανὼν

342 1454 524 1535 igitur
543 1475 758 1530 canon,
788 1456 1025 1536 quando
1050 1454 1367 1535 episcopus
1390 1466 1491 1518 aut
1510 1456 1763 1518 clericus
1780 1461 1923 1533 cuju

2141 1481 2251 1537 ιπερ
2295 1463 2321 1516 6
2383 1460 2734 1540 ἀμφισϐητῶν
2778 1465 2910 1540 πρὸς
2968 1466 3061 1519 τὸν
3119 1463 3257 1521 ἴδιον
3308 1464 3722 1542 μητροπολίτην

344 1564 582 1624 cunque
606 1544 1379 1620 dicecesis,controversiam
1405 1544 1579 1606 habet
1597 1564 1729 1605 cum
1748 1564 1925 1626 propr

2143 1549 2378 1612 ίσκοποςι
2420 1550 2455 1617 ἢ
2486 1549 2741 1627 κληρικὸς
2797 1550 3114 1620 οἱασδήποτε
3158 1550 3498 1623 διοικήσεως,
3532 1554 3567 1622 ἢ
3624 1557 3724 1611 τὸν

346 1632 828 1714 metropolitano,
892 1633 980 1694 vel
1041 1634 1220 1711 hujus
1265 1633 1542 1696 diaecesis
1596 1634 1921 1713 patriarcha

2139 1637 2231 1703 τῆς
2288 1637 2743 1712 καταλαμϐανὲτω
2812 1641 3176 1720 πατριάρχην,
3224 1642 3259 1709 ἢ
3331 1644 3375 1697 εἰ
3444 1644 3521 1717 μὴ
3584 1645 3720 1719 βού-

347 1720 544 1795 adeat,
579 1723 667 1785 vel
700 1722 749 1783 si
782 1722 952 1797 nolit,
988 1720 1324 1783 libertatem
1358 1721 1627 1784 hahetad
1654 1721 1928 1787 Constant

2139 1748 2215 1783 ιτο
2252 1774 2267 1799 ,
2324 1724 2501 1783 ἄδειαν
2565 1727 2682 1806 ἔχει
2735 1730 2864 1805 πρὸς
2920 1730 3012 1784 τὸν
3069 1732 3447 1787 Κονσταντίτου
3504 1731 3720 1794 πόλεως

345 1810 752 1890 nopolitanum
808 1812 1088 1872 thronum
1120 1810 1494 1874 recurrendi.
1545 1810 1711 1884 Quod
1744 1811 1922 1892 quide

2137 1815 2380 1894 ατρέχειν
2430 1817 2629 1891 θρόνον
2694 1817 2823 1896 ὅπερ
2879 1821 3167 1893 προνόμιον
3224 1817 3388 1874 οὐδενὶ
3442 1826 3547 1874 τῶν
3608 1819 3718 1876 ἄλ-

343 1899 718 1979 privilegium
752 1900 899 1961 nulli
931 1900 1187 1962 aliorum
1223 1901 1687 1981 patriarcharum
1734 1919 1920 1963 conce

2133 1926 2179 1957 .w
2241 1911 2580 1985 πατριαρχῶν
2613 1904 2789 1979 ἐδόθη,
2827 1905 2932 1962 οὖν’
2992 1906 3052 1962 ὲκ
3082 1912 3186 1963 τῶν
3230 1908 3394 1984 ἁγίων
3448 1908 3714 1979 κανόνων,

341 2004 475 2049 sum
501 1997 614 2064 est,
633 1988 781 2051 vela
802 1988 1021 2052 sanctis
1049 1987 1380 2052 canonibus
1403 2007 1552 2068 quos
1581 2006 1921 2071 exposueru

2137 2016 2157 2057 ς
2202 1990 2432 2059 ἔξέθεντο
2478 1996 2529 2050 αἱ
2583 1994 2940 2069 οἰκουμένικαὶ
3005 1995 3254 2073 τέσσαρες
3298 1995 3527 2055 σύνοδοι.
3594 1996 3718 2055 οὔτε

336 2079 726 2142 ωουωοηὶοω
749 2086 966 2159 quatur
995 2077 1226 2159 synodi,
1248 2076 1340 2140 vel
1362 2096 1396 2138 a
1417 2078 1711 2157 religiosis
1732 2078 1917 2159 legibu

1173 2078 1226 2155 li,
1248 2076 1340 2140 vel
1362 2096 1396 2138 a
1417 2078 1711 2157 religiosis
1732 2078 1983 2159 legibus-
2068 2081 2129 2137 ἐκ
2162 2088 2265 2138 τῶν
2295 2080 2523 2140 εὐσεϐῶν
2554 2084 2754 2159 νόμων.

331 2233 617 2315 Epitome
681 2251 977 2297 canonum
1043 2234 1351 2297 beatorum
1411 2234 1659 2297 Patrum
1720 2237 1912 2317 Ancyi

2133 2241 2326 2317 πιτομὴ
2418 2241 2656 2297 κανόνων
2756 2247 2861 2297 τῶν
2958 2244 3013 2297 ἓν
3108 2242 3344 2321 Ἀγκύρᾳ
3437 2245 3714 2323 μακαρίων

892 2341 1041 2403 cong
1051 2330 1423 2405 regaturum.

2737 2328 3010 2409 Πατέρων,

413 2482 473 2546 2.
522 2481 862 2563 Presbyteri
893 2490 954 2542 et
981 2480 1214 2543 diaconi
1238 2481 1338 2562 qni
1365 2482 1530 2560 prius
1546 2482 1973 2559 sacrificarunt,

2139 2487 2214 2565 β’,
2252 2485 2616 2566 Πρεσϐύτεροι,
2660 2488 2746 2545 καὶ
2790 2486 3020 2543 διάκονοι
3049 2489 3110 2543 τὸ
3163 2488 3221 2543 τὸ
3252 2488 3369 2565 πρὶν
3426 2489 3714 2547 ἐπιθύσαν-

333 2571 553 2634 deinde
584 2590 723 2634 vere
748 2571 1153 2652 resipuerunt,
1177 2571 1361 2632 solius
1392 2570 1692 2632 cathedra;
1713 2580 1771 2633 et
1793 2572 1909 2633 bon

2132 2600 2171 2649 ς,
2222 2581 2345 2634 εἶτα
2403 2574 2468 2633 δι’
2523 2576 2769 2642 ἀληθείας
2842 2575 3321 2647 ἂναπαλαίσαντες,
3383 2581 3553 2652 μόνης
3608 2583 3713 2645 τῆς

330 2660 417 2722 ris
463 2660 784 2741 participes
839 2661 978 2735 sint,
1035 2659 1183 2720 nihil
1235 2666 1574 2720 sanctorum
1629 2660 1908 2740 mysterio

2131 2664 2313 2743 θέδρας
2392 2667 2477 2720 καὶ
2533 2668 2633 2731 τῆς
2689 2667 2851 2740 τιμῆς
2910 2665 3310 2746 μετεχέτωσαν,
3372 2665 3539 2742 μηδὲν
3599 2674 3712 2723 τῶν

335 2758 709 2831 peragentes.

2058 2756 2224 2833 ἁγίων
2256 2754 2621 2819 ἐπιτελοῦντες
2632 2797 2643 2812 .

412 2838 471 2901 3.
519 2838 631 2911 Qui
667 2844 962 2899 tormenta
991 2855 1059 2899 ac
1093 2838 1205 2898 vim
1235 2854 1373 2898 vere
1396 2838 1551 2917 passi
1574 2844 1733 2913 sunt,
1760 2845 1970 2899 etcum

2137 2842 2217 2921 γ’.
2275 2846 2336 2901 Οἱ
2392 2842 2797 2918 βασανισθέντες
2856 2844 2942 2897 καὶ
3000 2842 3298 2917 βιασθέντες
3358 2842 3589 2921 ἀληθῶς,
3624 2850 3713 2903 καὶ

337 2926 648 3008 tyrannide
679 2925 847 2989 cibos
878 2926 1051 2987 idolis
1082 2925 1312 2986 oblatos
1346 2934 1751 3006 sumpserunt,
1803 2944 1918 2987 con

2129 2934 2191 2989 τὰ
2262 2930 2557 3010 τυραννίδος
2629 2931 2889 3009 βρώματα
2956 2929 3209 2992 λαϐόντες
3282 2932 3541 3007 εἰδώλου,
3608 2938 3710 2999 τῆς

332 3016 618 3079 munione
649 3034 723 3077 ne
756 3014 1222 3094 prohibeantur:
1259 3014 1394 3076 laici
1424 3032 1585 3089 vero,
1613 3016 1659 3076 si
1693 3016 1802 3075 hoc
1831 3014 1913 3095 ips

2132 3021 2338 3082 ινωνίας
2399 3021 2477 3094 μὴ
2544 3019 2940 3080 κολυέσθωσαν.
3025 3022 3119 3077 Καὶ
3177 3020 3360 3079 λα’ίκοὶ
3430 3020 3484 3077 δὲ
3556 3029 3712 3080 τοῦτο

331 3106 642 3179 acciderit,
662 3124 730 3167 ac
754 3104 802 3166 si
830 3103 983 3165 nihil
1009 3104 1426 3185 deliquissent,
1454 3105 1501 3164 si
1526 3104 1708 3164 velint
1733 3105 1903 3166 ordin

2129 3114 2339 3184 .θόντες,
2398 3112 2471 3174 ὡς
2547 3108 3101 3183 οὖδὲνὴμαρτηκότες,
3152 3111 3195 3165 εί
3250 3110 3525 3187 βούλοιντο
3576 3133 3710 3189 χει-

330 3198 644 3276 consequi,
699 3181 1168 3275 consequantur,
1224 3192 1399 3254 modo
1431 3192 1491 3253 in
1522 3192 1656 3254 aliis
1707 3194 1911 3272 irrepri

2129 3200 2294 3263 τονίας
2326 3181 2573 3278 ντυχεϊν,
2636 3181 3092 3276 τυθχανέτωσαν,
3133 3181 3301 3262 ἕλλως
3358 3181 3710 3265 ἀνεπίληπτοι

332 3284 665 3347 hensibiles
696 3285 839 3346 sint.

647 3304 665 3346 ς
696 3285 839 3346 sint.
2058 3290 2228 3352 ὄντες.

408 3376 472 3438 4.
519 3373 822 3454 Quotquot
875 3371 1113 3434 abducti
1167 3391 1299 3434 cum
1350 3370 1532 3432 animi
1582 3371 1978 3433 delectatione

2137 3378 2227 3443 δ”,
2272 3378 2430 3435 "eam
2478 3374 2808 3452 ἀπαγόμενοι
2868 3373 2986 3451 μετ’
3035 3379 3256 3451 ἀθυμιας
3314 3375 3564 3452 ἀνῆλθον,
3613 3380 3709 3434 γαί

328 3463 729 3527 ascenderunt
757 3476 818 3525 et
842 3462 1252 3535 comederunt,
1269 3479 1373 3523 sex
1395 3479 1586 3524 annos
1612 3460 1909 3543 pmnitenti

1572 3481 1586 3524 ι
1612 3460 1978 3543 poenitentiae
2059 3471 2277 3552 ἔφαγον,
2307 3468 2392 3524 ἐπὶ
2423 3465 2658 3533 ἑξαετίαν
2689 3466 3153 3528 ὕποπιπτέτωσαν,

330 3570 467 3616 sese
499 3553 874 3615 submittant.

409 3642 472 3705 5.
520 3641 793 3714 Quicum
828 3640 1068 3721 lugubri
1092 3650 1249 3703 veste
1271 3643 1675 3703 ascenderunt
1699 3648 1758 3702 et
1777 3657 1975 3702 come-

2135 3638 2202 3708 ε’.
2264 3647 2325 3704 0i
2385 3644 2522 3719 μετὰ
2583 3646 2837 3709 πενθικῆς
2900 3643 3092 3712 στολῆς
3153 3642 3569 3716 ἀνεληλυθότης,
3619 3644 3707 3700 καὶ

332 3729 573 3800 derunt,
613 3749 750 3791 cum
781 3729 1059 3808 lacrymis
1093 3729 1350 3791 triennio
1381 3729 1662 3790 submissi
1689 3730 1906 3809 poenite

2123 3738 2341 3814 ιγόντες,
2418 3734 2555 3808 μετά
2625 3731 2860 3808 δακρύων
2943 3731 3168 3810 τριετίαν
3236 3734 3704 3790 ὑποπιπτέτωσαν⁹

329 3822 470 3880 tiam
524 3826 697 3897 agant
734 3838 749 3879 :
786 3818 836 3878 si
880 3835 1019 3878 vero
1068 3837 1187 3879 non
1238 3817 1649 3891 comederunt,
1700 3817 1906 3879 bienni

2149 3813 2213 3881 δὲ
2244 3825 2320 3899 μὴ
2365 3823 2593 3903 ἕφάγον,
2631 3821 2852 3883 διετίαν,
2918 3813 2975 3878 Ὀ
3018 3821 3117 3900 γὰρ
3173 3822 3423 3900 προάγων
3450 3822 3563 3897 βίος
3617 3827 3707 3884 καὶ

328 3906 680 3970 Pmcedens
708 3907 826 3969 vita
857 3915 914 3967 et
945 3924 1345 3986 consequens,
1384 3906 1679 3985 lapsorum
1710 3907 1909 3968 scilice

2141 3914 2421 3988 ἑπόμενος,
2456 3910 2744 3974 σπουδαῖος
2800 3909 2896 3985 ὢν,
2930 3910 2965 3978 ἢ
2996 3914 3056 3968 οὖ
3107 3908 3422 3989 σπουδαῖος,
3454 3912 3545 3966 τὸν
3578 3911 3703 3966 ἐπί-

330 3995 484 4058 hona
513 4004 613 4059 aut
644 3996 819 4069 mala,
855 3996 1202 4075 episcopum
1236 3993 1648 4056 humaniorem
1682 4005 1781 4055 aut
1809 4013 1907 4055 sev

2125 4025 2253 4060 οπον
2326 4001 2812 4080 φιλανθρωπότερον
2884 3998 2929 4055 ὢ
2999 3998 3531 4078 ἀφιλανθρωπότερον
3600 3997 3703 4055 δεί-

327 4086 547 4148 riorem
579 4086 798 4147 reddit.

674 4086 798 4147 Ιόὶῑ.
2055 4115 2255 4151 κνυσιν.

409 4177 469 4237 6.
495 4174 601 4237 Vir
619 4174 720 4255 qui
739 4173 917 4235 minis
935 4182 1157 4234 tantum
1177 4172 1426 4233 cesserit
1443 4180 1501 4233 et
1520 4173 1968 4249 sacriﬁcaverit,

2133 4183 2191 4256 ς’
2206 4172 2236 4245 ’,
2310 4179 2477 4258 Ἀνὴρ
2546 4178 2742 4256 ἀπειλῇ
2792 4181 2955 4252 μόνον
3011 4178 3157 4244 εἴξας
3215 4178 3303 4234 καὶ
3355 4178 3539 4252 θύσας,
3575 4178 3701 4235 εἶτα

331 4263 548 4326 deinde
581 4263 949 4345 paenituerit,
981 4262 1393 4343 quinquennio
1426 4264 1791 4342 paenitentiae
1824 4263 1912 4325 sul

1568 4264 1791 4324 itentiaa
1824 4263 1972 4325 sub-
2054 4273 2416 4346 μετανοήσας,
2452 4268 2758 4325 πενταετίαν
2786 4268 3146 4328 ὑποπιπτέτω,

322 4350 589 4433 jiciatur.

414 4441 468 4503 7.
517 4439 579 4503 Si
603 4441 736 4522 quis
759 4441 1033 4521 proprios
1056 4440 1222 4502 cibos
1247 4439 1473 4503 habens
1494 4442 1803 4518 gentilium
1832 4462 1971 4505 con-

2132 4448 2208 4520 ζ¹.
2259 4449 2383 4505 Ἐάν
2411 4468 2490 4512 τις
2545 4445 2659 4502 ’ίδια
2701 4445 2958 4524 βρώματα
3009 4445 3155 4523 ἔχων
3186 4444 3521 4510 συνειστιάθη
3581 4455 3698 4508 τοῖς

328 4528 497 4592 viviis
543 4530 878 4591 interfuerit
906 4530 965 4591 in
1000 4548 1206 4592 eorum
1244 4529 1432 4606 festis,
1471 4530 1714 4592 biennio
1766 4549 1907 4613 paen

2013 4538 2251 4596 )ἕθνεσιν
2282 4538 2335 4593 ἐν
2366 4550 2487 4599 ταῖς
2532 4538 2745 4613 ἑορταῖς
2778 4538 2976 4609 αὐτῶν,
3009 4532 3204 4590 διετίαν
3230 4532 3594 4594 ὑποπιπτέτω.

330 4620 529 4680 tentize
559 4617 885 4699 suhjaceat.

410 4707 470 4769 8.
519 4706 629 4779 Qui
678 4708 945 4770 secundo
977 4717 1037 4771 et
1076 4709 1249 4771 tertio
1282 4710 1724 4783 sacriﬁcaverit,
1778 4710 1881 4771 sed
1914 4717 1966 4772 vi

2130 4714 2189 4781 η’
2205 4765 2218 4777 .
2259 4707 2315 4773 Ὀ
2366 4713 2626 4788 δεύτερον,
2660 4715 2746 4770 καὶ
2776 4714 2947 4792 τρίτον
3006 4711 3188 4785 θύσας,
3221 4708 3358 4766 ἀλλά
3387 4710 3524 4787 μετά
3551 4710 3689 4786 βίας,

329 4795 597 4872 adactus,
628 4797 943 4877 septennio
973 4796 1335 4877 pmnitentia:
1363 4799 1731 4878 subjiciatur.

2054 4805 2328 4861 ἑπταετίαν
2359 4803 2723 4865 ὑποπιπτέτω.
3582 4876 3584 4881 τ

409 4886 470 4948 9.
519 4885 630 4957 Qui
661 4904 778 4948 non
810 4886 1001 4949 solum
1036 4887 1363 4949 voluntarie
1395 4889 1839 4965 sacrificaverit,
1864 4907 1963 4953 ve-

2129 4893 2199 4953 θ’.
2265 4884 2322 4950 Ὀ
2376 4894 2452 4968 μὴ
2511 4893 2671 4959 μόνον
2733 4889 3040 4953 ἐθελουσίως
3098 4890 3349 4966 τέθυκὼς,
3414 4889 3553 4946 ἀλλά
3607 4892 3697 4947 καὶ

328 4991 461 5035 rum
511 4974 688 5036 etiam
720 4974 901 5037 alium
954 4976 1242 5054 coegerit,
1278 4976 1485 5039 decem
1518 4996 1728 5053 annos,
1766 4997 1909 5058 paen:

1669 4997 1728 5053 >8,
1766 4981 1959 5058 pmni-
2043 4985 2221 5063 ἓτερον
2253 4983 2556 5060 ἀναγκάσας
2587 4979 2853 5037 δεκαετίαν
2882 4979 3250 5040 ὁποπιπτέτω.

327 5067 527 5124 tentias
555 5063 959 5126 submittatur.

404 5151 501 5214 10.
550 5152 662 5225 Qui
693 5153 978 5215 diaconus
997 5155 1361 5217 ordinandus
1392 5166 1503 5229 est,
1528 5157 1576 5217 si
1603 5166 1963 5237 protestatus

2144 5160 2162 5189 ρ
2256 5151 2270 5172 '
2428 5160 2439 5177 ν
2735 5182 2744 5190 .
3485 5159 3499 5177 ν

2124 5184 2191 5222 ι.
2275 5170 2313 5218 0
2375 5159 2588 5235 μελλων
2647 5157 2887 5223 διακονος
2945 5160 3392 5238 χειροτονεῖσθαι,
3460 5179 3497 5213 ει
3555 5179 3694 5234 προ⁶

324 5237 501 5300 fuerit
520 5242 797 5321 episcopo
823 5262 886 5305 se
909 5263 1026 5305 non
1050 5263 1224 5323 posse
1251 5244 1519 5307 caelibem
1555 5265 1905 5324 perseverari

2119 5252 2363 5327 αρτύρετο
2429 5256 2506 5324 τῷ
2590 5248 2866 5322 ἐπισκόπῴ
3119 5244 3364 5302 δύνασθαι
3450 5259 3700 5323 καρτερεῖ

326 5344 510 5388 uxore
551 5330 733 5391 ducta
780 5332 855 5392 sit
905 5333 1216 5396 diaconus.
1251 5336 1312 5397 St
1346 5352 1482 5395 vero
1515 5354 1649 5396 cum
1685 5338 1905 5399 tacueri

2117 5361 2272 5415 αμος,
2321 5341 2569 5417 γαμήσας
2616 5337 2754 5395 ἔστω
2825 5335 3092 5401 διάκονοςο
3170 5339 3213 5392 εί
3286 5334 3340 5392 δὲ
3411 5338 3695 5406 σιωπήσας

327 5423 535 5506 postea
565 5435 806 5506 uxorem
841 5420 1095 5496 duxerit,
1134 5423 1430 5501 ejiciatur.

1367 5441 1430 5484 lt‘.
2040 5429 2239 5506 ἔγημεν
2266 5427 2503 5504 ὕστερον⁹
2536 5423 2920 5483 ἀποϐαλλέσθω
2932 5467 2948 5485 .

408 5504 506 5593 il.
552 5504 612 5565 Si
664 5505 1023 5585 desponsata
1055 5513 1251 5588 puella
1305 5512 1377 5573 ab
1409 5512 1523 5575 alio
1555 5523 1721 5593 rapta
1752 5516 1953 5591 fuerit,

2122 5517 2215 5575 ια’.
2266 5519 2321 5573 Εἰ
2375 5517 2708 5589 εμνηστεύθη
2756 5517 2919 5593 κόρη,
2962 5513 3185 5592 ἡρπάγη
3229 5511 3285 5569 δὲ
3323 5511 3444 5592 παρ’
3493 5511 3680 5591 ἄλλον,

326 5591 508 5674 priori
539 5593 887 5658 restituitur.
1629 5591 1639 5593 ἡ

2040 5614 2118 5681 τῷ
2151 5605 2387 5686 προτέρῳ
2418 5607 2833 5661 ἀποκαθίσταιαι
2848 5649 2863 5667 .
