4004 6138
227 385 294 449 253
1473 379 1809 443 EPITOME
1871 376 2264 442 GANONUM.

3438 376 3553 440 254

261 519 339 592 ιβ’.
397 518 464 574 Ὀ
523 517 628 588 πρὸ
683 526 784 576 τοῦ
863 517 1232 593 βαπτίσματος
1314 514 1496 587 θύσας,
1554 512 1827 574 ἀνευθύνος

1995 509 2092 572 12.
2127 507 2237 581 Qui
2268 515 2406 570 ante
2439 508 2730 588 baptisma
2771 511 3146 585 sacrificavit,
3181 516 3312 589 post
3343 507 3558 590 baptis-

203 611 298 664 ἔστω
322 608 463 681 μετὰ
507 607 574 662 τὸ
605 606 930 682 βάπτισμα.

253 696 337 774 ιγ’,
399 697 836 774 Χώρεπτσκοπος
899 697 960 752 οὗ
1012 714 1308 774 χειροτονει
1369 691 1488 747 ἄνευ
1545 688 1836 768 ἐπιτροπῆς

191 786 482 843 ἐπισκόπου.

253 873 340 936 ιδ’.
437 865 744 950 Ἱερατικὸς
849 879 1019 950 κρεῶν
1092 871 1454 950 ἀπεχόμενος,
1515 869 1840 946 γευσάμενος

191 965 350 1039 μόνον,
381 961 557 1024 οὕτως
610 961 927 1042 ἀπεχέσθω·
967 963 1010 1017 εί
1059 959 1113 1015 δὲ
1147 958 1282 1036 μηδέ
1326 964 1430 1016 τῶν
1553 958 1614 1021 d.
1676 957 1839 1036 μετὰ]

193 1054 383 1132 φέατος
419 1053 646 1130 γεύοιτο
677 1051 957 1131 λαχάνων,
992 1051 1305 1106 πεπαύσθω.

259 1253 318 1292 ιε.
381 1229 519 1288 ἐἆν
578 1252 630 1286 τι
677 1229 775 1295 τῆς
849 1226 1150 1294 Εκκλησίας
1206 1227 1552 1303 πρεσκάτεροι
1611 1221 1836 1301 διαρπά-

194 1343 339 1392 σειαν,
403 1318 553 1375 ἔστω
635 1314 884 1390 ἆϐἐϐαία,
944 1317 1029 1373 καὶ
1095 1315 1298 1393 μενέτω
1369 1321 1437 1390 τῇ
1510 1313 1676 1384 κρίσει
1748 1317 1840 1367 τοῦ

195 1409 248 1465 ἐκ
257 1410 476 1464 ισκόπου
486 1456 502 1470 ,

261 1488 376 1571 ις’.
446 1488 509 1555 Ὀ
575 1494 1000 1572 ἀλογευσάμενος
1066 1495 1167 1570 πρὸ
1222 1499 1327 1549 τῶν
1385 1492 1558 1548 εἴκοσι
1603 1491 1836 1570 χρόνων,

192 1583 578 1643 πεντεκαίδεκα
653 1584 823 1641 ἔτεσιν
891 1581 1258 1639 ὑποπιπτέτω·
1340 1582 1384 1637 εἰ
1451 1579 1504 1635 δὲ
1589 1583 1674 1636 καὶ
1744 1580 1842 1646 τὴν

193 1676 385 1743 ἡλικίαν
441 1675 654 1740 ταύτην
710 1670 959 1750 ὑπερϐὰς,
1010 1673 1098 1728 καὶ
1139 1683 1368 1748 γυναῖκα
1413 1670 1556 1748 ἔχων
1617 1668 1840 1746 περιπέο

191 1787 384 1838 πτωκε,
436 1765 602 1820 πέντε
661 1764 752 1819 καὶ
814 1761 988 1818 εἴκοσι
1049 1759 1217 1816 ἔτεσιν
1273 1757 1641 1816 ὑποπιπτέκωο
1703 1760 1729 1813 ὁ
1787 1754 1842 1812 δὲ

190 1855 268 1908 καὶ
307 1866 551 1930 γυναῖκα
610 1851 778 1929 ἔχων,
833 1852 919 1905 καὶ
973 1849 1101 1924 ὑπὲρ
1153 1850 1220 1906 τὰ
1276 1848 1608 1917 πεντήκοντά
1676 1844 1843 1902 τελῶν

191 1942 300 2021 ἔτη,
349 1942 486 2021 ἄχρι
516 1945 620 2007 τῆς
653 1937 829 2005 ἐξόδου
855 1939 1220 1997 ὑποπιπτέτω.

267 2118 357 2189 ιζ’.
418 2109 482 2175 Ὀ
545 2116 739 2195 λεπρὸς
794 2115 1247 2194 ἀλογευσάμενος,
1281 2115 1316 2182 ἢ
1375 2115 1463 2170 γαὶ
1521 2112 1838 2192 λεπρωθείς,

194 2220 304 2271 τοῖς
337 2206 761 2288 χειμαζομένοις
793 2206 1124 2285 συνεύχοιτο.

429 2375 491 2442 Ὀ
551 2383 840 2448 ἐπίσκοπος
885 2382 1172 2456 καταστὰς,
1223 2383 1265 2436 εἰ
1324 2383 1384 2437 οὒ
1427 2379 1640 2459 δέχεται
1705 2379 1846 2456 παρὰ

193 2475 286 2541 τὴν
311 2473 598 2552 παροικίαν
645 2475 718 2536 εἷς
779 2472 845 2539 ἢν
902 2470 1133 2542 ἐκλήθης
1186 2469 1304 2526 ἀλλ’
1364 2470 1561 2548 ἑτέροις
1619 2468 1844 2526 ὶττισκό⁸

197 2585 314 2627 ποις
375 2560 625 2642 ἐνοχλεῖ,
682 2560 1027 2640 ἀφοριζέσθωο
1092 2561 1136 2615 εἰ
1193 2557 1247 2614 δὲ
1301 2572 1416 2623 τοῖς
1476 2556 1846 2636 πρεσϐυτέροις

197 2649 362 2708 ὶτὲλοι
456 2651 938 2727 [συ-ιαριθμεῖσθαι,
994 2647 1371 2722 συναριθμοῖτο
1429 2645 1538 2725 [ἵσ.
1631 2668 1846 2722 συναρι-

199 2738 469 2820 θμείσθω],
530 2741 589 2797 Ei
619 2737 672 2794 δὲ
718 2739 954 2801 καὶτοῖς
1011 2739 1130 2793 ἐκεῖ
1166 2735 1479 2799 ἐπισκόποις
1537 2733 1848 2790 διαστασιά-

201 2837 297 2903 ζει,
343 2829 656 2885 ἀπωθείσθω
687 2828 774 2882 καὶ
803 2829 900 2892 τῆς
930 2832 1022 2882 τοῦ
1053 2823 1403 2903 πρεσϐυτέρου
1432 2823 1619 2899 τιμῆς,

286 2916 372 2976 ιϐ’.
447 2918 512 2974 Ὀ
585 2913 1038 2992 ἐπαγγειλάμενος
1109 2914 1410 2993 παρθενίαν,
1470 2912 1564 2968 καί
1627 2913 1847 2991 ἀθετῶν,

211 3007 504 3084 τετραετίαν
546 3003 894 3083 ἀφοριζέσθω⁶
954 3005 1003 3060 αἱ
1063 3001 1116 3058 δὲ
1176 3001 1416 3080 παρθένοι
1465 3003 1536 3064 ὡς
1596 2997 1845 3079 ἀδελφοῖς

209 3116 308 3151 τισι
338 3095 415 3170 μὴ
448 3095 810 3173 προσίτωσαν.

282 3184 350 3246 κ’.
413 3175 478 3241 Ἠ
531 3181 789 3263 μοιχαλὶς
835 3182 923 3238 καὶ
979 3183 1006 3238 ὁ
1059 3181 1256 3260 μοιχὸς
1314 3177 1559 3236 ἐπαετίαν
1611 3179 1847 3259 ἀφοριζέ-

208 3278 429 3334 σθωσαν.

283 3362 387 3423 κα’.
450 3363 513 3418 Αἱ
601 3361 795 3438 πάρναι
875 3357 1234 3434 λαμϐάνουσαι
1312 3357 1518 3435 φθόρια,
1584 3355 1852 3412 δεκαετίαν

207 3451 649 3508 ὗποπιπτὲτωσαν
661 3494 673 3507 .

283 3538 387 3616 χβν,
463 3542 524 3597 ιο
569 3537 888 3615 αὐθαιρέτως
948 3535 1286 3616 ἀνδροφόνος,
1337 3534 1390 3590 ἐν
1449 3535 1525 3608 τῷ
1581 3532 1718 3590 τὲλει
1762 3540 1854 3592 τοῦ

208 3629 311 3704 βίου
342 3625 664 3709 τυγχανέτω
674 3671 684 3682 .

280 3717 389 3796 κγ’.
451 3707 552 3774 ΠὈ
625 3715 870 3779 ἀκούσιος
939 3714 1194 3794 φονευιῆς
1264 3713 1572 3769 πενταετίαν
1655 3712 1852 3768 ὑποπι-

209 3808 402 3864 πτὲτω.

283 3894 384 3958 κδ’.
429 3885 488 3953 Ὀ
519 3891 1071 3970 καταμαντευόμενος,
1106 3894 1191 3947 καὶ
1248 3892 1275 3946 ὁ
1310 3890 1535 3968 εἰσάγων
1591 3889 1706 3944 τινὰ
1734 3902 1851 3954 τοῖς

213 3983 376 4046 οἴκοις
445 3984 531 4040 ἐπὶ
587 3979 854 4059 ἀνευρέσει
910 3981 1261 4060 φαρμακείας,
1310 3978 1344 4046 ἢ
1401 3978 1674 4059 καθάρσει,
1718 3999 1850 4036 πεν-

211 4075 410 4131 ταετίαν
440 4070 814 4132 ὑποπιπτέτω,

283 4162 384 4226 κε’,
448 4161 622 4240 Κόρην
683 4181 763 4222 τις
821 4159 1310 4234 μνηστευσάμενος,
1379 4157 1715 4237 προσεφθάρη
1785 4162 1853 4232 τῇ

213 4250 405 4332 ἀδελφῆ
478 4254 666 4324 αὔτῆς,
730 4249 854 4304 εἶτα
929 4250 1026 4314 τὴν
1089 4249 1330 4322 μνηστὴν
1399 4243 1608 4322 ἔλαϐεν,
1667 4244 1852 4323 πρώτη

215 4340 499 4420 ἀπήγξατοο
593 4339 678 4396 καὶ
737 4338 785 4394 οἱ
872 4335 1161 4399 συνειδότες
1226 4333 1495 4392 δεκαετίαν
1554 4334 1854 4392 ὑποπιπτέ-

215 4451 401 4490 τωσαν.

266 2385 341 2451 ιη’
353 2431 368 2446 .

565 4534 673 4598 Τῆς
719 4532 773 4589 ἰν
827 4531 1204 4608 Νεοκαισαρείᾳ
1247 4528 1482 4590 συνόδου,

289 4641 362 4704 α’,
426 4639 608 4714 Γήμας
670 4636 1042 4716 πρεσϐύτερος,
1090 4633 1470 4711 μετατιθεσθω.
1531 4633 1853 4701 Ἐξωθείσθω

215 4726 264 4785 δὲ
291 4731 603 4808 πορνεύσας,
639 4727 732 4784 καί
765 4728 1084 4807 μοιχεύσας.

288 4908 361 4984 β’,
394 4907 459 4964 Ἦ
490 4904 742 4985 ἀδελφοῖς
800 4905 1091 4984 γημαμένη
1123 4902 1349 4981 δισσοῖς,
1395 4901 1480 4959 διὰ
1508 4903 1622 4978 βίου
1651 4905 1849 4967 παντὸς

214 4996 510 5064 ἐξωθείσθω·
548 4997 592 5051 εἶ
648 4993 703 5050 δὲ
776 4996 909 5052 κατὰ
965 4996 1054 5050 τὸν
1113 4993 1332 5050 θάνατον
1377 4991 1593 5070 ἀρνοῖτο
1626 4994 1715 5048 τὸν
1746 4993 1850 5068 γά-

216 5109 330 5159 μον,
390 5083 490 5150 ἕξει
539 5098 847 5159 μετανοιαν’
897 5085 940 5138 εἱ
983 5081 1036 5137 δὲ
1107 5080 1436 5159 τελευτήσει,
1481 5086 1558 5153 τῷ
1616 5081 1850 5154 μείναντι

215 5176 478 5236 κάκιστον,

287 5263 360 5341 γ’.
408 5263 522 5321 Τῶν
583 5259 908 5338 πολυγᾶμων
967 5262 995 5316 ὁ
1054 5259 1244 5340 χρόνος
1290 5257 1485 5338 σαφὴς,
1521 5259 1582 5313 τὸ
1639 5257 1692 5314 δὲ
1749 5266 1848 5324 τῆς

217 5353 489 5426 μετανοίας
524 5348 818 5408 σπουδαῖον
849 5351 1002 5406 αὐτὸν
1032 5348 1405 5422 ὑποτέμνεται.

285 5530 353 5594 δ’,
386 5535 446 5589 Αἱ
488 5531 592 5609 πρὸ
651 5531 755 5585 τῶν
808 5531 1068 5604 πορνικῶν
1126 5527 1294 5607 ἔργων
1332 5523 1597 5599 ἐπιθυμίαι
1654 5527 1698 5582 εί
1743 5527 1849 5601 ἐμ.-

217 5619 526 5706 ποδίζονται,
559 5619 656 5676 οὒκ
686 5616 807 5674 ἀθεῖ
836 5615 1226 5696 ἐμποδίζονται.

1871 4510 1920 4564 D

1919 615 2014 660 ma
2043 599 2246 660 insons
2277 596 2584 661 habeatur.

2004 689 2102 750 13.
2153 686 2626 768 Chorepiscopus
2683 707 2801 749 non
2861 689 3096 750 ordinat
3148 689 3278 750 sine
3320 689 3558 751 licentia

1923 776 2211 857 episcopi.

2007 866 2104 928 14,
2137 865 2429 928 Sacerdos
2464 883 2496 926 a
2529 865 2809 926 carnibus
2839 866 3165 941 abstinens,
3202 867 3303 929 ubi
3330 874 3554 928 tantum

1920 954 2262 1034 gustaverit,
2312 955 2398 1015 sic
2455 954 2752 1016 abstineat
2797 973 2809 1016 :
2870 956 2916 1017 si
2977 974 3113 1016 vero
3169 975 3365 1034 neque
3396 957 3562 1016 olera

1923 1062 2052 1125 quae
2074 1061 2205 1106 cum
2234 1043 2514 1106 carnibus
2539 1052 2677 1105 sunt
2697 1052 2910 1123 gustet,
2937 1063 2969 1105 a
2987 1045 3286 1124 fungendo
3314 1063 3562 1108 munere

1923 1134 2192 1195 desistat.

2003 1223 2101 1286 15,
2137 1222 2195 1284 Si
2238 1222 2383 1302 quid
2415 1222 2485 1282 ad
2519 1221 2843 1284 Ecclesiam
2879 1223 3182 1304 pertinens
3232 1222 3561 1304 presbyteri

1923 1312 2330 1385 distraxerint,
2383 1310 2441 1371 id
2491 1311 2812 1374 invalidum
2848 1314 2944 1388 sit,
2979 1332 3045 1375 ac
3083 1331 3266 1393 penes
3296 1312 3561 1394 episcopi

1917 1401 2216 1481 judicium
2256 1411 2515 1462 maneat.

2007 1492 2100 1552 16.
2140 1489 2250 1561 Qui
2295 1499 2503 1551 contra
2554 1490 2844 1552 rationem
2883 1509 3098 1553 venere
3133 1490 3354 1553 abusus
3387 1491 3565 1551 fuerit

1923 1587 2062 1644 ante
2102 1578 2305 1658 viginti
2349 1597 2562 1649 annos,
2612 1579 2958 1656 quindecim
2996 1580 3169 1642 annis
3201 1580 3566 1660 poenitentiae

1927 1667 2329 1748 subjiciatur:
2387 1668 2437 1728 si
2492 1687 2627 1730 vero
2672 1669 2826 1730 hanc
2877 1679 3107 1732 aetatem
3163 1679 3565 1748 transgressus

1927 1775 2292 1833 uxoremque
2340 1757 2568 1818 habens
2628 1759 2688 1818 in
2738 1759 2849 1818 hoc
2899 1767 3208 1839 peccatum
3261 1756 3564 1831 inciderit,

1868 1882 1904 1931 Β
1925 1846 2132 1926 viginti
2155 1847 2414 1927 quinque
2445 1848 2618 1909 annis
2651 1848 3063 1926 pmnitentiam
3098 1855 3230 1922 agat
3263 1863 3277 1907 :
3320 1865 3562 1907 uxorem

1926 1946 2127 1998 autem
2158 1934 2484 2010 hahens,ac
2505 1953 2684 2017 supra
2707 1937 3136 2018 quinquaginta
3157 1952 3345 1997 annos
3366 1943 3565 2007 natus,

1926 2042 2118 2103 usque
2147 2024 2220 2086 ad
2257 2026 2480 2087 exitum
2513 2026 2667 2090 vitae.

2009 2112 2105 2176 l7.
2141 2115 2441 2194 Leprosus
2465 2116 2569 2193 qui
2597 2125 2804 2178 contra
2831 2115 3122 2178 rationem
3155 2123 3442 2188 versatus,
3469 2121 3570 2176 aut

1929 2204 2105 2265 etiam
2138 2202 2303 2282 lepra
2333 2205 2584 2266 infectus
2614 2205 2814 2279 fuerit,
2848 2222 2983 2267 cum
3010 2205 3084 2265 iis
3105 2205 3204 2286 qui
3234 2223 3268 2267 a
3297 2203 3568 2266 daemone

1928 2291 2286 2353 infestantur
2319 2300 2474 2356 oret.

2011 2379 2104 2442 18.
2141 2379 2470 2462 Episcopus
2512 2383 2887 2456 constitutus,
2949 2382 2998 2444 si
3055 2382 3127 2444 ab
3182 2381 3446 2444 Ecclesia
3493 2380 3565 2442 ad

1930 2486 2108 2548 quam
2140 2478 2383 2532 vocatus
2412 2480 2502 2531 est
2532 2488 2649 2532 non
2671 2471 3017 2551 recipiatur,
3048 2471 3152 2532 sed
3175 2470 3310 2532 aliis
3331 2469 3568 2550 episco-

1933 2559 2023 2638 pis
2044 2557 2344 2636 negotium
2373 2559 2646 2630 facessat,
2679 2560 3248 2622 excommunicatur.
3279 2560 3342 2623 Si
3367 2567 3564 2621 autem

1933 2645 2295 2726 presbyteris
2354 2649 2731 2710 annumerari
2786 2648 2948 2724 velit,
3003 2658 3452 2710 annumeretur.
3504 2647 3568 2710 Si

1932 2753 2072 2795 vero
2103 2734 2176 2797 ab
2203 2735 2500 2816 episcopis
2535 2737 2631 2816 qui
2665 2735 2748 2798 ibi
2778 2736 3009 2816 degunt
3048 2737 3354 2812 dissideat,
3390 2736 3566 2798 etiam

1934 2822 2372 2904 presbyteratus
2405 2825 2632 2887 honore
2661 2827 3015 2905 expellatur.

2014 2913 2112 2975 19.
2142 2912 2252 2985 Qui
2298 2913 2690 2992 virginitatem
2729 2915 3030 2996 professus
3080 2923 3192 2993 est,
3245 2933 3313 2976 ac
3370 2924 3566 2976 votum

1933 3001 2165 3062 irritum
2199 3001 2354 3077 facit,
2394 3003 2789 3083 quadriennio
2823 3003 3395 3067 excommunicetur.
3445 3003 3574 3066 Vir-

1931 3089 2100 3167 gines
2123 3109 2257 3153 vero
2283 3110 2357 3154 ne
2383 3091 2456 3153 ad
2477 3093 2708 3174 aliquos
2727 3103 3007 3171 tanquam
3031 3094 3242 3155 fratres
3259 3092 3566 3157 accedant.

2011 3180 2110 3242 20.
2162 3182 2453 3244 Adultera
2484 3190 2543 3244 et
2581 3182 2814 3244 adulter
2847 3191 3072 3264 septem
3108 3201 3296 3244 annos
3328 3201 3566 3245 excom-

1935 3269 2338 3333 municentur.

2015 3360 2115 3421 2i.
2147 3359 2495 3422 Meretrices
2526 3361 2962 3423 medicamenta
2991 3359 3312 3423 enecandis
3352 3359 3570 3421 fetibus

1936 3446 2317 3524 adhibentes,
2338 3448 2542 3512 decem
2566 3468 2753 3510 annos
2777 3448 3137 3528 pmnitentiaa
3153 3447 3566 3527 subjiciantur.

2016 3534 2118 3599 22.
2153 3535 2532 3600 Voluntarius
2562 3539 2861 3599 homicido
2893 3538 2955 3600 in
2985 3539 3102 3600 fine
3133 3538 3264 3598 vitae
3295 3555 3568 3598 commu-

1936 3625 2175 3686 nionem
2207 3635 2623 3706 consequatur.

2014 3713 2116 3775 ΞΒ.
2153 3713 2591 3777 Involuntarius
2621 3716 2918 3786 homicida
2946 3715 3360 3798 quinquennio
3390 3718 3572 3797 poeni-

1937 3803 2132 3866 tcntiae
2163 3803 2536 3884 subjiciatur.

2011 3891 2109 3956 24.
2149 3891 2257 3964 Qui
2283 3893 2576 3956 vaticiniis
2621 3896 2824 3974 utitur,
2871 3903 3054 3972 atque
3097 3894 3421 3956 introducit
3455 3895 3566 3956 ali-

1933 3999 2111 4061 quem
2142 3982 2202 4042 in
2227 3983 2436 4045 domos
2459 3983 2812 4064 exquirendi
2845 3983 3117 4045 veneficii
3145 3990 3246 4044 aut
3279 3983 3573 4044 lustratio-

1935 4070 2029 4132 nis
2057 4072 2269 4149 gratia,
2293 4072 2702 4152 quinquennio
2727 4072 3092 4153 paenitentia;
3114 4070 3450 4152 subjaceat.

2015 4160 2116 4221 25.
2152 4159 2401 4233 Quidam
2437 4161 2637 4242 puella
2671 4162 3048 4241 desponsata,
3096 4160 3288 4221 sorori
3321 4161 3452 4240 ejus
3487 4159 3572 4220 vi-

1939 4247 2082 4311 tium
2118 4248 2339 4324 attulit,
2375 4249 2594 4312 deinde
2623 4268 2901 4331 sponsam
2933 4249 3184 4329 accepit,
3215 4249 3402 4328 prima
3430 4267 3570 4310 sns-

1940 4338 2155 4418 pendio
2204 4339 2383 4400 vitam
2433 4339 2633 4400 finiit:
2687 4339 2728 4400 ii
2776 4340 2952 4400 etiam
3004 4338 3105 4418 qui
3162 4337 3298 4399 facti
3346 4337 3574 4400 conscii

1941 4435 2100 4505 sunt,
2135 4427 2427 4490 decennio
2459 4428 2822 4509 poenitentiae
2853 4427 3266 4506 subjiciantur.

2352 4535 2588 4616 Synodt
2618 4535 3151 4599 Neocasariensis.

2018 4643 2076 4703 1.
2110 4639 2424 4721 Presbyter
2467 4645 2564 4722 qui
2614 4659 2858 4704 uxorem
2905 4640 3161 4717 duxerit,
3196 4641 3569 4720 deponatur:

1933 4729 1986 4791 si
2014 4747 2151 4792 vero
2183 4738 2474 4791 scortatus
2508 4729 2686 4792 fuerit
2715 4738 2814 4792 aut
2853 4730 3182 4791 mcechatus
3215 4729 3414 4800 fuerit,
3464 4747 3572 4789 ex-

1934 4819 2207 4900 pellatur.

2012 4908 2069 4968 2.
2109 4908 2317 4970 Mulier
2347 4929 2479 4990 qua;
2502 4909 2736 4972 duobus
2790 4912 3074 4975 fratribus
3125 4907 3418 4990 nupserit,
3467 4925 3573 4985 per

1935 5007 2113 5059 totam
2149 4997 2319 5059 vitam
2352 4998 2732 5078 expellatur:
2783 5003 2829 5063 si
2880 5020 3018 5064 vero
3070 5002 3245 5062 morti
3302 4995 3568 5076 proxima

1932 5086 2171 5167 nuptias
2217 5087 2514 5167 repudiet,
2564 5089 2970 5166 penitentiam
3026 5103 3426 5170 consequetur
3467 5086 3569 5148 κεί

1933 5194 2070 5236 vero
2103 5175 2339 5252 obierit,
2373 5178 2677 5256 superstiti
2709 5179 2833 5240 viro
2869 5179 3218 5259 pessimum.

2013 5264 2069 5324 3.
2123 5264 2343 5327 Eorum
2393 5264 2494 5345 qui
2544 5267 2731 5328 multa
2781 5267 3156 5329 matrimonia
3213 5270 3572 5330 contrahunt

1930 5362 2166 5432 tempus
2213 5364 2441 5415 certum
2493 5363 2582 5415 est
2626 5372 2639 5416 :
2699 5355 3059 5434 poenitentiae
3113 5375 3248 5418 vero
3306 5357 3568 5419 studium

1931 5441 2078 5502 illud
2115 5442 2404 5520 praecidit.

2008 5534 2068 5593 4.
2114 5529 2623 5611 Concupiscentiaa
2658 5529 3077 5595 fornicationis
3118 5552 3298 5614 opera
3351 5553 3569 5614 praece-

1929 5619 2142 5680 dentes
2173 5621 2219 5680 si
2270 5617 2698 5700 impediantur,
2751 5638 2871 5683 non
2922 5621 3054 5686 sine
3095 5623 3292 5684 divino
3343 5624 3566 5688 auxilio

1928 5707 2356 5791 impediuntur.
