4004 6138
379 312 496 382 255

1537 323 1917 390 SYMEONIS
1968 326 2581 394 METAPHRAST/E.

3631 329 3762 396 256

463 454 522 514 5.
576 454 687 527 Qui
719 452 860 518 dum
915 457 1051 519 ﬁdei
1088 459 1382 538 mysteriis
1441 459 1770 522 instituitur
1800 465 2024 540 peccat,

2191 459 2260 522 ε’.
2317 461 2381 520 ’0
2438 460 2490 517 ἓν
2546 468 2622 536 τῷ
2678 466 3038 537 κατηγεϊσθαι
3096 462 3435 540 ἁμαρτάνων,
3481 462 3768 540 ὰκροᾶσθω

379 544 578 605 audiat
609 565 726 607 non
762 566 1011 627 peccans
1049 565 1061 610 :
1123 548 1173 609 si
1205 560 1404 610 autem
1438 549 1630 611 adhuc
1665 557 2027 629 perseveret,

382 634 622 714 penitus
653 637 952 715 ejiciatur.

463 725 520 786 6.
584 726 902 803 Praegnans
964 726 1445 806 quandocnnque
1502 727 1620 788 vult
1649 726 2024 808 baptizatur:

380 813 856 894 uniuscujusque
885 819 1042 876 enim
1075 816 1345 876 voluntas
1371 817 1698 896 judicatur.

465 903 521 964 7.
570 902 879 983 Presbyter
909 923 1026 966 non
1071 904 1251 966 debet
1280 907 1573 968 interesse
1604 904 1869 966 convivio
1901 906 2030 983 ejus

382 991 486 1072 qui
533 992 830 1054 secundas
888 994 1121 1074 nuptias
1175 994 1484 1076 celebrat;
1528 996 1826 1076 quomodo
1865 996 2027 1056 enim

380 1079 575 1159 ipsum
602 1079 772 1142 venia
803 1081 1041 1161 dignum
1069 1083 1368 1162 judicabit
1395 1084 1426 1138 ‘?

461 1169 519 1230 8.
557 1169 767 1231 Laicus
801 1172 973 1250 cujus
1007 1190 1158 1235 uxor
1183 1173 1541 1237 adulterium
1579 1174 2030 1249 commisit,non

381 1256 696 1319 ascribitur
753 1259 976 1321 clerum
1017 1282 1031 1335 ;
1096 1268 1154 1322 et
1185 1262 1285 1342 qui
1347 1262 1408 1324 in
1441 1263 1601 1324 clero
1661 1272 1946 1340 versatur,
1981 1262 2032 1324 si

382 1354 515 1427 post
544 1346 900 1409 adulterium
934 1349 1161 1411 detinet
1194 1350 1408 1430 ipsam,
1443 1351 1785 1432 expellitur.

463 1437 522 1496 9.
559 1435 620 1498 Si
651 1438 957 1499 confessus
988 1438 1164 1501 fuerit
1194 1439 1498 1521 presbyter
1528 1460 1593 1502 se
1625 1459 1926 1521 peccasse,
1957 1440 2032 1502 ab

385 1523 686 1587 oblatione
718 1534 942 1588 tantum
968 1527 1282 1592 abstineat:
1309 1531 1576 1611 quaedam
1610 1532 1767 1594 enim
1797 1540 2036 1610 peccata

387 1613 793 1677 ordinationes
841 1618 1172 1683 remittunt.
1208 1619 1270 1682 Si
1313 1639 1451 1682 vero
1486 1640 1603 1681 non
1657 1621 2032 1692 conﬁteatur,

387 1721 586 1780 neque
617 1705 1020 1785 convincatur,
1051 1709 1176 1788 ipse
1202 1710 1293 1769 sui
1327 1717 1674 1790 potestatem
1710 1709 1911 1771 habet.

467 1792 564 1857 10.
599 1792 896 1856 Diaconus
935 1796 1113 1858 etiam
1163 1798 1374 1859 eodem
1406 1798 1656 1860 crimine
1687 1798 2032 1874 obstrictus,
2061 1827 2097 1876 Β
2202 1799 2261 1860 ι’.

387 1881 660 1944 minister
689 1893 943 1946 maneat.

467 1975 562 2034 ll.
617 1971 703 2034 Ne
744 1974 843 2036 ﬁat
876 1974 1182 2055 presbyter
1231 1977 1344 2037 nisi
1377 1977 1747 2038 tricesimum
1807 1995 2031 2038 annum

379 2078 584 2138 agens,
648 2063 879 2124 etiamsi
946 2062 1164 2142 dignus
1223 2063 1323 2139 sit,
1387 2065 1731 2146 exemplum
1806 2064 2034 2127 habens

383 2149 713 2214 Servatoris
742 2150 1054 2232 baptisma.

464 2241 563 2302 12.
596 2238 844 2322 PrOpter
873 2242 1144 2304 morbum
1187 2241 1516 2322 baptizatus
1548 2261 1624 2305 ne
1657 2244 1754 2305 tiat
1786 2243 2034 2324 presby-

388 2339 478 2392 ter
507 2351 519 2388 :
553 2329 668 2392 nisi
699 2330 774 2391 ob
804 2339 1103 2394 certamen
1135 2333 1288 2413 quod
1325 2340 1528 2412 postea
1559 2331 1832 2413 subierit,
1857 2341 2034 2414 atque

385 2417 692 2480 hominum
722 2419 1053 2483 raritatem.

471 2507 567 2571 l3.
601 2506 916 2588 Presbyter
943 2509 1067 2570 ruri
1099 2509 1319 2587 degens
1351 2508 1410 2570 in
1443 2509 1607 2571 urbis
1660 2510 1879 2590 templo
1913 2528 2033 2570 non

387 2595 619 2674 offerat,
653 2595 767 2656 nisi
802 2595 958 2658 absit
988 2597 1302 2678 episcopus
1333 2605 1611 2678 totusque
1660 2598 2039 2678 presbytero-

387 2701 520 2744 rum
553 2691 740 2746 cuatus
774 2705 788 2745 :
827 2686 877 2745 si
920 2685 1342 2766 autemabsint,
1376 2696 1432 2747 et
1461 2697 1723 2764 vocetur,
1759 2687 1952 2750 offert:
1988 2695 2046 2750 et

388 2771 808 2853 cborepiscopi
842 2783 904 2834 ut
937 2775 1330 2836 comministri
1361 2775 1641 2838 offerunt.

473 2950 813 3032 “Septem
840 2951 1074 3015 diaconi
1105 2953 1436 3014 secundum
1464 2959 1606 3016 Acta
1632 2953 2036 3034 apostolorum

388 3041 564 3102 etiam
589 3039 650 3101 in
677 3058 887 3119 magna
908 3040 1479 3121 urbe,:septuaginta
1509 3043 1706 3105 locum
1741 3049 2036 3105 tenentes.

389 3233 685 3316 Epitome
733 3253 1073 3298 cano-num
1126 3243 1513 3298 sanctorum
1546 3237 1825 3300 Patrum
1869 3237 2038 3301 Sar-

814 3316 975 3378 dioce
1010 3323 1578 3396 congregatarum.

471 3422 528 3482 l.
583 3420 916 3503 Episcopus
945 3440 1015 3484 ex
1075 3423 1302 3502 majore
1351 3422 1586 3484 civitate
1628 3423 1690 3485 in
1742 3423 2034 3485 minorem

389 3511 646 3574 transire
679 3530 796 3573 non
825 3517 1215 3593 comperitur.

468 3599 530 3663 2.
562 3599 672 3673 Qui
703 3603 880 3680 igitur
910 3619 979 3663 ex
1010 3601 1220 3662 humili
1261 3602 1404 3666 sede
1433 3601 1844 3666 sublimiorem
1876 3609 2035 3663 tran-

387 3689 529 3760 silit,
567 3699 846 3769 tanquam
878 3708 1161 3770 arrogans
1199 3699 1258 3752 et
1286 3709 1496 3754 avarus
1527 3703 1889 3772 compertus,
1929 3708 2035 3771 per

388 3787 568 3840 totam
601 3777 776 3839 vitam
799 3780 1375 3843 excommunicatur.

469 3867 870 3948 3.Episc0pus
897 3868 954 3928 in
975 3867 1224 3929 alterius
1243 3868 1507 3950 episcopi
1534 3869 1744 3932 urbem
1770 3888 1846 3931 ne
1867 3881 2032 3931 tran-

390 3964 518 4019 seat
542 3975 660 4017 non
684 3956 985 4018 invitatus:
1011 3974 1080 4017 ac
1114 3957 1491 4036 provincialis
1517 3960 1566 4020 si
1587 3959 1844 4038 aliquam
1875 3958 2036 4019 litem

391 4045 624 4122 habeat,
657 4043 884 4106 alienos
914 4044 1227 4126 episcopos
1260 4065 1334 4108 ne
1375 4056 1608 4120 evocet,
1645 4055 2039 4127 praeterquam

399 4153 434 4196 a
457 4133 719 4196 Romano
743 4134 1041 4215 pontiﬁce,
1073 4134 1123 4196 si
1155 4136 1435 4214 expedire
1461 4135 1836 4216 judicaverit.

482 4225 542 4286 4.
568 4223 859 4305 Episcopo
891 4224 1235 4303 deposito,si
1266 4224 1520 4288 allirmet
1550 4243 1614 4286 se
1634 4223 2042 4286 defensionem

399 4314 739 4386 allaturum,
773 4331 892 4374 non
946 4313 1325 4375 constituitur
1359 4315 1535 4390 alius,
1570 4314 1684 4376 nisi
1735 4314 2047 4394 episcopus

402 4405 608 4466 Roma;
667 4401 1015 4476 deﬁnierit;
1067 4401 1342 4481 dispiciet
1394 4405 1552 4464 enim
1611 4402 2044 4483 depositionem

397 4500 498 4554 aut
529 4509 636 4573 per
666 4491 927 4565 nuntios,
956 4500 1058 4551 aut
1083 4508 1190 4570 per
1219 4491 1466 4553 litteras.

483 4581 541 4642 5.
579 4579 812 4644 Silaicis
843 4579 1180 4659 petentibus
1210 4580 1857 4662 episcopum,episcopi
1890 4597 2046 4660 pra:-

400 4679 600 4732 sentes
629 4669 929 4744 sint,unus
957 4687 1097 4730 vero
1127 4669 1367 4749 quidam
1400 4670 1577 4752 absit,
1608 4679 1846 4732 vocetur
1867 4670 2044 4732 etiam

399 4761 524 4824 ille.
562 4762 623 4823 Si
659 4777 792 4820 vero
822 4767 1062 4821 vocatus
1094 4777 1286 4838 neque
1317 4757 1608 4835 scribere,
1644 4778 1837 4840 neque
1867 4776 2043 4821 acce-

401 4852 547 4913 dere
576 4847 850 4924 voluerit,
885 4849 933 4909 is
963 4847 1063 4928 qui
1095 4849 1318 4928 peritur
1346 4848 1678 4911 ordinetur.

479 5029 695 5094 6.Cum
730 5023 1218 5105 metropolitanns
1239 5025 1636 5099 constituitur,
1663 5025 1835 5088 vicini
1863 5025 2040 5088 etiam

404 5118 672 5200 episcopi
692 5113 1041 5178 accersendi
1064 5115 1296 5177 suntin
1318 5133 1492 5194 parva
1515 5119 1662 5177 urbe
1691 5125 1746 5176 et
1769 5114 2043 5196 pago,cui

402 5226 555 5270 unus
580 5206 793 5269 sufﬁcit
813 5202 1477 5285 presbyter,episcopus
1498 5224 1615 5266 non
1642 5204 2037 5266 constituitur:

402 5297 454 5356 si
487 5314 624 5356 vero
655 5293 872 5375 populo
934 5293 1417 5373 frequentissima
1465 5295 1540 5356 sit
1582 5293 1744 5370 urbs,
1781 5313 1898 5355 non
1948 5294 2039 5355 in-

403 5383 579 5462 digna
609 5392 696 5445 est
728 5382 1028 5462 episcopo.

484 5474 543 5532 8.
580 5471 640 5532 Si
666 5470 924 5550 pupillus
945 5477 1003 5530 et
1028 5469 1412 5554 vidua,etqui
1450 5483 1645 5536 tutore
1675 5481 1834 5535 caret
1857 5473 1908 5532 vi
1933 5492 2038 5552 op-

404 5560 711 5640 primatur,
746 5558 818 5618 iis
839 5560 1136 5636 suppetias
1168 5560 1317 5624 feret
1347 5568 1680 5644 episcopus.
1733 5564 2040 5624 Verumta-

408 5666 545 5712 men
568 5664 642 5710 ne
666 5646 958 5730 ejusmodi
981 5655 1263 5726 praetextu
1285 5650 1345 5712 in
1363 5652 1494 5713 aula
1509 5651 1886 5734 imperatoris
1902 5669 2038 5715 ver-

2114 550 2189 624 μὴ
2247 549 2582 626 ἁμαρτάνων
2638 553 2682 606 εἰ
2751 549 2793 606 δ’
2855 551 2930 606 ἔτι
2974 550 3236 631 ἐπιμένει,
3301 551 3480 608 τέλεον
3524 552 3771 609 ἀπωθεί-

2114 642 2242 698 σθω.

2194 729 2294 801 ς’,
2332 729 2396 785 Ἠ
2458 732 2784 809 κυοφοροὺσα
2836 727 2924 786 ὅτε
2981 728 3120 785 θέλει
3153 729 3481 806 βαπτίζεται·
3535 731 3771 787 ἑκάστου

2114 816 2212 893 γὰρ
2257 819 2291 884 ἧ
2321 819 2620 894 προαίρεσις
2665 820 2918 897 κρίνεται.

2193 905 2263 976 ζ’.
2315 909 2430 986 οὐχ
2489 908 2726 964 tamam
2759 905 3054 986 πρεσϐύτης
3109 908 3193 965 ἐπὶ
3237 906 3465 987 διγάμην
3502 911 3612 973 πῶς
3661 910 3768 987 γάρ

2113 995 2270 1051 αὑτὸν
2299 995 2512 1060 ἀξιώσει
2539 997 2862 1074 συγγνώμης
2899 1013 2914 1072 ;

2193 1173 2272 1240 η’.
2331 1176 2533 1239 Λαϊκὸς
2565 1177 2625 1232 οὗ
2679 1176 2713 1242 ἡ
2745 1175 2878 1253 γυνὴ
2919 1177 3301 1256 μεμοίχευται,
3333 1180 3392 1236 οὑ
3445 1175 3762 1254 κληροῠταιο

2113 1266 2199 1320 καὶ
2247 1265 2274 1319 6
2319 1262 2371 1318 ὲν
2425 1262 2630 1342 κλήρῳ,
2665 1266 2708 1321 εἰ
2753 1265 2887 1340 μετᾶ
2943 1265 3038 1332 τὴν
3087 1272 3344 1344 μοιχείαν
3387 1265 3608 1344 κατέχει
3658 1264 3768 1320 αὒ-

2113 1352 2234 1429 τὴν,
2265 1351 2516 1409 ἐκδιώκετ
2525 1376 2572 1408 αι
2585 1400 2598 1414 ,

2195 1440 2267 1502 θ’.
2327 1439 2451 1498 Ἐὰν
2507 1441 2822 1519 ὁμολογήσῃ
2877 1439 3228 1520 πρεσϐύτερος
3286 1441 3366 1498 ὅτι
3425 1444 3768 1521 προήμαρτε,

2115 1532 2194 1606 μὴ
2253 1530 2590 1608 προσφερέτω
2644 1532 2732 1587 καὶ
2789 1531 2970 1604 μόνον’
3034 1531 3150 1586 τινὰ
3192 1533 3292 1609 γὰρ
3351 1533 3458 1588 τῶν
3515 1532 3772 1610 ἁμαρτη-

2117 1620 2298 1692 ματῶν
2358 1621 2408 1675 αἶ
2439 1624 2762 1698 χειροτονίαι
2806 1619 3050 1697 ἀφιᾶσιν.
3113 1622 3170 1676 Εἰ
3213 1617 3267 1674 δὲ
3313 1621 3390 1694 μὴ
3447 1619 3775 1698 ὁμολογοίη,

2118 1708 2248 1784 μήτ’
2283 1707 2588 1788 ἐλέγχοιτο,
2623 1710 2776 1772 αὑτὸς
2804 1707 2980 1787 ἐχέτω
3021 1710 3120 1774 τὴν
3152 1707 3404 1774 ἐξουσίαν.

2331 1800 2428 1857 Καὶ
2509 1797 2749 1860 διάκονος
2808 1798 2883 1871 τῷ
2946 1801 3087 1872 αὑτῷ
3147 1802 3444 1876 συσχεθεὶς,
3499 1797 3778 1876 ὑπηρέτης

2120 1887 2345 1962 μενέτω.

2197 1976 2296 2035 ια’.
2363 1978 2418 2034 Εἰ
2477 1977 2554 2051 μὴ
2601 1975 3012 2054 τριακονταέτης
3061 1976 3138 2049 μὴ
3195 1975 3418 2052 γινέσθω
3474 1971 3779 2052 πρεσϐύτε-

2114 2086 2227 2143 ρος,
2275 2063 2370 2120 κᾶν
2401 2067 2438 2141 ᾗ
2494 2063 2790 2142 ἀξιόλογος,
2825 2064 2970 2144 ἔχων
3015 2062 3312 2142 ὑπόδειγμα
3338 2065 3398 2120 τὸ
3452 2070 3547 2120 τοῦ
3581 2066 3785 2131 Σωτῆ-

2119 2177 2207 2233 ρος
2239 2155 2516 2233 φώτισμα.

2203 2244 2297 2318 ιβ’.
2346 2241 2522 2300 Ὀδιὰ
2579 2243 2732 2299 νόσον
2774 2242 3098 2321 βαπτισθεὶς,
3133 2242 3210 2317 μὴ
3269 2242 3493 2319 γινέσθω
3535 2237 3782 2317 πρεσϐύ-

2119 2354 2292 2409 τερος,
2327 2333 2370 2388 εἰ
2400 2333 2477 2406 μὴ
2509 2330 2589 2388 διὰ
2636 2332 2722 2388 τὸν
2754 2331 2876 2398 ἑξῆς
2921 2331 3123 2410 ἀγῶνα,
3156 2332 3246 2388 καὶ
3276 2330 3484 2396 σπάνην
3625 2349 3782 2385 σπα-

2119 2422 2253 2498 νίαν[
2282 2421 2591 2498 ἀνθρώπων.

2203 2511 2297 2586 ιγ’.
2366 2509 2693 2589 Ἐπιχώριος
2751 2505 3096 2587 πρεσϐύτερος
3145 2509 3217 2571 εἷς
3275 2509 3398 2564 ναὸν
3447 2505 3653 2568 πόλεως
3712 2507 3784 2564 οὑ

2123 2600 2400 2676 προσάγει,
2435 2600 2479 2654 εἰ
2523 2599 2599 2672 μὴ
2655 2597 2874 2654 ἄπεστιν
2932 2600 2960 2654 6
3017 2598 3323 2676 ἐπίσκοπος,
3371 2598 3459 2653 καὶ
3518 2598 3579 2652 τὸ
3635 2617 3780 2672 πρε-

2125 2686 2393 2764 σϐυτέριον
2451 2686 2598 2743 ὅλον*
2661 2686 2749 2743 ἐὰν
2805 2685 2859 2742 δὲ
2917 2686 3117 2760 ἀπῶσι,
3167 2686 3254 2742 καὶ
3307 2686 3552 2759 καλοῖτο,
3598 2706 3780 2761 προσ-

2127 2777 2265 2853 άγει’
2329 2777 2414 2832 καὶ
2460 2779 2506 2833 οἱ
2567 2775 2967 2855 χωρεπίσκοποι
3024 2778 3096 2840 ὡς
3152 2772 3541 2854 συλλειτουργοὶ
3597 2795 3778 2845 προσ-

2123 2864 2357 2944 φέρουσι.

2211 2952 2300 3018 ἰδ’,
2353 2960 2468 3012 Τῶν
2497 2952 2856 3030 ἐϐδομήκοντα
2904 2953 2994 3008 τὸν
3038 2952 3200 3010 τύπον
3377 2950 3569 3031 τόπον]
3631 2951 3775 3011 ἑπτὰ

2124 3040 2353 3100 διάγονοι
2409 3045 2544 3102 κατὰ
2596 3045 2689 3106 τὰς
2751 3040 2968 3120 Πράξεις
3025 3041 3120 3098 καῖ
3179 3043 3252 3107 εἰς
3309 3041 3549 3120 μεγάλην
3611 3040 3774 3098 πόλιν

2126 3131 2359 3190 ἔστωσαν
2387 3132 2678 3212 ὑπέχοντες
2691 3175 2706 3191 .

2123 3237 2394 3313 Ἐπιτομὴ
2462 3240 2698 3296 κανόνων
2763 3239 2868 3295 τῶν
2927 3237 2981 3294 ἐν
3046 3235 3278 3315 Σαρδικῆ
3335 3238 3607 3316 μακαρίων
3657 3242 3777 3292 Πα-

2852 3317 3016 3397 τὲρων
3028 3365 3042 3379 ,

2200 3425 2274 3483 α’.
2350 3424 2783 3504 Ἀνεξερεύνητος
2878 3425 3164 3490 ἐπίσκοπος
3235 3424 3295 3480 ἐκ
3365 3423 3601 3496 μείζονος
3686 3423 3778 3481 ἐπὶ

2117 3511 2316 3578 ἥττονα
2347 3512 2523 3575 πόλιν.

2195 3606 2266 3680 β’.
2333 3604 2393 3663 Ὀ
2423 3605 2592 3662 τοίνυν
2623 3605 2682 3661 ἐκ
2728 3613 2978 3674 ταπεινῆς
3010 3605 3090 3687 ἐφ’
3123 3604 3461 3683 ὑψηλοτέραν
3505 3625 3762 3680 μεταπη-

2119 3691 2245 3769 δῶν,
2303 3697 2376 3757 ὡς
2421 3693 2628 3765 ἀλαζὼν
2671 3695 2759 3751 καὶ
2818 3694 3140 3764 πλεονέκτης
3186 3692 3641 3769 ὑποϐλεπόμενος,
3686 3690 3775 3748 διὰ

2115 3783 2230 3859 βίου
2262 3785 2460 3847 παντὸς
2492 3783 2877 3850 ἀκοινώνητος.

2200 3873 2274 3950 γ’.
2339 3873 2666 3931 Ἐπισκάπου
2715 3874 2787 3935 εἷς
2846 3871 3026 3952 πόλιν,
3082 3874 3316 3941 ἄκλητος
3361 3872 3438 3946 μὴ
3488 3868 3771 3927 διαϐαίνων

2121 3960 2229 4040 [ἵσ.
2291 3961 2622 4038 διαϐαινέτωι
2695 3961 3003 4027 ἐπίσκοπος
3065 3965 3150 4020 καὶ
3220 3966 3249 4019 6
3300 3959 3671 4042 δπαρχιῶτης,
3728 3955 3776 4016 εἰ

2120 4049 2174 4106 δὲ
2232 4049 2516 4125 δικάζοιτο,
2577 4049 2876 4128 ἀλλοτρίους
2942 4051 3262 4116 ἐπισκόπους
3331 4051 3426 4108 οὑκ
3481 4047 3774 4108 ἐκκαλέσε-

2122 4161 2233 4210 ται,
2264 4140 2300 4207 ἢ
2334 4143 2452 4214 περὶ
2481 4147 2573 4197 τοῦ
2617 4139 2854 4213 Ῥώμης,
2893 4142 2937 4196 εί
2967 4140 3247 4217 ἐπικρίνοι.

2207 4227 2275 4290 δ’.
2339 4228 2668 4286 Ἐπισκόπου
2741 4231 3159 4308 καθαιρεθέντος,
3222 4234 3307 4290 καὶ
3364 4230 3772 4307 διαϐεϐαιουμέ-

2127 4341 2218 4375 νου
2261 4319 2433 4397 φὲρειν
2493 4316 2804 4392 ἀπολογίαν,
2866 4322 2910 4374 εὶ
2969 4321 3047 4392 μὴ
3117 4323 3145 4378 6
3187 4320 3405 4396 Ῥώμης
3468 4323 3650 4399 ὁρίζοι,
3711 4323 3774 4380 οὑ

2129 4407 2454 4485 καθιδρύεται
2511 4406 2712 4485 ἕτερος.
2779 4411 3139 4480 Διασκοπήσει
3210 4411 3310 4489 γὰρ
3351 4411 3450 4478 τὴν
3521 4411 3769 4488 καθαίρε-

2068 4519 2212 4598 ι,σιν
2324 4495 2651 4598 ἆποστὸλρις
2675 4496 2710 4564 ἢ
2739 4497 3069 4598 γράμμασιν,

2212 4585 2277 4645 ε’.
2341 4587 2398 4642 Εἰ
2471 4592 2576 4640 τῶν
2630 4583 2836 4641 λαῖκῶν
2906 4584 3290 4657 ἐπιζητούντων
3350 4587 3666 4660 ἐπίσκοπον,
3720 4590 3766 4644 οἱ

2127 4677 2406 4731 ίεπίσκοποι
2442 4674 2899 4749 παρουσιάσουσιν,
2951 4681 3033 4740 εἷς
3093 4676 3144 4733 δὲ
3187 4699 3268 4739 τις
3320 4675 3580 4756 ἐλλείποι,
3610 4697 3767 4754 προσ-

2127 4762 2388 4821 καλείσθω
2470 4763 2718 4826 κάκεῖνος
2755 4781 2768 4794 ⁶
2857 4765 2901 4820 εί
2969 4764 3024 4822 δὲ
3119 4764 3582 4845 προσκαλούμενος
3652 4763 3768 4821 οὔτε

2125 4854 2368 4932 γράφειν,
2427 4849 2533 4908 οὔτ’
2591 4849 2844 4924 ἐνδημεῖν
2901 4853 3165 4931 βούλοιτο,
3197 4859 3224 4912 6
3279 4857 3598 4928 ζητούμενος
3641 4875 3770 4935 χει·-

2125 4943 2453 5020 ροτονείσθω.

2204 5031 2304 5106 ς’.
2361 5032 2766 5108 Μητροπολίτου
2795 5032 3198 5109 καθισταμένου,
3228 5035 3322 5091 καί
3372 5035 3420 5090 οἱ
3449 5030 3771 5112 πλησιόχω-

2126 5143 2204 5198 ροι
2237 5121 2608 5196 μετάπεμπτοι
2655 5119 2881 5182 ἔσονται.
2919 5123 3016 5179 Καὶ
3046 5123 3120 5186 εἷς
3149 5125 3176 5179 6
3207 5121 3381 5200 λέγειν
3417 5120 3523 5198 [ἴσ.
3557 5120 3767 5200 ὀλίγην]

2126 5209 2280 5267 πόλιν
2361 5213 2446 5267 καὶ
2515 5211 2723 5285 κὼμαν,
2799 5214 2834 5287 ᾗ
2906 5213 2992 5266 καὶ
3047 5212 3134 5276 εἷς
3191 5208 3454 5287 αὐτάρκης
3533 5208 3768 5286 πρεσϐύ-

2125 5321 2300 5377 τερος,
2347 5299 2632 5361 ἐπίσκοπος
2696 5301 2755 5355 οὑ
2810 5299 3138 5359 καθίσταται.
3206 5301 3264 5358 Ei
3307 5298 3362 5354 δὲ
3433 5297 3771 5372 πολυανθρω-

2125 5388 2333 5454 ποτάτη
2360 5387 2564 5464 γένοιτο
2595 5387 2773 5460 πόλις,
2806 5391 2902 5446 οὑκ
2943 5388 3176 5458 ἀνάξιον.

2203 5476 2273 5547 ζ’.
2339 5477 2620 5554 Ὀρφανοῦ,
2655 5477 2740 5532 καὶ
2785 5478 2986 5556 χήρας,
3045 5479 3133 5534 καὶ
3191 5475 3541 5552 ἆπεριστάτου
3591 5476 3771 5551 βιαζο-

2122 5565 2317 5643 μένων,
2373 5565 2443 5627 εἷς
2497 5566 2766 5639 βοήθειαν,
2811 5565 3204 5640 κατανολμήσει
3263 5565 3568 5628 ἐπίσκοπος·
3633 5562 3772 5619 ἀλλὰ

2122 5653 2200 5731 μὴ
2259 5657 2326 5730 τῇ
2354 5656 2570 5730 τοιαύτῇ
2625 5652 2884 5734 προφάσει
2933 5651 3169 5735 διατρίόη
3226 5652 3299 5718 εἰς
3346 5653 3408 5711 τὸ
3467 5652 3770 5730 στρατόπε-
