4004 6138
420 209 537 277 259
1590 215 1972 279 SYMEONIS
2023 215 2620 284 METAPHRASTE.
3675 227 3828 293 260

426 345 526 425 qui
578 343 849 438 privatim
902 343 1340 407 ecclesiasticos
1385 352 1710 407 conventus
1768 342 1968 418 habet,
2005 362 2056 406 at

2173 349 2240 404 ιαὶ
2298 353 2324 407 6
2381 351 2744 426 ἐκκλησιάζων
2787 353 2910 438 ἰδίᾳ,
2970 358 3056 415 καὶ
3103 357 3242 438 παρᾶ
3299 360 3518 436 γνώμην
3575 360 3825 417 ἒπισκό-

422 440 636 524 praeter
667 431 934 524 episcopi
962 442 1062 524 aut
1107 433 1430 524 presbyteri
1463 434 1821 496 sententiam
1858 434 2056 496 Eccle-

2173 460 2251 493 του
2399 441 2746 523 πρεσϐυτέρου
2790 447 2852 502 τὰ
2895 431 3006 515 ’τῆς
3063 431 3638 524 ἘκκλησίαςἺτελῶν,
3701 449 3820 516 εἴη

423 522 528 584 site
558 521 758 583 munia
790 523 937 596 obit,
965 523 1038 584 sit
1072 523 1405 584 anathema.

2173 529 2408 604 ινάθεμα.

505 611 562 670 4.
621 607 904 687 Quisquis
929 612 1027 671 dat
1071 620 1169 671 aut
1198 612 1409 690 accipit
1441 610 1688 672 fructum
1740 611 2070 673 oblationes
2233 615 2301 679 δ’,

424 707 594 762 extra
643 699 983 779 ecclesiam,
1019 719 1086 761 ac
1145 709 1361 780 praeter
1396 702 1748 762 sententiam
1804 700 2070 781 episcopi

423 797 524 850 aut
555 789 901 871 presbyteri,
935 789 1275 852 anathema.

2173 796 2302 876 τέρου
2313 848 2325 871 ,
2372 799 2630 876 ἀνάθεμα.

503 882 560 941 5.
598 879 709 953 Qui
741 897 857 939 non
912 878 1236 939 honestatis
1267 896 1446 939 causa
1476 878 1870 957 virginitatem
1905 879 2056 954 colit,

2231 886 2298 949 ε’.
2348 888 2406 946 Ὀ
2439 891 2517 964 μὴ
2547 888 2630 949 διὰ
2660 894 2720 946 τὸ
2762 891 2925 948 καλὸν
2955 894 3307 973 παρθενεύων,
3336 893 3474 950 ἀλλὰ
3503 892 3586 950 διὰ
3615 895 3676 950 τὸ
3709 896 3812 950 τὸν

421 970 525 1031 sed
557 988 627 1031 eo
659 967 816 1049 quod
849 965 1081 1062 nuptias
1112 966 1514 1062 abominetur,
1543 968 1863 1062 autetiam
1882 967 1942 1028 in
1965 985 2056 1028 eo:

2173 976 2323 1052 τάμον
2376 976 2766 1052 βδελύσσεσθαι,
2828 982 2863 1048 ἢ
2920 983 3325 1060 κατεπαίρεσθαι
3365 988 3480 1055 ,τῶν
3558 981 3811 1062 γαμούν-

421 1059 522 1137 qui
555 1055 930 1119 matrimonio
956 1053 1150 1134 juncti
1181 1060 1321 1118 sunt
1356 1074 1488 1117 sese
1519 1055 1781 1131 extollat,
1816 1056 1892 1118 sit
1921 1075 2056 1118 ana‘

2173 1086 2281 1145 των,
2316 1067 2406 1134 εἴη
2438 1068 2694 1144 ἀνάθεμα.

420 1145 641 1210 thema.

500 1235 558 1298 6.
593 1235 701 1308 Qui
734 1233 963 1328 spernit
999 1251 1101 1295 eos
1131 1233 1229 1314 qui
1260 1233 1333 1295 ad
1363 1253 1576 1328 agapas
1605 1242 1841 1328 vocant,
1877 1242 1935 1296 et
1963 1234 2056 1315 qui

2226 1244 2328 1316 ς’.
2389 1245 2450 1303 Ὀ
2507 1247 2624 1312 τοὺς
2677 1246 2968 1310 καλοῦντας
3039 1251 3110 1314 εἰς
3165 1250 3378 1328 ῠγάπην
3430 1250 3651 1324 ἀθετῶν,
3707 1249 3806 1305 καὶ

416 1336 664 1386 Vocatus
695 1343 829 1385 cum
861 1323 954 1383 his
985 1341 1102 1384 non
1138 1324 1572 1386 communicat:
1609 1324 1750 1386 item
1782 1330 1882 1406 qui
1912 1344 2056 1386 con-

2173 1335 2341 1390 έοότων
2400 1338 2459 1393 οὗ
2528 1343 2794 1392 κοινωνῶν
2849 1337 3201 1411 κεκλημένος’
3279 1341 3364 1394 καὶ
3434 1341 3460 1394 ὁ
3532 1337 3803 1418 φαυλίζων

420 1414 669 1506 temptui
691 1412 871 1506 habet
893 1431 997 1474 eos
1024 1413 1124 1506 qui
1143 1411 1568 1506 birosgestant:
1603 1432 1671 1506 ac
1691 1431 2056 1495 quaecunque

2179 1425 2264 1487 οὺς
2324 1434 2607 1502 φοροῦντας
2640 1427 2756 1490 τοὺς
2813 1427 3025 1506 βῆρςυς
3062 1428 3156 1484 καῖ
3218 1427 3334 1484 ὅσαι
3365 1411 3649 1506 γυναικῶνί
3686 1427 3806 1503 [γυο

420 1503 705 1564 mulieres
725 1501 981 1562 virorum
1005 1498 1323 1562 abutuntur
1343 1501 1730 1576 vestimentis,
1755 1521 2002 1584 quaeque
2031 1521 2056 1564 a

2178 1498 2357 1592 αϊκες]
2396 1498 2625 1591 -ἂνδρῶν
2668 1498 3027 1590 δποκρίνονται
3070 1517 3319 1595 ἱματίοις,
3373 1498 3458 1572 καὶ
3515 1501 3649 1572 ὅσαι*

419 1592 557 1682 viris
589 1599 940 1682 separantur
983 1590 1253 1682 eoquod
1279 1591 1718 1682 matrimonium
1741 1593 2056 1682 fastidiant:

2173 1590 2354 1678 ενδρῶν
2401 1590 2782 1680 διαζεύγυνται,
2841 1590 3254 1681 βδελυσσόγμεναι
3305 1590 3404 1661 τὸν
3454 1603 3651 1682 γάμον,
3704 1606 3802 1659 καὶ

419 1680 696 1771 itemqui
727 1679 951 1742 liberos
996 1679 1364 1771 relinquunt,
1399 1699 1470 1771 ac
1502 1701 1620 1742 non
1650 1681 1721 1742 ad
1783 1681 2056 1762 pietatem

2175 1692 2192 1745 ἱ
2241 1692 2305 1746 τὰ
2363 1691 2521 1746 τέκνα
2576 1691 3088 1768 καναλιμπάνοντες,
3121 1694 3208 1749 καὶ
3268 1693 3390 1771 οὒχὶ
3419 1693 3547 1770 πρὸς
3603 1691 3800 1749 θεοσέ-

420 1788 522 1832 eos
575 1770 897 1843 instruunt,
934 1787 1044 1830 nec
1077 1787 1194 1830 non
1255 1769 1428 1832 liberi
1485 1771 1582 1850 qui
1633 1789 1666 1832 a
1725 1772 2056 1852 parentibus

2173 1779 2291 1837 ῖειαν
2347 1779 2744 1861 ὑπαλείφοντες,
2779 1781 2872 1838 κᾶἰ
2917 1783 3073 1838 τέκνα
3105 1785 3178 1844 ὡς
3241 1769 3501 1862 Ιγρίὸσα]
3556 1781 3802 1838 ἀπίστων

417 1858 763 1948 inﬁdelibus
785 1858 1124 1948 discedunt,
1159 1859 1496 1921 anathema.

2173 1876 2504 1948 εποσκιρτῶσι
2534 1870 2754 1948 γονέων,
2789 1871 3073 1948 ἀνάθεμαά

499 1951 556 2007 7.
578 1946 961 2039 Quaecunque
986 1947 1268 2039 mulieres
1286 1966 1490 2039 comas
1517 1949 1762 2039 tondent
1781 1949 2056 2029 pietatem

2223 1958 2290 2029 ζ’.
2347 1946 2515 2017 -Ὅσαι
2546 1946 2797 2037 γυναῖκες
2851 1962 2940 2025 τὰς
2973 1946 3145 2035 κόμας
3198 1959 3458 2039 τίλλουσι,
3488 1957 3796 2017 θεοσέϐειαν

419 2036 766 2128 simulantes
794 2045 901 2128 :_et
931 2035 1032 2117 qui
1066 2036 1373 2128 Dominica
1393 2037 1541 2128 cibo
1559 2038 1842 2128 abstinet,
1876 2057 1945 2100 ac
1960 2038 2056 2118 je-

2173 2049 2573 2126 ιποκρινόμεναι·
2634 2051 2721 2105 καὶ
2764 2052 2790 2104 6
2821 2052 2919 2116 τὴν
2980 2049 3247 2128 Κυριακὴν
3303 2049 3521 2124 ἀσιτῶν,
3557 2050 3643 2105 καὶ
3700 2049 3800 2114 τὰς

412 2125 582 2204 junia
613 2124 895 2186 Ecclesia;
926 2125 1158 2186 evertit:
1186 2143 1414 2186 necnon
1442 2126 1716 2206 quisquis
1744 2137 2056 2190 conventus

2177 2124 2592 2204 κκλησιαστικὰς
2651 2141 2894 2205 νηστείας
2953 2124 3244 2215 ἐκτρέπων
3305 2138 3391 2194 καὶ
3451 2140 3478 2193 6
3508 2139 3602 2202 τὰς
3661 2159 3801 2215 μαρ-

420 2215 518 2294 qui
552 2213 623 2276 ad
658 2222 974 2295 martyrum
1029 2213 1188 2276 aedes
1218 2215 1368 2276 ﬁunt
1417 2213 1690 2297 despicit,
1727 2218 2056 2280 anathema.

2173 2228 2312 2305 :6puw
2357 2227 2588 2292 συνάξει(
2621 2226 2973 2307 περιφρονῶν,
3007 2229 3264 2300 ἀνάθεμα.

2362 617 2422 677 Ὀ
2468 619 2636 686 διδοὺς
2705 623 2739 691 ἢ
2795 622 3075 700 λαμϐάνων
3135 626 3490 705 καρποφορίας
3541 626 3639 692 ἔξω
3698 633 3818 695 τῆς

2153 706 2458 783 ἐκκλησίας,
2496 713 2586 768 καὶ
2648 714 2786 791 παρὰ
2846 714 3066 791 γνώμην
3111 714 3403 772 ἐπισκόπου
3452 715 3489 784 ἢ
3562 714 3816 795 πρεσϐυ-

535 2322 830 2402 Epitome
857 2338 1198 2385 canentum
1235 2323 1464 2401 synodi
1492 2324 1928 2387 Antiochenaz.

502 2520 552 2574 ι.
607 2508 720 2581 Qui
772 2507 1000 2586 legibus
1043 2507 1328 2569 sancitam
1383 2506 1631 2570 Paschae
1680 2508 2055 2571 traditionem

408 2608 638 2663 mutare
694 2606 961 2670 conatur,
1007 2597 1308 2673 siquidem
1349 2597 1536 2660 laicus
1599 2603 1674 2658 sit
1731 2598 2051 2677 ejiciatur:

406 2687 664 2752 clericus
691 2705 832 2748 vero
867 2685 941 2747 ab
974 2686 1245 2748 Ecclesia
1274 2695 1565 2748 arceatur.

485 2778 541 2837 2.
578 2775 690 2847 Qui
722 2775 1034 2838 ecclesiam
1067 2774 1376 2853 ingressus
1430 2793 1656 2838 sacram
1689 2780 2055 2858 Scripturam

407 2873 629 2927 attente
659 2863 845 2943 audit,
881 2862 1102 2924 deinde
1133 2881 1410 2943 egressus
1440 2864 1693 2944 despicit
1732 2877 2058 2928 aversatur-

408 2974 523 3035 que
552 2953 1064 3031 communionem,
1098 2951 1433 3031 ejiciendus
1461 2965 1572 3016 est.

491 3043 547 3107 3.
584 3041 696 3115 Qui
745 3059 880 3102 cum
932 3041 1449 3104 excommunicato
1499 3044 1922 3120 communicat,
1951 3062 2117 3123 ex-c

407 3133 880 3195 communicatus
909 3138 1188 3192 censetur
1219 3147 1233 3192 :
1289 3138 1349 3192 et
1377 3131 1476 3211 qui
1506 3139 1636 3194 orat
1663 3151 1800 3195 cum
1854 3133 1928 3195 iis
1959 3132 2059 3215 qui

406 3239 542 3284 cum
591 3219 859 3283 Ecclesia
888 3237 1009 3280 non
1061 3227 1253 3292 orant,
1285 3237 1425 3282 reus
1451 3229 1566 3284 est.
1612 3222 1759 3284 Item
1793 3220 1891 3302 qui
1921 3240 2060 3285 sus-

406 3311 551 3391 cipit
580 3328 713 3372 eum
745 3309 846 3389 qui
879 3307 1160 3370 Ecclesiae
1191 3311 1582 3372 conventibus
1613 3328 1729 3374 non
1783 3311 2053 3388 interest,

407 3400 580 3480 culpa
608 3418 726 3460 non
760 3407 940 3460 caret.

484 3488 882 3570 4.Episcopus
902 3506 936 3550 a
957 3487 1180 3568 synodo
1204 3485 1536 3569 depositus,
1568 3507 1637 3551 ac
1664 3488 1969 3571 presbyter
1999 3498 2058 3551 et

403 3581 690 3643 diaconus
713 3577 786 3640 ab
811 3578 1089 3659 episc0po
1110 3577 1298 3658 gradu
1319 3578 1597 3656 motus,si
1625 3597 1732 3660 per
1753 3588 2056 3642 contuma-

401 3671 554 3733 ciam
589 3684 804 3729 munus
833 3665 1031 3742 obeat,
1066 3667 1392 3746 deploratae
1421 3668 1549 3748 Spei
1573 3677 1684 3730 est.

485 3758 541 3817 5.
601 3754 812 3818 Omnis
873 3754 1181 3835 presbyter
1235 3764 1335 3817 aut
1390 3757 1677 3820 diaconus
1705 3761 2047 3840 episcopum

402 3856 821 3916 contemnens,
858 3851 916 3904 et
969 3842 1041 3904 ab
1073 3861 1142 3904 eo
1186 3844 1504 3922 recedens,
1539 3847 1815 3927 aliudque
1863 3848 2052 3910 altare

403 3944 707 4006 extruens,
741 3931 792 3992 si
823 3929 895 3992 ab
941 3933 1222 4012 episcopo
1255 3931 1346 3993 bis
1397 3941 1610 4010 terque
1637 3936 1960 3999 accersitus
1989 3937 2050 3998 in

400 4021 738 4103 arrogantia
794 4021 1092 4100 persistat,
1153 4020 1508 4102 deponatur,
1570 4024 1893 4085 curationis
1947 4044 2053 4108 spe

403 4114 747 4178 destitutus.

484 4203 542 4267 6.
577 4199 1174 4263 Excommunicatum
1207 4198 1281 4261 ab
1313 4202 1592 4284 episcopo
1627 4202 1914 4266 clericum
1955 4212 2055 4266 aut

401 4292 646 4365 laicum,
679 4288 731 4350 si
761 4289 952 4369 major
982 4288 1241 4369 synodus
1271 4291 1731 4372 susceperit,aut
1761 4293 2054 4358 eondem-

403 4379 652 4450 naverit,
687 4380 1079 4459 acquiescere
1111 4387 1343 4459 oportet
1372 4385 1704 4447 sententias.

483 4473 541 4530 7.
606 4468 960 4546 Peregrinus
1019 4467 1296 4547 paciﬁcas
1356 4487 1474 4531 non
1521 4469 1776 4534 aﬂ‘erens
1824 4473 2052 4554 episto.

400 4558 511 4634 las,
543 4575 666 4620 non
695 4566 785 4618 est
815 4555 1257 4637 suscipiendus.

481 4648 541 4710 8.
581 4644 893 4734 Presbyter
918 4644 1044 4734 ruri
1075 4645 1300 4723 degens
1333 4665 1409 4708 ne
1439 4649 1760 4713 canonicas
1789 4649 1890 4714 det
1918 4654 2050 4734 epi-

399 4736 604 4813 stolas,
633 4733 748 4795 nisi
777 4734 848 4796 ad
881 4733 1073 4796 solum
1102 4735 1361 4797 vicinum
1397 4736 1765 4819 episcopum.

481 4824 541 4890 9.
598 4825 646 4886 A
679 4823 1118 4903 metropolitani
1171 4827 1464 4886 sententia
1514 4828 1774 4907 pendere
1819 4840 2058 4912 Oportet

400 4916 733 4997 episcopos,
787 4913 1053 4994 nihilque
1109 4919 1256 4976 citra
1313 4916 1472 4977 illius
1512 4920 1824 4981 consilium
1878 4923 2053 4984 insti-

399 5016 571 5069 tuere
604 5003 717 5065 nisi
773 5022 840 5066 ea
877 5003 1002 5065 sola
1032 5021 1161 5084 quae
1191 5005 1263 5065 ad
1316 5024 1480 5067 suam
1514 5008 1798 5089 cujusque
1831 5011 2056 5074 dicace-

401 5095 512 5157 sim
547 5093 870 5175 pertinent,
905 5111 974 5153 ac
1022 5092 1164 5153 viris
1190 5096 1651 5175 reprehensioni
1705 5117 1822 5160 non
1852 5101 2047 5162 obno-

400 5184 510 5244 xiis
546 5200 756 5243 manus
787 5184 1120 5262 imponere.

483 5269 1236 5346 10.Exorcistas,lectores,
1255 5269 1743 5355 subdiaconos,et
1774 5287 2048 5341 cantores

403 5358 706 5448 constituit
737 5362 1222 5442 chorepiscopus:
1261 5380 1377 5422 non
1411 5370 1605 5425 tamen
1640 5369 2047 5448 presbyterum

404 5452 502 5513 aut
523 5443 837 5507 diaconum
860 5448 1086 5528 absque
1114 5448 1365 5511 civitatis
1396 5443 1699 5534 episcopo:
1728 5443 2048 5536 quiautem

2147 2333 2250 2401 Τῆς
2322 2333 2375 2391 ὲν
2458 2332 2764 2412 Ἀντιοχείᾳ
2853 2331 3064 2392 συνόδου
3144 2339 3248 2389 τῶν
3347 2333 3582 2390 κανόνων
3665 2331 3795 2390 ἔπι-

2887 2415 3047 2488 τομὴ,

2220 2516 2298 2578 α’.
2357 2521 2417 2575 ‘0
2449 2516 2546 2583 τὴν
2589 2515 2836 2590 ἔνθεσμον
2869 2523 2960 2572 τοῦ
3005 2515 3199 2594 Πάσχα
3229 2513 3516 2594 παράδοσιν
3563 2513 3786 2592 διαμετ-

2144 2611 2238 2682 ψαι
2310 2610 2663 2684 πειρώμενος,
2725 2603 2916 2667 λα’ίκδς
2989 2603 3086 2679 μὲν
3167 2603 3359 2684 τελῶν,
3422 2603 3558 2662 ἔστω
3638 2603 3783 2661 ἀπό-

2139 2692 2360 2761 ϐλητος’
2397 2693 2653 2772 κληριγὸς
2685 2692 2764 2766 δὲ,
2798 2691 3274 2758 ἀνεκκλησίαστος.

2219 2782 2295 2860 β’.
2355 2786 2415 2842 Ὀ
2474 2785 2546 2844 εἰς
2607 2780 2894 2848 ἐκκλησίαν
2963 2781 3162 2855 εἰσιὼν,
3223 2783 3310 2838 καὶ
3380 2781 3660 2862 προσέχων
3714 2787 3787 2858 τῇ

2139 2876 2252 2952 ἱερᾷ
2305 2879 2507 2952 Γραφῇ,
2540 2873 2662 2928 εἶτα
2693 2877 3018 2950 περιφρονῶν
3075 2871 3162 2926 καὶ
3193 2870 3351 2936 ἀξιῶν
3413 2872 3524 2949 Ιγρ,
3571 2871 3782 2950 ἐξιὼνλ

2140 2964 2226 3019 καὶ
2257 2961 2720 3040 ἀποστρεφόμενος
2753 2961 2849 3028 τὴν
2871 2958 3197 3039 μετάληψιν,
3231 2957 3559 3027 ἀπόϐλητος.

2225 3051 2299 3130 γ’.
2355 3052 2414 3108 ’0
2457 3048 2511 3106 δὲ
2555 3049 2902 3123 ἁκοινωνήτῳ
2948 3054 3239 3128 κοινωνῶν,
3270 3049 3648 3116 ἀκοινώνητος·
3694 3052 3785 3108 καὶ

2142 3145 2168 3198 6
2240 3141 2628 3218 συνευχόμενος
2710 3151 2827 3204 τοῖς
2887 3138 2964 3213 μὴ
3032 3143 3097 3214 τῇ
3152 3136 3407 3204 ἐκκλησία
3476 3159 3785 3218 προσευχο-

2141 3232 2318 3308 μένοις
2394 3231 2498 3308 [γρ,
2555 3224 3030 3308 συνευχομένοις],
3092 3226 3395 3291 ὑπεύθυνοςο
3467 3229 3552 3284 καὶ
3609 3229 3636 3283 6
3692 3228 3784 3282 τὸν

2141 3323 2212 3382 εἰς
2271 3317 2558 3386 ἐκκλησίαν
2642 3319 2721 3393 μὴ
2797 3319 3150 3394 συναγόμενον
3207 3314 3630 3395 ὑποδεχόμενος,
3691 3320 3784 3374 οὒκ

2139 3410 2391 3473 ἀναίτιος.

2221 3497 2289 3560 δ’,
2351 3495 2412 3554 Ὀ
2443 3497 2545 3552 ὑπὸ
2603 3494 2816 3553 συνόδου
2875 3493 3246 3574 καθηρημένος
3277 3494 3587 3568 ἐπίσκοπος,
3621 3498 3708 3551 καὶ
3751 3496 3780 3552 6

2138 3590 2235 3646 ὑπὸ
2295 3585 2588 3644 ἐπισκόπου
2643 3583 2986 3665 πρεσϐύτερος
3043 3585 3130 3640 καὶ
3187 3581 3450 3661 διάκονος,
3513 3585 3554 3640 εἰ
3611 3584 3778 3640 αὐθα-

2134 3677 2443 3755 διαζόμενος
2469 3674 2864 3756 λειτουργήσοι,
2899 3671 3233 3736 ἀνέλπιστος.

2213 3766 2280 3828 ε’.
2342 3772 2450 3830 Πᾶς
2484 3769 2508 3822 ἒ.
2539 3765 2833 3822 ἐπισκόπου
2888 3765 3251 3842 καταφρονῶν,
3285 3763 3371 3819 καὶ
3423 3761 3778 3842 ἀφιστάμενος

2133 3854 2481 3936 πρεσϐύτερος
2534 3855 2570 3922 ἢ
2626 3853 2889 3927 διάκονος,
2938 3853 3021 3908 καὶ
3079 3850 3370 3926 οἰκοδομῶν
3428 3850 3560 3910 ἄλλο
3601 3854 3781 3909 060m-

2134 3948 2375 4023 στήριον,
2411 3945 2454 3999 εἱ
2490 3941 2950 4023 προσκαλουμένου
2992 3939 3064 4004 δὶς
3098 3941 3186 3996 καί
3231 3940 3339 4017 τρὶς
3383 3946 3504 4003 τοῦς
3556 3939 3780 3997 ἐπισκό-

2135 4057 2236 4092 που
2293 4032 2534 4110 ἐπιμένοι
2605 4038 2672 4108 τῇ
2745 4030 2986 4108 ἀπονοίᾳ,
3032 4030 3440 4108 καθαιρούμεδος
3515 4028 3653 4086 ἔστω
3693 4031 3782 4087 καὶ

2134 4125 2486 4203 ἀθεράπευτος
2498 4165 2510 4181 .

2215 4213 2295 4286 ς’.
2347 4214 2449 4270 Τὸν
2520 4210 2862 4289 ἀφορισθέντα
2923 4207 3050 4284 παρ’
3102 4208 3395 4265 ἐπισκόπου
3453 4205 3707 4286 κληρικὸν
3747 4206 3783 4274 ἢ

2137 4304 2352 4376 λα’ίκὸν,
2402 4301 2492 4358 ἐὰν
2553 4299 2742 4376 μείζων
2787 4295 2999 4361 σύνοδος
3058 4294 3380 4374 προδέξοιτο,
3431 4295 3468 4362 ἢ
3526 4295 3780 4372 κατακρί-

2070 4415 2309 4485 υνοιτο,
2341 4390 2576 4468 στέργειν
2607 4389 2785 4468 χρεὼν
2815 4387 2905 4454 τὴ(
2945 4386 3234 4465 ἀπόφασιν.

2217 4469 2304 4552 ζ’,ί
2365 4471 2421 4535 Ὀ
2493 4475 2635 4543 ξενος
2691 4478 2960 4553 εἰρηνικὰς
3023 4479 3084 4533 06
3138 4473 3441 4552 προσύγων,
3513 4469 3780 4547 ἀπροσδε-

2137 4593 2286 4647 κτος,

2217 4658 2298 4728 η’,
2342 4649 2398 4717 Ὀ
2431 4658 2516 4714 ἐπὶ
2547 4656 2730 4737 χώρας
2765 4653 3112 4734 πρεσϐύτερος
3170 4652 3246 4727 μὴ
3275 4649 3465 4710 διδότω
3506 4650 3778 4713 κανονικὰς

2136 4747 2444 4824 ἐπιστολὰς,
2479 4747 2514 4814 ἢ
2545 4747 2675 4820 πρὸς
2719 4745 2883 4818 μόνον
2927 4743 3213 4800 ἐπίσκοπον
3246 4742 3478 4818 γείτονα.

2218 4837 2288 4900 θ’.
2351 4843 2452 4896 T06
2483 4833 2874 4912 μητροπολίτου
2931 4838 3028 4898 τῆς
3060 4831 3280 4909 γνώμης
3313 4831 3629 4909 ἆναρτᾶσθαι
3668 4828 3784 4894 τοὺς

2219 4927 2564 4999 ἐπισκόπους,
2602 4925 2686 4980 καὶ
2717 4923 2792 4996 μή
2825 4945 2873 4977 τι
2895 4921 2990 4988 τῆς
3023 4925 3182 4980 αὖτοῦ
3208 4921 3453 4998 προνοίας
3484 4920 3786 4994 οἰκονομεῖν

2141 5019 2289 5098 δίχα,
2324 5017 2358 5084 ἢ
2407 5015 2548 5090 μόνα
2607 5015 2671 5071 τὰ
2727 5018 2794 5087 τῇ
2852 5009 2952 5082 ἰδίᾳ
2985 5008 3157 5098 ἐνορίᾳ
3204 5009 3626 5098 προσπίπτοντα.
3689 5009 3783 5064 Καὶ

2132 5096 2464 5189 χειροθεσίας
2498 5099 2920 5171 ἁνεπιπλήπτοις
2953 5097 3200 5177 ἁνδρήσιν
3230 5096 3522 5155 ἑπιτελεϊν.

2213 5283 2276 5345 ι’.
2346 5281 2721 5362 Ἐπορκιστὰς,
2777 5280 2866 5336 καὶ
2923 5277 3287 5355 ἀναγνώστας,
3343 5276 3432 5331 καὶ
3491 5272 3779 5332 ὑποδιακό-

2132 5400 2275 5451 νους,
2347 5373 2441 5429 καῖ
2523 5370 2730 5447 ψάλτας
2809 5368 3084 5434 καθίστησι
3185 5364 3596 5446 χωρεπίσκοπος
3628 5410 3646 5440 ,
3719 5367 3777 5423 οὗ

2135 5466 2314 5544 μέντοι
2373 5458 2723 5544 πρεσϐύτερον
2782 5457 2817 5526 ἢ
2879 5455 3144 5534 διάκονοι,
3192 5454 3312 5512 dive)
3362 5460 3454 5512 τοῦ
3503 5455 3637 5512 κατὰ
3679 5453 3778 5524 τὴν
