4004 6138
281 251 360 316 ‘26!

290 389 398 443 ιτὲλιν
452 389 737 443 ἐπισκόπου
772 403 791 421 ⁸

277 480 343 542 εἴη
373 477 734 552 καθῃρημένος
770 495 785 509 ·
853 478 950 530 καὶ
981 476 1005 530 ὃ
1046 475 1141 541 τῆς
1187 475 1395 536 πόλεως
1430 475 1716 539 ἐπίσκοπος
1748 485 1897 529 ποιεῖ

276 566 660 644 ίωρεπίσκοπον
673 614 685 627 ,

332 653 419 716 ια’,
467 647 528 710 Ὀ
583 656 823 730 προσιὼν
856 655 1170 728 αὖτομάτως
1203 660 1277 726 τῷ
1319 654 1537 729 βασιλεῖ
1579 652 1888 724 ἐπίσκοπος,

263 740 708 819 ἣπρεσϐύτερος,
776 744 866 798 καὶ
927 744 1047 820 οδχὶ
1104 741 1384 805 κελευστὸς
1458 743 1590 818 πρὸς
1634 750 1727 798 τοῦ
1795 741 1890 808 τῆς

265 833 428 910 χώρας
459 832 893 911 μητροπολίτου,
928 833 1061 906 μετὰ
1109 831 1205 898 τῆς
1256 831 1532 894 κοινωνίας
1594 831 1894 887 ἐκπιπτέτω

265 923 336 976 καὶ
364 926 460 986 τῆς
494 919 672 984 ἀξίας.

330 1011 420 1084 ιβ’,
471 1002 534 1068 Ὀ
594 1010 971 1086 καθῃρημένος
1022 1012 1065 1064 εἱ
1121 1008 1380 1088 ἐνοχλοίη
1433 1015 1509 1082 τῷ
1545 1007 1780 1088 βασιλεῖ,
1818 1009 1894 1064 αἷ-

260 1101 398 1154 τείτω
456 1098 682 1154 σύνοδον
726 1103 964 1178 μείζονα,
1009 1099 1106 1154 καὲ
1158 1100 1219 1154 τὸ
1277 1099 1480 1155 ἐκεῖθεν
1532 1096 1682 1162 δόξαν
1740 1120 1890 1154 στοι-

257 1189 429 1266 χείτω.
492 1191 556 1244 Ei
591 1187 647 1244 δὲ
694 1191 779 1244 καὶ
822 1188 965 1251 αὖθις
1023 1185 1437 1262 ἀποδυσπετοίη,
1486 1185 1622 1244 ἔστω
1669 1187 1890 1244 ἀνέλπι-

254 1298 388 1337 στος.

326 1365 420 1443 ιγ’.
476 1369 542 1423 Ei
597 1365 825 1442 μηδενὸς
885 1365 1175 1435 ἀξιοῦντος,
1244 1365 1533 1430 ἐπίσκοπος
1591 1369 1665 1430 είς
1724 1365 1894 1431 ἄλλην

251 1456 508 1535 ἐπαρχίαν
559 1457 716 1535 ἀπίῃ,
750 1458 839 1512 καὶ
881 1457 1246 1535 χειροτονοίη,
1305 1458 1390 1512 καὶ
1430 1454 1658 1522 διοικοίη
1721 1456 1895 1532 πράγ-

250 1566 384 1615 ματα
413 1559 427 1574 ⁸
472 1546 614 1604 αὖτά
673 1567 730 1600 τε
790 1543 955 1622 ἄκυρα
1015 1544 1186 1619 μένει,
1250 1546 1338 1600 καὶ
1390 1544 1597 1607 ἐκεῖνος
1644 1548 1896 1622 καθαιρε-

248 1636 463 1701 θήσεται
476 1681 492 1696 ,

326 1721 428 1783 ιδ’,
474 1725 538 1780 Εἰ
597 1723 891 1780 ἐπισκόπου
946 1722 1283 1802 κρινομένου,
1346 1726 1393 1779 οἱ
1478 1725 1573 1788 τῆς
1636 1722 1962 1803 ἐπαρχίαςβ

248 1810 537 1868 ἐπίσκοποι
596 1810 950 1892 διαφέροιντο,
1007 1812 1370 1886 μετακλητέον
1419 1814 1524 1868 ἀπὸ
1579 1818 1685 1868 τῶν
1733 1813 1899 1876 πέλας

248 1899 482 1980 ἑτέρους,
523 1903 594 1965 εἰς
624 1899 986 1980 ἀναμφίϐολον
1016 1897 1437 1979 ἀμφισϐήτησιν.

324 1988 414 2050 ιε’.
486 1989 824 2046 Ἐπισκόπου
911 1988 1276 2065 δικαζομένου,
1335 1993 1378 2046 εἰ
1450 1997 1554 2055 πᾶς
1612 1991 1897 2070 ἐπαρχιῶ-

244 2099 338 2142 της
397 2078 698 2140 ἐπίσκοπος
761 2079 1054 2159 ἆδισίφωνος
1141 2082 1370 2156 κρίνοιτο
1409 2125 1425 2153 ,
1485 2079 1786 2137 παλινδικία
1844 2083 1903 2137 οὔ

247 2168 448 2242 γίνεται
460 2211 476 2227 .

325 2257 456 2330 ις’,
493 2260 556 2314 Ὀ
600 2256 726 2336 δίχα
773 2257 987 2314 συνόδου
1029 2257 1258 2328 τελείας,
1319 2259 1406 2314 καὶ
1465 2261 1622 2316 αὖτοῦ
1651 2268 1743 2316 τοῦ
1787 2283 1901 2332 μη-

245 2345 568 2421 τροπολίτου
648 2348 736 2402 ἐπὶ
825 2347 1194 2426 σχολάζουσαν
1253 2347 1542 2414 ἐκκλησίαν
1597 2347 1897 2423 ἒπιπηδῶν,

248 2434 340 2490 κᾶν
384 2439 422 2510 ᾗ
456 2435 750 2514 σχολάζων
787 2434 1121 2502 ἀπόϐλητος.

325 2524 417 2594 ιζ’.
471 2523 866 2591 Ἀκοινώνητος
925 2529 950 2580 ὁ
1024 2524 1302 2601 δεξάμενος
1387 2529 1742 2606 χειροτονίαν,
1818 2532 1904 2586 καὶ

253 2614 443 2679 ταύτης
485 2614 848 2693 ἆποσκιρτῶν,
882 2612 981 2677 ἕως
1014 2617 1309 2693 μεταγνοὺς
1341 2614 1704 2682 καταδέξοιτο.

336 2791 438 2857 ιη’.
480 2791 772 2867 Matr/tim)
812 2792 909 2858 τῆς
961 2798 1124 2866 τιμῆς
1171 2791 1457 2854 ἐπίσκοπος
1505 2797 1531 2849 ὁ
1575 2816 1899 2873 χειροτονη-

261 2881 378 2952 θεὶς,
414 2883 508 2936 γαὶ
573 2880 649 2955 μὴ
695 2878 987 2959 δεχόμενος
1020 2883 1150 2959 πρὸς
1217 2887 1309 2948 τῆς
1357 2883 1560 2947 πόλεως
1599 2900 1612 2914 ⁸
1650 2887 1738 2941 καὶ
1795 2884 1900 2941 λει-

265 2970 548 3046 τοοργείτω
589 2970 776 3043 μόνον,
825 2969 1099 3044 ἀναμένων
1130 2969 1158 3025 ὅ
1187 2991 1235 3026 τι
1297 2969 1360 3025 ἂν
1402 2973 1434 3038 ἡ
1480 2977 1580 3039 τῆς
1637 2973 1900 3054 ἐπαρχίας

263 3057 610 3115 ἁποπαίνοιτο
641 3056 856 3120 σύνοδος
867 3105 880 3119 ,
1410 3129 1422 3140 ⁸

337 3147 428 3209 ιϐ’,
487 3148 542 3203 Εἰ
603 3148 677 3220 μὴ
734 3145 951 3208 σύνοδος
995 3145 1112 3223 εἴη,
1176 3151 1262 3205 καὶ
1312 3152 1339 3205 ὁ
1393 3151 1791 3225 μητροπολίτης
1823 3153 1900 3227 μή

261 3235 489 3310 γινέσθω
536 3235 851 3299 ἐπίσκοπος.
909 3237 964 3292 Εἰ
1023 3233 1077 3291 δὲ
1134 3234 1218 3292 διά
1260 3259 1309 3293 τι
1357 3237 1612 3318 δυσχερὲς
1657 3242 1732 3314 μὴ
1774 3263 1902 3301 συν-

264 3325 480 3398 ἀγοιντο
510 3323 769 3397 ἅπαντες,
802 3326 936 3386 τέως
969 3326 1015 3380 οἱ
1049 3326 1256 3388 πλείους
1287 3328 1322 3395 ἢ
1352 3330 1658 3405 γράμμασιν
1692 3329 1902 3387 ἕποιντο

258 3413 567 3490 σύμψηφοι,
629 3415 684 3468 Εἰ
740 3409 785 3466 δ’
846 3411 984 3469 οὕτω
1060 3422 1152 3470 τοῦ
1212 3416 1524 3492 πράγματος
1582 3416 1902 3492 τελουμένου

259 3499 615 3578 οιλονεικοϊέν
646 3522 807 3572 τινες,
852 3504 880 3568 ἡ
911 3504 1015 3555 τῶν
1065 3501 1304 3559 πλεόνων
1359 3505 1532 3580 ψῆνοος
1590 3506 1901 3585 ἐνισχυέτω,

330 3591 408 3648 κ’.
466 3589 787 3652 Ἐπίσκοπος
820 3593 906 3645 καὶ
935 3589 1214 3648 ὑπολαϐὼν
1253 3594 1358 3670 lic.
1407 3597 1508 3650 ὑπὸ
1559 3593 1733 3676 λαῶν]
1778 3599 1902 3672 βια-

258 3679 506 3753 ζόμενος,
541 3681 628 3734 καὶ
655 3681 756 3734 ὑπὸ
787 3678 1092 3737 ἐπισκόπων
1145 3681 1573 3760 ἀναγκαζόμενος
1627 3687 1705 3759 μὰ
1771 3691 1902 3762 μεθ-

261 3771 494 3828 istic-0w
524 3771 596 3830 εἰς
630 3769 912 3846 παροικίαν
946 3770 1150 3848 ἑτέραν,

331 3858 455 3918 γα’.
491 3859 952 3935 Ἐπιχειροτονεῐν
1009 3881 1156 3920 τινας
1234 3861 1520 3927 ἐπίσκοπος
1577 3865 1637 3918 ἐκ
1695 3865 1902 3928 πόλεως

258 3949 322 4009 εἷς
385 3946 550 4002 πόλιν
593 3948 670 4020 μὴ
729 3946 944 4020 ἐπιέτώ,
1007 3946 1126 4003 ἀλλ’
1158 3952 1193 4018 ἡ
1239 3951 1430 4026 γνώμῃ
1471 3959 1564 4008 τοῦ
1607 3952 1903 4012 ἐπισκόπου

254 4038 343 4124 τῆς
392 4035 632 4124 πόλεως.
701 4037 754 4092 Ei
799 4035 842 4090 δ’
889 4037 1000 4111 οὗν,
1049 4034 1293 4101 ἀϐέϐαιος
1352 4042 1386 4107 ἡ
1445 4043 1774 4124 χειροτονία,
1813 4046 1901 4101 καὶ

256 4123 465 4186 ἐκεῖνος
495 4123 750 4187 ὑπόδικος
761 4171 774 4186 .

328 4212 449 4289 ιβ’,
499 4213 587 4278 Μὴ
632 4216 882 4288 μεθιστᾷν
939 4213 1116 4292 ἕτερον
1160 4214 1250 4271 ἐπε
1284 4222 1352 4293 τῇ
1403 4216 1562 4294 ἐξόδῳ
1614 4220 1903 4278 ἐπίσκοπον

259 4303 284 4356 ὁ
335 4303 637 4363 ἐπίσκοπος
674 4321 688 4336 ⁸
749 4302 951 4359 ἐκείνου
981 4301 1032 4358 δὲ
1084 4305 1456 4386 κοιμηθέντος,
1509 4311 1643 4382 μετὰ
1690 4309 1904 4370 συνόδου

261 4397 359 4446 τῶν
393 4387 636 4470 ἐχόντων
666 4392 765 4458 τὴν
797 4389 1052 4468 ἐξουσίαν,
1087 4395 1114 4448 ὁ
1145 4392 1283 4459 ἄξιος
1316 4395 1720 4474 προϐεϐλήσοω,

333 4569 457 4648 κγ’.
493 4570 654 4626 Παντὶ
683 4576 760 4642 τῷ
789 4569 972 4646 κλήρῳ
1001 4573 1066 4628 τὰ
1108 4578 1206 4641 τῆς
1263 4575 1548 4642 ἐκκλησίας
1591 4579 1737 4653 Θέμις
1780 4578 1901 4638 δια-

262 4660 636 4738 γινώσκεσθαι,
692 4659 784 4715 ’ίνα
858 4671 950 4719 τοῦ
1030 4664 1324 4725 ἐπισκόπου
1385 4665 1762 4743 τελευτῶντος,
1838 4672 1903 4727 τὰ

264 4751 441 4806 οἰκεῖα
470 4749 568 4814 τῆς
613 4747 892 4814 ἐκκλησίας
951 4748 1367 4832 διαφυλάττηται
1406 4773 1418 4785 ·
1479 4758 1544 4811 τὰ
1574 4755 1628 4813 δὲ
1659 4770 1750 4819 τοῦ
1779 4760 1901 4818 ἐπι-

263 4839 469 4894 σκόπου
498 4837 634 4892 κατὰ
662 4838 760 4904 τὴν
803 4840 1004 4895 ἐκείνου
1033 4840 1298 4917 διοικῇται
1328 4842 1587 4910 διάταξιν,

338 4924 448 4986 κδ’.
499 4933 682 5002 Κύριος
729 4929 755 4982 ὁ
807 4928 1092 4992 ἐπίσκοπος
1129 4938 1235 4988 τῶν
1291 4935 1388 5000 τῆς
1442 4934 1728 5012 ἐκκλησίας
1774 4939 1909 4996 ἕστω

261 5016 594 5091 πραγμάτων
629 5033 644 5048 ⁸
705 5017 748 5070 εἰ
791 5014 844 5071 δὲ
908 5019 984 5092 μὴ
1042 5023 1305 5097 ἱκανοῖτο,
1351 5036 1469 5086 τοῖς
1512 5027 1778 5084 ἱκανοῦσιν
1807 5033 1904 5087 αὐ-

261 5111 394 5179 τῶν,
443 5104 511 5160 τὰ
570 5100 625 5158 δὲ
677 5105 967 5183 πράγματα
1024 5112 1110 5166 καὶ
1167 5113 1290 5176 τοὺς
1328 5112 1519 5182 πόρους
1582 5115 1903 5188 μεταϐάλλοι

263 5197 361 5260 τῆς
416 5191 730 5280 ἐκκλησίας,
768 5195 846 5268 μὴ
905 5198 1040 5270 μετὰ
1082 5200 1305 5276 γνώμης
1363 5210 1456 5260 τοῦ
1511 5203 1734 5280 κλήρου,
1790 5210 1904 5262 εἰσ-

262 5283 574 5362 πραττὼθω
631 5279 778 5346 δίκας
835 5288 967 5362 πρὸς
1025 5291 1123 5352 τῆς
1197 5289 1435 5352 συνόδου,
1490 5294 1542 5349 Εἰ
1705 5299 1790 5352 καὶ
1840 5299 1906 5354 τὰ

264 5376 484 5440 πένησιν
529 5371 851 5450 ὄφειλόμενα
895 5377 968 5430 εἷς·
1024 5377 1210 5436 ἑαυτὸν
1241 5384 1616 5460 σφετερίζεται,
1653 5385 1738 5440 καὶ
1769 5385 1905 5443 οὕτω

267 5467 330 5540 τῇ
369 5461 572 5535 συνόδῳ
605 5459 765 5538 λόγον
795 5462 1115 5532 ἀποδιδότω,

1549 235 1880 312 EPITOME
1921 231 2316 311 CANONUM.

867 389 897 441 ὃ
953 385 1007 442 δὲ
1059 392 1211 442 τοῦτο
1269 385 1482 456 τολμῶν
1536 386 1886 462 ὑπερϐαίνειν,

2019 399 2086 443 oc
2149 383 2381 454 audeat,
2442 381 2801 461 deponatur.
2849 366 3029 440 Urbis
3105 373 3427 456 episcopus
3482 371 3624 435 facit

3503 221 3621 298 262

1978 473 2507 552 chorepiscopum.

2062 650 2154 712 Η.
2187 648 2243 712 Si
2269 652 2606 730 episcopus,
2640 655 2738 709 aut
2768 646 3078 727 presbyter
3128 651 3340 723 sponte
3390 659 3458 702 ac
3493 638 3626 730 sine

1979 729 2768 819 provincim’metrOpolitani
2795 737 2966 815 jussu
3001 736 3424 814 imperatorem
3450 729 3622 791 adie-

1976 827 2073 903 rit,
2110 828 2534 891 communione
2558 845 2625 889 ac
2649 827 2942 905 dignitate
2969 823 3226 886 excidat.

2058 1004 2154 1067 l2.
2192 1005 2503 1085 Depositus
2534 1005 2583 1065 si
2615 1003 2947 1066 molestiam
2982 1001 3357 1081 imperatoris
3374 997 3625 1066 auribus

1977 1094 2273 1168 exhibeat,
2303 1093 2590 1174 synodum
2626 1094 2912 1172 majorem
2957 1099 3136 1170 petat,
3190 1091 3478 1175 illiusque
3507 1090 3621 1151 de-

1976 1189 2138 1244 creto
2161 1189 2298 1243 stet.
2332 1181 2501 1253 Quod
2533 1182 2580 1242 si
2620 1197 2829 1242 rursus
2857 1177 3222 1257 indignetur,
3254 1183 3518 1262 pristinae
3539 1177 3628 1238 di-

1977 1271 2218 1350 gnitatis
2249 1269 2672 1350 recuperandae
2702 1268 2864 1330 nulla
2895 1268 2949 1330 ei
2981 1287 3118 1349 spes
3146 1287 3281 1332 esse
3308 1277 3528 1352 potest.

2062 1360 2155 1421 l3.
2193 1357 2253 1422 Si
2286 1360 2528 1421 nemine
2547 1367 2791 1436 rogante
2823 1356 3140 1436 episcopus
3171 1357 3232 1418 in
3264 1359 3438 1420 aliam
3472 1375 3618 1438 pro-

1979 1449 2231 1510 vinciam
2257 1466 2322 1509 se
2353 1447 2640 1520 conferat,
2677 1446 3030 1524 ordinetque
3062 1463 3129 1507 ac
3182 1465 3281 1508 res
3331 1447 3626 1508 adminis-

1985 1546 2096 1600 tret
2131 1557 2144 1599 :
2183 1538 2310 1616 ipsa
2334 1537 2502 1598 irrita
2537 1543 2798 1612 manent,
2834 1543 3012 1613 atque
3036 1533 3137 1596 ille
3161 1533 3525 1616 deponetur.

2066 1717 2164 1778 14.
2199 1714 2261 1778 Si
2293 1723 2567 1778 accusata
2599 1714 2880 1795 episcOpo
2907 1712 3226 1792 provincias
3252 1719 3517 1796 episcopi
3540 1719 3628 1776 in-

1987 1813 2079 1867 ter
2107 1823 2172 1866 se
2203 1803 2568 1886 discrepent,
2604 1802 2706 1864 alii
2755 1810 2892 1864 sunt
2925 1821 2956 1863 e
3007 1801 3215 1863 vicinis
3253 1803 3401 1865 locis
3435 1802 3624 1866 advo-

1985 1894 2159 1956 candi
2190 1894 2262 1956 ad
2288 1893 2757 1956 controversiam
2794 1902 2957 1953 certo
2991 1891 3414 1953 dirimendam.

2069 1985 2165 2048 15.
2211 1983 2505 2045 Accusato
2560 1987 2870 2063 episcopo,
2923 1980 2972 2041 si
3004 1980 3272 2042 omnium
3308 1981 3632 2060 provincias

1985 2075 2403 2154 episcOporum
2437 2072 2750 2133 sententia)
2777 2069 3110 2132 concordes
3161 2069 3301 2144 sint,
3357 2071 3632 2133 redinte-

1985 2163 2178 2242 gratio
2209 2161 2459 2224 actionis
2491 2179 2610 2223 non
2641 2161 2844 2221 datur.

2073 2253 2168 2312 l6.
2195 2251 2302 2325 Qui
2331 2251 2478 2313 citra
2510 2253 2798 2328 integram
2842 2249 3161 2328 synodum,
3215 2257 3392 2329 atque
3437 2249 3631 2328 ipsum

1987 2341 2508 2421 metropolitanum
2542 2339 2604 2400 in
2654 2346 2955 2399 vacantem
3017 2337 3331 2400 ecclesiam
3382 2337 3630 2416 invadit,

1987 2431 2254 2512 quamvis
2281 2429 2410 2509 ipse
2445 2445 2693 2490 munere
2723 2434 2916 2506 vacet,
2951 2426 3282 2504 ejiciendus
3314 2436 3424 2489 est.

2073 2523 2166 2581 17.
2203 2518 2315 2591 Qui
2340 2525 2614 2596 suscepto
2643 2515 2854 2578 ordine
2876 2520 2948 2575 ab
2973 2533 3041 2575 eo
3065 2513 3632 2588 resilit,excommu-

1991 2615 2241 2684 nicatur,
2277 2624 2591 2687 quousque
2616 2603 2963 2686 paenitentia
2994 2603 3206 2665 ductus
3247 2623 3464 2668 munus
3491 2621 3629 2666 sns-

1990 2700 2190 2779 cipiat.

2071 2787 2166 2849 l8.
2200 2789 2537 2867 Episcopus
2561 2784 2866 2847 ordinatus
2892 2784 3120 2844 honore
3145 2782 3398 2854 fruatur,
3429 2783 3569 2846 licet
3594 2802 3631 2846 a

1986 2878 2220 2939 civitate
2266 2897 2384 2938 non
2413 2875 2760 2954 recipiatur,
2791 2882 3137 2953 tantumque
3192 2891 3405 2935 munus
3459 2872 3633 2936 obeat

1984 2975 2336 3047 exspectans
2367 2962 2652 3046 quidquid
2688 2962 3006 3042 provinciae
3044 2961 3309 3040 synodus
3355 2981 3628 3042 pronun-

1921 3066 1932 3072 '
1987 3057 2250 3118 tisverit.

2068 3147 2165 3207 19.
2193 3145 2434 3224 Absque
2461 3142 2688 3222 synodo
2715 3149 2771 3201 et
2797 3140 3254 3220 metropolitano
3284 3159 3358 3203 ne
3383 3142 3486 3204 ﬁat
3509 3147 3632 3223 epi-

1986 3253 2222 3314 scopus.
2258 3235 2321 3295 Si
2352 3244 2550 3294 autem
2605 3238 2852 3310 propter
2907 3229 3166 3308 aliquam
3217 3229 3628 3294 difficultatem

1987 3344 2104 3386 non
2138 3323 2526 3384 convenerint
2551 3337 2784 3392 omnes,
2821 3318 3059 3380 interim
3106 3317 3304 3397 plures
3338 3319 3428 3379 vel
3461 3321 3628 3382 litte-

1985 3413 2069 3475 ris
2097 3412 2587 3474 assentiantur.Si
2622 3425 2758 3467 vero
2791 3424 2855 3466 re
2886 3407 2963 3466 ita
2995 3414 3231 3486 peracta
3258 3409 3630 3471 contendant

1988 3503 2195 3578 aliqui,
2233 3501 2490 3580 plurium
2517 3496 2854 3574 suffragium
2884 3496 3096 3556 valeat.

2068 3592 2167 3652 20.
2199 3591 2552 3670 Episcopus,
2581 3588 2691 3648 nisi
2717 3585 2825 3644 via
2849 3585 3082 3664 populis
3113 3584 3277 3646 illata
3308 3594 3365 3647 et
3394 3585 3468 3648 ab
3496 3587 3626 3667 epi-

1988 3681 2187 3760 scopis
2217 3686 2480 3758 cogatur,
2517 3679 2577 3737 in
2628 3675 2800 3736 aliam
2849 3673 3171 3752 parceciam
3215 3693 3290 3735 ne
3342 3684 3625 3741 transeat.

2069 3859 2163 3920 21.
2200 3856 2526 3938 Episcopus
2552 3874 2618 3916 ex
2653 3854 2802 3916 urbe
2833 3855 2892 3914 in
2923 3852 3130 3916 urbem
3162 3854 3234 3915 ad
3259 3853 3623 3918 ordinandas

1987 3947 2217 4029 aliquos
2240 3965 2312 4008 ne
2345 3946 2541 4016 abeat,
2578 3951 2970 4025 praeterquam
3030 3943 3105 4004 de
3151 3942 3317 4004 urbis
3364 3946 3631 4027 episcopi

1987 4038 2304 4099 sententia.
2358 4035 2460 4098 Sin
2493 4053 2657 4107 vero,
2693 4033 2948 4094 invalida
2987 4041 3076 4094 est
3106 4032 3425 4111 ordinatio,
3459 4033 3630 4114 ipse-

1987 4145 2105 4204 que
2130 4125 2359 4206 judicio
2393 4123 2708 4186 obnoxius.

2069 4220 2164 4276 99..
2201 4215 2531 4296 EpiscOpus
2590 4217 2647 4272 in
2697 4211 2854 4273 exitu
2905 4213 3034 4272 vitae
3063 4212 3421 4274 constitutus
3449 4212 3630 4276 alium

1989 4326 2094 4388 pro
2122 4325 2185 4368 se
2218 4305 2562 4386 episcopum
2599 4321 2674 4363 ne
2698 4301 3013 4362 constituat
3041 4320 3054 4364 :
3090 4311 3402 4382 postquam
3426 4313 3629 4366 autem

1987 4397 2090 4458 ille
2122 4394 2538 4467 obdormierit,
2566 4409 2698 4454 cum
2744 4409 2949 4452 eorum
2983 4390 3083 4472 qui
3131 4399 3479 4471 potestatem
3517 4391 3628 4454 ha-

1989 4486 2131 4546 bent
2170 4491 2484 4555 conventu,
2522 4482 2734 4558 dignus
2763 4489 3024 4542 creetur.

2066 4573 2168 4636 93.
2201 4573 2330 4634 Toti
2364 4572 2524 4633 clero
2549 4589 2646 4632 res
2677 4570 2947 4632 ecclesiae
2977 4589 3340 4649 cognoscere
3373 4569 3532 4648 licet,
3566 4580 3630 4632 ut

1987 4663 2315 4725 decedente
2346 4661 2654 4740 episcopo,
2689 4659 2959 4721 ecclesiae
2989 4678 3122 4742 quae
3161 4679 3267 4722 sua
3299 4670 3438 4722 sunt
3491 4680 3630 4722 con-

1986 4761 2297 4814 serventur
2334 4772 2348 4826 ;
2382 4768 2513 4831 quae
2568 4766 2710 4810 vero
2762 4757 2901 4810 sunt
2951 4749 3240 4830 episcopi,
3272 4750 3439 4830 juxta
3469 4748 3630 4810 illius

1989 4843 2440 4922 dispositionem
2475 4838 2985 4901 administrentur.

2069 4931 2168 4992 24.
2210 4931 2543 5011 Episcopus
2601 4947 2800 4990 rerum
2851 4931 2921 4990 ad
2957 4929 3276 4992 ecclesiam
3315 4927 3628 5007 pertinen-

1991 5021 2133 5082 tium
2171 5030 2527 5102 potestatem
2561 5018 2812 5080 habeat:
2849 5019 2898 5078 si
2959 5027 3157 5080 autem
3217 5037 3335 5079 non
3366 5017 3444 5079 sit
3478 5037 3631 5080 con-

1992 5119 2188 5172 tentus
2219 5111 2292 5171 iis
2322 5129 2453 5192 quaa
2482 5107 2805 5180 sufﬁciunt,
2840 5125 2938 5169 res
2985 5126 3118 5168 vero
3152 5126 3221 5168 ac
3264 5107 3491 5168 reditus
3524 5126 3630 5170 ec-

1991 5201 2188 5262 clesiae
2244 5201 2304 5260 in
2351 5200 2579 5260 alienos
2637 5216 2775 5259 usus
2826 5197 3162 5272 transferat,
3229 5196 3454 5278 absque
3485 5197 3633 5260 cleri

1989 5288 2486 5369 consilio,synodi
2514 5287 2810 5367 judicium
2846 5285 3144 5348 subeat.Si
3178 5305 3318 5349 vero
3350 5305 3420 5349 ea
3450 5288 3630 5350 etiam
3681 5294 3686 5300 ’

1988 5401 2117 5464 qua;
2151 5377 2515 5463 pauperibus
2560 5376 2875 5449 debentur,
2928 5375 3038 5436 sibi
3088 5376 3202 5457 ipsi
3235 5377 3514 5455 vindicet,
3549 5379 3632 5445 ita

1989 5473 2166 5537 etiam
2201 5469 2425 5550 synodo
2455 5473 2742 5528 rationem
2773 5465 3006 5527 reddat.
