4004 6138
352 197 472 273 263

532 335 814 416 Epitome
845 351 1154 398 canonum
1187 335 1408 416 synodi
1441 335 1812 399 Laodicenis.

439 433 495 492 1.
529 429 807 507 Bigamus
829 428 879 489 si
909 447 1025 489 non
1051 429 1281 490 occulte
1307 427 1750 490 matrimonium
1771 427 2000 509 inierit,

355 520 456 583 ubi
492 519 792 600 paululum
836 535 1036 598 poenas
1056 516 1333 592 subierit,
1371 519 1573 580 insons
1604 518 1916 581 habeatur.

435 615 496 672 2.
533 608 644 682 Qui
675 606 851 668 variis
883 606 1120 670 delictis
1155 605 1426 669 obstricti
1449 615 1608 683 sunt,
1643 609 1689 668 si
1726 606 1800 668 iis
1828 607 2000 687 agni-

354 700 430 762 tis
458 699 876 777 conﬁteantur,
931 715 1000 758 ac
1051 714 1159 776 pro
1188 713 1394 758 eorum
1426 698 1660 759 ratione
1697 697 1995 778 pmniten-

354 789 496 851 tiam
523 793 720 866 agant,
757 785 932 848 facile
954 785 1352 864 recipiuntur.

434 877 497 940 3.
522 877 761 940 Recens
792 873 1184 950 illuminatus,
1215 873 1403 936 sacris
1433 873 1744 938 ordinibus
1768 894 1887 938 non
1910 884 1999 938 est

356 966 636 1030 idoneus.

435 1055 497 1117 4.
531 1051 824 1118 Sacerdos
853 1053 1064 1114 fenora
1094 1071 1213 1113 non
1244 1053 1484 1134 accipit.

433 1144 495 1206 5.
523 1140 946 1208 Ordinationes
976 1159 1179 1204 coram
1211 1141 1590 1205 audientibus
1619 1150 1844 1205 tantum
1880 1162 1998 1206 non

353 1235 525 1297 ﬁunt

433 1324 494 1387 6.
524 1320 836 1385 Haereticis
866 1339 1036 1384 sacra
1065 1321 1227 1384 aedes
1260 1321 1593 1386 inaccessa.

437 1414 493 1474 7.
524 1410 830 1473 Novatiani
880 1419 940 1472 et
993 1409 1546 1492 Quartodecimani,
1605 1413 1720 1475 nisi
1752 1422 2000 1476 caeteras

352 1499 613 1565 hereses
643 1518 933 1582 suamque
962 1499 1389 1580 abjurent,non
1418 1510 1557 1562 sunt
1586 1502 1996 1583 stiscipiendi:

358 1599 488 1673 post
517 1597 715 1654 tamen
747 1590 1182 1670 abjurationem
1219 1591 1401 1666 uncti,
1439 1593 1907 1656 communicent.

436 1770 495 1831 8.
522 1769 785 1850 Phryges
819 1768 1224 1847 paenitentiam
1255 1778 1500 1848 agentes
1548 1771 1746 1833 denuo
1803 1770 2000 1852 bapti-

355 1857 856 1932 zandisunt,licet
876 1857 1037 1938 apud
1065 1857 1199 1919 illos
1229 1857 1288 1918 in
1322 1858 1547 1920 clerum
1579 1861 1999 1941 cooptatisint.

433 1949 496 2012 9.
530 1947 640 2020 Qui
670 1947 731 2008 in
766 1947 1128 2009 cmmeteriis
1161 1955 1218 2008 et
1250 1948 1550 2029 martyriis
1578 1950 2000 2012 lmreticorum

356 2048 508 2116 orat,
541 2033 1096 2098 excommunicatus
1129 2046 1244 2100 est.

435 2128 535 2190 10.
569 2125 778 2191 Viduas
807 2126 1075 2188 seniores
1115 2125 1177 2187 in
1207 2127 1464 2190 ecclesia
1497 2147 1573 2190 ne
1602 2129 1996 2210 baptizantor.

437 2218 536 2280 11.
569 2217 718 2278 Cum
749 2215 1034 2278 haeretica
1065 2215 1414 2278 afﬁnitatem
1447 2237 1522 2280 ne
1553 2219 1889 2282 contrahas.

437 2305 535 2370 12.
555 2303 665 2378 Qui
695 2303 815 2366 ﬁde
835 2323 904 2368 ac
933 2305 1064 2367 vitae
1088 2304 1322 2368 ratione
1345 2306 1801 2387 probatissimus
1822 2318 2000 2390 atque

354 2394 795 2459 eruditissimus
826 2401 938 2468 est,
1001 2393 1256 2456 idoneus
1305 2402 1395 2457 est
1423 2397 1526 2476 qui
1562 2399 1619 2459 in
1653 2397 2001 2479 episcopum

356 2485 636 2548 elibatur.

438 2577 536 2638 13.
571 2575 623 2637 Α
656 2572 1045 2638 saecularibus
1073 2574 1330 2651 electus,
1367 2592 1487 2638 non
1513 2584 1603 2638 est
1633 2578 2004 2641 ordinandus

355 2665 694 2746 episcopus.

439 2754 539 2816 14.
572 2754 788 2815 Sancta
809 2752 882 2814 ad
916 2752 1094 2815 aliam
1129 2753 1446 2833 parmciam
1476 2753 2001 2836 mitti,indignum.

437 2844 538 2905 15.
572 2841 786 2906 Nullus
817 2842 880 2904 in
925 2840 1250 2904 ambonem
1283 2842 1577 2924 ascendit,
1633 2845 1900 2926 exceptis
1933 2847 2006 2909 iis

355 2932 456 3015 qui
482 2931 558 2996 de
587 2932 800 2995 codice
828 2932 1058 3010 legunt.

1515 199 1897 266 SYMEONIS
1947 196 2565 266 MITAPHRASTA'I.

3607 201 3737 268 264

2251 336 2519 412 Ἐπιτομὴ
2547 335 2784 394 κανόνων
2808 343 2907 404 τῆς
2939 337 2994 393 ἐν
3029 336 3306 411 Λαοδικείᾳ
3333 338 3570 400 συνόδου.

2163 429 2236 493 α’.
2289 426 2345 489 Ὀ
2405 437 2481 506 μή
2545 430 2706 510 λάθρα
2756 433 3006 507 γαμήσας
3065 431 3324 510 δίγαμος,
3390 432 3541 512 ὀλίγα
3599 446 3730 496 τοῖς

2082 521 2370 595 ἰπιτιμίοις
2404 519 2701 600 σχολάσας,
2739 519 3012 585 ἀνεύθυνος
3027 563 3042 580 .

2161 609 2235 684 β’.
2279 612 2336 666 Οἱ
2393 607 2660 689 διαφόροις
2717 610 3048 687 ἀγνοήμασιν
3094 608 3418 683 ἑαλωκότες,
3481 613 3525 666 εἰ
3586 614 3728 667 ἔπι-

2081 698 2297 776 γνόντες
2326 700 2706 778 ὁμολογοῐντο,
2757 696 3032 776 ἀναλόγως
3092 699 3433 774 μετανοόϊεν,
3486 698 3735 777 εὐπρόσ-

2083 785 2285 848 δεκτοι.

2162 875 2237 953 γ’,
2288 869 2346 934 Ὀ
2377 877 2754 958 νεοφώτιστος,
2789 876 3186 956 ἀνιεράτευτος.

2159 1053 2226 1116 δ’.
2275 1057 2470 1121 Τόχους
2511 1057 2771 1134 ἱερατικὸς
2933 1056 2994 1117 d.
3029 1056 3116 1135 οὗ]
3149 1046 3436 1131 λαμϐάνει.

2159 1147 2227 1208 ε’.
2276 1148 2336 1203 Αἱ
2367 1147 2688 1225 χειροτονίαι
2718 1145 2802 1202 ἐπ’
2846 1145 3208 1224 ἀκροωμένοις
3255 1148 3312 1203 οὔ
3341 1148 3604 1224 γίνονται.

2160 1324 2240 1398 ς’
2270 1326 2567 1404 Αἱρετικοτς
2591 1326 2651 1395 το
2674 1324 2813 1402 ἱερὸν
2838 1321 3179 1386 ἀνεπίϐατον.

2161 1411 2231 1484 ζ’.
2279 1415 2594 1472 Ναυατιανοὶ
2651 1415 2738 1470 καὶ
2795 1411 3479 1490 Τεσσαρεσκαιδεκατϊται,
3543 1413 3589 1469 εἱ
3646 1414 3732 1488 μὴ

2082 1502 2176 1567 τάς
2230 1523 2287 1558 τε
2343 1500 2508 1566 ἄλλας
2555 1501 2773 1580 αἱρέσεις
2833 1501 3286 1576 ἀναθεματίζοιεν,
3349 1504 3431 1559 διαὶ
3489 1502 3588 1569 τὴν
3635 1504 3731 1560 οἷ-

2084 1593 2251 1665 κείαν,
2309 1590 2678 1670 ἀπρόσδεκτοι.
2728 1592 2872 1647 Μετά
2913 1589 3091 1664 μέντοι
3153 1594 3212 1646 τὸ
3257 1589 3492 1666 ἀνάθεμα
3555 1593 3731 1670 χριό-

2022 1695 2066 1749 Β
2086 1703 2268 1755 μενοι,
2304 1682 2747 1740 κοινωνείτωσαν.

2175 1772 2255 1840 η’.
2299 1773 2506 1849 Φρύγας
2583 1769 2914 1846 μεταμέλους
2981 1767 3455 1844 ἀναϐαπτίζεσθαι,
3530 1770 3574 1826 εί
3635 1769 3736 1826 καὶ

2087 1861 2212 1942 παρ’
2248 1863 2464 1925 ἐκείνοις
2492 1859 2886 1938 κεκλήρωνται,

2163 1953 2210 2010 θ’
2257 1945 2314 2010 Ὀ
2397 1954 2768 2028 κοιμητηρίοις
2856 1951 2942 2007 καὶ
3042 1949 3346 2028 μαρτυρίοις
3445 1949 3734 2026 αἱρετικων

2087 2043 2477 2122 ἐπευχόμενος,
2522 2041 2911 2106 ἀκοινώνητος.

2163 2131 2223 2194 ι’,
2271 2130 2611 2209 Πρεσϐότιδες
2635 2129 2687 2186 ἐν
2719 2128 2975 2202 ἐκκλησίᾳ
3005 2130 3081 2205 μὴ
3113 2128 3565 2201 βαπτιζέσθωσαν.

2166 2218 2261 2280 ια’.
2311 2222 2573 2298 Αἰρετικῷ
2601 2220 2679 2294 μὴ
2707 2217 3058 2280 συνάλλασσε.

2165 2310 2258 2388 ιβ’.
2307 2300 2365 2367 Ὀ
2425 2309 2596 2366 πίστει
2667 2309 2755 2364 καὶ
2826 2307 3066 2379 πολιτείᾳ
3143 2304 3566 2382 εὖδοδιιμώτατος
3629 2304 3734 2362 καί

2085 2400 2434 2480 λογιώτατος,
2464 2395 2765 2468 ἰπιτήδειος
2799 2399 2869 2462 εἷς
2903 2397 3221 2457 ἐπίσκοπον.

2169 2575 2262 2657 ιγ’.
2312 2575 2681 2639 Ἀνεπίλεκτος
2715 2578 2742 2632 ὁ
2771 2587 3060 2652 κοσμικοτς
3090 2574 3468 2653 ἐκλεγόμενος.

2167 2754 2256 2816 ιδ’.
2307 2755 2708 2830 Διαπεμπὲσθαι
2737 2756 2800 2814 τὰ
2832 2753 2959 2834 ἅγια
3001 2756 3076 2818 εἰς
3127 2753 3430 2832 παροικίαν,
3485 2751 3723 2819 ἀνάξιον,

2166 2845 2255 2904 ιε’.
2306 2847 2362 2902 Εἰ
2393 2846 2470 2921 μὴ
2503 2844 2606 2902 ἀπὸ
2635 2843 2897 2926 διφθέρας,
2931 2842 3094 2908 οὐδεὶς
3124 2840 3505 2918 ἆμόωνίζεται.

436 3022 534 3086 46.
563 3020 883 3100 Evangelia
911 3030 1091 3103 atque
1113 3022 1367 3104 apostoli
1398 3023 1672 3103 legantur
1701 3023 1996 3092 Sabbatis.

2167 3023 2288 3098 ις’.
2338 3021 2638 3102 Εὖαγγέλια
2698 3023 2785 3078 καὶ
2841 3020 3130 3080 ἀπόστολοι
3181 3018 3731 3100 ἀναγινωσκέσθωσαν

439 3203 540 3267 17.
569 3203 634 3264 In
667 3199 1056 3264 conventibus
1107 3201 1397 3266 lectiones
1447 3201 1711 3283 psalmos
1742 3205 2000 3267 interse-

361 3300 525 3356 cent.

441 3381 542 3443 18.
576 3379 754 3443 Horis
783 3380 972 3444 Nonis
1003 3397 1074 3442 ac
1107 3378 1392 3462 Vesperis
1414 3381 1641 3446 eaedem
1673 3402 1884 3465 preces
1908 3402 2007 3466 pe-

355 3479 661 3551 ragantur.

437 3563 539 3622 19.
572 3563 716 3624 Post
743 3561 1310 3624 catechumenorum
1345 3563 1676 3626 orationem
1707 3565 2009 3645 paeniten-

360 3652 504 3713 tium
536 3667 744 3730 preces
777 3650 1120 3725 oﬁ‘erantur,
1161 3660 1367 3733 postea
1417 3672 1557 3716 vero
1588 3653 1857 3716 ﬁdelium
1893 3676 1906 3718 :
1941 3674 2011 3718 ac

361 3747 494 3819 post
525 3757 728 3818 pacem
787 3737 1008 3800 oblatio
1070 3740 1190 3820 ﬁat,
1246 3739 1390 3802 solis
1445 3742 1864 3806 sacerdotibus
1897 3764 2006 3825 pro

361 3835 646 3906 suggestu
680 3828 1055 3891 sedentibus.

439 3914 539 3977 20.
579 3914 878 3978 Diaconus
909 3915 1024 3976 nisi
1051 3915 1258 3994 jussus
1289 3916 1517 3979 sedeat.

445 4005 546 4066 2i.
579 4003 733 4064 Vasa
763 4001 1037 4065 minister
1067 4022 1142 4066 ne
1175 4011 1402 4082 tangat,
1447 4023 1642 4086 neque
1673 4007 1833 4069 enim
1868 4026 2006 4070 ora-

368 4091 520 4158 rium
559 4091 848 4157 induitur.

447 4183 548 4246 22.
582 4184 802 4245 Cantor
827 4188 888 4244 et
917 4181 1108 4244 lector
1139 4201 1256 4245 non
1283 4183 1480 4248 lerunt
1505 4186 1794 4252 orarium.

449 4357 762 4424 23.0mnis
779 4357 1035 4422 clericus
1052 4378 1382 4442 cauponam
1404 4362 1642 4443 ingredi
1666 4384 1786 4428 non
1803 4364 2009 4431 debet.

449 4453 550 4515 24.
583 4449 804 4510 Panem
832 4457 893 4511 et
924 4448 1171 4512 calicem
1208 4451 1482 4515 minister
1511 4473 1629 4515 non
1662 4455 1788 4520 dat.

449 4540 550 4603 25.
585 4537 715 4600 Non
749 4537 1092 4614 exorcissat,
1117 4539 1231 4601 nisi
1260 4542 1358 4623 qui
1381 4541 1457 4604 ab
1486 4545 1770 4626 episeopo
1797 4546 1874 4609 ad
1897 4546 2012 4609 hoc

368 4648 588 4694 munus
621 4635 934 4710 provectus
957 4639 1070 4694 est.

448 4721 549 4783 26.
581 4717 672 4781 Ab
703 4718 874 4781 altari
906 4719 1165 4783 clericus
1197 4729 1392 4802 partes
1423 4743 1540 4786 non
1577 4726 1780 4790 offert.

447 4813 548 4876 27.
583 4810 906 4875 Accubitus
939 4818 997 4872 et
1025 4810 1240 4894 Agapm
1271 4812 1331 4876 in
1363 4817 1635 4879 ecclesiis
1667 4836 1788 4880 non
1840 4817 2010 4881 ﬁunt.

450 4991 551 5057 28.
588 4989 958 5054 Christianus
981 5007 1056 5052 ne
1078 4990 1544 5071 sabbatizet,sed
1574 4997 1765 5077 prima
1787 4997 1903 5059 hoc
1927 5005 2018 5060 est

368 5080 678 5145 Dominica
705 5081 804 5142 die
835 5080 1108 5143 ferietur.

446 5172 548 5233 99.
582 5167 727 5232 Cum
761 5169 1117 5233 mulieribus
1143 5171 1324 5235 lavari
1351 5175 1541 5238 nefas.

449 5259 549 5321 30.
582 5258 933 5338 Accipiendi
983 5266 1144 5334 sunt,
1212 5280 1330 5324 non
1363 5262 1544 5326 dandi
1596 5263 1894 5328 haereticis
1950 5266 2014 5327 in

371 5346 819 5408 matrimonium
855 5348 1052 5411 liberi.

452 5431 551 5494 31.
585 5431 1011 5497 Haereticorum
1065 5437 1520 5506 benedictiones
1554 5443 2014 5509 maledictiones

373 5527 512 5583 sunt
540 5522 878 5584 censenda.

2032 4420 2081 4474 D

2085 3126 2204 3179 τοῖς
2237 3111 2528 3174 Σάϐϐασιν.

2169 3201 2259 3275 ιζ’.
2306 3200 2396 3261 Ἐν
2439 3215 2563 3266 ταῖς
2613 3199 2884 3267 συνάξεσιν
2945 3202 2997 3256 αἱ
3041 3198 3365 3278 ἀναγνώσεις
3409 3199 3530 3263 τοὺς
3578 3198 3730 3276 ψαλ-

2089 3296 2219 3372 μοὺς
2249 3292 2739 3374 περικοπτέτωσαν.

2171 3383 2271 3452 ιη’,
2318 3382 2615 3456 Ἐννάταις,
2651 3380 2898 3461 ἑσπέραις
2930 3383 2981 3438 αἱ
3038 3381 3188 3439 αὐταὶ
3230 3382 3393 3460 εὖχαί
3455 3379 3734 3438 ἐπιτελεί-

2096 3479 2330 3536 σθωσαν,

2173 3563 2265 3626 ιϐ’.
2312 3564 2459 3620 Μετὰ
2515 3563 2613 3631 τὴν
2672 3568 2779 3618 τῶν
2829 3559 3253 3640 κατηχουμίνων
3304 3559 3500 3639 εὐχὴν,
3545 3566 3648 3616 τῶν
3678 3561 3736 3617 ἑν

2094 3654 2346 3731 μετανοίᾳ
2403 3653 2782 3732 προσάγεσθαι,
2827 3649 2924 3708 καί
2980 3649 3116 3724 μετὰ
3146 3655 3302 3706 τοῦτο
3331 3650 3432 3716 τὴν
3484 3655 3589 3707 τῶν
3634 3671 3736 3706 πι-

2094 3751 2232 3802 στῶν
2267 3763 2283 3781 ⁶
2347 3744 2434 3798 καὶ
2489 3743 2624 3818 μετὰ
2693 3741 2932 3819 εἰρήνην,
2983 3740 3082 3807 τὴν
3141 3736 3406 3819 ἀναφοράν
3464 3739 3738 3816 γίνεσθαι,

2093 3835 2497 3912 βηματιζόντων
2529 3831 2707 3907 μόνων
2737 3836 2844 3886 τῶν
2876 3828 3083 3895 ἱερέων,

2170 3923 2248 3985 κ’.
2293 3919 2636 3986 Ἀκὲλευστος
2668 3921 2745 3996 μὴ
2775 3918 3070 3990 καθεζέσθω
3099 3915 3366 3982 διάκονος.

2173 4013 2287 4076 κα’.
2333 4013 2546 4070 Σκευῶν
2574 4009 2842 4086 ὑπηρέτης
2875 4010 2952 4084 μὴ
3002 4008 3222 4064 ἅπτοιτο
3258 4026 3272 4041 ·
3329 4009 3388 4063 οὕ
3444 4007 3544 4085 γὰρ
3590 4006 3742 4085 ὠρά-

2097 4125 2208 4182 ριον
2241 4102 2606 4182 ἀμφιέννυται,

2176 4190 2286 4270 ηδ’.
2333 4191 2558 4258 Ψαλτης
2612 4191 2696 4248 καὶ
2754 4187 3102 4266 ἀναγνώσιης
3159 4190 3219 4244 οὒ
3281 4207 3532 4265 φορουσιν
3584 4185 3740 4263 ὠρά-

2097 4305 2227 4365 ριον.

2175 4370 2286 4449 κγ’.
2330 4355 2502 4431 "Ana;
2534 4367 2789 4444 κληρικος
2822 4363 3217 4435 ἀγαπήλευτος.

2176 4459 2282 4522 κδ’.
2327 4458 2522 4538 (Ἄρτον
2564 4458 2652 4514 καὶ
2682 4456 2939 4532 ποτήριον
2970 4457 2998 4510 ὁ
3028 4453 3299 4532 ὑπηρέτης
3331 4452 3390 4508 οὗ
3419 4449 3652 4508 δίδωσιν.

2177 4549 2280 4612 κε’.
2325 4553 2434 4609 Οὐκ
2485 4546 2742 4626 ἐφοριίζὲι
2801 4547 2828 4602 ὁ
2872 4544 2951 4620 μὴ
3003 4543 3128 4622 παρ’
3179 4543 3474 4600 ἐπισκόπου
3531 4539 3741 4617 ἀγόμε-

2096 4664 2210 4706 νος.

2177 4729 2314 4804 κζ’.
2351 4725 2487 4783 Ἀπὸ
2518 4725 2692 4790 ἑστίας
2722 4722 2976 4801 κληρικὸς
3007 4721 3220 4798 μερίδας
3253 4722 3346 4778 οὗιι
3380 4717 3591 4798 ἄγεται.

2177 4818 2283 4891 κζ’.
2316 4813 2603 4873 ’Λκούϐιτα
2646 4814 2734 4870 καὶ
2779 4813 2978 4892 ἀγάπαι
3027 4809 3112 4869 ἐπ’
3142 4809 3434 4878 ἐκκλησίας
3466 4810 3528 4867 οὗ
3560 4808 3745 4888 γίνον-

2097 4935 2208 4970 ται.

2175 4998 2290 5066 κη’.
2328 4996 2400 5054 0-3
2432 4991 2739 5052 σαϐϐατίσει
2775 4993 3107 5071 Χριστιανὸς,
3159 4987 3297 5046 ἀλλὰ
3359 4985 3622 5068 σχολάσει
3676 4992 3753 5063 τῇ

2101 5090 2154 5148 α’
2187 5088 2387 5167 ἡμέρᾳ,
2420 5086 2585 5162 ἤγουν
2617 5090 2688 5160 τῇ
2718 5089 2978 5163 κυριακῇ.

2178 5165 2538 5240 κθ⁹ξΓυναιξὶ
2568 5175 2674 5232 τῶν
2721 5173 2980 5246 ἀθεμίτων
3027 5168 3412 5229 συλλούσασθαι
3456 5165 3746 5229 κωλυτὲον.

2179 5266 2253 5325 λ’.
2303 5262 2603 5340 Λαμϐἁνειν
2634 5263 2694 5319 οὔ
2737 5261 2933 5318 διδόναι
2973 5274 3090 5325 τοϊς
3133 5260 3425 5337 αἱρετικοϊς
3485 5260 3558 5322 είς
3619 5279 3749 5314 συν-

2099 5358 2285 5438 άφειαν
2329 5354 2514 5416 τέκνα,

2179 5443 2288 5504 λα’.
2335 5443 2578 5522 Ἀλογίαι
2625 5442 2678 5500 αἱ
2713 5441 2820 5499 τῶν
2855 5443 3131 5520 αἱρετικῶν
3164 5438 3425 5518 εὐλογίαι.
