4004 6138
251 308 320 380 155
1470 302 1810 376 EPITOME
1871 303 2264 376 GANONUM.

3437 300 3555 370 266

294 451 380 526 λβη,
423 449 482 508 '0
539 447 971 529 ψευδομάρτυρος
1019 447 1310 528 αἱρετικοὺς
1362 452 1557 523 τιμῶν,
1618 446 1710 515 εἴη
1765 449 1824 503 τὸ

1989 447 2091 510 32.
2125 443 2236 516 Qui
2279 441 2459 505 falsos
2507 440 2924 504 haereticorum
2963 446 3248 521 martyres
3279 440 3556 509 honorat,

242 546 487 706 Ὕὲῗαῖο
550 628 989 707 παρασύνάγων,
1058 627 1148 683 καὶ
1209 625 1485 701 ὀνομάζων
1541 625 1822 704 ἀγγέλους,

230 717 613 796 ιῖδωλολστρειας
645 717 878 784 πλησίον
889 762 902 775 .

281 897 364 959 λδ’,
393 897 496 955 Οἷικ
543 897 696 953 ἕστάι
753 895 953 973 μάγος,
1011 895 1047 962 ἢ
1108 893 1380 967 ἐπαοιδὸς,
1439 893 1472 962 ἢ
1528 895 1824 968 μαθητικὸς

225 988 305 1069 [ἷσ.
342 986 765 1063 μαθηματικὸςι,
812 983 848 1052 ἢ
913 982 1262 1061 ἀστρολόγος,
1319 985 1355 1050 ἢ
1406 983 1736 1063 περιάπτης,
1797 987 1824 1039 ὁ

222 1077 435 1155 ἱερατείαν
465 1076 675 1150 ἐπαγγε
685 1074 942 1148 λλόμενος
955 1121 966 1133 .

275 1167 358 1224 λε’,
406 1168 478 1221 0-3
535 1163 956 1242 συνεορτάσεις,
1012 1160 1129 1220 οὔδε
1186 1158 1486 1226 δεξιωθεεης
1557 1157 1822 1238 Ἐϐραίοις

217 1261 279 1314 καὶ
313 1256 520 1312 ἔθνεσιν.

268 1343 383 1418 λς’.
439 1343 503 1400 Ὀ
550 1343 887 1416 καλούμενος
932 1339 1028 1396 ἐπὶ
1075 1338 1309 1420 σύνοδον,
1362 1337 1458 1394 καῖ
1499 1339 1700 1396 ἀθετῶν

210 1441 267 1510 μή
291 1431 598 1511 ἀνώμαλος,
634 1430 838 1494 αἴτιος.

266 1521 353 1593 λζ’,
415 1520 800 1582 ’Λωνὸνιστος
877 1519 1157 1593 κληρικὸς,
1231 1518 1268 1586 ἢ
1327 1518 1699 1589 ἀνεπίτακτος,
1762 1521 1822 1576 οὗ

207 1615 426 1688 πρόεισιν.

264 1701 342 1766 λη’
387 1700 698 1775 ἰ’πηρὲτης
726 1701 820 1762 τὰς
849 1700 1002 1777 θύρας
1038 1699 1185 1775 ἀφεὶς
1219 1702 1278 1756 οὒ
1309 1700 1694 1778 προσεύχεται.

264 1789 355 1852 λθ’,
389 1791 598 1854 Γυναιξὶ
629 1789 689 1844 τὸ
731 1785 1042 1865 ἱλαστήριον
1072 1783 1290 1849 ἄϐατον,

263 1879 334 1953 μ’.
385 1879 550 1936 Ε’ἕποι
583 1878 684 1944 τὴν
715 1877 891 1933 πίστιν
944 1881 1014 1952 τῇ
1060 1876 1283 1952 πέμπτῃ
1346 1877 1444 1945 τῆς
1476 1872 1764 1951 ἑϐδομάδος
1797 1877 1823 1930 ἱ)

200 1969 562 2044 βαπτιζόμενος
572 2015 588 2028 .

263 2056 368 2131 ρι’.
405 2059 504 2115 Καὶ
537 2056 598 2113 ἐν
629 2057 794 2131 νόσῳ,
827 2056 965 2130 μιτᾶ
995 2056 1195 2136 βραχύ.

265 2145 371 2222 νβ’.
404 2155 486 2222 Τῇ
517 2150 938 2222 Τεσσαρακοστῇ
997 2147 1074 2219 μὴ
1133 2145 1448 2222 προσάγειν,
1509 2143 1646 2219 μηδὲ
1701 2141 1821 2199 διασ-

1781 1338 1824 1394 εἰ

1707 1386 1723 1418 1

1909 537 2249 598 anathema.

1993 625 2091 688 33.
2129 625 2242 698 Qui
2273 622 2504 685 alienos
2525 621 2598 683 ab
2632 621 2888 683 ecclesia
2915 630 3241 684 conventus
3271 621 3409 700 agit,
3445 639 3555 682 an-

1909 715 2298 795 gelorumque
2331 712 2574 774 nomina
2605 711 3224 786 invocat,idololatriae
3251 703 3558 792 proximus

1911 812 2024 868 est.

1986 894 2085 958 54.
2121 891 2228 966 Qui
2253 893 2655 956 sacerdotium
2686 893 3023 973 proﬁtetur,
3059 911 3177 954 non
3211 893 3327 954 erit
3351 909 3556 972 magus
3657 947 3664 956 .

1907 991 2007 1045 aut
2023 984 2481 1049 incantalor,aut
2499 981 3074 1048 mathematicus,aut
3095 983 3555 1060 astrologus,aut

1907 1091 1975 1134 ex
2008 1088 2217 1134 eorum
2250 1089 2499 1133 numero
2531 1071 2635 1148 qui
2669 1070 2926 1132 amuleta
2977 1071 3130 1132 collo
3182 1072 3549 1150 appendunt.

1988 1163 2086 1224 35.
2122 1159 2296 1223 Festa
2321 1180 2439 1222 non
2471 1160 3036 1242 celebrabis,neque
3064 1161 3407 1223 societatem
3442 1163 3552 1223 ini-

1909 1252 2000 1313 bis
2033 1270 2168 1314 cum
2207 1249 2475 1314 Hebraeis
2507 1258 2564 1311 et
2595 1249 2940 1329 gentilibus.

1988 1342 2084 1402 36.
2121 1339 2232 1412 Qui
2289 1347 2532 1402 vocatur
2583 1341 2654 1402 ad
2713 1341 3004 1420 synodum
3061 1350 3119 1403 et
3153 1343 3401 1423 spernit,
3438 1341 3551 1404 nisi

1908 1431 2180 1491 inﬁrmus
2211 1429 2310 1509 sit,
2343 1429 2516 1509 culpa
2545 1447 2665 1490 non
2695 1436 2878 1493 vacat.

1982 1520 2081 1582 37.
2115 1519 2389 1581 Clericus
2449 1519 2579 1581 sine
2638 1519 3146 1583 commendatitiis
3178 1522 3417 1598 litteris,
3454 1528 3553 1583 aut

1904 1608 2167 1688 injussus
2195 1625 2487 1688 nusquam
2526 1608 2940 1688 proﬁciscitur.

1984 1699 2084 1761 38.
2118 1698 2386 1760 Minister
2418 1716 2536 1759 non
2566 1697 2747 1759 debet
2771 1701 2939 1759 ostiis
2971 1699 3198 1761 relictis
3229 1718 3425 1763 orare.

1847 1817 1883 1869 Β
1987 1787 2084 1850 39.
2121 1785 2471 1854 Mulieribus
2504 1787 2691 1848 altare
2723 1787 3122 1851 inaccessum.

1985 1876 2080 1937 40.
2123 1876 2460 1958 Baptizatus
2493 1876 2651 1938 dicat
2685 1876 2864 1940 ﬁdem
2899 1879 3107 1959 quinta
3137 1878 3282 1941 feria
3315 1879 3548 1942 hebdo-

1971 1965 2119 2030 ade}.

1907 1983 1965 2029 ω
1987 2056 2085 2119 41.
2125 2053 2196 2116 Et
2229 2057 2328 2135 qui
2361 2057 2422 2117 in
2458 2054 2664 2117 morbo
2699 2058 3054 2119 constitutus
3087 2068 3175 2120 est
3197 2059 3371 2139 paulo
3395 2069 3548 2140 post.

1987 2145 2085 2205 42,
2127 2143 2591 2224 Quadragesima
2615 2165 2732 2208 non
2751 2155 2984 2227 oportet
3005 2149 3550 2229 oﬂ‘erre,nequeje-

199 2235 317 2292 λύειν
347 2237 599 2308 καθόλου,
633 2234 770 2310 μηδὲ
815 2233 1002 2307 μνείας
1061 2235 1339 2312 μαρτύρων
1385 2233 1587 2308 τελεῖν,
1640 2233 1685 2288 εἰ
1743 2233 1820 2306 μὴ

1960 2233 2136 2295 mium
2168 2235 2412 2294 omnino
2444 2235 3005 2312 dissolvere,neque
3038 2237 3358 2299 memorias
3390 2257 3549 2300 mar-

205 2334 466 2402 Κυριακαῖς
504 2345 566 2380 τε
605 2326 691 2380 καὶ
732 2319 1021 2384 Σάϐϐασιν,

265 2413 371 2490 μγ’.
407 2416 481 2470 Οὔ
510 2412 753 2470 τελεῖται
805 2416 873 2487 τῇ
902 2418 1316 2490 Τεσσαρακοστῇ
1350 2411 1548 2488 γάμος,
1581 2410 1701 2467 οὒδὲ
1728 2430 1822 2488 γε·

205 2501 400 2565 νὲθλιον.

272 2590 371 2664 μδ’,
405 2591 684 2662 Βαλλίζειν
748 2587 862 2668 [ἴσ.
920 2589 1180 2666 ΑὐλίζεινΙ
1231 2588 1286 2646 ἐν
1313 2589 1534 2668 γάμοις,
1569 2587 1606 2656 ἢ
1638 2589 1823 2668 ὀρχεῖ-

205 2684 319 2755 σθαι,
350 2681 564 2746 ἀνάξιον
575 2728 588 2742 ,

271 2769 368 2842 με’.
426 2773 532 2828 Τὸν
584 2767 766 2843 μέντοι
823 2769 1087 2846 ἱερατικὸν
1132 2769 1218 2824 καὶ
1279 2769 1380 2836 πρὸ
1430 2767 1526 2835 τῆς
1587 2766 1823 2843 θυμέλης

211 2857 507 2938 ἀπέρχεσθαι
521 2912 530 2920 ,

273 2947 404 3021 μς.
436 2949 694 3026 Ἐρὰνους
745 2947 862 3004 οὔτε
919 2944 1198 3022 κληρικὸς,
1245 2945 1362 3002 οὔτε
1421 2944 1610 3008 λα’ίκὸς
1657 2945 1824 3022 ’ἐκτε-

210 3034 394 3094 λέσεται
407 3084 419 3096 .

1905 2336 2094 2403 tyrum
2122 2322 2457 2398 celebrare,
2489 2323 2606 2384 nisi
2637 2323 2966 2385 Dominicis
2995 2335 3052 2387 et
3074 2326 3373 2388 Sabbatis.

1986 2413 2086 2474 43.
2123 2411 2586 2493 Quadragesima
2617 2431 2733 2474 non
2758 2413 3141 2476 celebrantur
3166 2415 3406 2496 nuptia,
3436 2434 3548 2480 ne-

1908 2521 2025 2581 que
2061 2503 2350 2565 natalitia.
2630 2512 2632 2515 ’

1987 2594 2086 2654 44.
2126 2590 2300 2654 Tibia
2329 2609 2549 2655 canere
2599 2593 2659 2654 in
2713 2593 2958 2674 nuptiis,
3011 2602 3110 2656 aut
3139 2597 3357 2658 saltare
3386 2596 3550 2659 indi-

1906 2699 2111 2760 gnum.

1987 2771 2085 2833 45.
2117 2769 2193 2833 At
2221 2787 2359 2833 vero
2391 2771 2578 2833 sacris
2626 2772 2984 2834 deservienti
3015 2783 3152 2837 ante
3187 2775 3540 2856 thymelico-

1913 2879 2044 2921 rum
2077 2862 2407 2938 ingressum
2433 2861 2771 2922 abeundum
2805 2872 2918 2926 est.

1989 2949 2087 3013 46.
2127 2950 2404 3012 Convivia
2437 2969 2507 3011 ex
2537 2951 2767 3013 collatis
2827 2950 3110 3032 symbolis
3142 2971 3336 3033 neque
3367 2953 3545 3015 cleri-

1911 3057 2039 3113 cus,
2082 3057 2276 3119 neque
2308 3040 2494 3102 laicus
2518 3040 2862 3104 celebrabit.

273 3127 373 3201 ρξ’.
409 3125 776 3207 Πρεσϐύτερος
830 3126 915 3182 ἐπὶ
970 3125 1213 3202 βήματος
1260 3128 1361 3205 πρὸ
1418 3129 1511 3182 τοῦ
1540 3125 1824 3183 ἐπισκόπου

1994 3130 2109 3224 47.
2134 3127 2450 3210 Presbyter
2479 3130 2538 3191 in
2563 3140 2901 3210 suggestum
2924 3141 3059 3193 ante
3091 3133 3433 3224 episcopum
3469 3151 3546 3197 ne

210 3217 284 3272 οὖα
306 3216 556 3290 εἴσεισιν,
598 3215 716 3274 οὐδὲ
745 3216 996 3282 κάθηται.

274 3307 387 3379 μη’.
432 3310 521 3373 Εἷς
559 3309 751 3382 κώμην
778 3353 796 3380 ,
856 3304 892 3373 ἢ
923 3304 1110 3384 χώραν
1140 3303 1425 3365 ἐπίσκοπον
1459 3302 1570 3383 [ἵσ.
1604 3303 1824 3360 ἐπῖσκο-

209 3392 314 3474 τος]
343 3399 398 3454 οὔ
428 3397 747 3454 καθίσταται
777 3411 792 3426 ·
851 3395 896 3450 εἰ
921 3392 976 3449 δέ
1003 3415 1085 3458 τις
1114 3395 1373 3469 κατέστη,
1407 3395 1536 3470 μήτι
1566 3391 1828 3450 διοικείτω

211 3485 285 3540 τοῦ
320 3485 620 3542 ἐπισκδποδ
649 3481 776 3564 δίχα
803 3482 900 3550 τῆς
933 3483 1168 3549 πόλεως.

271 3571 374 3647 μΘ’.
437 3573 796 3647 Ἐπῖσκοπος,
881 3571 919 3638 ἢ
1003 3570 1352 3652 πρεσϐύτερος
1396 3573 1481 3636 εἷς
1538 3573 1692 3630 οἶκον
1751 3573 1828 3647 μὴ

209 3665 500 3740 προσαγὲτω
531 3662 858 3742 προσφοράν.

274 3753 336 3814 ν’.
368 3750 640 3810 ’ἰδιωτικὰ
669 3749 847 3829 βιϐλὶα
878 3764 1030 3815 ναοῖς
1062 3753 1154 3810 οὒκ
1190 3752 1634 3832 ἀναγινώσκεται,

326 3961 599 4039 Ἐπιτομὴ
625 3961 859 4020 κανόνων
887 3965 984 4027 τῆς
1016 3958 1068 4017 ἐν
1103 3959 1408 4039 Καρθαγὲνη
1437 3959 1675 4023 συνόδου,

275 4053 340 4115 α’.
405 4060 462 4114 Εἰ
526 4054 818 4112 καθέλωσιν
877 4055 1167 4111 ἑπῖσκοπον
1233 4053 1533 4128 ἐπῖσκοποι,
1600 4054 1688 4110 ἐὰν
1737 4057 1827 4111 τὸν

209 4140 402 4220 Ῥὠμης
427 4145 699 4224 ἓγκλητον
730 4143 1013 4221 ἐπάγοιντο
1062 4143 1260 4200 τούτων
1323 4143 1456 4221 μεθ.
1489 4144 1599 4219 sic,
1636 4143 1829 4212 ἔκκλη·

211 4252 284 4288 τον
358 4235 615 4314 ἐπάγοιτο
649 4277 666 4308 ,
741 4240 926 4290 τοῦτον
1005 4232 1378 4313 εὒάκουστον,]
1452 4240 1543 4290 τοῦ
1612 4233 1827 4310 Ῥώμης

213 4324 479 4405 γράφοντος
517 4325 552 4393 ἢ
581 4325 984 4386 ἐπιτάττοντος.

276 4412 340 4486 β’.
375 4413 531 4496 Ἐπεὶ
588 4415 666 4488 μὴ
711 4411 924 4492 εὕρηται
976 4412 1041 4468 τὰ
1097 4413 1169 4477 εἷς
1202 4414 1421 4470 Νἷκαιαν
1453 4414 1824 4496 πεπραγμένα,

1911 3223 2303 3300 ingrediatur,
2343 3237 2535 3298 neque
2565 3225 2789 3284 sedeat.

1990 3311 2086 3372 48.
2127 3309 2192 3370 In
2224 3308 2368 3370 vicis
2399 3322 2497 3371 aut
2529 3311 2693 3390 pagis
2722 3311 3038 3393 episcopus
3067 3330 3186 3372 non
3218 3314 3538 3373 constitui-

1912 3405 2027 3460 tur:
2064 3399 2114 3459 si
2144 3399 2278 3479 quis
2308 3417 2446 3459 vero
2480 3401 2838 3460 constitutus
2870 3402 2967 3476 sit,
3023 3401 3173 3461 nihil
3222 3401 3544 3480 quidquam

1909 3488 2291 3550 administret
2322 3487 2454 3550 sine
2485 3489 2651 3549 urbis
2685 3488 2990 3569 episcopo.

1993 3578 2090 3640 49.
2128 3576 2455 3658 Episcopus
2484 3586 2588 3640 aut
2620 3579 2927 3658 presbyter
2957 3580 3013 3640 in
3043 3577 3284 3658 privatis
3314 3577 3543 3641 {edibus

1910 3685 1985 3730 ne
2016 3667 2242 3726 otl‘erat.

1990 3761 2088 3817 50.
2124 3754 2288 3816 Libri
2318 3775 2352 3817 a
2404 3755 2645 3838 privatis
2701 3758 3013 3838 compositi
3065 3759 3124 3820 in
3157 3758 3395 3839 templis
3426 3776 3545 3832 non

1909 3849 2207 3926 leguntur.

2007 3968 2292 4048 Epitome
2323 3985 2620 4030 canonum
2650 3969 2898 4033 concilii
2931 3970 3449 4049 Carthaginensz's.

1994 4063 2050 4124 l.
2089 4061 2148 4122 Si
2182 4061 2532 4142 episcopum
2565 4063 2827 4143 episcopi
2859 4065 3269 4144 deposuerint,
3309 4065 3357 4124 si
3386 4063 3548 4144 epis-

1910 4171 2126 4232 copum
2154 4155 2485 4214 Romanum
2519 4150 2592 4213 ad
2620 4172 2797 4233 quem
2831 4153 3190 4235 appellatum
3224 4163 3312 4214 est
3339 4171 3547 4215 accer-

1911 4244 2078 4319 serit,
2129 4241 2224 4302 hic
2283 4241 2542 4318 benigne
2597 4243 2955 4313 audiendus,
2987 4242 3360 4306 rescribonte
3392 4261 3545 4322 prae-

1911 4331 2118 4394 sertim
2155 4330 2532 4410 autjubente
2564 4332 2846 4414 pontiﬁce
2871 4332 3163 4396 Romano.

1990 4420 2051 4484 2.
2075 4420 2567 4499 Quandoquidem
2597 4441 2713 4482 non
2737 4427 2977 4486 inventa
2997 4431 3138 4484 sunt
3159 4430 3289 4484 acta
3311 4424 3550 4486 concilii

215 4495 330 4565 ἄξιος
404 4507 431 4559 ὁ
497 4494 710 4578 Ῥῶμης
793 4509 871 4576 τῷ
927 4503 1319 4560 Κωνσταντῖνου
1377 4502 1413 4570 ἢ
1486 4494 1824 4574 Ἀλεξάνδρού

1971 4511 2156 4586 icmni,
2191 4494 2469 4588 dignetur
2498 4517 2816 4592 episcopus
2851 4514 3153 4577 Romanus
3183 4514 3450 4575 scribere
3475 4516 3546 4575 ad

220 4583 277 4663 [Ϊ.
315 4589 722 4669 Ἀλεξανδρίνου]
771 4591 994 4670 γράψαι,
1039 4592 1128 4648 καὶ
1193 4587 1344 4649 λάϐοι
1411 4591 1611 4650 ἐκεῖθεν
1671 4595 1823 4672 αὐτὰ,

1960 4583 2281 4680 ρίεοοριιηῖ
2319 4583 3032 4680 Constantinopolitanum
3068 4603 3157 4663 vel
3190 4603 3546 4663 Alexandri-

216 4679 287 4734 καὶ
310 4679 439 4754 ἡμῖν
466 4681 746 4756 ἐμφανὶσοι

282 4768 350 4845 γ’,
395 4767 747 4842 Πρεσϐύτερος
797 4769 886 4827 καὶ
937 4767 1179 4834 διᾶκονος
1240 4770 1602 4851 ἀφωρισμένος
1648 4772 1824 4831 ἄδειαν

221 4853 316 4936 ἔχει
346 4875 454 4926 τοῖς
487 4861 702 4937 ὁμόροις
749 4858 999 4938 ἐγκαλεῖν
1053 4855 1160 4940 [γρ.
1208 4860 1508 4938 ἐκκαλεῖν].
1556 4863 1614 4920 Εἰ
1645 4863 1824 4939 μέντοι

221 4944 368 5021 οέρειν
422 4947 746 5014 ἀνεξικάκως
809 4950 836 5004 ὁ
904 4948 1158 5027 ἀφορίσας
1187 4997 1204 5022 ,
1268 4951 1328 5005 τὸ
1392 4953 1828 5030 κυρωθησόμενον

219 5032 530 5118 ἐμοφείλεται
546 5087 550 5091 .

285 5123 345 5188 δ’.
396 5130 472 5188 Τὰ
527 5127 885 5208 ἐπιτραπέντα
936 5141 1052 5194 τοῖς
1109 5129 1246 5186 κατὰ
1318 5128 1536 5188 Νίκαιαν
1609 5131 1827 5210 ἅπασιν,

221 5211 447 5290 ἄτρεπτα,

286 5295 346 5366 ε’.
377 5307 535 5367 oath
589 5312 688 5375 τῆς
740 5305 959 5382 Τριάδος
1005 5304 1250 5387 διάφορον
1305 5309 1342 5378 ἢ
1393 5311 1735 5395 γινώσκεται,
1791 5314 1827 5383 ἢ

224 5387 516 5475 διδάσκεται,
547 5398 686 5456 κατᾶ
708 5395 806 5465 τὴν
836 5397 942 5454 τῶν
969 5399 1024 5452 ἐν
1057 5399 1249 5471 Νικαίᾳ
1276 5387 1583 5475 βεϐαἷωσιν.

291 5571 380 5648 ς’.
436 5576 782 5652 Ἐπίσκοπος,
844 5575 932 5635 καὶ
990 5572 1364 5658 πρεσϐύτερος,
1443 5581 1530 5640 καὶ
1587 5580 1830 5652 διάκόνος

514 5713 774 5776 Ριτιιοι..
805 5712 916 5776 Gn.
954 5711 1160 5777 CXIV.

1911 4708 2079 4759 num,
2120 4707 2308 4767 eaque
2339 4688 2480 4749 inde
2511 4689 2781 4769 accipiat,
2810 4690 3101 4773 nobisque
3134 4701 3545 4772 repraesentet.

1989 4780 2045 4842 3.
2085 4776 2403 4859 Presbyter
2424 4788 2482 4840 et
2511 4780 2796 4842 diaconus
2827 4782 3547 4861 segregatus,libertatem

1910 4869 2088 4932 habet
2119 4867 2191 4929 ad
2226 4868 2453 4930 vicinos
2477 4870 2839 4949 appellandi.
2865 4871 3178 4934 Enimvero
3201 4873 3303 4952 qui
3331 4890 3546 4950 segre-

1911 4970 2078 5038 gatus
2109 4957 2220 5018 fuit
2250 4965 2485 5020 tenetur
2515 4977 2681 5041 aequo
2711 4962 2910 5023 animo
2964 4961 3123 5024 ferre
3146 4962 3302 5043 quod
3333 4963 3548 5024 contir-

1914 5058 2137 5110 matum
2161 5045 2366 5111 fuerit.

1993 5139 2056 5201 4.
2088 5136 2230 5210 Quae
2288 5155 2323 5200 a
2373 5140 2624 5202 concilio
2676 5140 2915 5208 Nicaeoo
2946 5143 3226 5207 omnibus
3258 5144 3552 5225 permissa

1910 5232 2072 5304 sunt,
2107 5245 2178 5289 ea
2203 5228 2594 5292 immutabilia
2622 5241 2780 5293 sunt.

1989 5317 2050 5379 5.
2087 5315 2244 5378 Nihil
2275 5319 2432 5399 quod
2466 5337 2502 5380 a
2532 5317 2820 5382 Trinitate
2851 5321 3169 5404 discrepat,
3198 5325 3290 5386 vel
3323 5317 3550 5404 cogno-

1912 5407 2104 5469 scitur
2133 5408 2228 5470 vel
2261 5409 2866 5487 docetugsecuudum
2898 5409 3124 5475 Nicaani
3145 5416 3388 5479 concilii
3413 5435 3553 5480 con-

1913 5496 2302 5560 stitutionem.

1997 5585 2058 5652 6.
2081 5585 2757 5671 Episcopus,presbyter
2777 5598 2836 5654 et
2857 5593 3148 5661 diaconus
3170 5607 3368 5663 castus
3393 5597 3473 5659 sit
3502 5609 3560 5662 et

3216 5737 3251 5801 9
