4004 6138
381 307 496 374 267

1528 309 1908 373 SYMEONIS
1957 308 2567 375 METAPHRASTE.

3623 309 3745 381 268

379 445 723 522 continens,
747 454 806 508 et
834 445 908 508 ab
939 448 1124 508 uxore
1150 443 1464 520 abstineat,
1494 453 1556 506 ut
1588 443 1884 525 postulata
1914 443 1990 503 im

2120 444 2265 521 ὶγνὸς
2296 445 2434 502 ἔστω
2483 445 2570 502 καὶ
2614 445 2900 524 ἐγκρατὴς,
2954 446 3040 500 καὶ
3081 445 3326 522 γυναικὸς
3368 444 3739 526 ἀπεχόμενος,

377 544 638 613 petrent.

462 627 516 686 7.
551 627 616 689 In
649 626 864 707 quibus
893 626 1084 688 laicus
1111 625 1638 705 corrigitur,in.his
1668 624 1853 686 multo
1887 639 2016 682 ma-

377 716 466 794 gis
493 713 752 778 clericus
779 715 1242 798 praedamnatum

455 806 516 869 8.
551 803 870 886 Presbyter
898 823 931 865 a
963 804 1204 885 proprio
1237 805 1519 885 episcopo
1551 802 2009 872 condemnatus,

374 893 709 958 facultatem
726 893 970 956 habebit
983 893 1058 955 ad
1081 893 1303 955 vicinos
1321 893 1638 974 episcopos
1649 889 2012 973 appellandi;

375 986 468 1046 sin
527 993 722 1046 autem
783 983 1192 1063 appellaverit,
1227 982 1524 1045 sacriﬁcia
1576 989 1776 1042 tamen
1808 980 2017 1042 offerat

372 1070 500 1135 Deo
533 1073 792 1135 schisma
820 1073 1044 1134 faciens
1075 1080 1133 1134 et
1161 1073 1419 1148 inflatus,
1445 1073 1761 1134 anathema
1791 1069 1888 1130 sit.

453 1161 514 1225 9.
551 1160 912 1243 Episcopum
946 1179 979 1222 e
1009 1160 1197 1239 gradu
1224 1180 1332 1223 suo
1363 1161 1690 1240 dejectum,
1717 1161 1769 1220 si
1801 1179 1918 1222 non
1941 1159 2018 1221 sit

373 1251 633 1332 perfecta
663 1250 1185 1332 synodus,interea
1203 1249 1521 1312 duodecim
1548 1249 1864 1311 observant
1893 1249 2019 1329 epi-

372 1340 562 1421 scopi,
597 1350 658 1403 et
689 1340 1102 1421 presbyterum
1135 1357 1261 1414 sex,
1298 1347 1357 1401 et
1386 1338 1703 1401 diaconum
1745 1350 1892 1400 tres.

451 1430 822 1494 10.Primate
836 1429 1186 1510 jubente,et
1206 1437 1328 1491 tres
1351 1428 1617 1509 episcopi
1647 1431 2013 1490 constituant

371 1520 718 1602 episcOpum
753 1541 766 1580 :
831 1521 928 1600 qui
987 1527 1188 1580 autem
1222 1517 1481 1599 propriae
1509 1516 1873 1579 confessioni
1915 1523 2013 1576 aut

369 1609 798 1689 subscriptioni
827 1610 1196 1681 adversatur,
1233 1615 1464 1670 suomet
1486 1606 1717 1687 judicio
1747 1606 2010 1686 ignomi-

369 1699 469 1762 nia
500 1698 828 1762 notabitiir.

448 1791 546 1852 11.
581 1788 832 1871 Propter
861 1790 1119 1870 inopiam
1153 1809 1286 1871 quae
1315 1797 1406 1851 est
1460 1790 1520 1849 in
1575 1786 1825 1868 Tripoli,
1858 1805 2010 1849 unus
2033 1802 2073 1853 Β

366 1881 685 1960 episcopus
711 1878 783 1941 ad
817 1879 1181 1958 legationem
1211 1879 1447 1941 sufﬁcit.

448 1968 548 2032 12.
581 1967 909 2051 Episcopus
958 1979 1057 2031 aut
1117 1969 1372 2031 clericus
1422 1970 1601 2030 causa
1630 1965 1924 2028 criminali
1955 1967 2008 2028 ei

368 2059 655 2135 instituta,
717 2059 768 2120 si
824 2059 1034 2121 relicta
1089 2057 1359 2122 Ecclesia
1393 2057 1465 2120 ad
1512 2057 1741 2136 judicia
1775 2056 2011 2136 publica

361 2157 636 2211 recurrat
669 2157 726 2210 et
747 2147 1108 2225 absolvatur,
1136 2148 1442 2228 proprium
1475 2148 1690 2209 amittit
1711 2146 1959 2224 gradum
1989 2163 2002 2206 :

365 2237 415 2299 si
445 2255 582 2299 vero
609 2246 669 2299 et
698 2238 760 2300 in
782 2238 942 2300 civili
969 2239 1213 2316 negotio
1239 2237 1442 2309 vincit,
1473 2238 1522 2297 si
1553 2238 1668 2298 hoc
1699 2243 2002 2314 sequatur,

368 2325 675 2407 proprium
709 2327 885 2390 etiam
919 2328 1148 2390 amittet
1176 2325 1448 2407 gradum.

443 2507 540 2571 13.
575 2505 638 2570 Si
661 2506 851 2587 gratia
875 2517 976 2570 aut
1005 2508 1144 2570 odio
1168 2506 1405 2587 judices
1434 2503 1822 2567 ecclesiastici
1848 2501 2005 2581 judi-

357 2614 524 2659 casse
553 2597 828 2660 convinci
859 2605 1180 2677 nequeant,
1217 2596 1317 2676 qui
1366 2592 1684 2674 appellavit
1739 2610 1856 2653 non
1891 2591 2002 2652 de-

355 2685 642 2749 fenditur.

439 2774 539 2837 14.
571 2773 636 2837 Si
669 2784 868 2855 partes
905 2774 1196 2853 elegerint
1215 2770 1556 2853 judices,ab
1587 2769 1679 2831 his
1709 2789 1827 2831 non
1857 2767 1999 2829 abs-

359 2863 592 2928 cedant.

436 2953 536 3015 15.
573 2951 865 3017 Sacerdos
896 2972 1015 3015 non
1046 2955 1111 3016 fit
1140 2959 1402 3014 curator.

435 3045 534 3103 16.
573 3043 790 3106 Lector
815 3043 1004 3125 pubes
1033 3043 1248 3117 factus,
1281 3050 1381 3104 aut
1410 3037 1865 3113 continentiam,
1901 3046 2000 3101 aut

355 3132 696 3212 conjugtum
727 3134 1099 3214 proﬁteatur.

433 3221 534 3283 17.
565 3221 676 3293 Qui
709 3223 781 3284 ad
813 3222 1128 3284 diaconum
1161 3228 1301 3284 ante
1326 3238 1440 3284 xxv
1458 3237 1648 3283 annos
1680 3228 1997 3299 provectus

351 3317 460 3386 est,
499 3329 619 3372 non
651 3322 743 3373 est
773 3311 1084 3375 diaconus.

433 3400 531 3463 18.
565 3399 778 3463 Lector
805 3419 924 3463 non
955 3400 1236 3463 salutabit
1267 3403 1576 3482 populum.

428 3490 528 3552 19.
568 3489 790 3552 Placita
821 3490 1214 3553 conciliorum
1247 3491 1492 3554 auribus
1525 3492 1657 3572 ejiis
1708 3491 1811 3572 qui
1835 3489 1993 3553 ordi-

345 3581 577 3641 nandus
610 3587 718 3655 est,
753 3580 1240 3643 inculcabuntur.

425 3667 527 3731 20.
560 3668 834 3731 Defuncti
891 3669 1126 3749 corpori
1179 3669 1551 3734 Eucharistia
1612 3690 1731 3733 non
1762 3672 1989 3735 datur:

344 3773 468 3817 non
502 3754 668 3816 enim
700 3756 959 3817 comedit
993 3764 1093 3817 aut
1126 3757 1301 3818 bibit.

423 3843 523 3905 21.
579 3845 695 3906 Per
752 3844 1150 3923 ignorantiam
1213 3847 1524 3928 presbyter
1583 3868 1703 3910 non
1735 3849 1991 3930 baptizat

343 3940 666 3997 mortuum.

423 4022 524 4086 22.
557 4021 886 4104 Episcopus
907 4024 1010 4105 qui
1053 4033 1368 4089 accusatur
1389 4033 1445 4088 et
1474 4026 1535 4087 in
1563 4026 1858 4106 judicium
1885 4029 1984 4089 ad-

339 4110 602 4187 ducitur,
635 4112 851 4175 habeat
884 4114 1139 4175 duorum
1171 4116 1465 4176 mensium
1500 4116 1983 4197 spatium,siqui-

339 4201 477 4264 dem
509 4203 696 4265 altera
757 4222 892 4283 pars
941 4203 1196 4285 alicujus
1229 4223 1412 4267 morie
1448 4205 1667 4267 auxilio
1698 4205 1980 4284 indigeat.

337 4292 548 4352 Postea
577 4301 776 4356 autem
838 4296 889 4356 si
950 4313 1072 4356 non
1133 4295 1982 4358 occurreritacommunione

339 4379 647 4458 privatur;
698 4381 750 4442 si
779 4401 917 4444 vero
951 4393 1244 4463 praesente
1269 4391 1636 4461 accusatore,
1670 4394 1980 4450 accusatus

335 4469 619 4550 aufugiat,
647 4473 680 4532 ἐι
709 4473 1136 4536 communione
1169 4475 1514 4556 privabitur.

415 4559 838 4622 23.Accusator
851 4563 952 4642 qui
971 4562 1715 4639 calumniatur,accusator
1727 4583 1845 4626 non
1865 4573 1973 4629 est.

413 4646 514 4712 ‘24.
551 4649 920 4714 Clericorum
952 4653 1062 4714 lilii
1094 4672 1228 4715 cum
1262 4653 1563 4716 haereticis
1597 4655 1977 4717 matrimonio

329 4755 449 4802 non
480 4738 838 4819 junguntur.

409 4829 511 4891 25.
547 4828 660 4902 Qui
688 4848 788 4892 res
818 4850 1021 4894 sacras
1054 4834 1416 4909 tractant,ab
1449 4834 1735 4898 uxoribus
1764 4853 1976 4900 secun-

328 4919 471 4982 dum
506 4920 748 5001 propria
777 4930 993 4984 statuta
1024 4921 1383 4988 abstineant.

409 5009 509 5072 26.
545 5010 667 5072 Res
691 5008 975 5074 Ecclesia;
997 5012 1171 5073 vendi
1196 5032 1314 5074 non
1340 5013 1588 5093 debent;
1612 5016 1660 5076 si
1681 5034 1816 5079 vero
1839 5017 1972 5079 red-

327 5097 485 5160 ditus
517 5117 635 5160 non
669 5099 904 5175 habeat,
942 5103 1235 5164 sententia
1259 5103 1673 5184 episcoporum
1708 5106 1968 5168 vendun-

327 5193 442 5250 tur.
477 5185 540 5248 Si
561 5198 758 5251 autem
814 5191 1141 5253 necessitas
1185 5211 1305 5254 non
1335 5193 1487 5256 ferat
1510 5197 1966 5270 utconsulatur,

323 5274 588 5338 vendens
619 5279 845 5340 vicinos
877 5279 1192 5361 episcopos
1217 5281 1550 5345 vocabit.Si
1573 5303 1713 5345 vero
1745 5286 1858 5347 hoc
1891 5286 1970 5346 ita

322 5380 444 5424 non
475 5363 669 5441 faciat,
707 5370 828 5430 Deo
861 5378 919 5430 et
949 5371 1205 5432 concilio
1235 5390 1376 5434 reus
1407 5381 1703 5438 teneatur.

403 5451 503 5545 2'].
537 5454 861 5536 Presbyter
892 5458 1197 5522 convictus
1228 5469 1284 5523 et
1309 5463 1607 5544 paenitens
1638 5472 1702 5526 ut
1733 5483 1967 5545 promo-

2101 533 2194 588 ’ίνα
2238 541 2343 590 τῶν
2386 535 2710 609 αἰτουμένων
2753 535 2904 591 ἐπιτυ
2921 534 3190 612 (χάνοιεν.

2181 623 2253 694 ζ’.
2293 624 2380 681 Ἐν
2426 624 2515 687 οἷς
2562 627 2588 680 ὂ
2631 627 2822 687 λαϊκὸς
2862 625 3149 699 εὐθύνεται,
3185 623 3392 688 τούτοις
3424 626 3451 680 6
3481 623 3739 705 κληρικὸς

2100 713 2470 791 περισσότερον
2481 762 2494 776 ,

2179 804 2257 872 η’,
2310 803 2660 884 Πρεσϐύτερος
2716 805 2841 883 παρ’
2909 808 3200 861 ἐπισκόπου
3258 805 3739 883 καταγινωσκόμε-

2099 915 2212 974 νος,
2270 908 2390 957 τοῖς
2434 893 2664 961 πλησίον
2719 896 3034 957 ἐπισκόποις
3094 892 3348 971 ἐγκαλεῖν
3397 892 3512 973 [γρ.
3567 896 3738 952 ἐκκα-

2098 983 2246 1062 λεῖν]
2277 983 2558 1054 ἐαθήσεται
2607 1001 2619 1013 ·
2662 983 2793 1040 εἰδὲ
2843 985 2945 1057 μὴ,
2997 982 3234 1060 ἆγίσσμα
3271 987 3350 1055 τῷ
3395 990 3512 1063 Θεῷ
3564 1005 3739 1063 προσ-

2098 1074 2312 1150 αγάγοι,
2348 1075 2550 1152 σχίζων
2583 1073 2674 1130 καί
2705 1073 3130 1152 πεφυσιωμένος,
3168 1069 3304 1128 ἔστω
3332 1072 3594 1148 ἀνάθεμα.

2178 1161 2228 1218 θ’
2242 1210 2256 1225 ,
2304 1160 2629 1220 Ἐπίσκοπον
2690 1161 3038 1236 ἐκϐληθέντα,
3101 1161 3191 1217 ἐὰν
3253 1162 3330 1236 μὴ
3378 1161 3551 1220 τελεία
3609 1163 3740 1219 σύν-

2097 1252 2242 1325 οδος,
2286 1252 2414 1317 τέως
2479 1255 2568 1308 καί
2627 1251 2829 1308 δώδεκα
2891 1252 3229 1330 ἐπιτηροῦσιν
3291 1250 3592 1326 ἐπίσκοποι,
3650 1252 3740 1309 καὶ

2096 1339 2445 1417 πρεσϐύτερον
2476 1339 2552 1414 ἓξ,
2583 1344 2669 1397 καὶ
2693 1341 2932 1398 διάκονον
2965 1354 3137 1417 τρεῖς.

2177 1429 2233 1492 ι’,
2271 1438 2373 1487 Τοῦ
2413 1431 2776 1508 πρωτεύοντος
2835 1432 3231 1506 ἐπιτάττοντος,
3265 1433 3356 1488 καὶ
3403 1444 3551 1503 τρεῖς
3608 1431 3736 1489 ἐπί-

2094 1542 2284 1578 σκοποι
2314 1523 2633 1577 κιθιστὼσιν
2664 1520 2954 1577 ἐπίσκοπον
2989 1537 3001 1550 ⁸
3039 1522 3066 1575 ὁ
3097 1519 3151 1575 δὲ
3181 1525 3278 1587 τῆς
3337 1523 3532 1583 οἰκείας
3589 1523 3734 1594 ὁμο-

2094 1609 2275 1689 λογίας
2334 1610 2368 1676 ἢ
2425 1609 2731 1689 ὑπογραφῆς
2791 1609 3048 1688 ἐναντίος,
3083 1609 3293 1666 οἴκοθεν
3327 1608 3429 1675 ἕξοι
3487 1611 3549 1666 τὸ
3604 1609 3737 1667 ἄτι-

2094 1723 2219 1775 μον.

2177 1781 2272 1851 ια’.
2311 1791 2408 1846 Διὰ
2436 1789 2534 1856 τὴν
2580 1791 2652 1853 εἰς
2709 1787 2957 1864 Τρίπολιν
3007 1786 3228 1869 ἔνδειαν,
3261 1789 3350 1844 καὶ
3391 1790 3476 1854 εἷς
3503 1790 3734 1846 ἐπίσκο-

2091 1901 2186 1944 πος
2215 1881 2286 1945 εἷς
2317 1879 2715 1956 τοποτηρησίαν
2757 1877 3032 1956 ἐπάρκιος.

2175 1968 2267 2044 ιβ’,
2313 1969 2657 2046 Ἐπίσκοπος,
2719 1966 2753 2033 ἢ
2811 1966 3068 2044 κληρικὸς
3123 1965 3526 2043 ἐγκληματικοῦ
3585 1988 3737 2025 κεκι-

2093 2058 2324 2131 νημένου
2382 2059 2720 2134 πραγματος,
2783 2059 2826 2111 εἷ
2883 2057 2982 2122 τὴν
3044 2054 3330 2122 ἐκκλησίαν
3378 2056 3547 2136 ἀφεὶς,
3607 2071 3736 2119 τοῖς

2092 2148 2367 2221 δημοσίοις
2425 2145 2775 2225 προσδράμοι,
2843 2146 2931 2200 καὶ
2992 2144 3378 2217 δικαιούμενος,
3437 2149 3531 2201 τὸν
3592 2145 3739 2203 ἴδιον

2089 2237 2332 2310 ἀπολέσῃ
2391 2237 2593 2310 βαθμόν
2631 2254 2643 2268 ·
2691 2236 2734 2289 εἰ
2776 2233 3012 2312 ὑπερέξει
3083 2233 3135 2289 δὲ
3182 2236 3267 2291 καὶ
3313 2238 3399 2291 ἐπὶ
3443 2234 3772 2294 πολιτικοῦ’

2087 2324 2397 2403 κεφαλαίου,
2432 2326 2475 2378 εἰ
2524 2325 2693 2396 τούτῳ
2745 2335 2985 2401 στοιχεῖ,
3024 2324 3112 2379 τὸν
3157 2323 3294 2379 ἴδιον
3325 2323 3577 2381 ἀπολέσει
3621 2325 3734 2401 βα·-

2086 2417 2218 2488 θμόν
2231 2463 2244 2476 .

2169 2493 2262 2580 ιγ’.
2314 2503 2575 2564 Δικαστὰς
2633 2501 3135 2574 ἐκκλησιαστικοὺς,
3186 2503 3231 2556 εί
3273 2502 3352 2576 μὴ
3409 2501 3736 2584 ἐλέγχοιντο

2088 2597 2222 2651 κατὰ
2279 2595 2639 2670 προσπάθειαν
2716 2594 2746 2659 ἢ
2807 2593 3147 2647 ἀντιπάθειαν
3205 2590 3724 2674 προδεδιῳκηκότιῑς⁹

2087 2684 2346 2761 ἕγκλητος
2377 2681 2440 2760 [ﬂ
2495 2682 2752 2748 ἒκκλητος
2786 2683 2802 2758 Ι
2849 2685 3154 2757 γινόμενος,
3192 2685 3281 2738 οὖν
3316 2684 3593 2756 ἀμύνεται.

2172 2772 2240 2828 ιδ’
2255 2821 2268 2833 .
2305 2773 2429 2831 Ἐὰν
2460 2774 2528 2828 τὰ
2557 2771 2692 2850 μέρη
2733 2769 3075 2836 ἐπιλέξωνται
3105 2766 3381 2850 δικαστὰς,
3413 2772 3613 2830 τούτων
3641 2773 3726 2848 μὴ

2085 2863 2512 2942 ἀφιστάσθωσαν.

2165 2952 2259 3014 ιε’.
2297 2941 2352 3010 Ὀ
2396 2952 2562 3028 ἱερεὺς
2591 2950 2860 3029 κοδράτωρ
2893 2948 2952 3006 οὗ
2982 2949 3206 3027 γίνεται.

2163 3041 2282 3116 ις’,
2334 3041 2391 3099 Ὀ
2423 3038 2614 3107 ἕνηϐος
2645 3040 2989 3118 ἀναγνώστης
3021 3039 3057 3106 ἢ
3105 3040 3440 3119 ἐγκράτειαν,
3469 3041 3506 3109 ἢ
3557 3048 3722 3114 συζυ-

2016 3157 2055 3208 ο
2079 3134 2196 3211 γίαν
2227 3130 2580 3207 ὁμολογείτω.

2161 3211 2251 3293 ιζ’,
2283 3220 2346 3278 '0
2382 3222 2482 3300 πρὸ
2531 3219 2639 3278 τῶν
2684 3217 2766 3276 κε’
2825 3221 3040 3298 χρόνων
3069 3216 3337 3298 διάκονος,
3366 3221 3425 3276 οὒ
3453 3217 3724 3286 διάκονος.

2158 3401 2264 3468 ιη’.
2299 3400 2674 3478 ’Λναγνώστης
2707 3398 2766 3456 οὗ
2795 3396 3154 3476 προσκυνήσει
3184 3399 3276 3454 τὸν
3314 3395 3512 3474 δῆμον.

2156 3490 2243 3550 ιθ’.
2279 3492 2355 3548 Τὰ
2383 3503 2506 3553 ταῖς
2550 3487 2786 3553 συνόδοις
2815 3487 3040 3555 δόξαντα
3071 3492 3099 3546 ὁ
3131 3489 3730 3569 χειροτονηθησόμενος

2073 3582 2399 3641 ἐνωτίσεται,

2152 3673 2226 3736 κ’.
2265 3680 2348 3747 Τῷ
2375 3670 2790 3742 τελευτήσαντος
2844 3671 3052 3747 σώματι
3104 3672 3417 3750 εὐχαριστία
3473 3673 3532 3727 οὗ
3565 3669 3718 3730 δίδο-

2071 3787 2157 3821 ται
2195 3781 2208 3795 ⁶
2243 3767 2300 3822 οὐ
2331 3764 2431 3840 γὰρ
2462 3761 2619 3818 ἐσθίει
2650 3761 2685 3830 ἢ
2718 3763 2882 3823 πίνει.

2150 3853 2260 3916 κα’,
2293 3853 2512 3931 Ἀγνοίᾳ
2554 3850 2904 3929 πρεσϐύτερος
2963 3851 3023 3906 οὒ
3075 3851 3313 3926 βαπτίζει
3368 3853 3459 3908 τὸν
3519 3848 3715 3910 τελευο

2071 3945 2328 4012 τήσαντα.
3467 3950 3473 3958 ”

2148 4033 2260 4110 κβ’.
2327 4031 2797 4109 Κατηγορούμενος
2877 4029 3186 4103 ἐπίσκοπος,
3275 4030 3363 4086 καὶ
3422 4030 3713 4108 ἀγόμενος,

2067 4121 2244 4200 ἐχέτω
2275 4127 2457 4196 μηνῶν
2516 4119 2602 4176 δύο
2653 4119 2856 4177 ἔνδοσιν
2884 4137 2896 4148 ·
2955 4119 3108 4196 εἴπερ
3158 4117 3408 4197 ἑτέρωθέν
3452 4119 3566 4175 ἐστι
3609 4125 3714 4187 τῆς

2064 4210 2386 4288 βραδυτῆτος
2435 4211 2676 4286 βοήθεια.
2733 4207 2888 4275 Ἐξῆς
2947 4208 3000 4263 δὲ
3058 4210 3119 4264 τὸ
3165 4207 3528 4274 ἀκοινώνητον
3588 4206 3712 4287 ἔχει

2064 4301 2142 4375 μὴ
2186 4301 2490 4368 ὑπαντήσας
2519 4314 2534 4329 ⁸
2573 4298 2660 4354 ἐὰν
2719 4295 2771 4353 δὲ
2822 4297 3270 4374 παρουσιάζοντος
3325 4300 3418 4353 τοῦ
3459 4319 3708 4375 κατηγο-

2063 4389 2316 4465 ρουμένοο
2375 4391 2402 4443 ὁ
2446 4389 2911 4467 κατηγορούμενος
2963 4387 3263 4466 ἀποφεύγῃ,
3324 4384 3425 4452 ἕξει
3457 4388 3518 4444 τό
3549 4387 3708 4444 ἄκοι-

2000 4522 2045 4572 D
2064 4480 2323 4546 νώνητον,

2142 4566 2250 4645 κγ’,
2289 4563 2720 4641 Διαϐαλλόμενος
2754 4566 3071 4643 κατήγορος,
3106 4571 3168 4625 οὒ
3200 4566 3524 4645 κατήγορος.

2141 4656 2246 4716 κδ’.
2284 4657 2580 4735 Αἱρετικοῖς
2611 4655 2771 4711 τέκνα
2803 4655 3070 4733 κληρικιῦν
3102 4658 3162 4714 οὔ
3190 4653 3538 4714 συνάπτεται.

2139 4834 2240 4894 κε’.
2275 4837 2333 4894 Οἱ
2367 4836 2430 4891 τὰ
2457 4835 2572 4913 ἱερὰ
2630 4833 3013 4913 χειριζόμενοι,
3069 4835 3155 4889 καὶ
3186 4833 3291 4890 ὰπὸ
3323 4838 3430 4889 τῶν
3461 4829 3702 4910 συμϐίων

2057 4925 2194 4982 κατᾶ
2222 4927 2343 4989 τοὺς
2377 4923 2530 4987 ἰδίους
2567 4923 2719 4999 ὅρους
2751 4922 3266 5000 ἐγκρατευέσθωσαν.

2135 5014 2272 5088 κζ’,
2308 5013 2553 5091 ’Άπρατα
2583 5015 2649 5068 τὰ
2697 5011 3120 5079 ἐκκλησιαστικᾶ
3167 5010 3479 5090 πράγματα.
3526 5013 3584 5068 Εἰ
3643 5010 3699 5068 δὲ

2055 5106 2133 5181 μὴ
2180 5103 2435 5183 πρόσοδον
2470 5103 2602 5183 ἔχῃ,
2634 5103 2825 5178 γνώμῃ
2884 5109 2989 5159 τῶν
3040 5103 3345 5159 ἐπισκόπων
3387 5101 3697 5177 πιπράσκε-

2057 5218 2164 5256 ται,
2214 5196 2271 5251 Εἰ
2315 5191 2368 5249 δὲ
2431 5195 2638 5269 ἀνάγκη
2703 5196 2807 5271 οὐχ
2873 5193 3116 5267 ὑπομένῃ
3169 5190 3228 5248 τό
3286 5189 3691 5266 βουλεύσασθαι,

2053 5288 2172 5346 τοὺς
2209 5285 2445 5362 γείτονας
2477 5285 2501 5337 ὁ
2537 5282 2851 5358 πιπράσκων
2883 5280 3191 5340 καλέσεται.
3227 5281 3284 5336 Εἰ
3314 5277 3362 5334 δ’
3392 5277 3693 5359 οὗχόῧτω,

2053 5381 2169 5446 Θεῷ
2198 5376 2285 5430 καὶ
2314 5379 2382 5449 τῇ
2413 5372 2613 5445 συνόδῳ
2641 5373 2950 5433 ὑπεύθυνος.

2129 5460 2233 5534 κζ’,
2295 5460 2648 5539 Πρεσϐύτερος
2685 5459 3068 5540 ἐλεγχόμενος,
3117 5464 3213 5516 καὶ
3273 5457 3714 5538 μεταγινώσκων.

319 5540 551 5634 vendas
581 5560 700 5604 non
752 5545 1177 5626 rebaptizatur,
1215 5540 1410 5634 neque
1441 5561 1504 5614 ut
1534 5540 1964 5619 laicus-iterum

2120 5580 2121 5584 η
2154 5553 2469 5631 προκόψων,
2495 5555 2590 5610 οὐκ
2617 5547 3059 5633 ἂναϐαπτίζεται,
3082 5548 3196 5610 οὐδὲ
3223 5551 3294 5617 ὡς
3327 5549 3517 5616 λα’ἰκὸς
3543 5550 3688 5616 αὖθις

324 5629 654 5696 ordinatur.

2051 5642 2516 5727 κεχειροτόνηται.
