  <div class='ocr_page' id='page_1' title='image "/cluster/home/n/w/nwhite01/storage/ocr_20150623/114/mdp.39015028574344/142.png"; bbox 0 0 4004 6138; ppageno 0'>
   <div class='ocr_carea' id='block_1_1' title="bbox 250 273 2252 384">
    <p class='ocr_par' dir='ltr' id='par_1_1' title="bbox 250 273 2252 384">
     <span class='ocr_line' id='line_1_1' title="bbox 250 273 2252 384; baseline -0.004 0"><span class='ocrx_word' id='word_1_1' title='bbox 250 317 317 384; x_wconf 72' lang='grc' dir='ltr'><strong>ιιι</strong></span> <span class='ocrx_word' id='word_1_2' title='bbox 1483 311 1816 378; x_wconf 83' lang='lat' dir='ltr'><strong>EPITOME</strong></span> <span class='ocrx_word' id='word_1_3' title='bbox 1855 273 2252 380; x_wconf 82' lang='lat' dir='ltr'><strong>CANONUM.</strong></span> 
     </span>
    </p>
   </div>
   <div class='ocr_carea' id='block_1_2' title="bbox 3444 314 3563 377">
    <p class='ocr_par' dir='ltr' id='par_1_2' title="bbox 3444 314 3563 377">
     <span class='ocr_line' id='line_1_2' title="bbox 3444 314 3563 377; baseline 0.008 -1"><span class='ocrx_word' id='word_1_4' title='bbox 3444 314 3563 377; x_wconf 81' lang='lat'><strong>270</strong></span> 
     </span>
    </p>
   </div>
   <div class='ocr_carea' id='block_1_3' title="bbox 289 443 1844 528">
    <p class='ocr_par' dir='ltr' id='par_1_3' title="bbox 289 443 1827 522">
     <span class='ocr_line' id='line_1_3' title="bbox 289 443 1827 522; baseline -0.011 -13"><span class='ocrx_word' id='word_1_5' title='bbox 289 450 385 519; x_wconf 75' lang='grc' dir='ltr'>ιη’.</span> <span class='ocrx_word' id='word_1_6' title='bbox 440 453 500 507; x_wconf 87' lang='grc' dir='ltr'>Ὃ</span> <span class='ocrx_word' id='word_1_7' title='bbox 550 447 924 514; x_wconf 74' lang='grc' dir='ltr'><strong>ἀκοινώνητος</strong></span> <span class='ocrx_word' id='word_1_8' title='bbox 971 443 1326 519; x_wconf 64' lang='grc' dir='ltr'>κοινωνήσας,</span> <span class='ocrx_word' id='word_1_9' title='bbox 1358 447 1685 522; x_wconf 52' lang='lat' dir='ltr'><strong>cup-330;!“</strong></span> <span class='ocrx_word' id='word_1_10' title='bbox 1729 449 1827 504; x_wconf 61' lang='grc' dir='ltr'><strong>αὖ-</strong></span> 
     </span>
    </p>
   </div>
   <div class='ocr_carea' id='block_1_4' title="bbox 1966 443 3563 528">
    <p class='ocr_par' dir='ltr' id='par_1_4' title="bbox 1993 446 3563 528">
     <span class='ocr_line' id='line_1_4' title="bbox 1993 446 3563 528; baseline -0.001 -18"><span class='ocrx_word' id='word_1_11' title='bbox 1993 447 2092 510; x_wconf 65' lang='lat'><strong>98.</strong></span> <span class='ocrx_word' id='word_1_12' title='bbox 2126 447 2689 510; x_wconf 83' lang='lat' dir='ltr'><strong>Excommunicatus</strong></span> <span class='ocrx_word' id='word_1_13' title='bbox 2718 447 2817 528; x_wconf 90' lang='lat' dir='ltr'><strong>qui</strong></span> <span class='ocrx_word' id='word_1_14' title='bbox 2848 446 3409 523; x_wconf 86' lang='lat' dir='ltr'><strong>communicaverit,</strong></span> <span class='ocrx_word' id='word_1_15' title='bbox 3435 448 3563 525; x_wconf 90' lang='lat' dir='ltr'><strong>ipse</strong></span> 
     </span>
    </p>
   </div>
   <div class='ocr_carea' id='block_1_5' title="bbox 236 561 585 616">
    <p class='ocr_par' dir='ltr' id='par_1_5' title="bbox 236 561 585 616">
     <span class='ocr_line' id='line_1_5' title="bbox 236 561 585 616; baseline -0.011 -18"><span class='ocrx_word' id='word_1_16' title='bbox 236 561 560 616; x_wconf 72' lang='grc' dir='ltr'>τικατακριτος</span> <span class='ocrx_word' id='word_1_17' title='bbox 570 587 585 601; x_wconf 89' lang='grc'><strong>,</strong></span> 
     </span>
    </p>
   </div>
   <div class='ocr_carea' id='block_1_6' title="bbox 282 623 1832 706">
    <p class='ocr_par' dir='ltr' id='par_1_6' title="bbox 282 623 1832 706">
     <span class='ocr_line' id='line_1_6' title="bbox 282 623 1832 706; baseline -0.001 -20"><span class='ocrx_word' id='word_1_18' title='bbox 282 629 372 691; x_wconf 66' lang='grc' dir='ltr'><strong>λύ’.</strong></span> <span class='ocrx_word' id='word_1_19' title='bbox 429 630 745 706; x_wconf 76' lang='grc' dir='ltr'><strong>Κατήγορος</strong></span> <span class='ocrx_word' id='word_1_20' title='bbox 789 625 880 683; x_wconf 67' lang='grc' dir='ltr'>ἐὰν</span> <span class='ocrx_word' id='word_1_21' title='bbox 939 623 1062 682; x_wconf 77' lang='grc' dir='ltr'>όδοῦ</span> <span class='ocrx_word' id='word_1_22' title='bbox 1107 630 1282 700; x_wconf 81' lang='grc' dir='ltr'>μῆκος</span> <span class='ocrx_word' id='word_1_23' title='bbox 1314 623 1658 704; x_wconf 76' lang='grc' dir='ltr'>προϐάλλητα</span> <span class='ocrx_word' id='word_1_24' title='bbox 1670 651 1712 703; x_wconf 89' lang='grc' dir='ltr'><strong>ι,</strong></span> <span class='ocrx_word' id='word_1_25' title='bbox 1745 629 1832 685; x_wconf 80' lang='grc' dir='ltr'>καὶ</span> 
     </span>
    </p>
   </div>
   <div class='ocr_carea' id='block_1_7' title="bbox 225 715 1278 798">
    <p class='ocr_par' dir='ltr' id='par_1_7' title="bbox 225 715 1278 798">
     <span class='ocr_line' id='line_1_7' title="bbox 225 715 1278 798; baseline -0.005 -23"><span class='ocrx_word' id='word_1_26' title='bbox 225 723 396 798; x_wconf 75' lang='grc' dir='ltr'>ἔγγιστα</span> <span class='ocrx_word' id='word_1_27' title='bbox 425 718 784 795; x_wconf 84' lang='grc' dir='ltr'>προσκομίσει</span> <span class='ocrx_word' id='word_1_28' title='bbox 830 716 953 776; x_wconf 71' lang='grc' dir='ltr'>τοὺς</span> <span class='ocrx_word' id='word_1_29' title='bbox 984 715 1278 794; x_wconf 80' lang='grc' dir='ltr'>μάρτυρας.</span> 
     </span>
    </p>
   </div>
   <div class='ocr_carea' id='block_1_8' title="bbox 278 800 1835 885">
    <p class='ocr_par' dir='ltr' id='par_1_8' title="bbox 278 800 1835 885">
     <span class='ocr_line' id='line_1_8' title="bbox 278 800 1835 885; baseline -0.006 -20"><span class='ocrx_word' id='word_1_30' title='bbox 278 808 339 870; x_wconf 82' lang='grc' dir='ltr'>λ’.</span> <span class='ocrx_word' id='word_1_31' title='bbox 382 800 439 864; x_wconf 71' lang='grc' dir='ltr'>Ὀ</span> <span class='ocrx_word' id='word_1_32' title='bbox 493 807 885 883; x_wconf 81' lang='grc' dir='ltr'>πρὸςμείζονα</span> <span class='ocrx_word' id='word_1_33' title='bbox 936 805 1102 881; x_wconf 73' lang='grc' dir='ltr'>τιμὴν</span> <span class='ocrx_word' id='word_1_34' title='bbox 1155 803 1547 882; x_wconf 76' lang='grc' dir='ltr'><strong>ἐγκαλούμενος</strong></span> <span class='ocrx_word' id='word_1_35' title='bbox 1583 806 1688 885; x_wconf 78' lang='grc' dir='ltr'>ίγρ,</span> <span class='ocrx_word' id='word_1_36' title='bbox 1737 808 1835 866; x_wconf 81' lang='grc' dir='ltr'><strong>ἐκ.</strong></span> 
     </span>
    </p>
   </div>
   <div class='ocr_carea' id='block_1_9' title="bbox 218 893 1838 976">
    <p class='ocr_par' dir='ltr' id='par_1_9' title="bbox 218 893 1838 976">
     <span class='ocr_line' id='line_1_9' title="bbox 218 893 1838 976; baseline 0.001 -22"><span class='ocrx_word' id='word_1_37' title='bbox 218 899 333 976; x_wconf 62' lang='grc' dir='ltr'>καλ]</span> <span class='ocrx_word' id='word_1_38' title='bbox 382 899 475 954; x_wconf 75' lang='grc' dir='ltr'><strong>καῖ</strong></span> <span class='ocrx_word' id='word_1_39' title='bbox 541 897 807 970; x_wconf 80' lang='grc' dir='ltr'>ἀπειθῶν,</span> <span class='ocrx_word' id='word_1_40' title='bbox 855 896 942 952; x_wconf 81' lang='grc' dir='ltr'><strong>καὶ</strong></span> <span class='ocrx_word' id='word_1_41' title='bbox 998 897 1097 962; x_wconf 73' lang='grc' dir='ltr'>τὴν</span> <span class='ocrx_word' id='word_1_42' title='bbox 1168 894 1235 962; x_wconf 72' lang='grc' dir='ltr'><strong>ἣν</strong></span> <span class='ocrx_word' id='word_1_43' title='bbox 1305 893 1424 974; x_wconf 74' lang='grc' dir='ltr'>ἔχει</span> <span class='ocrx_word' id='word_1_44' title='bbox 1495 897 1838 973; x_wconf 79' lang='grc' dir='ltr'>προσαπολέο</span> 
     </span>
    </p>
   </div>
   <div class='ocr_carea' id='block_1_10' title="bbox 216 1012 352 1050">
    <p class='ocr_par' dir='ltr' id='par_1_10' title="bbox 216 1012 352 1050">
     <span class='ocr_line' id='line_1_10' title="bbox 216 1012 352 1050; baseline 0.022 -3"><span class='ocrx_word' id='word_1_45' title='bbox 216 1012 352 1050; x_wconf 79' lang='grc' dir='ltr'>σεται.</span> 
     </span>
    </p>
   </div>
   <div class='ocr_carea' id='block_1_11' title="bbox 271 1068 1836 1153">
    <p class='ocr_par' dir='ltr' id='par_1_11' title="bbox 271 1068 1836 1153">
     <span class='ocr_line' id='line_1_11' title="bbox 271 1068 1836 1153; baseline 0.001 -19"><span class='ocrx_word' id='word_1_46' title='bbox 271 1068 366 1139; x_wconf 83' lang='grc' dir='ltr'>λα’,</span> <span class='ocrx_word' id='word_1_47' title='bbox 429 1068 487 1135; x_wconf 66' lang='grc'><strong>’0</strong></span> <span class='ocrx_word' id='word_1_48' title='bbox 563 1078 708 1142; x_wconf 79' lang='grc' dir='ltr'>μετὰ</span> <span class='ocrx_word' id='word_1_49' title='bbox 777 1077 841 1133; x_wconf 86' lang='grc' dir='ltr'>τὸ</span> <span class='ocrx_word' id='word_1_50' title='bbox 901 1077 1163 1151; x_wconf 83' lang='grc' dir='ltr'>προκόψαι</span> <span class='ocrx_word' id='word_1_51' title='bbox 1224 1075 1386 1151; x_wconf 82' lang='grc' dir='ltr'>ἀγρὸν</span> <span class='ocrx_word' id='word_1_52' title='bbox 1458 1074 1836 1153; x_wconf 68' lang='grc' dir='ltr'>ἐξωνούμενος,</span> 
     </span>
    </p>
   </div>
   <div class='ocr_carea' id='block_1_12' title="bbox 209 1163 1839 1246">
    <p class='ocr_par' dir='ltr' id='par_1_12' title="bbox 209 1163 1839 1246">
     <span class='ocr_line' id='line_1_12' title="bbox 209 1163 1839 1246; baseline 0.002 -23"><span class='ocrx_word' id='word_1_53' title='bbox 209 1167 333 1226; x_wconf 53' lang='grc' dir='ltr'>οΰέν</span> <span class='ocrx_word' id='word_1_54' title='bbox 379 1167 554 1246; x_wconf 72' lang='grc' dir='ltr'>ἔχων,</span> <span class='ocrx_word' id='word_1_55' title='bbox 601 1164 742 1222; x_wconf 75' lang='grc' dir='ltr'>ἴστω</span> <span class='ocrx_word' id='word_1_56' title='bbox 795 1171 865 1242; x_wconf 76' lang='grc' dir='ltr'><strong>τῇ</strong></span> <span class='ocrx_word' id='word_1_57' title='bbox 893 1163 1186 1236; x_wconf 68' lang='grc' dir='ltr'>Ἐκκλησία</span> <span class='ocrx_word' id='word_1_58' title='bbox 1240 1171 1427 1221; x_wconf 84' lang='grc' dir='ltr'>τοῦτον</span> <span class='ocrx_word' id='word_1_59' title='bbox 1458 1167 1762 1245; x_wconf 66' lang='grc' dir='ltr'>προσάγων,</span> <span class='ocrx_word' id='word_1_60' title='bbox 1796 1172 1839 1227; x_wconf 81' lang='grc' dir='ltr'><strong>εἰ</strong></span> 
     </span>
    </p>
   </div>
   <div class='ocr_carea' id='block_1_13' title="bbox 209 1252 1838 1333">
    <p class='ocr_par' dir='ltr' id='par_1_13' title="bbox 209 1252 1838 1333">
     <span class='ocr_line' id='line_1_13' title="bbox 209 1252 1838 1333; baseline 0.001 -23"><span class='ocrx_word' id='word_1_61' title='bbox 209 1259 269 1327; x_wconf 73' lang='grc' dir='ltr'>μὴ</span> <span class='ocrx_word' id='word_1_62' title='bbox 315 1256 371 1311; x_wconf 80' lang='grc' dir='ltr'><strong>ἐκ</strong></span> <span class='ocrx_word' id='word_1_63' title='bbox 433 1252 706 1333; x_wconf 49' lang='grc' dir='ltr'>διαδοχῆς</span> <span class='ocrx_word' id='word_1_64' title='bbox 773 1252 1114 1331; x_wconf 71' lang='grc' dir='ltr'><strong>συγγενείας,</strong></span> <span class='ocrx_word' id='word_1_65' title='bbox 1173 1253 1209 1317; x_wconf 75' lang='grc' dir='ltr'>ἢ</span> <span class='ocrx_word' id='word_1_66' title='bbox 1266 1255 1490 1329; x_wconf 83' lang='grc' dir='ltr'>κοθαρᾶς</span> <span class='ocrx_word' id='word_1_67' title='bbox 1534 1253 1838 1333; x_wconf 76' lang='grc' dir='ltr'><strong>φιλοτιμίας</strong></span> 
     </span>
    </p>
   </div>
   <div class='ocr_carea' id='block_1_14' title="bbox 208 1338 1837 1421">
    <p class='ocr_par' dir='ltr' id='par_1_14' title="bbox 208 1338 1837 1421">
     <span class='ocr_line' id='line_1_14' title="bbox 208 1338 1837 1421; baseline 0 -21"><span class='ocrx_word' id='word_1_68' title='bbox 208 1355 332 1404; x_wconf 80' lang='grc' dir='ltr'>τοῦτο</span> <span class='ocrx_word' id='word_1_69' title='bbox 384 1342 772 1421; x_wconf 72' lang='grc' dir='ltr'>περιελήλυθε.</span> <span class='ocrx_word' id='word_1_70' title='bbox 807 1338 1167 1420; x_wconf 79' lang='grc' dir='ltr'>Πρεσϐύτερος</span> <span class='ocrx_word' id='word_1_71' title='bbox 1219 1339 1666 1407; x_wconf 79' lang='grc' dir='ltr'>ἐκκλησιαστικὸν</span> <span class='ocrx_word' id='word_1_72' title='bbox 1698 1350 1837 1418; x_wconf 80' lang='grc' dir='ltr'>πρᾶ-</span> 
     </span>
    </p>
   </div>
   <div class='ocr_carea' id='block_1_15' title="bbox 210 1429 1840 1512">
    <p class='ocr_par' dir='ltr' id='par_1_15' title="bbox 210 1429 1840 1512">
     <span class='ocr_line' id='line_1_15' title="bbox 210 1429 1840 1512; baseline 0 -23"><span class='ocrx_word' id='word_1_73' title='bbox 210 1458 317 1512; x_wconf 67' lang='grc' dir='ltr'>γμα,</span> <span class='ocrx_word' id='word_1_74' title='bbox 351 1436 442 1489; x_wconf 72' lang='grc' dir='ltr'>τοῦ</span> <span class='ocrx_word' id='word_1_75' title='bbox 487 1433 796 1490; x_wconf 72' lang='grc' dir='ltr'>ἐπισκόπου</span> <span class='ocrx_word' id='word_1_76' title='bbox 823 1432 1017 1510; x_wconf 85' lang='grc' dir='ltr'>χωρὶς,</span> <span class='ocrx_word' id='word_1_77' title='bbox 1051 1434 1112 1488; x_wconf 73' lang='grc' dir='ltr'>οὗ</span> <span class='ocrx_word' id='word_1_78' title='bbox 1149 1429 1458 1510; x_wconf 64' lang='grc' dir='ltr'>πιπράσκεν</span> <span class='ocrx_word' id='word_1_79' title='bbox 1493 1430 1611 1488; x_wconf 82' lang='grc' dir='ltr'>οὗδέ</span> <span class='ocrx_word' id='word_1_80' title='bbox 1640 1434 1840 1511; x_wconf 67' lang='grc' dir='ltr'>γωρίον</span> 
     </span>
    </p>
   </div>
   <div class='ocr_carea' id='block_1_16' title="bbox 207 1519 1401 1601">
    <p class='ocr_par' dir='ltr' id='par_1_16' title="bbox 207 1519 1401 1601">
     <span class='ocr_line' id='line_1_16' title="bbox 207 1519 1401 1601; baseline -0.002 -24"><span class='ocrx_word' id='word_1_81' title='bbox 207 1523 488 1601; x_wconf 77' lang='grc' dir='ltr'>ὶτίσκοπος,</span> <span class='ocrx_word' id='word_1_82' title='bbox 540 1519 768 1581; x_wconf 72' lang='grc' dir='ltr'>συνόδου</span> <span class='ocrx_word' id='word_1_83' title='bbox 797 1523 878 1596; x_wconf 75' lang='grc' dir='ltr'>μὴ</span> <span class='ocrx_word' id='word_1_84' title='bbox 920 1519 1401 1598; x_wconf 77' lang='grc' dir='ltr'>ἐπιγινωσκούσης.</span> 
     </span>
    </p>
   </div>
   <div class='ocr_carea' id='block_1_17' title="bbox 268 1604 1838 1690">
    <p class='ocr_par' dir='ltr' id='par_1_17' title="bbox 268 1604 1838 1690">
     <span class='ocr_line' id='line_1_17' title="bbox 268 1604 1838 1690; baseline 0.001 -23"><span class='ocrx_word' id='word_1_85' title='bbox 268 1604 366 1688; x_wconf 73' lang='grc' dir='ltr'>λβ’,</span> <span class='ocrx_word' id='word_1_86' title='bbox 415 1614 491 1670; x_wconf 69' lang='grc' dir='ltr'><strong>Οὔ</strong></span> <span class='ocrx_word' id='word_1_87' title='bbox 549 1622 952 1690; x_wconf 79' lang='grc' dir='ltr'>χειροτονεῖται</span> <span class='ocrx_word' id='word_1_88' title='bbox 1011 1611 1039 1665; x_wconf 83' lang='grc' dir='ltr'><strong>ὃ</strong></span> <span class='ocrx_word' id='word_1_89' title='bbox 1111 1610 1189 1684; x_wconf 76' lang='grc' dir='ltr'>μὴ</span> <span class='ocrx_word' id='word_1_90' title='bbox 1245 1611 1364 1670; x_wconf 74' lang='grc' dir='ltr'>τοὺς</span> <span class='ocrx_word' id='word_1_91' title='bbox 1427 1612 1500 1675; x_wconf 87' lang='grc' dir='ltr'><strong>εἰς</strong></span> <span class='ocrx_word' id='word_1_92' title='bbox 1548 1612 1641 1667; x_wconf 81' lang='grc' dir='ltr'><strong>τὸν</strong></span> <span class='ocrx_word' id='word_1_93' title='bbox 1683 1613 1838 1669; x_wconf 76' lang='grc' dir='ltr'>οἷκον</span> 
     </span>
    </p>
   </div>
   <div class='ocr_carea' id='block_1_18' title="bbox 204 1698 1054 1778">
    <p class='ocr_par' dir='ltr' id='par_1_18' title="bbox 204 1698 1054 1778">
     <span class='ocr_line' id='line_1_18' title="bbox 204 1698 1054 1778; baseline 0 -20"><span class='ocrx_word' id='word_1_94' title='bbox 204 1701 414 1764; x_wconf 61' lang='lat' dir='ltr'><strong>hunc</strong></span> <span class='ocrx_word' id='word_1_95' title='bbox 445 1699 760 1778; x_wconf 77' lang='grc' dir='ltr'>όρθοδόξους</span> <span class='ocrx_word' id='word_1_96' title='bbox 793 1698 1054 1767; x_wconf 70' lang='grc' dir='ltr'>ποιήσας.</span> 
     </span>
    </p>
   </div>
   <div class='ocr_carea' id='block_1_19' title="bbox 1913 534 3190 599">
    <p class='ocr_par' dir='ltr' id='par_1_19' title="bbox 1913 534 3190 599">
     <span class='ocr_line' id='line_1_19' title="bbox 1913 534 3190 599; baseline -0.001 -3"><span class='ocrx_word' id='word_1_97' title='bbox 1913 534 1976 596; x_wconf 91' lang='lat' dir='ltr'><strong>in</strong></span> <span class='ocrx_word' id='word_1_98' title='bbox 2005 553 2072 598; x_wconf 89' lang='lat' dir='ltr'><strong>se</strong></span> <span class='ocrx_word' id='word_1_99' title='bbox 2101 534 2615 599; x_wconf 88' lang='lat' dir='ltr'><strong>condemnationis</strong></span> <span class='ocrx_word' id='word_1_100' title='bbox 2643 535 2999 598; x_wconf 89' lang='lat' dir='ltr'><strong>sententiam</strong></span> <span class='ocrx_word' id='word_1_101' title='bbox 3034 534 3190 597; x_wconf 93' lang='lat' dir='ltr'><strong>tulit.</strong></span> 
     </span>
    </p>
   </div>
   <div class='ocr_carea' id='block_1_20' title="bbox 1993 623 3561 704">
    <p class='ocr_par' dir='ltr' id='par_1_20' title="bbox 1993 623 3561 704">
     <span class='ocr_line' id='line_1_20' title="bbox 1993 623 3561 704; baseline 0.001 -19"><span class='ocrx_word' id='word_1_102' title='bbox 1993 623 2096 686; x_wconf 72' lang='lat'><strong>29.</strong></span> <span class='ocrx_word' id='word_1_103' title='bbox 2131 624 2192 688; x_wconf 92' lang='lat' dir='ltr'><strong>Si</strong></span> <span class='ocrx_word' id='word_1_104' title='bbox 2220 635 2532 687; x_wconf 83' lang='lat' dir='ltr'><strong>accusator</strong></span> <span class='ocrx_word' id='word_1_105' title='bbox 2563 625 2795 687; x_wconf 84' lang='lat' dir='ltr'><strong>itineris</strong></span> <span class='ocrx_word' id='word_1_106' title='bbox 2824 624 3257 704; x_wconf 82' lang='lat' dir='ltr'><strong>longitudinem</strong></span> <span class='ocrx_word' id='word_1_107' title='bbox 3293 623 3561 704; x_wconf 82' lang='lat' dir='ltr'><strong>objiciat,</strong></span> 
     </span>
    </p>
   </div>
   <div class='ocr_carea' id='block_1_21' title="bbox 1913 714 2995 800">
    <p class='ocr_par' dir='ltr' id='par_1_21' title="bbox 1913 714 2995 800">
     <span class='ocr_line' id='line_1_21' title="bbox 1913 714 2995 800; baseline 0.001 -24"><span class='ocrx_word' id='word_1_108' title='bbox 1913 721 1976 800; x_wconf 87' lang='lat' dir='ltr'><strong>et</strong></span> <span class='ocrx_word' id='word_1_109' title='bbox 2007 715 2274 793; x_wconf 82' lang='lat' dir='ltr'><strong>proximo</strong></span> <span class='ocrx_word' id='word_1_110' title='bbox 2306 714 2438 776; x_wconf 87' lang='lat' dir='ltr'><strong>loco</strong></span> <span class='ocrx_word' id='word_1_111' title='bbox 2473 722 2652 776; x_wconf 87' lang='lat' dir='ltr'><strong>testes</strong></span> <span class='ocrx_word' id='word_1_112' title='bbox 2685 715 2995 794; x_wconf 86' lang='lat' dir='ltr'><strong>producet.</strong></span> 
     </span>
    </p>
   </div>
   <div class='ocr_carea' id='block_1_22' title="bbox 1999 802 3567 883">
    <p class='ocr_par' dir='ltr' id='par_1_22' title="bbox 1999 802 3567 883">
     <span class='ocr_line' id='line_1_22' title="bbox 1999 802 3567 883; baseline -0.002 -16"><span class='ocrx_word' id='word_1_113' title='bbox 1999 803 2097 867; x_wconf 86' lang='lat'><strong>30.</strong></span> <span class='ocrx_word' id='word_1_114' title='bbox 2134 802 2245 875; x_wconf 89' lang='lat' dir='ltr'><strong>Qui</strong></span> <span class='ocrx_word' id='word_1_115' title='bbox 2276 803 2351 866; x_wconf 88' lang='lat' dir='ltr'><strong>ad</strong></span> <span class='ocrx_word' id='word_1_116' title='bbox 2387 803 2671 883; x_wconf 86' lang='lat' dir='ltr'><strong>majorem</strong></span> <span class='ocrx_word' id='word_1_117' title='bbox 2697 804 2984 866; x_wconf 86' lang='lat' dir='ltr'><strong>honorem</strong></span> <span class='ocrx_word' id='word_1_118' title='bbox 3017 810 3317 879; x_wconf 85' lang='lat' dir='ltr'><strong>evocatur,</strong></span> <span class='ocrx_word' id='word_1_119' title='bbox 3354 810 3414 865; x_wconf 90' lang='lat' dir='ltr'><strong>et</strong></span> <span class='ocrx_word' id='word_1_120' title='bbox 3447 821 3567 864; x_wconf 88' lang='lat' dir='ltr'><strong>non</strong></span> 
     </span>
    </p>
   </div>
   <div class='ocr_carea' id='block_1_23' title="bbox 1923 891 3564 974">
    <p class='ocr_par' dir='ltr' id='par_1_23' title="bbox 1923 891 3564 974">
     <span class='ocr_line' id='line_1_23' title="bbox 1923 891 3564 974; baseline 0 -20"><span class='ocrx_word' id='word_1_121' title='bbox 1923 893 2315 972; x_wconf 78' lang='lat' dir='ltr'><strong>obtemperat,</strong></span> <span class='ocrx_word' id='word_1_122' title='bbox 2355 893 2530 956; x_wconf 86' lang='lat' dir='ltr'><strong>etiam</strong></span> <span class='ocrx_word' id='word_1_123' title='bbox 2585 893 2714 973; x_wconf 76' lang='lat' dir='ltr'><strong>ipso</strong></span> <span class='ocrx_word' id='word_1_124' title='bbox 2745 912 2920 974; x_wconf 90' lang='lat' dir='ltr'><strong>quem</strong></span> <span class='ocrx_word' id='word_1_125' title='bbox 2955 891 3134 955; x_wconf 85' lang='lat' dir='ltr'><strong>habet</strong></span> <span class='ocrx_word' id='word_1_126' title='bbox 3177 893 3407 955; x_wconf 87' lang='lat' dir='ltr'><strong>honore</strong></span> <span class='ocrx_word' id='word_1_127' title='bbox 3439 893 3564 974; x_wconf 86' lang='lat' dir='ltr'><strong>pri-</strong></span> 
     </span>
    </p>
   </div>
   <div class='ocr_carea' id='block_1_24' title="bbox 1925 982 2174 1044">
    <p class='ocr_par' dir='ltr' id='par_1_24' title="bbox 1925 982 2174 1044">
     <span class='ocr_line' id='line_1_24' title="bbox 1925 982 2174 1044; baseline 0.012 -3"><span class='ocrx_word' id='word_1_128' title='bbox 1925 982 2174 1044; x_wconf 88' lang='lat' dir='ltr'><strong>vabitur.</strong></span> 
     </span>
    </p>
   </div>
   <div class='ocr_carea' id='block_1_25' title="bbox 2006 1070 3564 1152">
    <p class='ocr_par' dir='ltr' id='par_1_25' title="bbox 2006 1070 3564 1152">
     <span class='ocr_line' id='line_1_25' title="bbox 2006 1070 3564 1152; baseline 0 -20"><span class='ocrx_word' id='word_1_129' title='bbox 2006 1071 2104 1132; x_wconf 79' lang='lat' dir='ltr'><strong>3i.</strong></span> <span class='ocrx_word' id='word_1_130' title='bbox 2142 1071 2256 1144; x_wconf 88' lang='lat' dir='ltr'><strong>Qui</strong></span> <span class='ocrx_word' id='word_1_131' title='bbox 2288 1085 2422 1150; x_wconf 91' lang='lat' dir='ltr'><strong>post</strong></span> <span class='ocrx_word' id='word_1_132' title='bbox 2453 1072 2886 1152; x_wconf 91' lang='lat' dir='ltr'><strong>promotionem</strong></span> <span class='ocrx_word' id='word_1_133' title='bbox 2921 1071 3067 1132; x_wconf 85' lang='lat' dir='ltr'><strong>nihil</strong></span> <span class='ocrx_word' id='word_1_134' title='bbox 3101 1070 3325 1133; x_wconf 87' lang='lat' dir='ltr'><strong>habens</strong></span> <span class='ocrx_word' id='word_1_135' title='bbox 3355 1091 3564 1150; x_wconf 83' lang='lat' dir='ltr'><strong>agrum</strong></span> 
     </span>
    </p>
   </div>
   <div class='ocr_carea' id='block_1_26' title="bbox 1923 1159 3567 1241">
    <p class='ocr_par' dir='ltr' id='par_1_26' title="bbox 1923 1159 3567 1241">
     <span class='ocr_line' id='line_1_26' title="bbox 1923 1159 3567 1241; baseline -0.001 -18"><span class='ocrx_word' id='word_1_136' title='bbox 1923 1161 2157 1235; x_wconf 89' lang='lat' dir='ltr'><strong>emerit,</strong></span> <span class='ocrx_word' id='word_1_137' title='bbox 2191 1159 2476 1223; x_wconf 70' lang='lat' dir='ltr'><strong>Ecclesia:</strong></span> <span class='ocrx_word' id='word_1_138' title='bbox 2507 1161 2777 1222; x_wconf 81' lang='lat' dir='ltr'><strong>conferat</strong></span> <span class='ocrx_word' id='word_1_139' title='bbox 2806 1161 2910 1236; x_wconf 89' lang='lat' dir='ltr'><strong>qui</strong></span> <span class='ocrx_word' id='word_1_140' title='bbox 2946 1161 3113 1220; x_wconf 89' lang='lat' dir='ltr'><strong>illum</strong></span> <span class='ocrx_word' id='word_1_141' title='bbox 3138 1160 3414 1241; x_wconf 86' lang='lat' dir='ltr'><strong>acquirit,</strong></span> <span class='ocrx_word' id='word_1_142' title='bbox 3453 1161 3567 1221; x_wconf 89' lang='lat' dir='ltr'><strong>nisi</strong></span> 
     </span>
    </p>
   </div>
   <div class='ocr_carea' id='block_1_27' title="bbox 1921 1249 3564 1329">
    <p class='ocr_par' dir='ltr' id='par_1_27' title="bbox 1921 1249 3564 1329">
     <span class='ocr_line' id='line_1_27' title="bbox 1921 1249 3564 1329; baseline 0 -19"><span class='ocrx_word' id='word_1_143' title='bbox 1921 1250 2300 1312; x_wconf 83' lang='lat' dir='ltr'><strong>successione</strong></span> <span class='ocrx_word' id='word_1_144' title='bbox 2359 1250 2751 1329; x_wconf 77' lang='lat' dir='ltr'><strong>cognationis,</strong></span> <span class='ocrx_word' id='word_1_145' title='bbox 2783 1249 2873 1310; x_wconf 85' lang='lat' dir='ltr'><strong>vel</strong></span> <span class='ocrx_word' id='word_1_146' title='bbox 2920 1269 3066 1329; x_wconf 89' lang='lat' dir='ltr'><strong>pura</strong></span> <span class='ocrx_word' id='word_1_147' title='bbox 3096 1250 3449 1313; x_wconf 87' lang='lat' dir='ltr'><strong>liberalitate</strong></span> <span class='ocrx_word' id='word_1_148' title='bbox 3509 1251 3564 1310; x_wconf 92' lang='lat' dir='ltr'><strong>ei</strong></span> 
     </span>
    </p>
   </div>
   <div class='ocr_carea' id='block_1_28' title="bbox 1923 1339 3570 1420">
    <p class='ocr_par' dir='ltr' id='par_1_28' title="bbox 1923 1339 3570 1420">
     <span class='ocr_line' id='line_1_28' title="bbox 1923 1339 3570 1420; baseline -0.002 -19"><span class='ocrx_word' id='word_1_149' title='bbox 1923 1340 2251 1402; x_wconf 80' lang='lat' dir='ltr'><strong>obvenerit.</strong></span> <span class='ocrx_word' id='word_1_150' title='bbox 2281 1339 2597 1420; x_wconf 75' lang='lat' dir='ltr'><strong>Presbyter</strong></span> <span class='ocrx_word' id='word_1_151' title='bbox 2625 1357 2750 1400; x_wconf 89' lang='lat' dir='ltr'><strong>rem</strong></span> <span class='ocrx_word' id='word_1_152' title='bbox 2777 1356 2912 1414; x_wconf 68' lang='lat' dir='ltr'><strong>quae</strong></span> <span class='ocrx_word' id='word_1_153' title='bbox 2939 1339 3011 1399; x_wconf 90' lang='lat' dir='ltr'><strong>ad</strong></span> <span class='ocrx_word' id='word_1_154' title='bbox 3041 1339 3366 1400; x_wconf 87' lang='lat' dir='ltr'><strong>Ecclesiam</strong></span> <span class='ocrx_word' id='word_1_155' title='bbox 3391 1339 3570 1419; x_wconf 82' lang='lat' dir='ltr'><strong>perti-</strong></span> 
     </span>
    </p>
   </div>
   <div class='ocr_carea' id='block_1_29' title="bbox 1923 1426 3567 1509">
    <p class='ocr_par' dir='ltr' id='par_1_29' title="bbox 1923 1426 3567 1509">
     <span class='ocr_line' id='line_1_29' title="bbox 1923 1426 3567 1509; baseline -0.001 -19"><span class='ocrx_word' id='word_1_156' title='bbox 1923 1439 2023 1490; x_wconf 86' lang='lat' dir='ltr'><strong>net</strong></span> <span class='ocrx_word' id='word_1_157' title='bbox 2073 1430 2204 1490; x_wconf 87' lang='lat' dir='ltr'><strong>sine</strong></span> <span class='ocrx_word' id='word_1_158' title='bbox 2259 1430 2543 1509; x_wconf 88' lang='lat' dir='ltr'><strong>episcopo</strong></span> <span class='ocrx_word' id='word_1_159' title='bbox 2588 1447 2707 1488; x_wconf 89' lang='lat' dir='ltr'><strong>non</strong></span> <span class='ocrx_word' id='word_1_160' title='bbox 2767 1426 2988 1505; x_wconf 83' lang='lat' dir='ltr'><strong>vendit,</strong></span> <span class='ocrx_word' id='word_1_161' title='bbox 3026 1445 3223 1508; x_wconf 84' lang='lat' dir='ltr'><strong>neque</strong></span> <span class='ocrx_word' id='word_1_162' title='bbox 3278 1428 3567 1508; x_wconf 69' lang='lat' dir='ltr'><strong>praedium</strong></span> 
     </span>
    </p>
   </div>
   <div class='ocr_carea' id='block_1_30' title="bbox 1923 1515 3563 1598">
    <p class='ocr_par' dir='ltr' id='par_1_30' title="bbox 1923 1515 3563 1598">
     <span class='ocr_line' id='line_1_30' title="bbox 1923 1515 3563 1598; baseline 0.002 -20"><span class='ocrx_word' id='word_1_163' title='bbox 1923 1518 2260 1596; x_wconf 89' lang='lat' dir='ltr'><strong>episcopus,</strong></span> <span class='ocrx_word' id='word_1_164' title='bbox 2295 1517 2410 1579; x_wconf 89' lang='lat' dir='ltr'><strong>nisi</strong></span> <span class='ocrx_word' id='word_1_165' title='bbox 2441 1516 2699 1598; x_wconf 81' lang='lat' dir='ltr'><strong>synodus</strong></span> <span class='ocrx_word' id='word_1_166' title='bbox 2754 1515 2811 1576; x_wconf 89' lang='lat' dir='ltr'><strong>id</strong></span> <span class='ocrx_word' id='word_1_167' title='bbox 2847 1516 3214 1595; x_wconf 79' lang='lat' dir='ltr'><strong>exploratum</strong></span> <span class='ocrx_word' id='word_1_168' title='bbox 3265 1517 3563 1582; x_wconf 79' lang='lat' dir='ltr'><strong>habuerit.</strong></span> 
     </span>
    </p>
   </div>
   <div class='ocr_carea' id='block_1_31' title="bbox 2003 1605 3570 1685">
    <p class='ocr_par' dir='ltr' id='par_1_31' title="bbox 2003 1605 3570 1685">
     <span class='ocr_line' id='line_1_31' title="bbox 2003 1605 3570 1685; baseline 0.002 -19"><span class='ocrx_word' id='word_1_169' title='bbox 2003 1606 2102 1667; x_wconf 75' lang='lat'><strong>32.</strong></span> <span class='ocrx_word' id='word_1_170' title='bbox 2137 1609 2271 1671; x_wconf 89' lang='lat' dir='ltr'><strong>Non</strong></span> <span class='ocrx_word' id='word_1_171' title='bbox 2315 1606 2624 1669; x_wconf 88' lang='lat' dir='ltr'><strong>ordinatur</strong></span> <span class='ocrx_word' id='word_1_172' title='bbox 2653 1605 2769 1667; x_wconf 88' lang='lat' dir='ltr'><strong>nisi</strong></span> <span class='ocrx_word' id='word_1_173' title='bbox 2817 1607 2920 1685; x_wconf 84' lang='lat' dir='ltr'><strong>qui</strong></span> <span class='ocrx_word' id='word_1_174' title='bbox 2950 1624 3162 1668; x_wconf 88' lang='lat' dir='ltr'><strong>omnes</strong></span> <span class='ocrx_word' id='word_1_175' title='bbox 3211 1609 3570 1670; x_wconf 88' lang='lat' dir='ltr'><strong>domesticos</strong></span> 
     </span>
    </p>
   </div>
   <div class='ocr_carea' id='block_1_32' title="bbox 1923 1695 2548 1758">
    <p class='ocr_par' dir='ltr' id='par_1_32' title="bbox 1923 1695 2548 1758">
     <span class='ocr_line' id='line_1_32' title="bbox 1923 1695 2548 1758; baseline -0.002 -2"><span class='ocrx_word' id='word_1_176' title='bbox 1923 1695 2286 1758; x_wconf 79' lang='lat' dir='ltr'><strong>orthodoxos</strong></span> <span class='ocrx_word' id='word_1_177' title='bbox 2319 1695 2548 1757; x_wconf 77' lang='lat' dir='ltr'><strong>fecerit.</strong></span> 
     </span>
    </p>
   </div>
   <div class='ocr_carea' id='block_1_33' title="bbox 268 1780 1844 1869">
    <p class='ocr_par' dir='ltr' id='par_1_33' title="bbox 268 1780 1825 1869">
     <span class='ocr_line' id='line_1_33' title="bbox 268 1780 1825 1869; baseline -0.007 -22"><span class='ocrx_word' id='word_1_178' title='bbox 268 1780 372 1869; x_wconf 76' lang='grc' dir='ltr'>λγ’.</span> <span class='ocrx_word' id='word_1_179' title='bbox 433 1789 662 1862; x_wconf 67' lang='lat' dir='ltr'><strong>&quot;Apto:</strong></span> <span class='ocrx_word' id='word_1_180' title='bbox 721 1792 812 1846; x_wconf 83' lang='grc' dir='ltr'><strong>καὶ</strong></span> <span class='ocrx_word' id='word_1_181' title='bbox 867 1791 1012 1853; x_wconf 84' lang='grc' dir='ltr'>οἶνος</span> <span class='ocrx_word' id='word_1_182' title='bbox 1083 1787 1233 1846; x_wconf 68' lang='grc' dir='ltr'>ὕδατι</span> <span class='ocrx_word' id='word_1_183' title='bbox 1288 1789 1610 1864; x_wconf 78' lang='grc' dir='ltr'><strong>κεκραμένος</strong></span> <span class='ocrx_word' id='word_1_184' title='bbox 1667 1812 1825 1865; x_wconf 83' lang='grc' dir='ltr'><strong>προσ.</strong></span> 
     </span>
    </p>
   </div>
   <div class='ocr_carea' id='block_1_34' title="bbox 1966 1780 3569 1869">
    <p class='ocr_par' dir='ltr' id='par_1_34' title="bbox 2002 1783 3569 1865">
     <span class='ocr_line' id='line_1_34' title="bbox 2002 1783 3569 1865; baseline -0.001 -17"><span class='ocrx_word' id='word_1_185' title='bbox 2002 1785 2103 1848; x_wconf 87' lang='lat'><strong>33.</strong></span> <span class='ocrx_word' id='word_1_186' title='bbox 2152 1783 2327 1846; x_wconf 87' lang='lat' dir='ltr'><strong>Panis</strong></span> <span class='ocrx_word' id='word_1_187' title='bbox 2387 1794 2444 1846; x_wconf 90' lang='lat' dir='ltr'><strong>et</strong></span> <span class='ocrx_word' id='word_1_188' title='bbox 2500 1785 2698 1846; x_wconf 90' lang='lat' dir='ltr'><strong>vinum</strong></span> <span class='ocrx_word' id='word_1_189' title='bbox 2761 1803 2912 1865; x_wconf 91' lang='lat' dir='ltr'><strong>aqua</strong></span> <span class='ocrx_word' id='word_1_190' title='bbox 2967 1784 3206 1847; x_wconf 90' lang='lat' dir='ltr'><strong>mistum</strong></span> <span class='ocrx_word' id='word_1_191' title='bbox 3261 1785 3569 1865; x_wconf 77' lang='lat' dir='ltr'><strong>offeratur,</strong></span> 
     </span>
    </p>
   </div>
   <div class='ocr_carea' id='block_1_35' title="bbox 201 1879 788 1956">
    <p class='ocr_par' dir='ltr' id='par_1_35' title="bbox 201 1879 788 1956">
     <span class='ocr_line' id='line_1_35' title="bbox 201 1879 788 1956; baseline 0.003 -20"><span class='ocrx_word' id='word_1_192' title='bbox 201 1881 409 1956; x_wconf 68' lang='grc' dir='ltr'>αγέσθω,</span> <span class='ocrx_word' id='word_1_193' title='bbox 445 1879 547 1936; x_wconf 79' lang='grc' dir='ltr'><strong>καί</strong></span> <span class='ocrx_word' id='word_1_194' title='bbox 599 1880 788 1954; x_wconf 88' lang='grc' dir='ltr'>μόνον.</span> 
     </span>
    </p>
   </div>
   <div class='ocr_carea' id='block_1_36' title="bbox 268 1965 1842 2046">
    <p class='ocr_par' dir='ltr' id='par_1_36' title="bbox 268 1965 1842 2046">
     <span class='ocr_line' id='line_1_36' title="bbox 268 1965 1842 2046; baseline 0 -22"><span class='ocrx_word' id='word_1_195' title='bbox 268 1967 367 2031; x_wconf 85' lang='grc' dir='ltr'>λδ⁹,</span> <span class='ocrx_word' id='word_1_196' title='bbox 445 1968 735 2045; x_wconf 74' lang='grc' dir='ltr'>Κληρικοὶ,</span> <span class='ocrx_word' id='word_1_197' title='bbox 813 1969 906 2024; x_wconf 79' lang='grc' dir='ltr'><strong>γὰί</strong></span> <span class='ocrx_word' id='word_1_198' title='bbox 995 1966 1460 2044; x_wconf 64' lang='grc' dir='ltr'>ἐγκρατευόμενοι,</span> <span class='ocrx_word' id='word_1_199' title='bbox 1528 1965 1724 2046; x_wconf 80' lang='grc' dir='ltr'>χήραις</span> <span class='ocrx_word' id='word_1_200' title='bbox 1806 1969 1842 2036; x_wconf 75' lang='grc' dir='ltr'><strong>ἢ</strong></span> 
     </span>
    </p>
   </div>
   <div class='ocr_carea' id='block_1_37' title="bbox 204 2056 1844 2135">
    <p class='ocr_par' dir='ltr' id='par_1_37' title="bbox 204 2056 1844 2135">
     <span class='ocr_line' id='line_1_37' title="bbox 204 2056 1844 2135; baseline -0.001 -21"><span class='ocrx_word' id='word_1_201' title='bbox 204 2061 458 2128; x_wconf 67' lang='grc' dir='ltr'>παρθένοις</span> <span class='ocrx_word' id='word_1_202' title='bbox 523 2065 611 2133; x_wconf 74' lang='grc' dir='ltr'>μὴ</span> <span class='ocrx_word' id='word_1_203' title='bbox 669 2056 1060 2135; x_wconf 75' lang='grc' dir='ltr'>προσιέτωσαν,</span> <span class='ocrx_word' id='word_1_204' title='bbox 1132 2057 1177 2111; x_wconf 80' lang='grc' dir='ltr'>εἱ</span> <span class='ocrx_word' id='word_1_205' title='bbox 1243 2056 1320 2128; x_wconf 81' lang='grc' dir='ltr'>μὴ</span> <span class='ocrx_word' id='word_1_206' title='bbox 1388 2056 1695 2112; x_wconf 71' lang='grc' dir='ltr'>ἐπισκόπων</span> <span class='ocrx_word' id='word_1_207' title='bbox 1756 2058 1844 2113; x_wconf 81' lang='grc' dir='ltr'>καὶ</span> 
     </span>
    </p>
   </div>
   <div class='ocr_carea' id='block_1_38' title="bbox 205 2143 1844 2223">
    <p class='ocr_par' dir='ltr' id='par_1_38' title="bbox 205 2143 1844 2223">
     <span class='ocr_line' id='line_1_38' title="bbox 205 2143 1844 2223; baseline -0.001 -20"><span class='ocrx_word' id='word_1_208' title='bbox 205 2145 565 2223; x_wconf 73' lang='grc' dir='ltr'>πρεσϐυτέρων</span> <span class='ocrx_word' id='word_1_209' title='bbox 628 2147 882 2223; x_wconf 73' lang='grc' dir='ltr'>ἐπιταγῇ·</span> <span class='ocrx_word' id='word_1_210' title='bbox 945 2146 1032 2202; x_wconf 78' lang='grc' dir='ltr'><strong>καὶ</strong></span> <span class='ocrx_word' id='word_1_211' title='bbox 1089 2143 1228 2201; x_wconf 68' lang='grc' dir='ltr'>οὕτω</span> <span class='ocrx_word' id='word_1_212' title='bbox 1281 2148 1360 2218; x_wconf 78' lang='grc' dir='ltr'>μὴ</span> <span class='ocrx_word' id='word_1_213' title='bbox 1405 2146 1585 2218; x_wconf 70' lang='grc' dir='ltr'>μόνοι,</span> <span class='ocrx_word' id='word_1_214' title='bbox 1631 2144 1755 2202; x_wconf 79' lang='grc' dir='ltr'>ἀλλ’</span> <span class='ocrx_word' id='word_1_215' title='bbox 1807 2146 1844 2214; x_wconf 79' lang='grc' dir='ltr'><strong>ἢ</strong></span> 
     </span>
    </p>
   </div>
   <div class='ocr_carea' id='block_1_39' title="bbox 204 2230 1842 2312">
    <p class='ocr_par' dir='ltr' id='par_1_39' title="bbox 204 2230 1842 2312">
     <span class='ocr_line' id='line_1_39' title="bbox 204 2230 1842 2312; baseline 0.001 -22"><span class='ocrx_word' id='word_1_216' title='bbox 204 2236 301 2309; x_wconf 83' lang='grc' dir='ltr'>μεθ’</span> <span class='ocrx_word' id='word_1_217' title='bbox 352 2239 426 2290; x_wconf 83' lang='grc' dir='ltr'>ὦν</span> <span class='ocrx_word' id='word_1_218' title='bbox 502 2237 532 2291; x_wconf 83' lang='grc' dir='ltr'>ὁ</span> <span class='ocrx_word' id='word_1_219' title='bbox 612 2234 900 2297; x_wconf 77' lang='grc' dir='ltr'>ἐπίσκοπος</span> <span class='ocrx_word' id='word_1_220' title='bbox 959 2235 1048 2290; x_wconf 82' lang='grc' dir='ltr'><strong>καὶ</strong></span> <span class='ocrx_word' id='word_1_221' title='bbox 1119 2237 1166 2291; x_wconf 80' lang='grc' dir='ltr'>οἱ</span> <span class='ocrx_word' id='word_1_222' title='bbox 1225 2230 1565 2312; x_wconf 66' lang='grc' dir='ltr'>πρεσϐύτεροι</span> <span class='ocrx_word' id='word_1_223' title='bbox 1632 2237 1842 2312; x_wconf 77' lang='grc' dir='ltr'>βαίνω-</span> 
     </span>
    </p>
   </div>
   <div class='ocr_carea' id='block_1_40' title="bbox 205 2347 294 2383">
    <p class='ocr_par' dir='ltr' id='par_1_40' title="bbox 205 2347 294 2383">
     <span class='ocr_line' id='line_1_40' title="bbox 205 2347 294 2383; baseline 0.045 -4"><span class='ocrx_word' id='word_1_224' title='bbox 205 2347 294 2383; x_wconf 74' lang='grc' dir='ltr'>σιν.</span> 
     </span>
    </p>
   </div>
   <div class='ocr_carea' id='block_1_41' title="bbox 271 2411 1641 2490">
    <p class='ocr_par' dir='ltr' id='par_1_41' title="bbox 271 2411 1641 2490">
     <span class='ocr_line' id='line_1_41' title="bbox 271 2411 1641 2490; baseline 0.003 -22"><span class='ocrx_word' id='word_1_225' title='bbox 271 2413 345 2469; x_wconf 80' lang='grc' dir='ltr'>λε’</span> <span class='ocrx_word' id='word_1_226' title='bbox 359 2461 373 2474; x_wconf 93' lang='grc'><strong>.</strong></span> <span class='ocrx_word' id='word_1_227' title='bbox 409 2416 468 2472; x_wconf 81' lang='grc' dir='ltr'><strong>Εἰ</strong></span> <span class='ocrx_word' id='word_1_228' title='bbox 503 2415 589 2488; x_wconf 79' lang='grc' dir='ltr'><strong>μῆ</strong></span> <span class='ocrx_word' id='word_1_229' title='bbox 617 2414 724 2470; x_wconf 81' lang='grc' dir='ltr'><strong>ἀπὸ</strong></span> <span class='ocrx_word' id='word_1_230' title='bbox 755 2417 1024 2478; x_wconf 82' lang='grc' dir='ltr'>νηστικῶν</span> <span class='ocrx_word' id='word_1_231' title='bbox 1048 2411 1174 2489; x_wconf 74' lang='grc' dir='ltr'>ἅγια</span> <span class='ocrx_word' id='word_1_232' title='bbox 1205 2415 1266 2470; x_wconf 73' lang='grc' dir='ltr'>οὗ</span> <span class='ocrx_word' id='word_1_233' title='bbox 1291 2413 1641 2490; x_wconf 71' lang='grc' dir='ltr'>προσάγεται.</span> 
     </span>
    </p>
   </div>
   <div class='ocr_carea' id='block_1_42' title="bbox 269 2493 1642 2582">
    <p class='ocr_par' dir='ltr' id='par_1_42' title="bbox 269 2493 1642 2582">
     <span class='ocr_line' id='line_1_42' title="bbox 269 2493 1642 2582; baseline 0.004 -24"><span class='ocrx_word' id='word_1_234' title='bbox 269 2493 399 2582; x_wconf 77' lang='grc' dir='ltr'>λς’,</span> <span class='ocrx_word' id='word_1_235' title='bbox 438 2502 712 2582; x_wconf 75' lang='grc' dir='ltr'>Κλῃρικός</span> <span class='ocrx_word' id='word_1_236' title='bbox 756 2500 845 2558; x_wconf 72' lang='grc' dir='ltr'><strong>ἐπ’</strong></span> <span class='ocrx_word' id='word_1_237' title='bbox 873 2500 1160 2568; x_wconf 73' lang='grc' dir='ltr'><strong>ἐκκλησίας</strong></span> <span class='ocrx_word' id='word_1_238' title='bbox 1192 2502 1642 2576; x_wconf 80' lang='grc' dir='ltr'>ἀσυμποσίαστος.</span> 
     </span>
    </p>
   </div>
   <div class='ocr_carea' id='block_1_43' title="bbox 269 2581 1843 2672">
    <p class='ocr_par' dir='ltr' id='par_1_43' title="bbox 269 2581 1843 2672">
     <span class='ocr_line' id='line_1_43' title="bbox 269 2581 1843 2672; baseline 0.001 -24"><span class='ocrx_word' id='word_1_239' title='bbox 269 2581 366 2662; x_wconf 80' lang='grc' dir='ltr'>λζ’.</span> <span class='ocrx_word' id='word_1_240' title='bbox 444 2583 511 2648; x_wconf 72' lang='grc' dir='ltr'><strong><em>Ἠ</em></strong></span> <span class='ocrx_word' id='word_1_241' title='bbox 572 2581 660 2648; x_wconf 81' lang='grc' dir='ltr'><strong>διὰ</strong></span> <span class='ocrx_word' id='word_1_242' title='bbox 731 2593 1013 2656; x_wconf 72' lang='grc' dir='ltr'>παρθενίαν</span> <span class='ocrx_word' id='word_1_243' title='bbox 1071 2596 1162 2647; x_wconf 84' lang='grc' dir='ltr'>τοῦ</span> <span class='ocrx_word' id='word_1_244' title='bbox 1204 2592 1402 2666; x_wconf 83' lang='grc' dir='ltr'>πατρὸς</span> <span class='ocrx_word' id='word_1_245' title='bbox 1476 2591 1843 2672; x_wconf 75' lang='grc' dir='ltr'>ἀφισταμένη,</span> 
     </span>
    </p>
   </div>
   <div class='ocr_carea' id='block_1_44' title="bbox 206 2681 1522 2758">
    <p class='ocr_par' dir='ltr' id='par_1_44' title="bbox 206 2681 1522 2758">
     <span class='ocr_line' id='line_1_44' title="bbox 206 2681 1522 2758; baseline 0.002 -23"><span class='ocrx_word' id='word_1_246' title='bbox 206 2693 311 2746; x_wconf 78' lang='grc' dir='ltr'>ταῖς</span> <span class='ocrx_word' id='word_1_247' title='bbox 337 2685 702 2756; x_wconf 80' lang='grc' dir='ltr'>τιμιωτάταις</span> <span class='ocrx_word' id='word_1_248' title='bbox 733 2687 843 2737; x_wconf 84' lang='grc' dir='ltr'>τῶν</span> <span class='ocrx_word' id='word_1_249' title='bbox 872 2681 1135 2758; x_wconf 67' lang='grc' dir='ltr'>γυναικῶν</span> <span class='ocrx_word' id='word_1_250' title='bbox 1162 2681 1522 2753; x_wconf 82' lang='grc' dir='ltr'>παρατίθεται.</span> 
     </span>
    </p>
   </div>
   <div class='ocr_carea' id='block_1_45' title="bbox 279 2760 1844 2849">
    <p class='ocr_par' dir='ltr' id='par_1_45' title="bbox 279 2760 1844 2849">
     <span class='ocr_line' id='line_1_45' title="bbox 279 2760 1844 2849; baseline 0.002 -24"><span class='ocrx_word' id='word_1_251' title='bbox 279 2760 389 2837; x_wconf 77' lang='grc' dir='ltr'>λη’.</span> <span class='ocrx_word' id='word_1_252' title='bbox 450 2771 729 2837; x_wconf 83' lang='grc' dir='ltr'>Σκηνικὸς</span> <span class='ocrx_word' id='word_1_253' title='bbox 786 2769 1118 2849; x_wconf 70' lang='grc' dir='ltr'>ἐπιστρέφων</span> <span class='ocrx_word' id='word_1_254' title='bbox 1162 2765 1344 2832; x_wconf 86' lang='grc' dir='ltr'>δεκτός</span> <span class='ocrx_word' id='word_1_255' title='bbox 1392 2772 1534 2825; x_wconf 71' lang='grc' dir='ltr'>ἐστιν</span> <span class='ocrx_word' id='word_1_256' title='bbox 1563 2773 1635 2834; x_wconf 92' lang='grc' dir='ltr'><strong>εἰς</strong></span> <span class='ocrx_word' id='word_1_257' title='bbox 1679 2771 1844 2837; x_wconf 82' lang='grc' dir='ltr'>μετά-</span> 
     </span>
    </p>
   </div>
   <div class='ocr_carea' id='block_1_46' title="bbox 208 2880 353 2918">
    <p class='ocr_par' dir='ltr' id='par_1_46' title="bbox 208 2880 353 2918">
     <span class='ocr_line' id='line_1_46' title="bbox 208 2880 353 2918; baseline 0.028 -5"><span class='ocrx_word' id='word_1_258' title='bbox 208 2880 353 2918; x_wconf 68' lang='grc' dir='ltr'>νουιν.</span> 
     </span>
    </p>
   </div>
   <div class='ocr_carea' id='block_1_47' title="bbox 273 2944 1844 3026">
    <p class='ocr_par' dir='ltr' id='par_1_47' title="bbox 273 2944 1844 3026">
     <span class='ocr_line' id='line_1_47' title="bbox 273 2944 1844 3026; baseline 0.001 -23"><span class='ocrx_word' id='word_1_259' title='bbox 273 2946 368 3011; x_wconf 86' lang='grc' dir='ltr'>λθ’,</span> <span class='ocrx_word' id='word_1_260' title='bbox 458 2944 876 3010; x_wconf 68' lang='grc' dir='ltr'>Ἀναϐαπτίσεις</span> <span class='ocrx_word' id='word_1_261' title='bbox 961 2946 1048 3003; x_wconf 71' lang='grc' dir='ltr'><strong>καί</strong></span> <span class='ocrx_word' id='word_1_262' title='bbox 1133 2945 1636 3026; x_wconf 77' lang='grc' dir='ltr'>ἀναχειροτονήσεις</span> <span class='ocrx_word' id='word_1_263' title='bbox 1669 2995 1684 3022; x_wconf 85' lang='grc'><strong>,</strong></span> <span class='ocrx_word' id='word_1_264' title='bbox 1759 2949 1844 3005; x_wconf 79' lang='grc' dir='ltr'>καὶ</span> 
     </span>
    </p>
   </div>
   <div class='ocr_carea' id='block_1_48' title="bbox 211 3035 1294 3114">
    <p class='ocr_par' dir='ltr' id='par_1_48' title="bbox 211 3035 1294 3114">
     <span class='ocr_line' id='line_1_48' title="bbox 211 3035 1294 3114; baseline 0.003 -22"><span class='ocrx_word' id='word_1_265' title='bbox 211 3039 573 3111; x_wconf 70' lang='grc' dir='ltr'>μετακινήσεις</span> <span class='ocrx_word' id='word_1_266' title='bbox 605 3036 914 3093; x_wconf 75' lang='grc' dir='ltr'>ἐπισκόπων</span> <span class='ocrx_word' id='word_1_267' title='bbox 947 3039 1007 3095; x_wconf 75' lang='grc' dir='ltr'>οὗ</span> <span class='ocrx_word' id='word_1_268' title='bbox 1036 3035 1294 3114; x_wconf 88' lang='grc' dir='ltr'>γίνονται.</span> 
     </span>
    </p>
   </div>
   <div class='ocr_carea' id='block_1_49' title="bbox 1925 1875 2351 1957">
    <p class='ocr_par' dir='ltr' id='par_1_49' title="bbox 1925 1875 2351 1957">
     <span class='ocr_line' id='line_1_49' title="bbox 1925 1875 2351 1957; baseline -0.002 -21"><span class='ocrx_word' id='word_1_269' title='bbox 1925 1875 2107 1957; x_wconf 87' lang='lat' dir='ltr'><strong>idque</strong></span> <span class='ocrx_word' id='word_1_270' title='bbox 2134 1875 2351 1937; x_wconf 87' lang='lat' dir='ltr'><strong>solum.</strong></span> 
     </span>
    </p>
   </div>
   <div class='ocr_carea' id='block_1_50' title="bbox 2005 1963 3572 2042">
    <p class='ocr_par' dir='ltr' id='par_1_50' title="bbox 2005 1963 3572 2042">
     <span class='ocr_line' id='line_1_50' title="bbox 2005 1963 3572 2042; baseline -0.002 -15"><span class='ocrx_word' id='word_1_271' title='bbox 2005 1965 2106 2027; x_wconf 83' lang='lat'><strong>34.</strong></span> <span class='ocrx_word' id='word_1_272' title='bbox 2155 1963 2369 2026; x_wconf 90' lang='lat' dir='ltr'><strong>Clerici</strong></span> <span class='ocrx_word' id='word_1_273' title='bbox 2403 1971 2460 2026; x_wconf 91' lang='lat' dir='ltr'><strong>et</strong></span> <span class='ocrx_word' id='word_1_274' title='bbox 2488 1965 2871 2026; x_wconf 80' lang='lat' dir='ltr'><strong>continentes</strong></span> <span class='ocrx_word' id='word_1_275' title='bbox 2931 1963 3002 2023; x_wconf 86' lang='lat' dir='ltr'><strong>ad</strong></span> <span class='ocrx_word' id='word_1_276' title='bbox 3040 1965 3240 2025; x_wconf 91' lang='lat' dir='ltr'><strong>viduas</strong></span> <span class='ocrx_word' id='word_1_277' title='bbox 3274 1965 3363 2026; x_wconf 92' lang='lat' dir='ltr'><strong>vel</strong></span> <span class='ocrx_word' id='word_1_278' title='bbox 3403 1964 3572 2042; x_wconf 83' lang='lat' dir='ltr'><strong>virgi-</strong></span> 
     </span>
    </p>
   </div>
   <div class='ocr_carea' id='block_1_51' title="bbox 1927 2053 3574 2133">
    <p class='ocr_par' dir='ltr' id='par_1_51' title="bbox 1927 2053 3574 2133">
     <span class='ocr_line' id='line_1_51' title="bbox 1927 2053 3574 2133; baseline -0.001 -19"><span class='ocrx_word' id='word_1_279' title='bbox 1927 2072 2033 2115; x_wconf 85' lang='lat' dir='ltr'><strong>nes</strong></span> <span class='ocrx_word' id='word_1_280' title='bbox 2072 2072 2191 2114; x_wconf 92' lang='lat' dir='ltr'><strong>non</strong></span> <span class='ocrx_word' id='word_1_281' title='bbox 2222 2053 2528 2128; x_wconf 89' lang='lat' dir='ltr'><strong>accedant,</strong></span> <span class='ocrx_word' id='word_1_282' title='bbox 2561 2053 2674 2114; x_wconf 88' lang='lat' dir='ltr'><strong>nisi</strong></span> <span class='ocrx_word' id='word_1_283' title='bbox 2705 2072 2776 2114; x_wconf 83' lang='lat' dir='ltr'><strong>ex</strong></span> <span class='ocrx_word' id='word_1_284' title='bbox 2827 2054 3002 2133; x_wconf 87' lang='lat' dir='ltr'><strong>jussu</strong></span> <span class='ocrx_word' id='word_1_285' title='bbox 3034 2054 3458 2132; x_wconf 87' lang='lat' dir='ltr'><strong>episcoporum</strong></span> <span class='ocrx_word' id='word_1_286' title='bbox 3516 2061 3574 2112; x_wconf 91' lang='lat' dir='ltr'><strong>et</strong></span> 
     </span>
    </p>
   </div>
   <div class='ocr_carea' id='block_1_52' title="bbox 1927 2142 3573 2222">
    <p class='ocr_par' dir='ltr' id='par_1_52' title="bbox 1927 2142 3573 2222">
     <span class='ocr_line' id='line_1_52' title="bbox 1927 2142 3573 2222; baseline -0.001 -19"><span class='ocrx_word' id='word_1_287' title='bbox 1927 2142 2430 2222; x_wconf 87' lang='lat' dir='ltr'><strong>presbyterorum,</strong></span> <span class='ocrx_word' id='word_1_288' title='bbox 2465 2150 2524 2203; x_wconf 89' lang='lat' dir='ltr'><strong>et</strong></span> <span class='ocrx_word' id='word_1_289' title='bbox 2581 2145 2667 2203; x_wconf 89' lang='lat' dir='ltr'><strong>sic</strong></span> <span class='ocrx_word' id='word_1_290' title='bbox 2699 2161 2817 2202; x_wconf 93' lang='lat' dir='ltr'><strong>non</strong></span> <span class='ocrx_word' id='word_1_291' title='bbox 2867 2144 3002 2218; x_wconf 87' lang='lat' dir='ltr'><strong>soli,</strong></span> <span class='ocrx_word' id='word_1_292' title='bbox 3037 2143 3142 2203; x_wconf 88' lang='lat' dir='ltr'><strong>sed</strong></span> <span class='ocrx_word' id='word_1_293' title='bbox 3187 2144 3273 2203; x_wconf 85' lang='lat' dir='ltr'><strong>vel</strong></span> <span class='ocrx_word' id='word_1_294' title='bbox 3313 2161 3445 2204; x_wconf 91' lang='lat' dir='ltr'><strong>cum</strong></span> <span class='ocrx_word' id='word_1_295' title='bbox 3502 2142 3573 2203; x_wconf 91' lang='lat' dir='ltr'><strong>iis</strong></span> 
     </span>
    </p>
   </div>
   <div class='ocr_carea' id='block_1_53' title="bbox 1927 2230 3417 2312">
    <p class='ocr_par' dir='ltr' id='par_1_53' title="bbox 1927 2230 3417 2312">
     <span class='ocr_line' id='line_1_53' title="bbox 1927 2230 3417 2312; baseline 0.001 -23"><span class='ocrx_word' id='word_1_296' title='bbox 1927 2250 2077 2310; x_wconf 84' lang='lat' dir='ltr'><strong>quos</strong></span> <span class='ocrx_word' id='word_1_297' title='bbox 2107 2231 2423 2311; x_wconf 88' lang='lat' dir='ltr'><strong>episcopus</strong></span> <span class='ocrx_word' id='word_1_298' title='bbox 2447 2230 2540 2292; x_wconf 89' lang='lat' dir='ltr'><strong>vel</strong></span> <span class='ocrx_word' id='word_1_299' title='bbox 2572 2230 2904 2312; x_wconf 78' lang='lat' dir='ltr'><strong>presbyteri</strong></span> <span class='ocrx_word' id='word_1_300' title='bbox 2932 2250 3136 2294; x_wconf 87' lang='lat' dir='ltr'><strong>secum</strong></span> <span class='ocrx_word' id='word_1_301' title='bbox 3170 2233 3417 2293; x_wconf 92' lang='lat' dir='ltr'><strong>ducunt.</strong></span> 
     </span>
    </p>
   </div>
   <div class='ocr_carea' id='block_1_54' title="bbox 2011 2407 3366 2487">
    <p class='ocr_par' dir='ltr' id='par_1_54' title="bbox 2011 2407 3366 2487">
     <span class='ocr_line' id='line_1_54' title="bbox 2011 2407 3366 2487; baseline 0.001 -17"><span class='ocrx_word' id='word_1_302' title='bbox 2011 2409 2115 2474; x_wconf 88' lang='lat'><strong>35.</strong></span> <span class='ocrx_word' id='word_1_303' title='bbox 2150 2411 2364 2472; x_wconf 89' lang='lat' dir='ltr'><strong>Sancta</strong></span> <span class='ocrx_word' id='word_1_304' title='bbox 2396 2407 2512 2468; x_wconf 90' lang='lat' dir='ltr'><strong>nisi</strong></span> <span class='ocrx_word' id='word_1_305' title='bbox 2541 2427 2575 2469; x_wconf 92' lang='lat' dir='ltr'><strong>a</strong></span> <span class='ocrx_word' id='word_1_306' title='bbox 2596 2408 2825 2487; x_wconf 86' lang='lat' dir='ltr'><strong>jejunis</strong></span> <span class='ocrx_word' id='word_1_307' title='bbox 2867 2429 2982 2470; x_wconf 93' lang='lat' dir='ltr'><strong>non</strong></span> <span class='ocrx_word' id='word_1_308' title='bbox 3015 2410 3366 2472; x_wconf 77' lang='lat' dir='ltr'><strong>offeruntur.</strong></span> 
     </span>
    </p>
   </div>
   <div class='ocr_carea' id='block_1_55' title="bbox 2007 2497 3327 2563">
    <p class='ocr_par' dir='ltr' id='par_1_55' title="bbox 2007 2497 3327 2563">
     <span class='ocr_line' id='line_1_55' title="bbox 2007 2497 3327 2563; baseline 0.002 -3"><span class='ocrx_word' id='word_1_309' title='bbox 2007 2500 2107 2562; x_wconf 91' lang='lat'><strong>36.</strong></span> <span class='ocrx_word' id='word_1_310' title='bbox 2142 2497 2407 2561; x_wconf 86' lang='lat' dir='ltr'><strong>Clericus</strong></span> <span class='ocrx_word' id='word_1_311' title='bbox 2430 2499 2490 2558; x_wconf 91' lang='lat' dir='ltr'><strong>in</strong></span> <span class='ocrx_word' id='word_1_312' title='bbox 2523 2498 2776 2560; x_wconf 81' lang='lat' dir='ltr'><strong>ecclesia</strong></span> <span class='ocrx_word' id='word_1_313' title='bbox 2814 2518 2932 2560; x_wconf 92' lang='lat' dir='ltr'><strong>non</strong></span> <span class='ocrx_word' id='word_1_314' title='bbox 2964 2499 3327 2563; x_wconf 88' lang='lat' dir='ltr'><strong>convivetur.</strong></span> 
     </span>
    </p>
   </div>
   <div class='ocr_carea' id='block_1_56' title="bbox 2009 2587 3570 2667">
    <p class='ocr_par' dir='ltr' id='par_1_56' title="bbox 2009 2587 3570 2667">
     <span class='ocr_line' id='line_1_56' title="bbox 2009 2587 3570 2667; baseline -0.001 -16"><span class='ocrx_word' id='word_1_315' title='bbox 2009 2589 2109 2651; x_wconf 85' lang='lat'><strong>3&#39;7.</strong></span> <span class='ocrx_word' id='word_1_316' title='bbox 2163 2587 2306 2660; x_wconf 75' lang='lat' dir='ltr'><strong>Quae</strong></span> <span class='ocrx_word' id='word_1_317' title='bbox 2339 2605 2374 2646; x_wconf 89' lang='lat' dir='ltr'><strong>a</strong></span> <span class='ocrx_word' id='word_1_318' title='bbox 2407 2595 2570 2666; x_wconf 86' lang='lat' dir='ltr'><strong>patre</strong></span> <span class='ocrx_word' id='word_1_319' title='bbox 2631 2596 2875 2667; x_wconf 88' lang='lat' dir='ltr'><strong>propter</strong></span> <span class='ocrx_word' id='word_1_320' title='bbox 2921 2588 3320 2666; x_wconf 81' lang='lat' dir='ltr'><strong>virginitatem</strong></span> <span class='ocrx_word' id='word_1_321' title='bbox 3369 2608 3570 2650; x_wconf 89' lang='lat' dir='ltr'><strong>seces-</strong></span> 
     </span>
    </p>
   </div>
   <div class='ocr_carea' id='block_1_57' title="bbox 1925 2675 3256 2756">
    <p class='ocr_par' dir='ltr' id='par_1_57' title="bbox 1925 2675 3256 2756">
     <span class='ocr_line' id='line_1_57' title="bbox 1925 2675 3256 2756; baseline 0 -19"><span class='ocrx_word' id='word_1_322' title='bbox 1925 2678 2086 2750; x_wconf 82' lang='lat' dir='ltr'><strong>serit,</strong></span> <span class='ocrx_word' id='word_1_323' title='bbox 2113 2675 2486 2756; x_wconf 81' lang='lat' dir='ltr'><strong>gravioribus</strong></span> <span class='ocrx_word' id='word_1_324' title='bbox 2515 2675 2754 2736; x_wconf 83' lang='lat' dir='ltr'><strong>feminis</strong></span> <span class='ocrx_word' id='word_1_325' title='bbox 2778 2677 3256 2738; x_wconf 90' lang='lat' dir='ltr'><strong>commendetur.</strong></span> 
     </span>
    </p>
   </div>
   <div class='ocr_carea' id='block_1_58' title="bbox 2005 2762 3565 2846">
    <p class='ocr_par' dir='ltr' id='par_1_58' title="bbox 2005 2762 3565 2846">
     <span class='ocr_line' id='line_1_58' title="bbox 2005 2762 3565 2846; baseline -0.001 -19"><span class='ocrx_word' id='word_1_326' title='bbox 2005 2765 2103 2827; x_wconf 86' lang='lat'><strong>38.</strong></span> <span class='ocrx_word' id='word_1_327' title='bbox 2166 2762 2454 2827; x_wconf 87' lang='lat' dir='ltr'><strong>Scenicus</strong></span> <span class='ocrx_word' id='word_1_328' title='bbox 2485 2783 2616 2827; x_wconf 90' lang='lat' dir='ltr'><strong>sese</strong></span> <span class='ocrx_word' id='word_1_329' title='bbox 2648 2775 3000 2827; x_wconf 88' lang='lat' dir='ltr'><strong>convertens</strong></span> <span class='ocrx_word' id='word_1_330' title='bbox 3051 2767 3124 2826; x_wconf 86' lang='lat' dir='ltr'><strong>ad</strong></span> <span class='ocrx_word' id='word_1_331' title='bbox 3160 2765 3565 2846; x_wconf 71' lang='lat' dir='ltr'><strong>paenitentiam</strong></span> 
     </span>
    </p>
   </div>
   <div class='ocr_carea' id='block_1_59' title="bbox 1924 2855 2450 2934">
    <p class='ocr_par' dir='ltr' id='par_1_59' title="bbox 1924 2855 2450 2934">
     <span class='ocr_line' id='line_1_59' title="bbox 1924 2855 2450 2934; baseline -0.002 -20"><span class='ocrx_word' id='word_1_332' title='bbox 1924 2855 2307 2934; x_wconf 90' lang='lat' dir='ltr'><strong>recipiendus</strong></span> <span class='ocrx_word' id='word_1_333' title='bbox 2338 2861 2450 2914; x_wconf 90' lang='lat' dir='ltr'><strong>est.</strong></span> 
     </span>
    </p>
   </div>
   <div class='ocr_carea' id='block_1_60' title="bbox 2009 2942 3572 3026">
    <p class='ocr_par' dir='ltr' id='par_1_60' title="bbox 2009 2942 3572 3026">
     <span class='ocr_line' id='line_1_60' title="bbox 2009 2942 3572 3026; baseline 0.002 -22"><span class='ocrx_word' id='word_1_334' title='bbox 2009 2942 2104 3005; x_wconf 89' lang='lat'><strong>39.</strong></span> <span class='ocrx_word' id='word_1_335' title='bbox 2147 2944 2684 3023; x_wconf 68' lang='lat' dir='ltr'><strong>Rebaptizationes,</strong></span> <span class='ocrx_word' id='word_1_336' title='bbox 2711 2951 2772 3005; x_wconf 92' lang='lat' dir='ltr'><strong>et</strong></span> <span class='ocrx_word' id='word_1_337' title='bbox 2801 2943 3306 3026; x_wconf 83' lang='lat' dir='ltr'><strong>reordinationes,</strong></span> <span class='ocrx_word' id='word_1_338' title='bbox 3335 2954 3394 3007; x_wconf 91' lang='lat' dir='ltr'><strong>et</strong></span> <span class='ocrx_word' id='word_1_339' title='bbox 3416 2952 3572 3007; x_wconf 89' lang='lat' dir='ltr'><strong>tran-</strong></span> 
     </span>
    </p>
   </div>
   <div class='ocr_carea' id='block_1_61' title="bbox 1928 3031 3030 3112">
    <p class='ocr_par' dir='ltr' id='par_1_61' title="bbox 1928 3031 3030 3112">
     <span class='ocr_line' id='line_1_61' title="bbox 1928 3031 3030 3112; baseline 0 -18"><span class='ocrx_word' id='word_1_340' title='bbox 1928 3031 2221 3094; x_wconf 81' lang='lat' dir='ltr'><strong>slationes</strong></span> <span class='ocrx_word' id='word_1_341' title='bbox 2255 3032 2672 3112; x_wconf 86' lang='lat' dir='ltr'><strong>episcoporum</strong></span> <span class='ocrx_word' id='word_1_342' title='bbox 2709 3052 2826 3093; x_wconf 91' lang='lat' dir='ltr'><strong>non</strong></span> <span class='ocrx_word' id='word_1_343' title='bbox 2860 3033 3030 3094; x_wconf 78' lang='lat' dir='ltr'><strong>fiunt.</strong></span> 
     </span>
    </p>
   </div>
   <div class='ocr_carea' id='block_1_62' title="bbox 278 3120 1844 3201">
    <p class='ocr_par' dir='ltr' id='par_1_62' title="bbox 278 3123 1843 3201">
     <span class='ocr_line' id='line_1_62' title="bbox 278 3123 1843 3201; baseline -0.001 -17"><span class='ocrx_word' id='word_1_344' title='bbox 278 3128 354 3201; x_wconf 83' lang='grc' dir='ltr'>μ’,</span> <span class='ocrx_word' id='word_1_345' title='bbox 417 3127 760 3200; x_wconf 79' lang='grc' dir='ltr'>Κρεσκώνιος</span> <span class='ocrx_word' id='word_1_346' title='bbox 789 3131 882 3183; x_wconf 82' lang='grc' dir='ltr'>τοῦ</span> <span class='ocrx_word' id='word_1_347' title='bbox 935 3123 1065 3182; x_wconf 84' lang='grc' dir='ltr'>ἰδίου</span> <span class='ocrx_word' id='word_1_348' title='bbox 1113 3124 1243 3182; x_wconf 79' lang='grc' dir='ltr'><strong>λαοῦ</strong></span> <span class='ocrx_word' id='word_1_349' title='bbox 1295 3124 1556 3200; x_wconf 75' lang='grc' dir='ltr'>ἀποστὰς,</span> <span class='ocrx_word' id='word_1_350' title='bbox 1589 3132 1656 3201; x_wconf 78' lang='grc' dir='ltr'>τῇ</span> <span class='ocrx_word' id='word_1_351' title='bbox 1707 3135 1843 3184; x_wconf 84' lang='grc' dir='ltr'><strong>Του-</strong></span> 
     </span>
    </p>
   </div>
   <div class='ocr_carea' id='block_1_63' title="bbox 1966 3120 3570 3201">
    <p class='ocr_par' dir='ltr' id='par_1_63' title="bbox 2008 3120 3570 3201">
     <span class='ocr_line' id='line_1_63' title="bbox 2008 3120 3570 3201; baseline 0.002 -19"><span class='ocrx_word' id='word_1_352' title='bbox 2008 3121 2108 3182; x_wconf 84' lang='grc'>40.</span> <span class='ocrx_word' id='word_1_353' title='bbox 2146 3120 2501 3183; x_wconf 89' lang='lat' dir='ltr'><strong>Cresconius</strong></span> <span class='ocrx_word' id='word_1_354' title='bbox 2534 3121 2706 3201; x_wconf 91' lang='lat' dir='ltr'><strong>plebe</strong></span> <span class='ocrx_word' id='word_1_355' title='bbox 2736 3141 2842 3182; x_wconf 92' lang='lat' dir='ltr'><strong>sua</strong></span> <span class='ocrx_word' id='word_1_356' title='bbox 2894 3123 3179 3184; x_wconf 85' lang='lat' dir='ltr'><strong>derelicta</strong></span> <span class='ocrx_word' id='word_1_357' title='bbox 3207 3122 3570 3185; x_wconf 90' lang='lat' dir='ltr'><strong>Tubiensem</strong></span> 
     </span>
    </p>
   </div>
   <div class='ocr_carea' id='block_1_64' title="bbox 211 3211 1846 3295">
    <p class='ocr_par' dir='ltr' id='par_1_64' title="bbox 211 3211 1846 3295">
     <span class='ocr_line' id='line_1_64' title="bbox 211 3211 1846 3295; baseline -0.002 -22"><span class='ocrx_word' id='word_1_358' title='bbox 211 3211 388 3295; x_wconf 46' lang='lat' dir='ltr'><strong>anxi-.1;</strong></span> <span class='ocrx_word' id='word_1_359' title='bbox 447 3215 718 3289; x_wconf 65' lang='grc' dir='ltr'>ἐκκλησίᾳ</span> <span class='ocrx_word' id='word_1_360' title='bbox 771 3213 958 3282; x_wconf 75' lang='grc' dir='ltr'>ἐπέϐη.</span> <span class='ocrx_word' id='word_1_361' title='bbox 1041 3217 1141 3273; x_wconf 79' lang='grc' dir='ltr'>Καὶ</span> <span class='ocrx_word' id='word_1_362' title='bbox 1207 3213 1320 3271; x_wconf 76' lang='grc' dir='ltr'>ἐπεὶ</span> <span class='ocrx_word' id='word_1_363' title='bbox 1390 3213 1846 3281; x_wconf 72' lang='grc' dir='ltr'>ἐκκλησιαπικῶς</span> 
     </span>
    </p>
   </div>
   <div class='ocr_carea' id='block_1_65' title="bbox 214 3303 1847 3386">
    <p class='ocr_par' dir='ltr' id='par_1_65' title="bbox 214 3303 1847 3386">
     <span class='ocr_line' id='line_1_65' title="bbox 214 3303 1847 3386; baseline 0 -24"><span class='ocrx_word' id='word_1_364' title='bbox 214 3307 705 3386; x_wconf 73' lang='grc' dir='ltr'>καταγγελλόμενος</span> <span class='ocrx_word' id='word_1_365' title='bbox 767 3308 828 3364; x_wconf 76' lang='grc' dir='ltr'>οὗ</span> <span class='ocrx_word' id='word_1_366' title='bbox 889 3308 1222 3381; x_wconf 82' lang='grc' dir='ltr'>μεθίσταται,</span> <span class='ocrx_word' id='word_1_367' title='bbox 1280 3303 1612 3383; x_wconf 82' lang='grc' dir='ltr'>ἆρχοντικῶς</span> <span class='ocrx_word' id='word_1_368' title='bbox 1669 3325 1847 3362; x_wconf 84' lang='grc' dir='ltr'>κεκω-</span> 
     </span>
    </p>
   </div>
   <div class='ocr_carea' id='block_1_66' title="bbox 277 3477 1846 3562">
    <p class='ocr_par' dir='ltr' id='par_1_66' title="bbox 277 3477 1846 3562">
     <span class='ocr_line' id='line_1_66' title="bbox 277 3477 1846 3562; baseline -0.002 -18"><span class='ocrx_word' id='word_1_369' title='bbox 277 3477 385 3560; x_wconf 79' lang='grc' dir='ltr'>μα’.</span> <span class='ocrx_word' id='word_1_370' title='bbox 445 3477 510 3545; x_wconf 69' lang='grc'><strong>’0</strong></span> <span class='ocrx_word' id='word_1_371' title='bbox 555 3499 675 3550; x_wconf 80' lang='grc' dir='ltr'>τοῖς</span> <span class='ocrx_word' id='word_1_372' title='bbox 731 3481 878 3546; x_wconf 88' lang='grc' dir='ltr'>ἰδίοις</span> <span class='ocrx_word' id='word_1_373' title='bbox 937 3481 1128 3562; x_wconf 77' lang='grc' dir='ltr'>ὄχλοις</span> <span class='ocrx_word' id='word_1_374' title='bbox 1182 3481 1461 3561; x_wconf 73' lang='grc' dir='ltr'>ἀρκεῖσθαι</span> <span class='ocrx_word' id='word_1_375' title='bbox 1518 3481 1712 3556; x_wconf 84' lang='grc' dir='ltr'>δοκῶν,</span> <span class='ocrx_word' id='word_1_376' title='bbox 1761 3485 1846 3541; x_wconf 82' lang='grc' dir='ltr'><strong>καὶ</strong></span> 
     </span>
    </p>
   </div>
   <div class='ocr_carea' id='block_1_67' title="bbox 209 3571 1843 3654">
    <p class='ocr_par' dir='ltr' id='par_1_67' title="bbox 209 3571 1843 3654">
     <span class='ocr_line' id='line_1_67' title="bbox 209 3571 1843 3654; baseline 0 -23"><span class='ocrx_word' id='word_1_377' title='bbox 209 3579 292 3641; x_wconf 77' lang='grc' dir='ltr'>τῆς</span> <span class='ocrx_word' id='word_1_378' title='bbox 347 3573 648 3654; x_wconf 79' lang='grc' dir='ltr'>ἀδελφικῆς</span> <span class='ocrx_word' id='word_1_379' title='bbox 705 3574 921 3651; x_wconf 83' lang='grc' dir='ltr'>ἀγάπης</span> <span class='ocrx_word' id='word_1_380' title='bbox 981 3578 1350 3653; x_wconf 53' lang='grc' dir='ltr'>κατατρονῶν,</span> <span class='ocrx_word' id='word_1_381' title='bbox 1397 3574 1484 3631; x_wconf 81' lang='grc' dir='ltr'><strong>καὶ</strong></span> <span class='ocrx_word' id='word_1_382' title='bbox 1542 3579 1649 3629; x_wconf 84' lang='grc' dir='ltr'><strong>τῶν</strong></span> <span class='ocrx_word' id='word_1_383' title='bbox 1704 3571 1843 3631; x_wconf 57' lang='grc' dir='ltr'>ἰδίω»</span> 
     </span>
    </p>
   </div>
   <div class='ocr_carea' id='block_1_68' title="bbox 210 3663 978 3744">
    <p class='ocr_par' dir='ltr' id='par_1_68' title="bbox 210 3663 978 3744">
     <span class='ocr_line' id='line_1_68' title="bbox 210 3663 978 3744; baseline 0.001 -22"><span class='ocrx_word' id='word_1_384' title='bbox 210 3663 536 3744; x_wconf 74' lang='grc' dir='ltr'>ἃρχοντιιιῶς</span> <span class='ocrx_word' id='word_1_385' title='bbox 566 3665 978 3743; x_wconf 74' lang='grc' dir='ltr'>στερηθήσεται.</span> 
     </span>
    </p>
   </div>
   <div class='ocr_carea' id='block_1_69' title="bbox 278 3747 1850 3834">
    <p class='ocr_par' dir='ltr' id='par_1_69' title="bbox 278 3747 1850 3834">
     <span class='ocr_line' id='line_1_69' title="bbox 278 3747 1850 3834; baseline -0.002 -23"><span class='ocrx_word' id='word_1_386' title='bbox 278 3747 389 3831; x_wconf 83' lang='grc' dir='ltr'>μβ’,</span> <span class='ocrx_word' id='word_1_387' title='bbox 440 3758 550 3814; x_wconf 81' lang='grc' dir='ltr'><strong>Τὸν</strong></span> <span class='ocrx_word' id='word_1_388' title='bbox 605 3753 960 3832; x_wconf 78' lang='grc' dir='ltr'>Ἐπιγονάτου</span> <span class='ocrx_word' id='word_1_389' title='bbox 1013 3751 1116 3828; x_wconf 66' lang='lat' dir='ltr'><strong>lic.</strong></span> <span class='ocrx_word' id='word_1_390' title='bbox 1164 3749 1470 3834; x_wconf 71' lang='grc' dir='ltr'>Ἐπιγόνου]</span> <span class='ocrx_word' id='word_1_391' title='bbox 1500 3752 1850 3829; x_wconf 78' lang='grc' dir='ltr'>ἀναγνώστην</span> 
     </span>
    </p>
   </div>
   <div class='ocr_carea' id='block_1_70' title="bbox 209 3839 1849 3924">
    <p class='ocr_par' dir='ltr' id='par_1_70' title="bbox 209 3839 1849 3924">
     <span class='ocr_line' id='line_1_70' title="bbox 209 3839 1849 3924; baseline 0 -26"><span class='ocrx_word' id='word_1_392' title='bbox 209 3840 478 3911; x_wconf 77' lang='grc' dir='ltr'>Ἰουλιανὸς</span> <span class='ocrx_word' id='word_1_393' title='bbox 559 3843 949 3924; x_wconf 79' lang='grc' dir='ltr'>χειροτονήσας</span> <span class='ocrx_word' id='word_1_394' title='bbox 1016 3839 1255 3906; x_wconf 73' lang='grc' dir='ltr'>διάκονος</span> <span class='ocrx_word' id='word_1_395' title='bbox 1305 3839 1414 3920; x_wconf 88' lang='grc' dir='ltr'>[γρ.</span> <span class='ocrx_word' id='word_1_396' title='bbox 1462 3839 1749 3921; x_wconf 79' lang='grc' dir='ltr'>διάκονον],</span> <span class='ocrx_word' id='word_1_397' title='bbox 1804 3848 1849 3903; x_wconf 78' lang='grc' dir='ltr'><strong>εἰ</strong></span> 
     </span>
    </p>
   </div>
   <div class='ocr_carea' id='block_1_71' title="bbox 209 3931 1846 4013">
    <p class='ocr_par' dir='ltr' id='par_1_71' title="bbox 209 3931 1846 4013">
     <span class='ocr_line' id='line_1_71' title="bbox 209 3931 1846 4013; baseline -0.001 -24"><span class='ocrx_word' id='word_1_398' title='bbox 209 3933 274 4005; x_wconf 71' lang='grc' dir='ltr'>μὴ</span> <span class='ocrx_word' id='word_1_399' title='bbox 326 3933 392 4010; x_wconf 69' lang='grc' dir='ltr'><strong>τῇ</strong></span> <span class='ocrx_word' id='word_1_400' title='bbox 447 3935 575 4013; x_wconf 87' lang='grc' dir='ltr'>πρὶν</span> <span class='ocrx_word' id='word_1_401' title='bbox 629 3932 788 3988; x_wconf 78' lang='grc' dir='ltr'>αὐτὸν</span> <span class='ocrx_word' id='word_1_402' title='bbox 843 3931 1082 4002; x_wconf 73' lang='grc' dir='ltr'>αὐθεντίᾳ</span> <span class='ocrx_word' id='word_1_403' title='bbox 1142 3931 1492 4008; x_wconf 61' lang='grc' dir='ltr'>παραστήσῃ,</span> <span class='ocrx_word' id='word_1_404' title='bbox 1548 3934 1608 3988; x_wconf 83' lang='grc' dir='ltr'>τὸ</span> <span class='ocrx_word' id='word_1_405' title='bbox 1676 3931 1846 3987; x_wconf 84' lang='grc' dir='ltr'>κατά-</span> 
     </span>
    </p>
   </div>
   <div class='ocr_carea' id='block_1_72' title="bbox 211 4017 1326 4102">
    <p class='ocr_par' dir='ltr' id='par_1_72' title="bbox 211 4017 1326 4102">
     <span class='ocr_line' id='line_1_72' title="bbox 211 4017 1326 4102; baseline 0.002 -24"><span class='ocrx_word' id='word_1_406' title='bbox 211 4043 355 4099; x_wconf 73' lang='grc' dir='ltr'>κριμα</span> <span class='ocrx_word' id='word_1_407' title='bbox 387 4027 489 4102; x_wconf 73' lang='grc' dir='ltr'>τῇς</span> <span class='ocrx_word' id='word_1_408' title='bbox 528 4042 840 4096; x_wconf 83' lang='grc' dir='ltr'>μενοτονιας</span> <span class='ocrx_word' id='word_1_409' title='bbox 871 4017 1326 4088; x_wconf 73' lang='grc' dir='ltr'>καταπλουεήσει.</span> 
     </span>
    </p>
   </div>
   <div class='ocr_carea' id='block_1_73' title="bbox 280 4102 1846 4191">
    <p class='ocr_par' dir='ltr' id='par_1_73' title="bbox 280 4102 1846 4191">
     <span class='ocr_line' id='line_1_73' title="bbox 280 4102 1846 4191; baseline -0.004 -21"><span class='ocrx_word' id='word_1_410' title='bbox 280 4102 396 4191; x_wconf 85' lang='grc' dir='ltr'>μγ’.</span> <span class='ocrx_word' id='word_1_411' title='bbox 452 4114 747 4185; x_wconf 72' lang='grc' dir='ltr'>Διάκονος,</span> <span class='ocrx_word' id='word_1_412' title='bbox 799 4107 916 4166; x_wconf 79' lang='grc' dir='ltr'>οὒδὲ</span> <span class='ocrx_word' id='word_1_413' title='bbox 961 4108 1273 4186; x_wconf 76' lang='grc' dir='ltr'>γράμματος</span> <span class='ocrx_word' id='word_1_414' title='bbox 1331 4105 1728 4188; x_wconf 83' lang='grc' dir='ltr'>[γραμματεὺς]</span> <span class='ocrx_word' id='word_1_415' title='bbox 1793 4109 1846 4164; x_wconf 82' lang='grc' dir='ltr'>ὲν</span> 
     </span>
    </p>
   </div>
   <div class='ocr_carea' id='block_1_74' title="bbox 217 4195 1848 4280">
    <p class='ocr_par' dir='ltr' id='par_1_74' title="bbox 217 4195 1848 4280">
     <span class='ocr_line' id='line_1_74' title="bbox 217 4195 1848 4280; baseline -0.001 -25"><span class='ocrx_word' id='word_1_416' title='bbox 217 4205 274 4276; x_wconf 71' lang='grc' dir='ltr'><strong>τῇ</strong></span> <span class='ocrx_word' id='word_1_417' title='bbox 296 4203 446 4280; x_wconf 78' lang='grc' dir='ltr'>χώρᾴ</span> <span class='ocrx_word' id='word_1_418' title='bbox 493 4202 602 4260; x_wconf 81' lang='grc' dir='ltr'><strong>τῶν</strong></span> <span class='ocrx_word' id='word_1_419' title='bbox 643 4199 874 4279; x_wconf 71' lang='grc' dir='ltr'>’Ἄφρων</span> <span class='ocrx_word' id='word_1_420' title='bbox 933 4195 1017 4254; x_wconf 83' lang='grc' dir='ltr'><strong>διὰ</strong></span> <span class='ocrx_word' id='word_1_421' title='bbox 1059 4198 1251 4254; x_wconf 78' lang='grc' dir='ltr'>σπάνιν</span> <span class='ocrx_word' id='word_1_422' title='bbox 1306 4197 1622 4276; x_wconf 58' lang='lat' dir='ltr'><strong>copiantur</strong></span> <span class='ocrx_word' id='word_1_423' title='bbox 1682 4199 1848 4256; x_wconf 88' lang='grc' dir='ltr'>πόσον</span> 
     </span>
    </p>
   </div>
   <div class='ocr_carea' id='block_1_75' title="bbox 217 4289 588 4370">
    <p class='ocr_par' dir='ltr' id='par_1_75' title="bbox 217 4289 588 4370">
     <span class='ocr_line' id='line_1_75' title="bbox 217 4289 588 4370; baseline 0.008 -26"><span class='ocrx_word' id='word_1_424' title='bbox 217 4291 255 4344; x_wconf 84' lang='grc' dir='ltr'><strong>οί</strong></span> <span class='ocrx_word' id='word_1_425' title='bbox 280 4289 533 4370; x_wconf 70' lang='grc' dir='ltr'>ἀνώτεροι</span> <span class='ocrx_word' id='word_1_426' title='bbox 571 4305 588 4364; x_wconf 88' lang='grc'><strong>;</strong></span> 
     </span>
    </p>
   </div>
   <div class='ocr_carea' id='block_1_76' title="bbox 286 4369 1848 4454">
    <p class='ocr_par' dir='ltr' id='par_1_76' title="bbox 286 4369 1848 4454">
     <span class='ocr_line' id='line_1_76' title="bbox 286 4369 1848 4454; baseline -0.001 -17"><span class='ocrx_word' id='word_1_427' title='bbox 286 4369 391 4454; x_wconf 69' lang='grc' dir='ltr'>με’.</span> <span class='ocrx_word' id='word_1_428' title='bbox 426 4369 534 4437; x_wconf 71' lang='grc' dir='ltr'>Διὰ</span> <span class='ocrx_word' id='word_1_429' title='bbox 585 4379 686 4446; x_wconf 74' lang='grc' dir='ltr'>τὴν</span> <span class='ocrx_word' id='word_1_430' title='bbox 737 4377 966 4453; x_wconf 79' lang='grc' dir='ltr'>ἔνκειαν,</span> <span class='ocrx_word' id='word_1_431' title='bbox 1012 4380 1060 4434; x_wconf 77' lang='grc' dir='ltr'>οἱ</span> <span class='ocrx_word' id='word_1_432' title='bbox 1093 4389 1212 4438; x_wconf 76' lang='grc' dir='ltr'>τοῖς</span> <span class='ocrx_word' id='word_1_433' title='bbox 1262 4380 1614 4439; x_wconf 84' lang='grc' dir='ltr'>Δονατισταῖς</span> <span class='ocrx_word' id='word_1_434' title='bbox 1659 4379 1848 4448; x_wconf 79' lang='grc' dir='ltr'>νήπιοι</span> 
     </span>
    </p>
   </div>
   <div class='ocr_carea' id='block_1_77' title="bbox 220 4463 1846 4544">
    <p class='ocr_par' dir='ltr' id='par_1_77' title="bbox 220 4463 1846 4544">
     <span class='ocr_line' id='line_1_77' title="bbox 220 4463 1846 4544; baseline 0 -19"><span class='ocrx_word' id='word_1_435' title='bbox 220 4467 602 4543; x_wconf 75' lang='grc' dir='ltr'>βαπτισθέντες,</span> <span class='ocrx_word' id='word_1_436' title='bbox 669 4468 715 4522; x_wconf 87' lang='grc' dir='ltr'><strong>εἰ</strong></span> <span class='ocrx_word' id='word_1_437' title='bbox 785 4466 1221 4543; x_wconf 81' lang='grc' dir='ltr'>μεταμελημένοι</span> <span class='ocrx_word' id='word_1_438' title='bbox 1434 4465 1846 4544; x_wconf 81' lang='grc' dir='ltr'>μεταμελούμε-</span> 
     </span>
    </p>
   </div>
   <div class='ocr_carea' id='block_1_78' title="bbox 1927 3209 3574 3292">
    <p class='ocr_par' dir='ltr' id='par_1_78' title="bbox 1927 3209 3574 3292">
     <span class='ocr_line' id='line_1_78' title="bbox 1927 3209 3574 3292; baseline 0.001 -20"><span class='ocrx_word' id='word_1_439' title='bbox 1927 3210 2144 3274; x_wconf 88' lang='lat' dir='ltr'><strong>invasit</strong></span> <span class='ocrx_word' id='word_1_440' title='bbox 2199 3209 2568 3287; x_wconf 87' lang='lat' dir='ltr'><strong>Ecclesiam;</strong></span> <span class='ocrx_word' id='word_1_441' title='bbox 2605 3223 2663 3272; x_wconf 91' lang='lat' dir='ltr'><strong>et</strong></span> <span class='ocrx_word' id='word_1_442' title='bbox 2694 3212 2832 3292; x_wconf 87' lang='lat' dir='ltr'><strong>quia</strong></span> <span class='ocrx_word' id='word_1_443' title='bbox 2883 3213 3284 3273; x_wconf 90' lang='lat' dir='ltr'><strong>ecclesiastice</strong></span> <span class='ocrx_word' id='word_1_444' title='bbox 3317 3215 3574 3275; x_wconf 89' lang='lat' dir='ltr'><strong>monitus</strong></span> 
     </span>
    </p>
   </div>
   <div class='ocr_carea' id='block_1_79' title="bbox 1929 3300 3573 3381">
    <p class='ocr_par' dir='ltr' id='par_1_79' title="bbox 1929 3300 3573 3381">
     <span class='ocr_line' id='line_1_79' title="bbox 1929 3300 3573 3381; baseline 0.001 -19"><span class='ocrx_word' id='word_1_445' title='bbox 1929 3319 2049 3362; x_wconf 91' lang='lat' dir='ltr'><strong>non</strong></span> <span class='ocrx_word' id='word_1_446' title='bbox 2082 3308 2339 3362; x_wconf 90' lang='lat' dir='ltr'><strong>mutatus</strong></span> <span class='ocrx_word' id='word_1_447' title='bbox 2373 3310 2483 3376; x_wconf 90' lang='lat' dir='ltr'><strong>est,</strong></span> <span class='ocrx_word' id='word_1_448' title='bbox 2517 3300 2870 3364; x_wconf 89' lang='lat' dir='ltr'><strong>auctoritate</strong></span> <span class='ocrx_word' id='word_1_449' title='bbox 2895 3301 3216 3379; x_wconf 88' lang='lat' dir='ltr'><strong>judiciaria</strong></span> <span class='ocrx_word' id='word_1_450' title='bbox 3241 3302 3313 3363; x_wconf 91' lang='lat' dir='ltr'><strong>ab</strong></span> <span class='ocrx_word' id='word_1_451' title='bbox 3345 3322 3413 3363; x_wconf 90' lang='lat' dir='ltr'><strong>ea</strong></span> <span class='ocrx_word' id='word_1_452' title='bbox 3437 3321 3573 3381; x_wconf 84' lang='lat' dir='ltr'><strong>pro-</strong></span> 
     </span>
    </p>
   </div>
   <div class='ocr_carea' id='block_1_80' title="bbox 1928 3389 2221 3452">
    <p class='ocr_par' dir='ltr' id='par_1_80' title="bbox 1928 3389 2221 3452">
     <span class='ocr_line' id='line_1_80' title="bbox 1928 3389 2221 3452; baseline -0.014 0"><span class='ocrx_word' id='word_1_453' title='bbox 1928 3389 2221 3452; x_wconf 82' lang='lat' dir='ltr'><strong>hibeatur.</strong></span> 
     </span>
    </p>
   </div>
   <div class='ocr_carea' id='block_1_81' title="bbox 2010 3478 3572 3561">
    <p class='ocr_par' dir='ltr' id='par_1_81' title="bbox 2010 3478 3572 3561">
     <span class='ocr_line' id='line_1_81' title="bbox 2010 3478 3572 3561; baseline -0.001 -19"><span class='ocrx_word' id='word_1_454' title='bbox 2010 3481 2105 3542; x_wconf 80' lang='lat'><strong>41.</strong></span> <span class='ocrx_word' id='word_1_455' title='bbox 2170 3479 2279 3551; x_wconf 88' lang='lat' dir='ltr'><strong>Qui</strong></span> <span class='ocrx_word' id='word_1_456' title='bbox 2310 3478 2553 3541; x_wconf 87' lang='lat' dir='ltr'><strong>sibimet</strong></span> <span class='ocrx_word' id='word_1_457' title='bbox 2613 3488 2779 3560; x_wconf 90' lang='lat' dir='ltr'><strong>putat</strong></span> <span class='ocrx_word' id='word_1_458' title='bbox 2837 3479 3040 3558; x_wconf 89' lang='lat' dir='ltr'><strong>plebes</strong></span> <span class='ocrx_word' id='word_1_459' title='bbox 3083 3497 3219 3540; x_wconf 84' lang='lat' dir='ltr'><strong>suas</strong></span> <span class='ocrx_word' id='word_1_460' title='bbox 3273 3480 3572 3561; x_wconf 77' lang='lat' dir='ltr'><strong>sufﬁcere,</strong></span> 
     </span>
    </p>
   </div>
   <div class='ocr_carea' id='block_1_82' title="bbox 1927 3568 3574 3650">
    <p class='ocr_par' dir='ltr' id='par_1_82' title="bbox 1927 3568 3574 3650">
     <span class='ocr_line' id='line_1_82' title="bbox 1927 3568 3574 3650; baseline 0 -20"><span class='ocrx_word' id='word_1_461' title='bbox 1927 3568 2197 3631; x_wconf 74' lang='lat' dir='ltr'><strong>fraterna</strong></span> <span class='ocrx_word' id='word_1_462' title='bbox 2226 3569 2545 3629; x_wconf 89' lang='lat' dir='ltr'><strong>dilectione</strong></span> <span class='ocrx_word' id='word_1_463' title='bbox 2576 3577 2937 3649; x_wconf 83' lang='lat' dir='ltr'><strong>contempta,</strong></span> <span class='ocrx_word' id='word_1_464' title='bbox 2974 3569 3146 3630; x_wconf 88' lang='lat' dir='ltr'><strong>etiam</strong></span> <span class='ocrx_word' id='word_1_465' title='bbox 3181 3570 3436 3650; x_wconf 89' lang='lat' dir='ltr'><strong>propriis</strong></span> <span class='ocrx_word' id='word_1_466' title='bbox 3466 3589 3574 3648; x_wconf 76' lang='lat' dir='ltr'><strong>pu-</strong></span> 
     </span>
    </p>
   </div>
   <div class='ocr_carea' id='block_1_83' title="bbox 1932 3656 2751 3722">
    <p class='ocr_par' dir='ltr' id='par_1_83' title="bbox 1932 3656 2751 3722">
     <span class='ocr_line' id='line_1_83' title="bbox 1932 3656 2751 3722; baseline 0.002 -2"><span class='ocrx_word' id='word_1_467' title='bbox 1932 3658 2087 3720; x_wconf 91' lang='lat' dir='ltr'><strong>blica</strong></span> <span class='ocrx_word' id='word_1_468' title='bbox 2120 3656 2348 3719; x_wconf 88' lang='lat' dir='ltr'><strong>carebit</strong></span> <span class='ocrx_word' id='word_1_469' title='bbox 2373 3659 2751 3722; x_wconf 88' lang='lat' dir='ltr'><strong>auctoritate.</strong></span> 
     </span>
    </p>
   </div>
   <div class='ocr_carea' id='block_1_84' title="bbox 2011 3746 3570 3824">
    <p class='ocr_par' dir='ltr' id='par_1_84' title="bbox 2011 3746 3570 3824">
     <span class='ocr_line' id='line_1_84' title="bbox 2011 3746 3570 3824; baseline 0 -14"><span class='ocrx_word' id='word_1_470' title='bbox 2011 3748 2108 3810; x_wconf 61' lang='lat'><strong>4‘2.</strong></span> <span class='ocrx_word' id='word_1_471' title='bbox 2149 3746 2454 3824; x_wconf 82' lang='lat' dir='ltr'><strong>Epigonati</strong></span> <span class='ocrx_word' id='word_1_472' title='bbox 2480 3747 2762 3810; x_wconf 88' lang='lat' dir='ltr'><strong>lectorem</strong></span> <span class='ocrx_word' id='word_1_473' title='bbox 2796 3770 2929 3812; x_wconf 92' lang='lat' dir='ltr'><strong>cum</strong></span> <span class='ocrx_word' id='word_1_474' title='bbox 2955 3750 3220 3814; x_wconf 89' lang='lat' dir='ltr'><strong>Julianus</strong></span> <span class='ocrx_word' id='word_1_475' title='bbox 3254 3749 3570 3810; x_wconf 73' lang='lat' dir='ltr'><strong>diaconum</strong></span> 
     </span>
    </p>
   </div>
   <div class='ocr_carea' id='block_1_85' title="bbox 1931 3835 3572 3920">
    <p class='ocr_par' dir='ltr' id='par_1_85' title="bbox 1931 3835 3572 3920">
     <span class='ocr_line' id='line_1_85' title="bbox 1931 3835 3572 3920; baseline 0.001 -23"><span class='ocrx_word' id='word_1_476' title='bbox 1931 3836 2311 3905; x_wconf 86' lang='lat' dir='ltr'><strong>ordinaverit,</strong></span> <span class='ocrx_word' id='word_1_477' title='bbox 2349 3835 2467 3897; x_wconf 87' lang='lat' dir='ltr'><strong>nisi</strong></span> <span class='ocrx_word' id='word_1_478' title='bbox 2525 3855 2685 3919; x_wconf 91' lang='lat' dir='ltr'><strong>eum,</strong></span> <span class='ocrx_word' id='word_1_479' title='bbox 2714 3841 3053 3920; x_wconf 89' lang='lat' dir='ltr'><strong>priusquam</strong></span> <span class='ocrx_word' id='word_1_480' title='bbox 3110 3840 3181 3900; x_wconf 91' lang='lat' dir='ltr'><strong>ad</strong></span> <span class='ocrx_word' id='word_1_481' title='bbox 3214 3839 3269 3899; x_wconf 90' lang='lat' dir='ltr'><strong>id</strong></span> <span class='ocrx_word' id='word_1_482' title='bbox 3312 3839 3572 3900; x_wconf 84' lang='lat' dir='ltr'><strong>auctori-</strong></span> 
     </span>
    </p>
   </div>
   <div class='ocr_carea' id='block_1_86' title="bbox 1933 3925 3571 4010">
    <p class='ocr_par' dir='ltr' id='par_1_86' title="bbox 1933 3925 3571 4010">
     <span class='ocr_line' id='line_1_86' title="bbox 1933 3925 3571 4010; baseline 0.004 -25"><span class='ocrx_word' id='word_1_483' title='bbox 1933 3933 2047 3986; x_wconf 83' lang='lat' dir='ltr'><strong>tate</strong></span> <span class='ocrx_word' id='word_1_484' title='bbox 2092 3925 2404 4004; x_wconf 77' lang='lat' dir='ltr'><strong>judiciaria</strong></span> <span class='ocrx_word' id='word_1_485' title='bbox 2453 3936 2714 4004; x_wconf 87' lang='lat' dir='ltr'><strong>cogatur,</strong></span> <span class='ocrx_word' id='word_1_486' title='bbox 2751 3938 3158 4010; x_wconf 73' lang='lat' dir='ltr'><strong>repraesentet,</strong></span> <span class='ocrx_word' id='word_1_487' title='bbox 3197 3947 3400 4009; x_wconf 70' lang='lat' dir='ltr'><strong>poenas</strong></span> <span class='ocrx_word' id='word_1_488' title='bbox 3448 3947 3571 3991; x_wconf 62' lang='lat' dir='ltr'><strong>sua)</strong></span> 
     </span>
    </p>
   </div>
   <div class='ocr_carea' id='block_1_87' title="bbox 1931 4016 2605 4092">
    <p class='ocr_par' dir='ltr' id='par_1_87' title="bbox 1931 4016 2605 4092">
     <span class='ocr_line' id='line_1_87' title="bbox 1931 4016 2605 4092; baseline 0.003 -16"><span class='ocrx_word' id='word_1_489' title='bbox 1931 4016 2318 4076; x_wconf 71' lang='lat' dir='ltr'><strong>contumaciae</strong></span> <span class='ocrx_word' id='word_1_490' title='bbox 2346 4016 2605 4092; x_wconf 75' lang='lat' dir='ltr'><strong>augebit.</strong></span> 
     </span>
    </p>
   </div>
   <div class='ocr_carea' id='block_1_88' title="bbox 2007 4103 3574 4180">
    <p class='ocr_par' dir='ltr' id='par_1_88' title="bbox 2007 4103 3574 4180">
     <span class='ocr_line' id='line_1_88' title="bbox 2007 4103 3574 4180; baseline 0.001 -16"><span class='ocrx_word' id='word_1_491' title='bbox 2007 4103 2109 4165; x_wconf 91' lang='lat'><strong>43.</strong></span> <span class='ocrx_word' id='word_1_492' title='bbox 2153 4103 2470 4180; x_wconf 88' lang='lat' dir='ltr'><strong>Diaconus,</strong></span> <span class='ocrx_word' id='word_1_493' title='bbox 2501 4104 2676 4166; x_wconf 90' lang='lat' dir='ltr'><strong>etiam</strong></span> <span class='ocrx_word' id='word_1_494' title='bbox 2711 4124 2829 4166; x_wconf 87' lang='lat' dir='ltr'><strong>non</strong></span> <span class='ocrx_word' id='word_1_495' title='bbox 2861 4106 3150 4168; x_wconf 85' lang='lat' dir='ltr'><strong>litteratus</strong></span> <span class='ocrx_word' id='word_1_496' title='bbox 3179 4107 3238 4167; x_wconf 91' lang='lat' dir='ltr'><strong>in</strong></span> <span class='ocrx_word' id='word_1_497' title='bbox 3271 4107 3470 4168; x_wconf 84' lang='lat' dir='ltr'><strong>Africa</strong></span> <span class='ocrx_word' id='word_1_498' title='bbox 3500 4105 3574 4166; x_wconf 93' lang='lat' dir='ltr'><strong>ob</strong></span> 
     </span>
    </p>
   </div>
   <div class='ocr_carea' id='block_1_89' title="bbox 1932 4194 3577 4277">
    <p class='ocr_par' dir='ltr' id='par_1_89' title="bbox 1932 4194 3577 4277">
     <span class='ocr_line' id='line_1_89' title="bbox 1932 4194 3577 4277; baseline 0.001 -23"><span class='ocrx_word' id='word_1_499' title='bbox 1932 4194 2235 4255; x_wconf 89' lang='lat' dir='ltr'><strong>raritatem</strong></span> <span class='ocrx_word' id='word_1_500' title='bbox 2269 4213 2386 4254; x_wconf 89' lang='lat' dir='ltr'><strong>non</strong></span> <span class='ocrx_word' id='word_1_501' title='bbox 2421 4195 2734 4271; x_wconf 87' lang='lat' dir='ltr'><strong>invenitur,</strong></span> <span class='ocrx_word' id='word_1_502' title='bbox 2771 4205 2990 4276; x_wconf 86' lang='lat' dir='ltr'><strong>quanto</strong></span> <span class='ocrx_word' id='word_1_503' title='bbox 3023 4197 3220 4257; x_wconf 88' lang='lat' dir='ltr'><strong>minus</strong></span> <span class='ocrx_word' id='word_1_504' title='bbox 3248 4195 3577 4277; x_wconf 87' lang='lat' dir='ltr'><strong>superioris</strong></span> 
     </span>
    </p>
   </div>
   <div class='ocr_carea' id='block_1_90' title="bbox 1932 4281 2471 4361">
    <p class='ocr_par' dir='ltr' id='par_1_90' title="bbox 1932 4281 2471 4361">
     <span class='ocr_line' id='line_1_90' title="bbox 1932 4281 2471 4361; baseline 0.004 -18"><span class='ocrx_word' id='word_1_505' title='bbox 1932 4283 2150 4361; x_wconf 75' lang='lat' dir='ltr'><strong>gradus</strong></span> <span class='ocrx_word' id='word_1_506' title='bbox 2191 4281 2471 4345; x_wconf 91' lang='lat' dir='ltr'><strong>ministri.</strong></span> 
     </span>
    </p>
   </div>
   <div class='ocr_carea' id='block_1_91' title="bbox 2017 4371 3575 4456">
    <p class='ocr_par' dir='ltr' id='par_1_91' title="bbox 2017 4371 3575 4456">
     <span class='ocr_line' id='line_1_91' title="bbox 2017 4371 3575 4456; baseline 0.002 -23"><span class='ocrx_word' id='word_1_507' title='bbox 2017 4373 2113 4434; x_wconf 78' lang='lat'><strong>44.</strong></span> <span class='ocrx_word' id='word_1_508' title='bbox 2169 4371 2421 4451; x_wconf 84' lang='lat' dir='ltr'><strong>Propter</strong></span> <span class='ocrx_word' id='word_1_509' title='bbox 2476 4372 2918 4450; x_wconf 88' lang='lat' dir='ltr'><strong>necessitatem,</strong></span> <span class='ocrx_word' id='word_1_510' title='bbox 2979 4374 3210 4456; x_wconf 86' lang='lat' dir='ltr'><strong>parvuli</strong></span> <span class='ocrx_word' id='word_1_511' title='bbox 3258 4374 3359 4454; x_wconf 90' lang='lat' dir='ltr'><strong>qui</strong></span> <span class='ocrx_word' id='word_1_512' title='bbox 3417 4374 3575 4454; x_wconf 86' lang='lat' dir='ltr'><strong>apud</strong></span> 
     </span>
    </p>
   </div>
   <div class='ocr_carea' id='block_1_92' title="bbox 1931 4458 3568 4544">
    <p class='ocr_par' dir='ltr' id='par_1_92' title="bbox 1931 4458 3568 4544">
     <span class='ocr_line' id='line_1_92' title="bbox 1931 4458 3568 4544; baseline 0 -20"><span class='ocrx_word' id='word_1_513' title='bbox 1931 4458 2264 4524; x_wconf 89' lang='lat' dir='ltr'><strong>Donatistas</strong></span> <span class='ocrx_word' id='word_1_514' title='bbox 2292 4461 2563 4541; x_wconf 85' lang='lat' dir='ltr'><strong>baptizati</strong></span> <span class='ocrx_word' id='word_1_515' title='bbox 2595 4470 2757 4533; x_wconf 89' lang='lat' dir='ltr'><strong>sunt,</strong></span> <span class='ocrx_word' id='word_1_516' title='bbox 2793 4463 2843 4523; x_wconf 91' lang='lat' dir='ltr'><strong>si</strong></span> <span class='ocrx_word' id='word_1_517' title='bbox 2875 4464 3287 4544; x_wconf 81' lang='lat' dir='ltr'><strong>paenitentiam</strong></span> <span class='ocrx_word' id='word_1_518' title='bbox 3313 4463 3568 4543; x_wconf 82' lang='lat' dir='ltr'><strong>egerint,</strong></span> 
     </span>
    </p>
   </div>
   <div class='ocr_carea' id='block_1_93' title="bbox 222 4549 1844 4638">
    <p class='ocr_par' dir='ltr' id='par_1_93' title="bbox 222 4554 1844 4638">
     <span class='ocr_line' id='line_1_93' title="bbox 222 4554 1844 4638; baseline 0.001 -25"><span class='ocrx_word' id='word_1_519' title='bbox 222 4559 336 4636; x_wconf 74' lang='grc' dir='ltr'>νοιι,</span> <span class='ocrx_word' id='word_1_520' title='bbox 384 4561 479 4617; x_wconf 78' lang='grc' dir='ltr'><strong>καὶ</strong></span> <span class='ocrx_word' id='word_1_521' title='bbox 523 4556 810 4628; x_wconf 82' lang='grc' dir='ltr'>ἀναθέματι</span> <span class='ocrx_word' id='word_1_522' title='bbox 867 4557 967 4624; x_wconf 78' lang='grc' dir='ltr'><strong>τὴν</strong></span> <span class='ocrx_word' id='word_1_523' title='bbox 1023 4554 1232 4634; x_wconf 54' lang='grc' dir='ltr'>αίίρεσιν</span> <span class='ocrx_word' id='word_1_524' title='bbox 1288 4554 1761 4638; x_wconf 77' lang='grc' dir='ltr'>παραπέμποντες,</span> <span class='ocrx_word' id='word_1_525' title='bbox 1806 4559 1844 4614; x_wconf 80' lang='grc' dir='ltr'><strong>εἰ</strong></span> 
     </span>
    </p>
   </div>
   <div class='ocr_carea' id='block_1_94' title="bbox 1966 4549 3572 4638">
    <p class='ocr_par' dir='ltr' id='par_1_94' title="bbox 1973 4549 3572 4629">
     <span class='ocr_line' id='line_1_94' title="bbox 1973 4549 3572 4629; baseline 0.001 -17"><span class='ocrx_word' id='word_1_526' title='bbox 1973 4561 1990 4612; x_wconf 86' lang='grc' dir='ltr'><strong>ι</strong></span> <span class='ocrx_word' id='word_1_527' title='bbox 2046 4549 2209 4611; x_wconf 87' lang='lat' dir='ltr'><strong>illam</strong></span> <span class='ocrx_word' id='word_1_528' title='bbox 2260 4551 2534 4612; x_wconf 75' lang='lat' dir='ltr'><strong>haeresim</strong></span> <span class='ocrx_word' id='word_1_529' title='bbox 2593 4551 3248 4629; x_wconf 82' lang='lat' dir='ltr'><strong>anathematizaverint,</strong></span> <span class='ocrx_word' id='word_1_530' title='bbox 3312 4560 3369 4613; x_wconf 90' lang='lat' dir='ltr'><strong>et</strong></span> <span class='ocrx_word' id='word_1_531' title='bbox 3426 4552 3572 4614; x_wconf 87' lang='lat' dir='ltr'><strong>alias</strong></span> 
     </span>
    </p>
   </div>
   <div class='ocr_carea' id='block_1_95' title="bbox 223 4645 1364 4726">
    <p class='ocr_par' dir='ltr' id='par_1_95' title="bbox 223 4645 1364 4726">
     <span class='ocr_line' id='line_1_95' title="bbox 223 4645 1364 4726; baseline 0.001 -23"><span class='ocrx_word' id='word_1_532' title='bbox 223 4645 377 4714; x_wconf 77' lang='grc' dir='ltr'>ἄλλως</span> <span class='ocrx_word' id='word_1_533' title='bbox 408 4647 622 4714; x_wconf 76' lang='grc' dir='ltr'>ἐπάξιοι</span> <span class='ocrx_word' id='word_1_534' title='bbox 656 4645 795 4718; x_wconf 78' lang='grc' dir='ltr'>εἷεν,</span> <span class='ocrx_word' id='word_1_535' title='bbox 831 4647 1364 4726; x_wconf 79' lang='grc' dir='ltr'>χειροτονείσθωσαν.</span> 
     </span>
    </p>
   </div>
   <div class='ocr_carea' id='block_1_96' title="bbox 291 4731 1851 4814">
    <p class='ocr_par' dir='ltr' id='par_1_96' title="bbox 291 4731 1851 4814">
     <span class='ocr_line' id='line_1_96' title="bbox 291 4731 1851 4814; baseline -0.001 -19"><span class='ocrx_word' id='word_1_536' title='bbox 291 4737 396 4813; x_wconf 80' lang='grc' dir='ltr'>με’.</span> <span class='ocrx_word' id='word_1_537' title='bbox 486 4737 562 4795; x_wconf 77' lang='grc' dir='ltr'><strong>Τὰ</strong></span> <span class='ocrx_word' id='word_1_538' title='bbox 631 4734 1102 4814; x_wconf 83' lang='grc' dir='ltr'>ἐγκαταλείμματα</span> <span class='ocrx_word' id='word_1_539' title='bbox 1175 4735 1279 4792; x_wconf 83' lang='grc' dir='ltr'><strong>τῶν</strong></span> <span class='ocrx_word' id='word_1_540' title='bbox 1349 4731 1602 4811; x_wconf 83' lang='grc' dir='ltr'>εἰδώλων,</span> <span class='ocrx_word' id='word_1_541' title='bbox 1669 4735 1851 4794; x_wconf 73' lang='grc' dir='ltr'>τέλεον</span> 
     </span>
    </p>
   </div>
   <div class='ocr_carea' id='block_1_97' title="bbox 224 4823 656 4906">
    <p class='ocr_par' dir='ltr' id='par_1_97' title="bbox 224 4823 656 4906">
     <span class='ocr_line' id='line_1_97' title="bbox 224 4823 656 4906; baseline -0.009 -22"><span class='ocrx_word' id='word_1_542' title='bbox 224 4823 656 4906; x_wconf 57' lang='grc' dir='ltr'>ἄρανιζέσθωσαν,</span> 
     </span>
    </p>
   </div>
   <div class='ocr_carea' id='block_1_98' title="bbox 289 4908 1848 4995">
    <p class='ocr_par' dir='ltr' id='par_1_98' title="bbox 289 4908 1848 4995">
     <span class='ocr_line' id='line_1_98' title="bbox 289 4908 1848 4995; baseline -0.013 -10"><span class='ocrx_word' id='word_1_543' title='bbox 289 4908 427 4992; x_wconf 52' lang='lat' dir='ltr'><strong>PC&quot;.</strong></span> <span class='ocrx_word' id='word_1_544' title='bbox 510 4915 713 4995; x_wconf 74' lang='grc' dir='ltr'>Θέατρα</span> <span class='ocrx_word' id='word_1_545' title='bbox 785 4924 1076 4994; x_wconf 80' lang='grc' dir='ltr'>Κυριακαῐς</span> <span class='ocrx_word' id='word_1_546' title='bbox 1145 4915 1234 4971; x_wconf 79' lang='grc' dir='ltr'><strong>καὶ</strong></span> <span class='ocrx_word' id='word_1_547' title='bbox 1305 4914 1520 4994; x_wconf 75' lang='grc' dir='ltr'>ἑορταῖς</span> <span class='ocrx_word' id='word_1_548' title='bbox 1592 4917 1652 4972; x_wconf 73' lang='grc' dir='ltr'>οὗ</span> <span class='ocrx_word' id='word_1_549' title='bbox 1721 4937 1848 4973; x_wconf 87' lang='grc' dir='ltr'>συν..</span> 
     </span>
    </p>
   </div>
   <div class='ocr_carea' id='block_1_99' title="bbox 223 5004 420 5086">
    <p class='ocr_par' dir='ltr' id='par_1_99' title="bbox 223 5004 420 5086">
     <span class='ocr_line' id='line_1_99' title="bbox 223 5004 420 5086; baseline 0.025 -20"><span class='ocrx_word' id='word_1_550' title='bbox 223 5004 392 5086; x_wconf 74' lang='grc' dir='ltr'>ἄγηται</span> <span class='ocrx_word' id='word_1_551' title='bbox 403 5057 420 5072; x_wconf 92' lang='grc'><strong>.</strong></span> 
     </span>
    </p>
   </div>
   <div class='ocr_carea' id='block_1_100' title="bbox 290 5089 1849 5172">
    <p class='ocr_par' dir='ltr' id='par_1_100' title="bbox 290 5089 1849 5172">
     <span class='ocr_line' id='line_1_100' title="bbox 290 5089 1849 5172; baseline -0.004 -15"><span class='ocrx_word' id='word_1_552' title='bbox 290 5096 372 5172; x_wconf 82' lang='grc' dir='ltr'><strong>μζ¹</strong></span> <span class='ocrx_word' id='word_1_553' title='bbox 386 5145 401 5161; x_wconf 92' lang='grc'><strong>.</strong></span> <span class='ocrx_word' id='word_1_554' title='bbox 467 5097 542 5154; x_wconf 78' lang='grc' dir='ltr'>Τὰ</span> <span class='ocrx_word' id='word_1_555' title='bbox 570 5093 631 5150; x_wconf 72' lang='grc' dir='ltr'><strong>ἐκ</strong></span> <span class='ocrx_word' id='word_1_556' title='bbox 662 5097 758 5163; x_wconf 76' lang='grc' dir='ltr'><strong>τῆς</strong></span> <span class='ocrx_word' id='word_1_557' title='bbox 804 5093 1011 5167; x_wconf 77' lang='grc' dir='ltr'>ἐθνικῆς</span> <span class='ocrx_word' id='word_1_558' title='bbox 1041 5089 1220 5157; x_wconf 72' lang='grc' dir='ltr'>ἐθάδος</span> <span class='ocrx_word' id='word_1_559' title='bbox 1259 5091 1552 5169; x_wconf 82' lang='grc' dir='ltr'>τελούμενα</span> <span class='ocrx_word' id='word_1_560' title='bbox 1581 5093 1656 5152; x_wconf 78' lang='grc' dir='ltr'>ἔτι</span> <span class='ocrx_word' id='word_1_561' title='bbox 1706 5115 1849 5172; x_wconf 83' lang='grc' dir='ltr'>συμ-</span> 
     </span>
    </p>
   </div>
   <div class='ocr_carea' id='block_1_101' title="bbox 224 5183 906 5264">
    <p class='ocr_par' dir='ltr' id='par_1_101' title="bbox 224 5183 906 5264">
     <span class='ocr_line' id='line_1_101' title="bbox 224 5183 906 5264; baseline 0.009 -24"><span class='ocrx_word' id='word_1_562' title='bbox 224 5183 386 5263; x_wconf 80' lang='grc' dir='ltr'>πόσια,</span> <span class='ocrx_word' id='word_1_563' title='bbox 424 5185 906 5264; x_wconf 84' lang='grc' dir='ltr'>παραιρείσθωσαν.</span> 
     </span>
    </p>
   </div>
   <div class='ocr_carea' id='block_1_102' title="bbox 293 5269 1846 5354">
    <p class='ocr_par' dir='ltr' id='par_1_102' title="bbox 293 5269 1846 5354">
     <span class='ocr_line' id='line_1_102' title="bbox 293 5269 1846 5354; baseline -0.003 -20"><span class='ocrx_word' id='word_1_564' title='bbox 293 5269 406 5353; x_wconf 84' lang='grc' dir='ltr'>μη’.</span> <span class='ocrx_word' id='word_1_565' title='bbox 470 5277 531 5335; x_wconf 73' lang='grc' dir='ltr'><strong>Οἱ</strong></span> <span class='ocrx_word' id='word_1_566' title='bbox 588 5275 692 5332; x_wconf 78' lang='grc' dir='ltr'><strong>ὑπὸ</strong></span> <span class='ocrx_word' id='word_1_567' title='bbox 745 5280 851 5330; x_wconf 83' lang='grc' dir='ltr'><strong>τῶν</strong></span> <span class='ocrx_word' id='word_1_568' title='bbox 909 5280 1246 5332; x_wconf 68' lang='grc' dir='ltr'>Δοδατιστῶν</span> <span class='ocrx_word' id='word_1_569' title='bbox 1313 5273 1846 5354; x_wconf 71' lang='grc' dir='ltr'>κεχειροτονημένοι,</span> 
     </span>
    </p>
   </div>
   <div class='ocr_carea' id='block_1_103' title="bbox 229 5361 1852 5441">
    <p class='ocr_par' dir='ltr' id='par_1_103' title="bbox 229 5361 1852 5441">
     <span class='ocr_line' id='line_1_103' title="bbox 229 5361 1852 5441; baseline -0.001 -21"><span class='ocrx_word' id='word_1_570' title='bbox 229 5365 265 5420; x_wconf 79' lang='grc' dir='ltr'><strong>εἰ</strong></span> <span class='ocrx_word' id='word_1_571' title='bbox 311 5370 393 5426; x_wconf 80' lang='grc' dir='ltr'>καὶ</span> <span class='ocrx_word' id='word_1_572' title='bbox 436 5367 505 5436; x_wconf 75' lang='grc' dir='ltr'><strong>τῇ</strong></span> <span class='ocrx_word' id='word_1_573' title='bbox 561 5365 784 5441; x_wconf 69' lang='grc' dir='ltr'>πέραθεν</span> <span class='ocrx_word' id='word_1_574' title='bbox 851 5362 1051 5438; x_wconf 85' lang='grc' dir='ltr'>συνόδῳ</span> <span class='ocrx_word' id='word_1_575' title='bbox 1119 5361 1577 5439; x_wconf 82' lang='grc' dir='ltr'>μεταμελούμενοι</span> <span class='ocrx_word' id='word_1_576' title='bbox 1646 5361 1852 5421; x_wconf 76' lang='grc' dir='ltr'>ἀποκέ-</span> 
     </span>
    </p>
   </div>
   <div class='ocr_carea' id='block_1_104' title="bbox 233 5449 1852 5533">
    <p class='ocr_par' dir='ltr' id='par_1_104' title="bbox 233 5449 1852 5533">
     <span class='ocr_line' id='line_1_104' title="bbox 233 5449 1852 5533; baseline -0.001 -21"><span class='ocrx_word' id='word_1_577' title='bbox 233 5457 456 5525; x_wconf 75' lang='grc' dir='ltr'>κληνται·</span> <span class='ocrx_word' id='word_1_578' title='bbox 496 5453 621 5513; x_wconf 76' lang='grc' dir='ltr'>ἀλλ’</span> <span class='ocrx_word' id='word_1_579' title='bbox 671 5451 796 5510; x_wconf 66' lang='grc' dir='ltr'>ἐπεὶ</span> <span class='ocrx_word' id='word_1_580' title='bbox 851 5454 914 5510; x_wconf 80' lang='grc' dir='ltr'>τὸ</span> <span class='ocrx_word' id='word_1_581' title='bbox 963 5452 1196 5521; x_wconf 75' lang='grc' dir='ltr'>σωθῆναι</span> <span class='ocrx_word' id='word_1_582' title='bbox 1251 5469 1451 5516; x_wconf 84' lang='grc' dir='ltr'>παντας</span> <span class='ocrx_word' id='word_1_583' title='bbox 1482 5449 1671 5529; x_wconf 73' lang='grc' dir='ltr'>καλὸν,</span> <span class='ocrx_word' id='word_1_584' title='bbox 1704 5449 1852 5533; x_wconf 83' lang='grc' dir='ltr'>διορ-</span> 
     </span>
    </p>
   </div>
   <div class='ocr_carea' id='block_1_105' title="bbox 235 5541 984 5626">
    <p class='ocr_par' dir='ltr' id='par_1_105' title="bbox 235 5541 984 5626">
     <span class='ocr_line' id='line_1_105' title="bbox 235 5541 984 5626; baseline -0.008 -18"><span class='ocrx_word' id='word_1_585' title='bbox 235 5546 449 5622; x_wconf 70' lang='grc' dir='ltr'>θούμενοι</span> <span class='ocrx_word' id='word_1_586' title='bbox 479 5541 984 5626; x_wconf 82' lang='grc' dir='ltr'>προσδεχέσθωσαν.</span> 
     </span>
    </p>
   </div>
   <div class='ocr_carea' id='block_1_106' title="bbox 301 5626 1853 5715">
    <p class='ocr_par' dir='ltr' id='par_1_106' title="bbox 301 5626 1853 5715">
     <span class='ocr_line' id='line_1_106' title="bbox 301 5626 1853 5715; baseline -0.005 -20"><span class='ocrx_word' id='word_1_587' title='bbox 301 5637 399 5715; x_wconf 56' lang='grc' dir='ltr'>μίν.</span> <span class='ocrx_word' id='word_1_588' title='bbox 461 5637 519 5696; x_wconf 79' lang='grc' dir='ltr'>Εἰ</span> <span class='ocrx_word' id='word_1_589' title='bbox 573 5633 832 5712; x_wconf 80' lang='grc' dir='ltr'>μάρτυρες</span> <span class='ocrx_word' id='word_1_590' title='bbox 865 5631 1020 5710; x_wconf 79' lang='grc' dir='ltr'>[ἐπεὶ]</span> <span class='ocrx_word' id='word_1_591' title='bbox 1061 5630 1190 5712; x_wconf 61' lang='grc' dir='ltr'>ὑπερ</span> <span class='ocrx_word' id='word_1_592' title='bbox 1248 5635 1354 5688; x_wconf 82' lang='grc' dir='ltr'><strong>τῶν</strong></span> <span class='ocrx_word' id='word_1_593' title='bbox 1403 5626 1717 5690; x_wconf 69' lang='grc' dir='ltr'>ἀλλοδαπῶν</span> <span class='ocrx_word' id='word_1_594' title='bbox 1750 5632 1853 5711; x_wconf 70' lang='grc' dir='ltr'><strong>οὐχ</strong></span> 
     </span>
    </p>
   </div>
   <div class='ocr_carea' id='block_1_107' title="bbox 1931 4639 2930 4720">
    <p class='ocr_par' dir='ltr' id='par_1_107' title="bbox 1931 4639 2930 4720">
     <span class='ocr_line' id='line_1_107' title="bbox 1931 4639 2930 4720; baseline 0.002 -18"><span class='ocrx_word' id='word_1_595' title='bbox 1931 4640 2098 4720; x_wconf 76' lang='lat' dir='ltr'><strong>digni</strong></span> <span class='ocrx_word' id='word_1_596' title='bbox 2127 4640 2522 4716; x_wconf 81' lang='lat' dir='ltr'><strong>inveniantur,</strong></span> <span class='ocrx_word' id='word_1_597' title='bbox 2554 4639 2930 4705; x_wconf 87' lang='lat' dir='ltr'><strong>ordinentur.</strong></span> 
     </span>
    </p>
   </div>
   <div class='ocr_carea' id='block_1_108' title="bbox 2013 4727 3410 4811">
    <p class='ocr_par' dir='ltr' id='par_1_108' title="bbox 2013 4727 3410 4811">
     <span class='ocr_line' id='line_1_108' title="bbox 2013 4727 3410 4811; baseline 0.001 -19"><span class='ocrx_word' id='word_1_598' title='bbox 2013 4731 2112 4792; x_wconf 79' lang='grc'><strong>45.</strong></span> <span class='ocrx_word' id='word_1_599' title='bbox 2153 4727 2455 4792; x_wconf 82' lang='lat' dir='ltr'><strong>[dolorum</strong></span> <span class='ocrx_word' id='word_1_600' title='bbox 2475 4728 2746 4810; x_wconf 73' lang='lat' dir='ltr'><strong>reliquiaa</strong></span> <span class='ocrx_word' id='word_1_601' title='bbox 2775 4730 3011 4811; x_wconf 89' lang='lat' dir='ltr'><strong>penitus</strong></span> <span class='ocrx_word' id='word_1_602' title='bbox 3039 4730 3410 4794; x_wconf 88' lang='lat' dir='ltr'><strong>aboleantur.</strong></span> 
     </span>
    </p>
   </div>
   <div class='ocr_carea' id='block_1_109' title="bbox 2014 4907 3575 4974">
    <p class='ocr_par' dir='ltr' id='par_1_109' title="bbox 2014 4907 3575 4974">
     <span class='ocr_line' id='line_1_109' title="bbox 2014 4907 3575 4974; baseline 0.001 -2"><span class='ocrx_word' id='word_1_603' title='bbox 2014 4909 2114 4974; x_wconf 88' lang='lat'><strong>46.</strong></span> <span class='ocrx_word' id='word_1_604' title='bbox 2173 4911 2431 4973; x_wconf 87' lang='lat' dir='ltr'><strong>Theatra</strong></span> <span class='ocrx_word' id='word_1_605' title='bbox 2463 4908 2789 4973; x_wconf 84' lang='lat' dir='ltr'><strong>Dominicis</strong></span> <span class='ocrx_word' id='word_1_606' title='bbox 2845 4917 2945 4972; x_wconf 89' lang='lat' dir='ltr'><strong>aut</strong></span> <span class='ocrx_word' id='word_1_607' title='bbox 3005 4910 3170 4973; x_wconf 83' lang='lat' dir='ltr'><strong>festis</strong></span> <span class='ocrx_word' id='word_1_608' title='bbox 3201 4907 3410 4971; x_wconf 86' lang='lat' dir='ltr'><strong>diebus</strong></span> <span class='ocrx_word' id='word_1_609' title='bbox 3456 4927 3575 4973; x_wconf 90' lang='lat' dir='ltr'><strong>non</strong></span> 
     </span>
    </p>
   </div>
   <div class='ocr_carea' id='block_1_110' title="bbox 1930 4999 2406 5079">
    <p class='ocr_par' dir='ltr' id='par_1_110' title="bbox 1930 4999 2406 5079">
     <span class='ocr_line' id='line_1_110' title="bbox 1930 4999 2406 5079; baseline 0.004 -21"><span class='ocrx_word' id='word_1_610' title='bbox 1930 4999 2406 5079; x_wconf 78' lang='lat' dir='ltr'><strong>frequententur.</strong></span> 
     </span>
    </p>
   </div>
   <div class='ocr_carea' id='block_1_111' title="bbox 2012 5086 3574 5170">
    <p class='ocr_par' dir='ltr' id='par_1_111' title="bbox 2012 5086 3574 5170">
     <span class='ocr_line' id='line_1_111' title="bbox 2012 5086 3574 5170; baseline 0.003 -22"><span class='ocrx_word' id='word_1_611' title='bbox 2012 5087 2115 5151; x_wconf 85' lang='grc'><strong>47.</strong></span> <span class='ocrx_word' id='word_1_612' title='bbox 2177 5086 2320 5159; x_wconf 80' lang='lat' dir='ltr'><strong>Quae</strong></span> <span class='ocrx_word' id='word_1_613' title='bbox 2350 5107 2416 5150; x_wconf 80' lang='lat' dir='ltr'><strong>ex</strong></span> <span class='ocrx_word' id='word_1_614' title='bbox 2471 5087 2678 5170; x_wconf 73' lang='lat' dir='ltr'><strong>gentili</strong></span> <span class='ocrx_word' id='word_1_615' title='bbox 2714 5089 3148 5152; x_wconf 87' lang='lat' dir='ltr'><strong>consuetudine</strong></span> <span class='ocrx_word' id='word_1_616' title='bbox 3183 5089 3376 5152; x_wconf 83' lang='lat' dir='ltr'><strong>adhuc</strong></span> <span class='ocrx_word' id='word_1_617' title='bbox 3409 5090 3574 5152; x_wconf 90' lang='lat' dir='ltr'><strong>cele-</strong></span> 
     </span>
    </p>
   </div>
   <div class='ocr_carea' id='block_1_112' title="bbox 1933 5176 2834 5261">
    <p class='ocr_par' dir='ltr' id='par_1_112' title="bbox 1933 5176 2834 5261">
     <span class='ocr_line' id='line_1_112' title="bbox 1933 5176 2834 5261; baseline 0.002 -21"><span class='ocrx_word' id='word_1_618' title='bbox 1933 5176 2181 5240; x_wconf 86' lang='lat' dir='ltr'><strong>brantur</strong></span> <span class='ocrx_word' id='word_1_619' title='bbox 2210 5177 2500 5261; x_wconf 90' lang='lat' dir='ltr'><strong>convivia,</strong></span> <span class='ocrx_word' id='word_1_620' title='bbox 2530 5179 2834 5242; x_wconf 89' lang='lat' dir='ltr'><strong>tollantur.</strong></span> 
     </span>
    </p>
   </div>
   <div class='ocr_carea' id='block_1_113' title="bbox 2014 5267 3576 5352">
    <p class='ocr_par' dir='ltr' id='par_1_113' title="bbox 2014 5267 3576 5352">
     <span class='ocr_line' id='line_1_113' title="bbox 2014 5267 3576 5352; baseline 0.002 -22"><span class='ocrx_word' id='word_1_621' title='bbox 2014 5267 2114 5330; x_wconf 89' lang='lat'><strong>48.</strong></span> <span class='ocrx_word' id='word_1_622' title='bbox 2151 5267 2263 5340; x_wconf 85' lang='lat' dir='ltr'><strong>Qui</strong></span> <span class='ocrx_word' id='word_1_623' title='bbox 2293 5285 2328 5330; x_wconf 89' lang='lat' dir='ltr'><strong>a</strong></span> <span class='ocrx_word' id='word_1_624' title='bbox 2355 5267 2675 5330; x_wconf 88' lang='lat' dir='ltr'><strong>Donatistis</strong></span> <span class='ocrx_word' id='word_1_625' title='bbox 2706 5267 2966 5330; x_wconf 88' lang='lat' dir='ltr'><strong>ordinati</strong></span> <span class='ocrx_word' id='word_1_626' title='bbox 2999 5277 3156 5342; x_wconf 85' lang='lat' dir='ltr'><strong>sunt,</strong></span> <span class='ocrx_word' id='word_1_627' title='bbox 3194 5267 3430 5332; x_wconf 85' lang='lat' dir='ltr'><strong>etiamsi</strong></span> <span class='ocrx_word' id='word_1_628' title='bbox 3457 5289 3576 5352; x_wconf 75' lang='lat' dir='ltr'><strong>pte-</strong></span> 
     </span>
    </p>
   </div>
   <div class='ocr_carea' id='block_1_114' title="bbox 1933 5356 3572 5435">
    <p class='ocr_par' dir='ltr' id='par_1_114' title="bbox 1933 5356 3572 5435">
     <span class='ocr_line' id='line_1_114' title="bbox 1933 5356 3572 5435; baseline 0.003 -17"><span class='ocrx_word' id='word_1_629' title='bbox 1933 5356 2194 5419; x_wconf 86' lang='lat' dir='ltr'><strong>nitentes</strong></span> <span class='ocrx_word' id='word_1_630' title='bbox 2223 5375 2258 5419; x_wconf 86' lang='lat' dir='ltr'><strong>a</strong></span> <span class='ocrx_word' id='word_1_631' title='bbox 2287 5357 2542 5420; x_wconf 89' lang='lat' dir='ltr'><strong>concilio</strong></span> <span class='ocrx_word' id='word_1_632' title='bbox 2575 5356 2968 5418; x_wconf 89' lang='lat' dir='ltr'><strong>transmarino</strong></span> <span class='ocrx_word' id='word_1_633' title='bbox 3005 5358 3230 5420; x_wconf 86' lang='lat' dir='ltr'><strong>exclusi</strong></span> <span class='ocrx_word' id='word_1_634' title='bbox 3259 5363 3398 5435; x_wconf 86' lang='lat' dir='ltr'><strong>sint,</strong></span> <span class='ocrx_word' id='word_1_635' title='bbox 3425 5362 3572 5423; x_wconf 87' lang='lat' dir='ltr'><strong>reci-</strong></span> 
     </span>
    </p>
   </div>
   <div class='ocr_carea' id='block_1_115' title="bbox 1937 5445 3578 5527">
    <p class='ocr_par' dir='ltr' id='par_1_115' title="bbox 1937 5445 3578 5527">
     <span class='ocr_line' id='line_1_115' title="bbox 1937 5445 3578 5527; baseline 0.003 -19"><span class='ocrx_word' id='word_1_636' title='bbox 1937 5447 2194 5527; x_wconf 88' lang='lat' dir='ltr'><strong>piantur,</strong></span> <span class='ocrx_word' id='word_1_637' title='bbox 2229 5445 2281 5509; x_wconf 87' lang='lat' dir='ltr'><strong>si</strong></span> <span class='ocrx_word' id='word_1_638' title='bbox 2329 5464 2395 5508; x_wconf 84' lang='lat' dir='ltr'><strong>so</strong></span> <span class='ocrx_word' id='word_1_639' title='bbox 2425 5451 2764 5526; x_wconf 77' lang='lat' dir='ltr'><strong>corrigam:</strong></span> <span class='ocrx_word' id='word_1_640' title='bbox 2822 5464 2956 5509; x_wconf 93' lang='lat' dir='ltr'><strong>cum</strong></span> <span class='ocrx_word' id='word_1_641' title='bbox 2989 5447 3212 5512; x_wconf 89' lang='lat' dir='ltr'><strong>bonum</strong></span> <span class='ocrx_word' id='word_1_642' title='bbox 3245 5449 3321 5510; x_wconf 89' lang='lat' dir='ltr'><strong>sit</strong></span> <span class='ocrx_word' id='word_1_643' title='bbox 3368 5468 3578 5513; x_wconf 89' lang='lat' dir='ltr'><strong>omnes</strong></span> 
     </span>
    </p>
   </div>
   <div class='ocr_carea' id='block_1_116' title="bbox 1936 5535 2170 5598">
    <p class='ocr_par' dir='ltr' id='par_1_116' title="bbox 1936 5535 2170 5598">
     <span class='ocr_line' id='line_1_116' title="bbox 1936 5535 2170 5598; baseline -0.009 0"><span class='ocrx_word' id='word_1_644' title='bbox 1936 5535 2170 5598; x_wconf 81' lang='lat' dir='ltr'><strong>salvari.</strong></span> 
     </span>
    </p>
   </div>
   <div class='ocr_carea' id='block_1_117' title="bbox 2015 5624 3579 5710">
    <p class='ocr_par' dir='ltr' id='par_1_117' title="bbox 2015 5624 3579 5710">
     <span class='ocr_line' id='line_1_117' title="bbox 2015 5624 3579 5710; baseline 0 -22"><span class='ocrx_word' id='word_1_645' title='bbox 2015 5624 2116 5688; x_wconf 87' lang='lat'><strong>49.</strong></span> <span class='ocrx_word' id='word_1_646' title='bbox 2175 5626 2238 5690; x_wconf 91' lang='lat' dir='ltr'><strong>Si</strong></span> <span class='ocrx_word' id='word_1_647' title='bbox 2263 5633 2446 5690; x_wconf 82' lang='lat' dir='ltr'><strong>testes</strong></span> <span class='ocrx_word' id='word_1_648' title='bbox 2476 5643 2595 5688; x_wconf 90' lang='lat' dir='ltr'><strong>non</strong></span> <span class='ocrx_word' id='word_1_649' title='bbox 2642 5626 3018 5690; x_wconf 86' lang='lat' dir='ltr'><strong>inveniantur</strong></span> <span class='ocrx_word' id='word_1_650' title='bbox 3049 5625 3149 5710; x_wconf 90' lang='lat' dir='ltr'><strong>qui</strong></span> <span class='ocrx_word' id='word_1_651' title='bbox 3182 5643 3399 5710; x_wconf 87' lang='lat' dir='ltr'><strong>parvus</strong></span> <span class='ocrx_word' id='word_1_652' title='bbox 3429 5626 3579 5688; x_wconf 87' lang='lat' dir='ltr'><strong>alie-</strong></span> 
     </span>
    </p>
   </div>
  </div>
