4004 6138
371 303 479 374 271
1523 305 1904 370 SYMEONIS
1965 307 2577 374 METAPHRAST/E.
3618 315 3740 383 272

367 443 614 523 nigenas
664 441 990 524 baptizatos
1039 456 1174 501 esse
1224 439 1541 514 testentiir,
1607 456 1716 502 nec
1773 442 1884 520 ipsi
1949 461 1958 502 ι

2099 444 2423 520 εὑρίσκονται
2481 449 2686 513 νηπίων
2728 447 2807 503 ὅτι
2862 447 3235 525 βεϐάπτῐσται,
3272 451 3387 508 οὐδὲ
3421 455 3551 512 αὐτὰ
3607 458 3736 512 ἑπι-

367 531 662 614 baptisma
692 535 999 610 accepisse
1030 528 1436 606 meminerint,
1460 526 1856 606 baptizentur.

2094 531 2415 606 μέμνηνται,
2451 535 2904 610 βαπτιζὲσθωσαν,

443 623 542 685 58.
597 619 673 684 Ut
702 621 1022 702 episcopus
1052 637 1168 681 non
1227 618 1524 700 turbetur,
1557 618 1752 682 adsint
1795 621 1958 683 defen

2160 619 2241 710 ν’,
2305 623 2423 680 Ἵνα
2474 625 2552 696 μὴ
2611 627 2638 680 ὸ
2693 625 2977 692 ἕπίσκοπος
3035 628 3464 710 παρειιοχλῆται,
3501 631 3739 689 ἔστωσαν

363 731 552 777 sores.

2094 708 2286 768 ἔκδικοι
2297 756 2310 772 .

445 803 545 865 51.
607 801 874 865 Clericus
907 799 1159 862 crimine
1203 804 1508 862 convictus
1537 800 1586 861 si
1637 799 1849 862 adesse
1881 817 1958 861 su.

2169 799 2277 860 να’.
2351 799 2745 880 Ἐλεγγόμενος
2801 805 3057 884 κληρικὸς
3117 807 3204 864 ἐπ’
3261 808 3582 886 ἐγκλήματι,
3644 810 3741 867 ἐὰν

366 910 564 956 causae
585 891 738 954 velle
762 889 936 964 dicat,
961 893 1116 950 intra
1147 907 1373 950 annum
1406 906 1641 951 causam
1671 889 1950 952 defendat

2094 889 2513 968 ἒπαγωνίσασθαι
2592 891 2764 971 λέγοι,
2837 895 2986 959 ἐντὸς
3075 896 3312 955 ἐνιαυτοῦ
3394 899 3735 976 ἀγωνίζοιτο.

363 992 569 1064 postea
598 999 736 1043 vero
765 997 885 1041 non
915 977 1286 1040 admittatur.

2094 981 2232 1037 Μετὰ
2264 979 2317 1035 δὲ
2349 991 2525 1055 τοῦτο,
2559 980 2696 1038 ἔστω
2726 983 3108 1062 ἀπρόσδεκτος.

440 1075 542 1136 5%.
577 1071 688 1145 Qui
707 1071 965 1150 aliquem
997 1068 1072 1130 de
1107 1067 1300 1129 alieno
1332 1069 1692 1158 monasterio
1725 1067 1958 1158 suscipil

2173 1070 2276 1144 νβ’,
2337 1060 2396 1127 Ὀ
2453 1069 2504 1134 ἐξ
2550 1060 2827 1149 ἀλλοτρίας
2866 1075 2984 1129 τινὰ
3044 1081 3216 1150 μονῆς
3273 1070 3732 1158 προσδεχόμενος,

360 1170 419 1224 et
464 1161 540 1224 ad
572 1162 916 1224 clericatum
976 1165 1303 1239 promovet,
1337 1157 1430 1219 vel
1482 1175 1588 1219 suo
1633 1155 1955 1218 monasteri

2094 1160 2164 1214 ιαὶ
2221 1160 2424 1235 ἐνάγων
2458 1162 2554 1227 τὴν
2609 1163 3040 1241 προσκλήρωσιν,
3073 1164 3110 1233 ἣ
3171 1172 3268 1233 τῆς
3301 1155 3509 1232 οἰκείας⁷
3553 1172 3730 1242 μονῆς

355 1251 626 1332 praeficit,
663 1250 777 1312 erit
805 1267 838 1311 a
868 1247 1292 1310 communione
1320 1245 1574 1309 alienus.

2094 1248 2390 1328 iyepovfav,
2428 1248 2528 1315 ἕξει
2572 1253 2634 1306 τὸ
2665 1253 3067 1332 ἂκοινώνητων,

437 1339 533 1404 53.
571 1327 904 1420 Episcopus
934 1337 1032 1418 qui
1061 1333 1374 1398 haereticos
1404 1337 1492 1396 vel
1515 1334 1788 1398 ethnicos
1838 1335 1951 1396 scri

2155 1337 2260 1415 νγ’,
2293 1327 2620 1404 Ἐπίσκοπος
2650 1343 2942 1420 αἱρετικοὺς
2992 1343 3027 1411 ἣ
3060 1327 3327 1412 ’.Ελληνας
3358 1346 3729 1426 κληρονομους

351 1428 439 1491 bit
467 1430 760 1506 haredes,
793 1428 1105 1490 anathema
1139 1426 1236 1487 sit.

2094 1427 2314 1508 γράφων,
2349 1431 2486 1484 ἔστω
2530 1430 2788 1506 ἀνάθεμα.

441 1519 539 1582 54.
594 1518 822 1582 Altaria
851 1534 983 1599 quae
1031 1515 1092 1578 in
1126 1514 1281 1594 agris
1331 1519 1430 1574 aut
1463 1513 1654 1576 vineis
1702 1521 1958 1575 exstruct

2159 1513 2256 1579 νδ’,
2322 1521 2676 1597 Θυσιαστῆρια
2705 1521 2758 1577 ἐν
2810 1522 2996 1600 ἀγροῖς
3054 1525 3090 1590 ἦ
3133 1524 3414 1599 ἀμπελῶσι
3473 1526 3728 1584 συνιστά-

350 1608 569 1670 suntin
587 1607 802 1689 quibus
844 1605 1116 1686 reliquias
1139 1602 1392 1684 alicujus
1415 1603 1688 1682 martyris
1719 1622 1836 1663 non
1861 1621 1958 1664 sur

2094 1625 2233 1696 ιενα,
2287 1606 2342 1662 ἐν
2398 1611 2482 1672 οἷς
2542 1611 2600 1665 οὗ
2657 1609 2905 1685 λείψανον
2962 1627 3139 1671 κεῖται
3197 1615 3482 1696 μάρτυρος,
3542 1617 3585 1671 εἰ
3643 1615 3726 1692 μὴ

349 1699 649 1779 repositae,
685 1697 800 1758 nisi
832 1695 1030 1778 populi
1065 1691 1349 1755 tumultus
1378 1692 1501 1766 fiat,
1535 1699 1902 1782 evertuntur.

2094 1694 2336 1770 Ξημόσιος
2379 1696 2594 1774 θόρυϐος
2625 1700 2855 1775 γίνεται,
2888 1691 3330 1782 καταστρέφεται.

432 1787 532 1848 55.
566 1787 855 1851 Similiter
909 1794 967 1848 et
995 1799 1366 1865 quaecunque
1397 1798 1506 1861 per
1562 1781 1862 1843 insomnia
1889 1798 1957 1842 va

2158 1785 2257 1846 νε’.
2315 1785 2413 1843 Καὶ
2462 1784 2530 1842 δι’
2575 1786 2826 1845 ἐνυπνίων
2879 1793 2966 1847 καὶ
3027 1781 3414 1868 ἀποκαλύψεων
3471 1795 3722 1852 συνίστα-

356 1893 584 1957 nasque
630 1875 1026 1939 revelationes
1082 1871 1391 1960 eriguntur
1420 1871 1575 1932 male
1625 1871 1958 1933 cohaerente

2094 1896 2162 1931 :au
2190 1876 2450 1952 ματαίων,
2482 1876 2777 1960 ἀσύστατα,
2811 1878 2968 1945 ξόανα
2996 1881 3222 1959 ὕπαντα,
3255 1885 3342 1940 καὶ
3371 1882 3592 1944 εἴδωλα.

347 1974 585 2040 statuas,
624 1974 682 2026 et
711 1965 1032 2026 simulacra
1065 1959 1284 2023 omnia.

428 2055 528 2119 56.
581 2053 714 2118 Non
744 2061 1086 2143 antepones
1120 2049 1194 2143 iis
1225 2049 1329 2130 qui
1360 2057 1417 2111 te
1457 2048 1801 2143 praecedunt
1833 2051 1953 2130 teip

2155 2054 2287 2127 vg".
2337 2058 2408 2113 Οὐ
2465 2058 2818 2134 προτιμήσεις
2878 2061 2966 2116 τὸν
3014 2061 3148 2143 πρὸς,
3201 2064 3259 2120 οὒ
3292 2059 3426 2140 [τῶν
3471 2063 3573 2138 πρὸ
3604 2067 3719 2143 σοῦ]

347 2161 478 2207 sum
515 2165 528 2207 :
589 2144 695 2206 sed
726 2141 1019 2222 sequeris.
1051 2140 1164 2213 Qui
1212 2147 1406 2202 autem
1441 2138 1671 2218 priores
1720 2147 1953 2201 contem

2094 2145 2318 2218 τεαυτὸν,
2393 2143 2515 2200 ἀλλ’
2588 2146 3055 2217 ἐπακολουθήσεις.
3137 2142 3193 2208 Ὀ
3264 2138 3317 2206 δῖ
3386 2138 3718 2232 περιφρονῶν

344 2233 452 2310 nit,
487 2233 965 2297 contemnendus
993 2233 1122 2312 ipse
1151 2237 1262 2293 est.

2094 2232 2191 2292 τοὺς
2227 2233 2534 2316 προτέρους,
2570 2237 3052 2316 εὔκαταφρόνητος.

423 2325 523 2388 57.
583 2325 694 2397 Qui
750 2325 904 2386 intra
955 2322 1216 2411 Africam,
1270 2317 1582 2411 ordinatus
1640 2329 1750 2411 est,
1784 2319 1958 2381 aﬂ‘era

2315 2313 2382 2383 Ὀ
2413 2325 2486 2385 εὶς
2542 2325 2641 2391 τὴν
2700 2313 2956 2404 Ἀφρικὴν
3015 2331 3556 2411 κεχειροτονημένος,
3589 2331 3717 2388 ἔπιε

342 2414 571 2476 litteras
602 2432 784 2476 manu
817 2413 1054 2495 propria
1105 2410 1361 2490 scriptas
1406 2409 1566 2470 illius
1594 2410 1696 2489 qui
1742 2427 1958 2470 manun

2094 2409 2272 2488 ›ερέτω
2353 2419 2446 2470 τοῦ
2505 2411 2893 2480 ἰπιτεθεικότος
2975 2422 3140 2496 χεῖρα
3211 2421 3417 2499 γραφὴν
3479 2409 3712 2501 ἰδιόχει-

338 2503 642 2584 imposuit.

2094 2519 2182 2557 ιον.

419 2597 518 2654 58.
573 2595 967 2673 Imperatores
999 2592 1096 2670 qui
1126 2591 1189 2651 in
1222 2591 1437 2670 pietate
1466 2587 1589 2648 nati
1642 2595 1800 2664 sunt,
1838 2595 1895 2647 et
1924 2587 1958 2648 i1

2149 2589 2258 2655 νη’.
2319 2593 2377 2648 Οἱ
2437 2592 2773 2670 γεννηθέντες
2821 2593 2876 2650 δὲ
2927 2594 3184 2667 εὖσεϐείᾳ,
3229 2598 3324 2652 καί
3373 2603 3544 2654 πίστει
3599 2597 3714 2657 δια-

338 2681 460 2742 fide
517 2681 790 2755 enutriti,
825 2679 1112 2741 Ecclesiis
1160 2697 1334 2758 opem
1365 2678 1524 2738 ferre
1571 2675 1814 2753 debent,
1850 2695 1958 2736 cun

2099 2679 2350 2756 ραφέντες
2381 2681 2650 2761 βασιλεῖς,
2685 2697 2854 2762 χεῖρα
2908 2688 3168 2762 παρεγειν
3198 2699 3319 2748 ταῖς
3364 2685 3711 2755 Ἐκκλησίαις

339 2769 410 2831 Β.
469 2769 650 2832 Paulo
695 2770 1000 2848 indigente
1054 2768 1307 2830 militum
1342 2785 1550 2828 manus
1601 2764 1958 2827 factiosorun

2099 2766 2384 2845 φείλουσιν·
2447 2770 2534 2826 ἐπὶ
2603 2774 2691 2828 καὶ
2751 2772 2959 2829 Παύλου
3015 2772 3292 2848 δεομένου,
3353 2779 3712 2851 στρατιωτικὴ

336 2861 846 2941 conspirationem
883 2858 1148 2920 dissolvit
1174 2858 1218 2916 ί.

417 2951 517 3012 59.
575 2949 900 3013 Haereticus
957 2967 1067 3010 nec
1099 2944 1333 3025 legandi
1387 2951 1597 3024 potens
1639 2963 1750 3006 nec
1801 2944 1980 3021 legati

335 3056 524 3118 capax
553 3048 663 3114 est,
701 3048 760 3100 et
788 3038 1065 3116 indignus
1091 3035 1192 3116 qui
1221 3032 1560 3112 reliquendi
1579 3033 1669 3094 vel
1701 3031 1977 3110 capiendi

2066 2857 2181 2934 χεὶρ
2210 2857 2308 2923 τὴν
2339 2864 2444 2914 τῶν
2477 2860 2717 2919 ἀτάκτων
2749 2861 2952 2917 διέλυσε
2985 2864 3300 2938 σύμπνοιαν.

2142 3033 2244 3097 νϐ’.
2327 3038 2596 3114 Αἶρετικὸς
2667 3037 3041 3118 ἀλεγάτευτος,
3101 3043 3188 3098 καὶ
3257 3041 3702 3123 καταλιμπάνειν,

334 3127 768 3190 consuetudine
823 3127 1105 3189 fruatur:
1165 3122 1266 3204 qui
1315 3130 1512 3186 autem
1544 3140 1610 3185 se
1662 3122 1958 3194 convertit

2097 3123 2155 3179 αἲ
2208 3123 2498 3202 λαμϐάνειν
2528 3130 2804 3197 συνήθειαν
2854 3130 3087 3196 ἀνάξιος⁹
3124 3134 3150 3188 ὁ
3190 3130 3244 3188 δὲ
3297 3122 3699 3215 μεταστρέφων,

331 3215 945 3371 ὼῗὸιῗεὲχεθεωοηε
991 3304 1208 3369 damur
1253 3309 1494 3385 pmpger
1544 3299 1976 3364 ecclesiasticas

331 3396 728 3461 difﬁcultates.

408 3488 508 3552 61.
566 3491 635 3551 Et
668 3489 1017 3552 defensores
1071 3485 1173 3568 qui
1208 3491 1559 3566 potestatem
1613 3481 1976 3546 defendendi

327 3577 606 3641 habeant.

407 3667 506 3730 62.
565 3667 677 3741 Qui
711 3686 780 3729 ex
842 3666 1168 3730 Donatistis
1199 3670 1650 3737 convertuntur,
1685 3670 1742 3725 et
1773 3671 1971 3742 postu-

326 3755 451 3818 lant
506 3757 784 3836 proprios
829 3759 1142 3835 episcopos
1195 3755 1297 3835 qui
1343 3752 1612 3815 conversi
1658 3761 1817 3826 sunt,
1851 3771 1970 3812 non

327 3851 466 3907 sunt
494 3845 865 3924 repellendi:
904 3845 1013 3905 hoc
1065 3862 1203 3905 vero
1247 3843 1524 3904 defuncto
1557 3859 1668 3903 nec
1716 3842 1967 3903 alterum

327 3934 726 4016 susceperint,
760 3933 811 3996 si
835 3933 908 3994 ad
939 3931 1114 3994 aliam
1145 3931 1517 4011 confugerint
1548 3938 1845 3992 maneant.

404 4111 502 4177 63.
539 4114 680 4188 Quas
711 4111 986 4192 coniugia
1035 4110 1387 4188 dissolvunt,
1415 4109 1532 4171 nisi
1562 4107 1968 4171 reconcilien-

319 4211 437 4276 tur,
464 4205 548 4265 sic
584 4210 974 4284 permaneant
1001 4219 1014 4265 :
1050 4201 1207 4283 quod
1236 4201 1286 4264 si
1316 4199 1377 4263 id
1399 4198 1866 4280 contempserint
1892 4199 1964 4260 ad

316 4293 731 4373 paenitentiam
765 4293 1110 4372 adigantur.

397 4381 499 4446 64.
535 4381 645 4444 Cui
673 4381 976 4462 publicum
997 4379 1072 4444 ab
1099 4380 1460 4462 imperatore
1477 4379 1768 4460 judicium
1793 4380 1957 4460 petit,

321 4487 443 4532 non
472 4479 562 4531 est
585 4470 925 4551 episcopus.

391 4560 494 4622 65.
554 4558 667 4633 Qui
725 4560 982 4640 primum
1043 4560 1347 4622 hominem
1395 4559 1562 4636 dicit,
1593 4558 1770 4621 etiam
1829 4558 1962 4620 sine

312 4657 558 4732 peccato
589 4648 773 4710 fuisse
806 4650 1158 4712 moriturum
1196 4659 1436 4731 propter
1465 4657 1688 4712 naturae
1740 4665 1958 4710 neces-

313 4741 571 4824 sitatem,
605 4741 920 4803 anathema
950 4741 1046 4802 sit.

387 4831 490 4895 66.
521 4831 632 4902 Qui
659 4829 805 4892 dicit
834 4830 1092 4892 infantes
1113 4829 1214 4910 qui
1254 4847 1470 4893 recens
1495 4829 1617 4891 nati
1647 4829 1956 4910 baptizan-

305 4929 423 4998 tur,
455 4919 600 4982 nihil
625 4938 695 4982 ex
716 4918 932 4982 Adami
957 4928 1198 5000 peccato
1224 4919 1462 4981 trahere
1478 4918 1635 4999 quod
1662 4919 1957 4999 baptismo

310 5019 691 5092 expurgetur,
727 5008 1138 5072 exsecrandus
1170 5016 1280 5071 est.
1337 5011 1452 5071 Per
1482 5027 1666 5070 unum
1712 5011 1867 5071 enim
1899 5017 1958 5070 et

311 5117 473 5162 mors
503 5109 562 5162 et
592 5108 896 5181 peccatum
930 5100 987 5160 in
1022 5101 1300 5162 universo
1333 5100 1555 5160 mundo
1585 5099 1630 5158 9.

393 5190 494 5249 67.
530 5189 640 5262 Qui
673 5190 846 5251 docet
878 5189 985 5251 Dei
1031 5190 1278 5266 gratiam
1308 5187 1721 5251 remissionem
1765 5189 1948 5251 solam

2060 3213 2294 3280 ἐπάξιος.

2139 3302 2206 3368 ξ’.
2269 3301 2609 3364 Ἐκόιϐασταὶ
2664 3305 2890 3366 δίδονται
2947 3307 3032 3366 δια
3099 3311 3195 3376 τὰς
3251 3311 3701 3382 ἔκκλησιαστικας

2058 3390 2393 3473 δυσχερείας.

2141 3483 2245 3547 ξα’.
2285 3485 2380 3542 Καὶ
2425 3482 2620 3542 ἔκδικοι
2650 3486 2747 3553 τὴν
2798 3491 2978 3567 κυρίαν
3019 3491 3117 3558 τῆς
3150 3488 3470 3563 ἒκδικήστως
3527 3492 3695 3574 ἔχον-

2055 3591 2167 3638 τες.

2135 3661 2346 3751 ξβ’.οι
2386 3663 2492 3720 ἀπὸ
2546 3667 2652 3720 τῶν
2717 3674 3048 3726 Δονατιστῶν
3099 3668 3572 3751 μεταστρέφοντες,
3603 3677 3698 3730 καί

2053 3753 2173 3816 τοὺς
2231 3750 2384 3813 ἰδίους
2447 3753 2746 3823 αἰτούμενοι
2805 3756 3124 3821 ἐπισκόπους
3203 3750 3698 3838 μεταστρέψαντας,

2052 3843 2430 3922 ἀπαραίτητον
2492 3844 2676 3900 τούτου
2733 3842 2787 3900 δὲ
2844 3846 3285 3923 τελευτήσαντος,
3319 3853 3367 3907 οἱ
3411 3852 3486 3917 μὴ
3541 3849 3700 3932 δεχό·

2053 3955 2204 4008 μενοι
2263 3930 2463 4009 ἕτερον,
2495 3934 2539 3990 εί
2589 3933 2672 3991 ἐπ’
2733 3933 2894 3994 ἄλλον
2938 3937 3223 3996 ἐπίσκοπον
3283 3930 3699 4019 καταφεύγουσι,

2052 4021 2284 4098 μένοιεν.

2132 4108 2236 4188 ξγ’.
2281 4113 2342 4167 Αἱ
2385 4113 2706 4188 τεμνόμεναι
2751 4116 2989 4193 συζύγια,
3026 4117 3069 4172 εἰ
3101 4119 3177 4192 μὴ
3223 4119 3697 4196 καταλλάττοιντο,

2049 4199 2439 4275 διαμενέτωσαν
2525 4204 2712 4269 οὕτως’
2801 4206 2844 4262 εἰ
2930 4204 2983 4262 δὲ
3034 4208 3138 4287 μή,
3210 4211 3342 4284 πρὸς
3413 4210 3699 4286 μετάνοιαν

2048 4290 2455 4367 ἀναγκάζονται.

2126 4377 2223 4470 ξδ’,
2292 4381 2566 4456 Δημοσίαν
2611 4383 2774 4461 κρίσιν
2807 4386 2834 4439 ὁ
2892 4386 3032 4461 παρὰ
3063 4386 3326 4462 βασιλέως
3383 4391 3569 4470 αἰτῶν,
3599 4393 3696 4449 οὒκ

1981 4497 2028 4550 D
2044 4468 2354 4531 ἐπίσκοπος.

2123 4557 2222 4622 ξε’.
2283 4560 2385 4616 Τὸν
2416 4558 2835 4637 πρωτόπλαστον
2893 4565 2919 4618 ὁ
2975 4562 3146 4641 λέγων
3203 4568 3292 4622 καὶ
3320 4566 3449 4646 δίχα
3505 4567 3686 4640 ἆμαρ-

2041 4647 2155 4708 τίας
2240 4646 2569 4714 τεθνήξεσθαι
2631 4647 2699 4705 δι’
2776 4650 3013 4728 ἀνάγκην
3088 4659 3184 4721 τῆς
3253 4657 3480 4736 φύσεως,
3542 4654 3678 4714 ἔστω

2040 4735 2301 4811 ἀνάθεμα,

2121 4825 2248 4899 EQ”.
2318 4819 2373 4884 ιΟ
2408 4829 2470 4885 τὸ.
2531 4830 2718 4906 νεογνὰ
2757 4831 2844 4886 καὶ
2901 4832 3262 4907 βαπτιζόμενα
3293 4832 3464 4912 λέγων
3517 4835 3686 4910 μηδὲν

2039 4914 2210 4971 ἕλκειν
2260 4916 2318 4972 ἐκ
2370 4917 2462 4982 τῆς
2491 4927 2586 4976 τοῦ
2642 4916 2810 4994 Ἀδαμ
2869 4923 3126 4998 ἁμαρτίας
3157 4927 3217 4979 τὸ
3273 4927 3683 5002 καθαιρόμενον,

2039 5004 2324 5082 ἐπάρατος*
2387 5003 2471 5063 διὰ
2531 5009 2628 5084 γὰρ
2685 5011 2776 5064 του
2819 5011 3082 5074 ἑνὸς-καὶ
3140 5013 3167 5068 ὃ
3225 5016 3474 5093 Θάνατος,
3503 5017 3591 5072 καὶ
3650 5019 3688 5086 ἡ

2037 5094 2270 5172 ἁμαρσία
2298 5097 2661 5173 παγκόσμιος.

2119 5184 2215 5254 EC’.
2279 5175 2336 5242 Ὀ
2388 5183 2616 5256 δοξάζων
2669 5187 2765 5254 τὴν
2809 5197 2902 5247 τόῦ
2962 5195 3096 5246 Θεοῦ
3153 5193 3313 5272 χὰριν
3372 5193 3540 5268 μόνην
3573 5192 3686 5274 ἅφ-

307 5283 694 5365 peccatorum
748 5277 873 5365 jam
936 5279 1391 5365 commissorum
1430 5276 1795 5365 continere,_
1832 5297 1950 5365 non

2099 5297 2144 5330 ιν
2194 5274 2299 5330 τῶν
2339 5272 2818 5350 πλημμεληκάτων
2875 5278 3122 5360 ὑπέχειν,
3157 5281 3293 5338 ἀλλὰ
3323 5283 3400 5359 μὴ
3455 5285 3543 5340 καί
3580 5272 3689 5344 τῶν

305 5369 446 5414 vero
505 5355 685 5446 etiam
715 5357 790 5417 ad
837 5357 1126 5420 auxilium
1161 5366 1368 5421 contra
1425 5355 1622 5419 futura
1671 5356 1820 5433 dari,
1860 5357 1950 5420 bis

2094 5361 2336 5420 ελλόντων
2379 5365 2660 5442 βοήθειαν,
2694 5363 2767 5430 δὶς
2797 5355 3084 5446 ἐπάρατος.

306 5443 708 5508 exsecrandns
736 5453 847 5509 est.

379 5639 399 5686 1
438 5635 569 5702 Act.
599 5653 766 5717 mu,
809 5640 904 5703 l2.
991 5642 1024 5691 2
1051 5644 1225 5704 Rom.
1257 5661 1318 5721 v,
1357 5644 1453 5706 12.
