4004 6138
311 241 430 304 275

1483 242 1789 309 SYMEON
1796 245 1864 308 IS
1907 243 2516 308 METAPHRASTE.

3563 235 3692 307 276

314 375 606 439 Ecclesiae
623 385 914 439 conventu
939 373 1182 439 arcendi
1205 375 1646 438 sunLHzeretici
1667 375 1958 457 baptisma

2079 399 2268 455 γωγοι,
2319 380 2388 436 Τὸ
2435 378 2488 445 ἐξ
2531 381 2796 456 αἱρετικοῦ
2836 379 3134 456 βάπτισμα,
3190 378 3404 438 ἄδεκτον
3443 397 3457 413 °
3501 377 3688 436 δεκτόν

312 467 710 546 rejiciendum
742 489 755 528 :
803 466 1170 529 schismatici
1209 484 1352 527 vero
1383 475 1561 548 atque
1590 467 1664 528 ab
1695 465 1960 528 Ecclesia

311 557 960 637 alieni,recipiendum.
991 557 1356 619 Paracletum
1387 557 1696 634 Pepusiani
1723 560 1958 619 Monta-

314 667 454 708 num
479 648 887 710 vocant.Unde
913 656 973 710 et
999 649 1100 728 qui
1129 647 1190 709 in
1210 649 1406 725 ipsum
1435 647 1958 724 baptizantur.non

313 748 636 799 censentur
684 737 983 817 baptizati.
1033 739 1451 810 Catharorum,
1485 736 1955 817 Hydroparasta-

317 845 473 900 rum,
509 837 683 906 atque
712 829 1148 891 Encratitarum
1187 827 1505 904 baptisma,
1541 827 1809 905 quamvis
1842 845 1956 886 non

314 916 1006 995 recipiendum,propter
1029 915 1284 995 Spiritus
1306 915 1496 976 sancti
1525 916 1680 994 apud
1716 933 1821 975 eos
1844 915 1954 974 de-

313 1004 554 1083 fectum,
590 1015 782 1066 tamen
810 1005 1278 1084 dispensationis
1308 1005 1491 1084 gratia
1525 1005 1866 1084 recipiatur.

397 1099 456 1152 2.
493 1093 633 1166 Quae
666 1097 740 1156 de
792 1095 1082 1155 industria
1135 1095 1316 1155 fetum
1360 1094 1650 1173 corrupit,
1684 1094 1952 1174 quando-

316 1201 549 1264 cunque
582 1185 943 1264 corruperit,
979 1183 1298 1244 homicidio
1331 1192 1589 1245 tenetur.

396 1273 453 1334 3.
490 1272 789 1334 Diaconus
814 1274 914 1353 qui
968 1274 1287 1334 fornicatus
1340 1274 1540 1346 fuerit,
1579 1275 1636 1334 in
1667 1273 1953 1336 laicorum

316 1361 515 1424 locum
550 1364 870 1442 relegatus,
919 1363 1339 1424 communione
1373 1381 1447 1423 ne
1479 1361 1886 1440 prohibeatur.

406 1455 460 1514 4.
493 1452 687 1515 Unum
711 1463 808 1514 aut
831 1454 980 1514 duos
1001 1470 1190 1512 annos
1213 1453 1766 1513 excommunicatur
1788 1451 1958 1530 biga-

319 1561 476 1616 mus,
517 1552 636 1604 tres
687 1561 824 1604 vero
874 1553 931 1604 et
961 1548 1210 1623 quatuor
1238 1541 1546 1618 trigamus,
1581 1549 1756 1621 atque
1781 1541 1960 1602 etiam

320 1635 752 1706 quinquejuxta
777 1633 1250 1692 consuetudinem
1268 1631 1957 1704 quaehactenusinvaluit.

400 1720 460 1780 5.
496 1719 822 1780 Hmreticus
854 1720 914 1780 in
950 1720 1066 1779 ﬁne
1101 1719 1226 1778 vitae
1260 1718 1573 1797 paenitens,
1601 1715 1962 1778 discretione

320 1808 584 1870 adhibita
618 1809 1064 1889 suscipiendus.

401 1899 458 1961 6.
491 1896 827 1959 Canonicus
889 1904 937 1957 si
1004 1895 1385 1958 matrimonio
1419 1896 1664 1975 junctus
1696 1894 1796 1966 sit,
1834 1893 1958 1956 dis—

313 1988 601 2066 jungﬂur.

385 2079 460 2140 .7.
495 2077 888 2138 Mascnlorum
948 2075 1418 2155 animaliumque
1454 2083 1838 2152 corruptores
1869 2081 1962 2133 at-

320 2186 436 2246 que
467 2167 804 2241 homicidae,
869 2175 926 2228 et
984 2165 1256 2228 venefici.
1323 2183 1391 2225 ac
1449 2162 1965 2242 idololatraajuxta

319 2255 624 2332 antiquam
658 2256 906 2316 formam
941 2253 1328 2335 suscipiendi.

401 2350 460 2405 8.
494 2343 804 2407 Homicida
835 2355 926 2407 est
949 2345 1052 2426 qui
1083 2361 1330 2405 uxorem
1365 2343 1548 2404 iratus
1589 2341 1784 2404 securi
1820 2360 1961 2422 per-

320 2435 596 2497 cusserit.

401 2525 461 2586 9.
497 2524 931 2585 lnt'oluntarius
977 2522 1282 2586 homicida
1343 2531 1452 2593 est.
1519 2521 1617 2601 qui
1670 2519 1966 2598 lapidein

324 2630 531 2672 canem
566 2613 771 2687 misso,
803 2614 1109 2675 hominem
1143 2617 1455 2672 assecutus
1480 2619 1592 2682 est,
1629 2617 1687 2672 et
1713 2609 1817 2688 qui
1841 2609 1966 2669 loro

323 2717 392 2759 ac
416 2701 640 2762 vimine
665 2702 1052 2781 corripit.Qui
1079 2719 1217 2760 vero
1239 2700 1297 2760 in
1325 2700 1453 2760 rixa
1478 2701 1629 2759 fuste
1656 2706 1758 2759 aut
1790 2717 1968 2758 manu

323 2789 543 2850 lelhale
577 2791 789 2850 Vulnus
824 2790 1108 2851 inﬂixerit
1141 2799 1321 2867 atque
1354 2787 1826 2858 interfecerit,ad
1861 2805 1966 2848 vo-

324 2877 646 2940 lunt-arium
683 2897 868 2959 prope
900 2878 1153 2941 accedit.

408 2967 504 3028 10.
542 2969 656 3040 Qui
685 2969 881 3045 gladio
908 2976 1007 3030 aut
1029 2967 1227 3048 aliquo
1253 2966 1549 3048 ejusmodi
1572 2965 1966 3027 instrumento

325 3076 469 3120 usus
501 3057 674 3118 fuerit
700 3075 943 3138 prorsus
967 3055 1336 3119 voluntarius
1359 3063 1447 3116 est
1468 3054 1964 3117 homicidaJdem
1983 3060 2024 3114 C
2049 3059 2293 3120 ἑκούσιος
2328 3074 2345 3094 °

327 3148 506 3216 latro,
544 3147 754 3222 hostis,
798 3156 854 3207 et
885 3148 986 3223 qui
1039 3153 1280 3227 propter
1310 3145 1482 3206 aliam
1515 3161 1753 3206 causam
1781 3161 1964 3205 vene-

328 3255 466 3298 num
494 3236 729 3298 dederit
761 3246 940 3316 atque
970 3234 1364 3309 interfecerit,
1399 3233 1783 3294 voluntarius.

408 3329 506 3388 Μ.
542 3328 788 3387 Necnon
821 3325 999 3385 etiam
1057 3342 1186 3404 quae
1217 3322 1521 3386 abortivos
1552 3323 1706 3384 fetus
1739 3322 1881 3383 dant
1909 3329 1970 3382 et

325 3416 647 3495 accipiunt.

407 3506 504 3566 12.
533 3507 702 3565 Juxta
735 3503 971 3564 Domini
1005 3502 1472 3576 sermonem,vir
1506 3510 1564 3563 et
1597 3500 1813 3561 mulier
1845 3499 1967 3560 for-

326 3593 642 3655 nicationis
672 3611 850 3654 causa
881 3593 1138 3674 separati
1173 3591 1395 3672 pariter
1438 3589 1914 3652 condemnamur
1947 3607 1962 3647 :

326 3681 693 3744 consuetudo
725 3700 865 3743 vero
888 3682 1224 3742 adulterum
1250 3689 1306 3741 et
1329 3680 1749 3740 fornicatorem
1773 3697 1809 3738 a
1832 3697 1970 3740 cono

319 3772 564 3850 jugibus
588 3789 706 3830 non
729 3768 1109 3849 disjungit.Si
1130 3787 1247 3844 qua
1264 3777 1460 3829 autem
1485 3768 1699 3828 mulier
1719 3766 1966 3828 dimisso

327 3859 399 3920 ab
432 3877 616 3920 uxore
672 3858 796 3920 viro
847 3860 1056 3937 juncta
1114 3856 1312 3931 fuerit,
1381 3875 1498 3916 non
1532 3865 1621 3916 est
1650 3855 1962 3929 adultera;

327 3948 500 4027 culpa
531 3949 687 4008 enim
722 3946 780 4008 in
813 3965 942 4008 eam
974 3965 1105 4026 quia
1131 3951 1260 4006 sine
1305 3946 1532 4006 ratione
1567 3943 1794 4005 dimisit
1823 3945 1965 4024 rejio

328 4038 539 4099 cienda
564 4047 680 4112 est;
707 4046 805 4098 aut
828 4055 959 4117 quae
985 4038 1160 4098 etiam
1184 4035 1457 4097 adultera
1478 4042 1588 4107 est,
1606 4040 1654 4095 si
1684 4051 1817 4096 cum
1849 4036 1966 4096 alio

318 4129 605 4207 jungatur
633 4146 647 4185 :
670 4127 952 4188 dimissus
977 4125 1318 4197 vero,venia
1340 4124 1558 4204 dignus
1582 4131 1692 4185 est.
1725 4123 1839 4196 Qui
1870 4141 1964 4185 ve-

324 4233 416 4290 ro,
451 4217 657 4278 relicta
691 4235 872 4278 uxore
901 4216 974 4276 ad
1005 4213 1178 4276 aliam
1204 4233 1269 4275 se
1300 4213 1557 4286 confert,
1591 4213 1858 4274 mmchus
1888 4213 1967 4292 ip-

327 4321 392 4366 se
426 4317 541 4385 est,
574 4314 755 4385 atque
790 4307 974 4383 ipsam
1012 4303 1297 4365 mmehari
1324 4304 1486 4377 facit,
1525 4322 1594 4364 ea
1621 4302 1795 4364 etiam
1829 4320 1964 4363 cum

328 4413 440 4475 qua
471 4394 963 4456 consuetudinem
998 4392 1201 4456 habet.

410 4487 506 4547 13.
536 4483 663 4546 Non
694 4502 868 4563 coges
901 4502 1062 4556 eum,
1097 4485 1197 4563 qui
1227 4501 1289 4544 se
1323 4501 1439 4544 nou
1473 4481 1810 4543 ordinatum
1834 4499 1966 4544 esse

321 4575 629 4654 juraverit.

406 4665 504 4725 44.
540 4661 978 4727 Involuntarius
1010 4661 1311 4724 homicida
1338 4661 1633 4724 decennio
1666 4663 1961 4743 peniten-

326 4753 422 4815 tiae
442 4751 798 4833 subjacebit.

412 4844 504 4906 15.
543 4843 816 4921 Bigamus
845 4860 963 4903 non
998 4850 1086 4903 est
1115 4843 1176 4903 in
1209 4839 1436 4903 clerum
1468 4839 1876 4921 recipiendus.

407 4933 503 4995 16.
540 4931 785 4995 Pietatis
834 4932 1022 4993 hostis
1081 4930 1336 4993 triennio
1390 4928 1755 5012 poenitentiae
1784 4927 1967 5009 subji-

323 5023 530 5084 ciatur.

789 5113 1078 5196 Ejusdem
1111 5112 1372 5193 epistola
1405 5112 1492 5174 Il.

407 5213 464 5272 1.
497 5209 814 5291 Presbyter
843 5208 1064 5271 Bianor
1095 5227 1227 5270 cum
1255 5207 1544 5287 juraverit
1577 5225 1644 5268 ac
1681 5207 1968 5286 pceniten-

326 5299 465 5360 tiam
502 5298 710 5376 egerit,
774 5307 1019 5378 propter
1072 5297 1228 5358 illius
1260 5297 1591 5376 juramenti
1639 5295 1962 5370 levitatem,

326 5387 766 5466 suscipiendus.

405 5481 460 5535 2.
493 5475 767 5552 Virgines
831 5485 961 5555 post
1024 5475 1456 5554 professionem
1513 5475 1704 5555 lapsas
1754 5482 1963 5537 exacto

323 5584 477 5627 anno
511 5563 713 5626 Patres
748 5564 1140 5645 recipiebant.
1164 5563 1450 5637 Quoniam
1483 5573 1680 5626 autem
1715 5563 1965 5626 validior

1985 4412 2033 4466 Ι)

2044 473 2136 522 τοῦ
2194 475 2444 546 σχιστοῦ,
2517 470 2609 526 καί
2685 469 3162 547 παρασυναγώγου.
3229 469 3575 547 Παράκλητον
3635 469 3690 526 οἱ

2044 559 2370 627 Πεπουζηνοὶ
2439 560 2530 614 τὸν
2611 561 2882 616 Μοντανὸν
2957 559 3321 632 ὀνομάζουσιν.
3385 558 3542 616 ’Ὀθεν
3595 559 3690 614 καὶ

2042 646 2115 708 εἰς
2164 648 2317 703 αὐτὸν
2360 644 2676 706 ἀϐάπτιστοι
2735 649 3141 725 βαπτιζόμειοι.
3201 650 3272 706 Τὸ
3335 651 3438 703 τὼν
3499 651 3686 706 Καθι-

2039 734 2168 812 ρῶν,
2222 737 2309 792 καὶ
2337 735 2864 815 ἰ’ὁροπαραστατῶν,
2926 737 3019 792 καί
3067 737 3426 814 Ἐγκρατιτῶν
3481 737 3686 812 βάπτι-

2040 847 2169 896 σμα,
2219 827 2262 880 εἰ
2329 827 2420 882 καὶ
2473 823 2716 899 ἄδεκτον,
2781 824 2871 882 διὰ
2941 827 3001 882 τὸ
3070 825 3332 902 ὶπιλῆψαι
3395 825 3495 903 [ῗσ.
3556 825 3687 881 ἐπι-

2037 911 2246 990 λεϊψαιι
2281 915 2487 977 τούτοις
2518 917 2580 971 τὸ
2614 922 2826 990 Πνεῦμα
2882 915 2940 971 τὸ
2983 916 3159 992 ἅγιον⁹
3192 913 3312 972 ἀλλ’
3345 922 3435 992 ουν
3467 916 3688 973 οἰκονο-

2039 1001 2159 1076 μίας
2183 1005 2341 1082 χάριν
2374 1003 2512 1060 ἔστω
2540 1003 2749 1062 δεκτόν.

2118 1093 2192 1168 β’.
2230 1090 2292 1149 Ἦ
2350 1093 2469 1150 κατ’
2515 1093 2854 1164 ἐπιτήδευσιν
2897 1096 3170 1176 φθείρασα,
3231 1094 3318 1152 ὅτε
3362 1096 3425 1151 ἃν
3469 1094 3684 1173 φθείρῃ,

2038 1182 2316 1262 φονεύτρια
2327 1227 2338 1240 .

2118 1270 2194 1347 γ’.
2235 1272 2490 1336 Διάκονος
2534 1274 2847 1351 πορνεύσας,
2881 1275 2955 1337 εἷς
2999 1275 3090 1330 τὸν
3149 1278 3256 1330 τῶν
3313 1272 3521 1331 λα’ίκῶν
3575 1295 3684 1346 με·

2042 1362 2238 1426 ταστὰς
2270 1362 2457 1440 τόπον,
2490 1361 2627 1418 ἔστω
2656 1368 2760 1425 τῶς
2793 1365 3070 1428 κοινωνίας
3113 1361 3410 1425 ἀκώλυτος.

2124 1447 2194 1511 δ’.
2243 1459 2348 1507 Εια
2393 1452 2588 1530 χρόνον
2637 1451 2668 1519 ἢ
2712 1450 2800 1508 δύο
2863 1452 3162 1530 ἀφορίζεται
3221 1449 3436 1531 δίγαμος
3476 1468 3489 1487 '
3535 1465 3691 1530 τρεῖς

2045 1536 2099 1594 δὲ
2149 1538 2244 1594 καί
2287 1541 2543 1611 τέσσᾶρας
2601 1543 2628 1598 ὁ
2693 1543 2970 1619 τρίγαμος,
3019 1543 3108 1597 καὶ
3153 1541 3334 1616 πέντε,
3396 1543 3530 1598 κατὰ
3585 1543 3690 1609 τὴν

2047 1626 2161 1705 ἄρτι
2206 1631 2502 1699 συνήθειαν.

2126 1718 2194 1779 ε’.
2259 1721 2524 1796 Αἶρετικὸς
2610 1721 2742 1798 πρὸς
2802 1727 2876 1794 τῷ
2947 1718 3089 1778 τέλει
3147 1723 3418 1797 μετανοῶν
3475 1719 3692 1784 δεκτέος

2047 1807 2164 1881 μετ’
2191 1807 2502 1885 ἐπικρίσεως

2125 1895 2227 1970 ς’.
2297 1899 2355 1955 Ὀ
2421 1901 2697 1965 κανονικὸς
2754 1897 2913 1956 εἵπου
2969 1901 3058 1956 καὶ
3113 1900 3406 1977 ζεύγνυται,
3472 1897 3690 1971 διαζεύ-

2050 2009 2253 2064 γνυται.

2126 2076 2197 2147 ζ’.
2255 2076 2718 2158 Ἀρῤενοφθὸρους,
2779 2079 2864 2134 καὶ
2921 2083 3131 2160 φονεῖς,
3199 2079 3283 2134 καὶ
3345 2080 3687 2158 φαρμακοὺς,

2047 2166 2134 2222 καὶ
2186 2164 2594 2246 εἰδωλολάτραις,
2653 2167 2788 2224 κατὰ
2848 2171 2937 2225 τὸν
3001 2168 3230 2224 παλαιὸν
3292 2169 3452 2226 τύπον
3513 2167 3691 2225 εἰσδέ-

2047 2253 2213 2321 δεξαι,

2127 2344 2208 2410 η’.
2256 2347 2481 2427 Φονεὺς,
2523 2349 2550 2403 6
2593 2348 2729 2404 κατὰ
2771 2348 2870 2416 τῆς
2916 2349 3164 2425 γυναικὸς
3207 2346 3292 2405 διὰ
3332 2350 3497 2422 Θυμοῦ
3540 2347 3692 2425 ἀξίνῃ

2047 2435 2414 2513 χρησάμενος.

2127 2522 2195 2581 ϐ’.
2267 2523 2544 2588 Ἀκούσιος
2611 2527 2795 2602 φονεὺς
2867 2527 2897 2582 6
2979 2525 3120 2598 λίθρν
3173 2525 3330 2604 ἀφείς
3391 2525 3477 2583 ἐπὶ
3531 2528 3687 2602 κύνα,

2048 2616 2136 2669 καὶ
2179 2614 2452 2688 ἀνθρώπου
2503 2616 2708 2694 τυχὼν,
2771 2617 2859 2672 καὶ
2917 2618 2945 2672 6
3009 2613 3271 2672 παιδεύων
3324 2616 3528 2690 ἱμάντι,
3591 2619 3687 2673 καί

2049 2701 2194 2781 λύγῳ
2225 2717 2243 2736 ⁸
2278 2706 2306 2759 6
2353 2701 2407 2758 δὲ
2437 2702 2491 2760 ἐν
2523 2705 2681 2784 μάχῃ
2712 2703 2847 2778 ξύλῳ
2869 2707 2904 2774 ἢ
2933 2705 3085 2785 χειρῖ
3111 2702 3230 2770 δοὺς
3274 2705 3360 2762 ἐπὶ
3395 2704 3454 2760 τὰ
3483 2707 3688 2787 καίρια,

2051 2794 2136 2848 ναὶ
2166 2791 2392 2866 ἀνελὼν,
2427 2789 2559 2874 ἄγχι
2591 2793 2683 2851 τοῦ
2709 2796 2970 2854 ἑκουσίου.

2132 2967 2192 3027 ι’.
2228 2969 2289 3027 Ὀ
2320 2968 2451 3050 ξίφει
2499 2971 2866 3050 χρησάμενος,
2914 2972 2950 3040 ἢ
3006 2973 3228 3046 τοιούτῳ
3285 2972 3419 3052 τινῖ³
3473 2973 3689 3036 παντως

2391 3061 2478 3116 καὶ
2518 3063 2546 3116 6
2603 3061 2831 3135 λῃστὴς,
2874 3063 2961 3119 καὶ
2999 3063 3026 3116 6
3087 3061 3370 3137 πολέμιος,
3401 3061 3489 3118 καὶ
3533 3065 3560 3118 6
3617 3059 3689 3117 δι’

2049 3146 2221 3214 ἄλλην
2287 3150 2454 3204 αἰτίαν
2515 3146 2722 3215 ἐπιδοὺς
2779 3152 3056 3229 φάρμακον
3087 3199 3102 3224 ,
3159 3153 3204 3208 εἰ
3263 3150 3465 3225 ἀνελεῖ,
3528 3149 3687 3208 ἑκού-

2050 3257 2182 3302 σιος.

2130 3326 2226 3389 ια’.
2265 3329 2360 3385 Καὶ
2418 3330 2470 3383 αἱ
2514 3327 2579 3384 τὰ
2632 3326 2991 3406 ἀμϐλωθρίδια
3018 3333 3108 3387 καὶ
3137 3327 3391 3403 διδοῦσαι,
3423 3330 3510 3384 καὶ
3540 3327 3689 3399 λαμ-

2047 3416 2320 3477 ϐάνουσαι.

2131 3505 2222 3582 ιβ’.
2262 3507 2408 3564 Κατὰ
2437 3508 2525 3563 τὸν
2555 3513 2648 3562 τοῦ
2679 3508 2862 3584 Κυρίου
2893 3506 3076 3583 λόγον,
3110 3506 3245 3570 ἴσως
3278 3505 3691 3578 καταδικάζεται

2049 3596 2137 3650 καὶ
2181 3595 2314 3672 ἀνὴρ
2341 3643 2355 3667 ,
2403 3597 2489 3652 καὶ
2536 3595 2667 3673 γυνῆ
2694 3642 2713 3669 ,
2760 3595 2845 3652 διὰ
2906 3597 3152 3674 πορνείας
3214 3596 3690 3674 ἆποζευγνύμενοι.

2050 3683 2117 3740 Ἠ
2150 3681 2202 3739 δὲ
2232 3685 2504 3764 συνήθεια,
2551 3687 2641 3740 τὸν
2673 3687 2893 3764 μοιχὸν,
2946 3686 3034 3742 καὶ
3093 3687 3184 3742 τὸν
3243 3685 3436 3764 πόρνον
3479 3688 3540 3742 οὗ
3569 3688 3692 3740 δια·-

2048 3773 2286 3851 ζεύγνυσι
2329 3775 2434 3830 τῶν
2491 3771 2748 3848 σομϐίων.
2799 3776 2854 3832 Εἰ
2897 3772 2952 3830 δέ
3017 3795 3098 3839 τις
3155 3774 3334 3855 ἇφέτῳ
3391 3772 3534 3852 ἀνδρὶ
3592 3797 3693 3831 σο-

2049 3863 2319 3942 ζευχθείη,
2352 3864 2446 3920 οὒκ
2477 3863 2548 3919 ἔνι
2591 3865 2758 3943 τυχὸν
2790 3861 3043 3944 μοιχαλίς
3078 3883 3094 3900 ⁶
3123 3865 3186 3920 τὸ
3243 3864 3344 3942 γὰρ
3387 3863 3565 3920 αἶ’τιον
3607 3862 3696 3920 ἐπὶ

2048 3959 2146 4018 τὴν
2191 3950 2399 4030 ἀλόγως
2432 3952 2713 4032 ἀφήσασαν
2747 3971 2764 3988 ο
2797 3953 2835 4020 ἢ
2867 3954 2955 4008 καὶ
2998 3951 3285 4032 μοιχαλὶς,
3321 3954 3365 4008 εἰ
3407 3952 3537 4031 πρὸς
3568 3950 3693 4008 ἕτε-

2049 4061 2137 4118 ρον
2167 4041 2439 4119 ζεύγνυται
2474 4057 2488 4073 ⁰
2524 4042 2551 4096 6
2583 4039 2636 4097 δὲ
2684 4041 2891 4122 ἀφεθεὶς
2948 4042 3307 4118 συγγνωστός.
3364 4039 3422 4098 Ὀ
3481 4039 3537 4096 δὲ
3595 4041 3695 4108 τὴν

2049 4143 2276 4208 γυναῖκα
2327 4132 2658 4200 καταλιπὼν,
2722 4132 2808 4187 καὶ
2865 4127 2950 4186 ἐπ’
2996 4128 3166 4196 ἄλλην
3196 4131 3320 4201 ἱὼν,
3379 4130 3469 4186 καὶ
3508 4131 3690 4202 αὐτὸς,

2047 4218 2135 4275 καὶ
2197 4218 2359 4286 αὐτὴν
2419 4224 2804 4299 μεμοιχεῦσθαι
2860 4231 3030 4289 ποιεῖ,
3077 4220 3167 4275 καὶ
3229 4221 3258 4287 ἓ,
3311 4222 3454 4291 αὐτῴ
3513 4239 3694 4274 συνοι-

2046 4315 2212 4366 κοῦσα
2243 4309 2375 4384 γυνή
2388 4353 2401 4368 .

2131 4485 2228 4562 ιγ’.
2262 4487 2370 4545 Οὔκ
2413 4488 2733 4566 ἀναγκάσεις
2789 4489 2880 4544 τὸν
2939 4486 3014 4562 μή
3058 4487 3507 4566 χειροτονηθῆναι
3553 4485 3688 4558 ὁμό·

2050 4597 2236 4636 σαντα.

2131 4663 2217 4723 ιδ’.
2256 4657 2313 4724 Ὀ
2345 4666 2585 4732 ἀκούσιος
2616 4667 2870 4746 φονευτὴς
2899 4664 3171 4723 δεκαετίαν
3199 4663 3566 4725 ὑποπιπτέτω.

2135 4842 2220 4902 ιε’.
2253 4846 2314 4902 Ὀ
2335 4842 2578 4924 δίγαμος,
2606 4848 2694 4902 καὶ
2723 4844 2825 4902 ἀκλ
2837 4846 3065 4924 ἧρωτος.

2131 4933 2252 5007 ις’.
2291 4925 2346 4990 Ὀ
2377 4933 2703 5009 πολεμιστὴς
2762 4941 2829 5011 τῇ
2886 4934 3144 5013 εὐσεϐείᾳ³
3206 4933 3434 5012 τριετίαν
3490 4933 3691 4988 ὑποπι-

2048 5043 2245 5084 πτταυ.

2524 5126 2628 5176 Τοῦ
2658 5121 2816 5177 αὒτοῦ
2845 5116 3104 5184 ἐπιστολῆ
3133 5116 3213 5192 β’.

2132 5208 2204 5268 α’.
2253 5209 2312 5267 Ὀ
2369 5208 2719 5286 πρεσϐύτερος
2778 5211 2982 5288 Βιάνωρ
3027 5209 3229 5282 ὀμόσας
3290 5208 3382 5264 καί
3445 5227 3692 5281 μεταμε-

2048 5297 2328 5379 λούμενος³
2394 5298 2477 5356 διὰ
2543 5303 2639 5368 τὴν
2683 5299 2925 5360 εὐκολίαν
2970 5299 3170 5355 ἐκείνου
3215 5297 3305 5355 τοῦ
3357 5296 3538 5375 ὅρκου,
3600 5294 3691 5352 δε-

2049 5387 2224 5451 κτέος.

2125 5476 2199 5554 β’,
2249 5478 2374 5535 Μετ’
2433 5481 2672 5537 ὶνιαδτὸν
2729 5481 2822 5541 τὰς
2866 5479 3002 5553 μετὰ
3045 5478 3143 5543 τὴν
3195 5476 3483 5553 ομολογίαν
3527 5477 3688 5533 ἐκπιο

2045 5568 2275 5630 πτούσας
2332 5567 2617 5649 παρθένους
2665 5573 2713 5629 οἱ
2757 5568 2986 5651 Παςὲρες
3040 5565 3311 5647 ἐδέχοντο.
3367 5567 3463 5623 Διὰ
3517 5564 3566 5621 δὲ
3627 5570 3687 5627 τὸ
