4004 6138
303 268 367 335 ιν
1542 267 1878 333 ΕΡῙΤΟΜΕ

2019 266 2329 335 .NONUM.

3509 253 3627 325 278

286 403 626 486 ιριταιοτέραν
720 405 962 483 γενέσθαι
1042 406 1141 475 τὴν
1199 403 1546 479 Ἐκκλησίαν,
1605 401 1893 483 μοιχαλίδα

2019 409 2131 463 icta
2160 408 2251 464 est
2278 398 2565 471 Ecclesia,
2603 414 2731 461 eam
2766 413 2896 479 quae
2925 394 3323 477 virginitatem
3354 395 3626 486 professa

279 483 346 561 ςῆν
393 483 691 571 παρθενίαν
777 495 1195 574 ὁμολογήσασαν
1261 495 1593 571 ὀνομάζομεν
1663 496 1893 569 παραπί-

2019 509 2153 571 apsa
2174 500 2286 561 est,
2320 487 2650 552 adulteram
2677 505 2955 550 vocamus
2974 495 3035 549 et
3054 487 3152 568 qui
3177 486 3354 548 talem
3377 483 3624 574 detinet,

271 605 493 660 ποοσαν,
525 586 625 641 καὶ
663 588 873 665 μοιχὸν
915 588 1007 643 τὸν
1056 585 1310 651 τοιαύτην
1352 585 1676 665 κατέχοντα.
1738 577 1893 661 ιΟμο-

2019 581 2306 643 ncecbum.
2369 577 2781 657 Virginitatem
2816 578 3149 657 proﬁtetur,
3180 592 3322 665 quo;
3378 573 3628 665 proﬁte-

264 674 393 750 λογιῖ
446 662 877 752 παρθενείαν-ἧ
935 675 1158 751 περὶτὰ
1230 662 1584 732 ἑπτακαίδειια
1646 673 1765 749 ἔτη,
1818 675 1893 731 καῖ

2019 686 2109 743 ur,
2143 687 2273 751 quae
2305 677 2435 750 post
2465 666 2891 749 septemdecim
2950 684 3138 729 annos
3168 664 3435 747 probata,
3472 670 3533 727 ut
3563 662 3627 726 in

258 763 666 839 ἀναρινομένη,
703 767 794 823 καὶ
822 765 1144 841 παραμόνως
1174 763 1554 842 ἐκλιπκροῦσα.

316 853 386 928 γ’.
420 857 521 910 Καὶ
580 856 613 910 ὁ
674 855 1118 928 ἀποτασσόμενος
1180 853 1482 931 ἔρωτάσθω,
1528 855 1615 910 καὶ
1673 854 1905 933 ἐναργὼς

253 940 593 1019 ομολογείτω,
646 944 745 1000 ἵνα
776 943 1188 1018 μετατιθέμενος
1234 943 1579 1018 ἔπιτιμαται.

310 1120 374 1183 δ’,
435 1122 524 1182 Εἰς
555 1121 788 1200 αἵρεσιν
844 1122 974 1179 οὖσα
1032 1120 1308 1201 παρθένος,
1358 1122 1483 1178 εἶτα
1539 1122 1895 1200 μεταγνοῦσα,

244 1211 317 1267 καὶ
342 1207 711 1284 λαμϐάνοῦσα
724 1267 735 1283 ,
769 1211 1033 1270 εὐθύνεται
1044 1259 1057 1272 ,

309 1298 368 1358 ι’.
444 1298 675 1377 ’ννδρα
752 1301 1153 1374 πεπαρνευκότα
1209 1302 1243 1366 ἡ
1322 1298 1422 1356 ἰδία
1491 1298 1893 1377 παραλήψεται.

240 1390 563 1446 Ιιανθεῐσαν
623 1388 688 1445 δὲ
745 1403 978 1467 γυναῖκα
1019 1392 1047 1446 ὁ
1101 1390 1236 1459 ἀνὴρ
1307 1389 1709 1464 ὄιποπὲμιιίεται⁹
1762 1392 1895 1469 πόρ-

238 1500 314 1540 νος
370 1479 503 1556 γὰρ,
539 1483 612 1539 o3
678 1479 906 1557 μοιψός,
938 1480 966 1534 ὁ
1025 1480 1097 1543 εἰς
1139 1477 1410 1556 ἐλευθέραν
1466 1479 1706 1536 ἐκπεσὼν
1760 1480 1900 1537 ὑπο-

235 1569 461 1646 rium.

365 1657 380 1678 θ

301 1656 408 1731 ς”’⁹
482 1649 551 1716 Ὀ
636 1660 1062 1732 μνηστευθεϊσαν
1134 1655 1406 1734 ἀρπάζών,
1470 1657 1903 1726 ἀποκαταστήσει

1990 777 2061 820 eo
2090 759 2224 821 vitae
2252 759 2521 821 instituto
2553 764 2901 838 permaneat
2930 756 3305 838 deprecatur.

2071 847 2128 909 3.
2165 848 2275 921 Qui
2308 846 2531 909 saecula
2560 845 2866 907 renuntiat
2896 846 3319 924 interrogetur,
3352 861 3420 905 ac
3452 860 3628 924 pers-

1988 939 2165 1020 picue
2198 947 2255 999 et
2276 937 2435 998 clare
2467 936 2836 1017 proﬁteatur,
2864 944 2925 998 ut
2960 934 3011 997 si
3035 934 3389 997 sententiam
3413 940 3622 1010 mutet,

1987 1027 2368 1109 corripiatur.

2063 1120 2123 1183 4.
2143 1117 2324 1198 Virgo
2357 1135 2488 1198 qua;
2510 1116 2572 1177 in
2603 1116 2874 1179 haeresim
2901 1117 3064 1198 lapsa
3094 1122 3204 1191 est,
3232 1133 3303 1176 ac
3336 1115 3624 1195 deinceps

1980 1208 2253 1289 resipuit,
2288 1216 2467 1287 atque
2497 1206 2730 1285 accipit,
2771 1222 2942 1286 poena
2970 1224 3090 1267 non
3123 1203 3432 1268 multatur.

2061 1298 2121 1359 5.
2157 1297 2363 1360 Virum
2396 1298 2497 1377 qui
2530 1295 2853 1356 fornicatus
2906 1295 3107 1370 fuerit,
3139 1313 3289 1356 uxor
3316 1294 3571 1374 recipiet
3606 1314 3621 1365 ;

1986 1389 2351 1467 inquinatam
2383 1403 2522 1446 vero
2553 1383 2846 1445 adulterio
2881 1384 3192 1446 mulierem
3225 1383 3310 1444 vir
3335 1389 3620 1445 remittet.

1984 1474 2335 1537 Fornicator
2365 1475 2550 1554 enim,
2586 1491 2705 1533 non
2738 1473 3029 1548 mcechus,
3052 1472 3157 1550 qui
3186 1471 3359 1536 uxori
3377 1472 3626 1552 junctus

1985 1582 2119 1626 cum
2153 1564 2348 1625 soluta
2380 1581 2505 1625 rem
2532 1561 2829 1624 habuerit.

2067 1654 2128 1715 6.
2166 1651 2278 1725 Qui
2302 1652 2715 1731 desponsatam
2739 1651 2913 1732 rapit,
2934 1668 3152 1730 sponso
3174 1667 3303 1713 eam
3329 1650 3620 1714 restituet:

239 1753 304 1819 τῷ
331 1746 841 1821 μνηστευσαμένῳ’
877 1747 922 1802 εἰ
976 1743 1032 1801 δὲ
1089 1744 1477 1821 ἀμνήστευτον,
1524 1758 1639 1810 τοῖς
1692 1748 1893 1812 οἰκείοις

2019 1742 2037 1803 i
2088 1759 2231 1804 vero
2263 1759 2385 1803 non
2414 1741 2860 1822 desponsatam,
2892 1741 3016 1803 suis
3059 1740 3295 1817 reddet,
3330 1750 3505 1822 atque
3551 1759 3624 1802 ex

234 1837 673 1911 ἓτκαταστήσει,
706 1837 794 1892 καὶ
851 1835 990 1891 αατᾶ
1031 1834 1127 1902 τὴν
1185 1833 1396 1891 ἐκείνων
1426 1835 1648 1912 γνώμην
1690 1834 1893 1912 προϐήσε

2019 1850 2196 1895 torum
2253 1830 2547 1893 sententia
2596 1828 2983 1891 contrahetur
3033 1829 3499 1905 matrimonium,
3532 1829 3622 1891 si-

229 1945 372 1981 σεται
430 1947 507 1982 τα
571 1929 908 2004 συνοιχὼια,
940 1921 1058 2001 εἴγε
1113 1922 1411 2000 βούλοιντο.
1466 1915 1523 1983 ιΟ
1573 1923 1654 2004 δὲ,
1699 1926 1760 1982 τὸ
1804 1926 1893 1994 τῆς

2019 1920 2225 2001 uidem
2249 1918 2596 2000 velint.Ipse
2617 1935 2757 1979 vero
2776 1918 3186 1982 fornicationis
3207 1937 3413 2001 poenas
3434 1918 3616 1982 dabit.

224 2016 470 2092 πορνείας
519 2013 825 2091 ἐπιτίμιον.
864 2013 1093 2075 εἵσεται,

296 2102 370 2175 ζ’.
406 2104 692 2185 ’Δδελφὸν
717 2103 953 2184 ἀδελφὴν
981 2115 1212 2180 γυναῖκα
1256 2101 1405 2183 ἔχειν
1450 2101 1723 2163 ἀδύνατον.

298 2280 382 2349 η’.
468 2285 536 2341 Εἰ
617 2283 771 2361 γήμῃ
826 2280 1206 2356 διακονουμένη
1265 2283 1439 2360 χήρα,
1484 2288 1769 2362 παροᾶται.
1832 2286 1893 2341 '0

226 2368 276 2428 ἃ
315 2374 616 2451 χηρεύων,
662 2374 843 2450 γήμας
876 2372 1061 2447 μόνον,
1098 2372 1160 2428 τὸ
1204 2376 1309 2428 τῶν
1338 2371 1581 2449 διγάμων
1623 2374 1892 2447 ἐπιτίμιον

227 2462 395 2539 γνοίη.
463 2454 533 2519 ’Β
602 2460 660 2518 δὲ
715 2459 833 2534 μεθ’
882 2459 1138 2530 ἑξήκοντα
1188 2459 1284 2527 ἔτη
1347 2459 1688 2536 λαμϐάνουσα
1717 2460 1889 2542 χήρα,

229 2548 634 2626 ἀκοινώνητος,
695 2552 796 2615 ἕως
853 2550 960 2606 ἀπὸ
1014 2555 1114 2616 τῆς
1180 2549 1500 2628 ἀκαθαρσίας
1544 2551 1779 2627 ἀποστῇ.
1836 2552 1893 2608 El

231 2636 282 2695 εὶ
332 2661 415 2703 τις
497 2643 611 2719 πρὸ
682 2645 788 2697 τῶν
856 2637 1116 2709 ὶξήκοντα
1172 2640 1384 2718 χρόνων
1445 2638 1887 2718 ἔγκαταλεξηται,

234 2727 433 2798 ἰκείνης
466 2732 535 2787 τὸ
569 2729 824 2809 ἔγκλημα
871 2727 1085 2804 ἅψεται,

308 2905 377 2969 θ’.
441 2895 546 2971 "Oc
624 2907 745 2987 ἔχει
802 2904 1133 2985 προέφθειρε,
1210 2907 1656 2985 συγχωρούμενος
1712 2906 1883 2986 ἔχειν,

238 2997 293 3053 τὸ
320 2997 605 3072 ἐπιτίμιον
635 2995 928 3074 γνώσεταις

312 3085 369 3144 ι’.
438 3089 500 3144 Εἰ
583 3089 611 3143 ὁ
684 3087 918 3163 συζυγεὶς
992 3086 1125 3144 ιιανὰ
1205 3085 1441 3162 πορνείαν
1498 3083 1880 3163 διαζεύγνυται,

240 3173 469 3247 βέλτιον
508 3178 561 3232 εἰ
612 3173 668 3231 δὲ
697 3173 1067 3239 ἀδιασπάστως
1122 3173 1479 3247 συνέζευκται,
1514 3174 1893 3253 συγχωρείσθω

243 3260 540 3344 δεχόμενος
574 3264 862 3339 ἐπιτίμιον.

316 3353 413 3416 ια’,
479 3353 738 3427 Ἀθέσμῳ
808 3355 1114 3432 περιπαρεὶς
1186 3354 1344 3430 γάμῳ
1385 3353 1440 3409 ἐν
1507 3354 1693 3430 ἀγνοίᾳ
1755 3373 1892 3431 πρε-

251 3438 523 3518 σϐύτερος,
588 3441 759 3515 μόνης
829 3440 1143 3500 ἀπολαυέτω
1216 3440 1324 3520 [γρ.
1399 3439 1729 3518 ἁπολοόἐτω]
1799 3443 1898 3507 τῆς

245 3530 552 3610 προεδρίας,
583 3533 681 3607 τῇς
712 3531 974 3609 ἐνεργείας
1012 3532 1381 3609 στερούμενος.

320 3620 415 3699 ιβ’.
466 3614 534 3681 Ὀ
622 3625 790 3699 κρεῶν
832 3620 986 3677 ὑείων
1041 3620 1291 3699 ἀποχρῆν
1362 3619 1736 3700 ὶπευξάμενος,
1796 3643 1895 3700 γε-

245 3705 416 3776 λαῐος.
456 3710 687 3773 Δεκτὲος
731 3708 812 3786 δὲ,
845 3713 889 3766 εἰ
920 3712 1309 3785 μεταλήψοιτο.

322 3798 418 3877 ιγ’.
493 3801 557 3858 Εἰ
625 3800 987 3876 ἀπηγόρευται
1058 3802 1120 3855 τὸ
1190 3799 1423 3873 ὀμνύειν,
1482 3800 1544 3856 τὸ
1596 3800 1682 3858 ἐπὶ
1741 3802 1892 3874 κακῷ

247 3887 467 3962 μαλλονδ
532 3889 667 3947 ὥστε
702 3889 781 3965 μὴ
825 3890 987 3953 μόνον
1022 3892 1078 3945 εἰ,
1131 3888 1291 3967 ἔργον
1320 3887 1600 3967 κωλύσεις,
1638 3889 1775 3947 ἀλλὰ
1804 3892 1892 3947 καὶ

250 3979 395 4054 αυτὸν
423 3983 528 4039 τὸν
571 3979 628 4035 ὃν
667 3978 1016 4057 ἀπερεύγεται
1048 3977 1226 4054 ὅρκον,

323 4155 412 4221 ιδ’,
458 4158 580 4225 Τὴν
623 4156 757 4235 πρὸς
808 4156 1033 4215 θάνατον
1077 4155 1390 4236 ἀμαρτήσας
1447 4156 1725 4237 γληρικδς,
1760 4159 1894 4234 μετὰ

252 4251 337 4303 τοῦ
363 4244 503 4308 λαοῦ
532 4258 806 4304 κοινωνεϊο
841 4246 901 4303 οὐ
926 4246 1025 4326 γὰρ
1058 4243 1140 4311 δίς
1172 4248 1232 4303 τὸ
1254 4245 1308 4302 ’ἐν
1339 4244 1690 4315 ἀκδεδίκηται.

326 4426 412 4493 ιε’,
479 4417 541 4488 ἰι
594 4424 840 4495 κυήσασα
893 4426 1011 4482 καθ’
1069 4423 1212 4501 ὁδὸν,
1269 4427 1358 4483 καὶ
1412 4424 1753 4505 ἆμϐλήσασα,
1790 4448 1890 4506 φο-

256 4514 454 4592 νιύτρια
465 4563 485 4579 .

329 4606 454 4681 ις’,
520 4603 965 4678 ’Λόημοσιεύτους
1038 4604 1135 4679 μὲν
1211 4604 1307 4669 τὰς
1377 4607 1753 4685 μοιχευθείσας
1805 4608 1892 4663 καὶ

2062 2013 2123 2073 7.
2156 2009 2426 2073 Fratrem
2466 2025 2732 2071 sororem
2792 2006 3014 2071 habere
3042 2025 3315 2085 uxorem,
3344 2008 3622 2092 impossi-

1981 2100 2102 2164 bile
2136 2109 2249 2164 est.

2055 2279 2113 2341 8.
2147 2278 2211 2342 Si
2242 2278 2415 2341 vidua
2442 2278 2503 2340 in
2539 2279 2935 2345 ministerium
2962 2278 3176 2341 allecta
3203 2278 3609 2358 nupserit,de-

1974 2369 2224 2450 spicitur
2256 2389 2271 2428 :
2335 2369 2436 2449 qui
2467 2386 2605 2429 vero
2656 2369 2870 2433 viduus
2897 2375 3009 2441 est,
3042 2369 3091 2429 si
3123 2367 3319 2430 solum
3371 2383 3618 2430 uxorem

1975 2456 2616 2536 duxerit,bigamorum
2650 2476 2881 2537 poenam
2914 2456 3145 2519 subeat.
3182 2454 3377 2518 Vidua
3417 2463 3617 2520 autem

1973 2566 2109 2630 quae
2157 2557 2290 2628 post
2321 2546 2629 2625 sexaginta
2660 2565 2850 2611 annos
2901 2544 3347 2608 matrimonium
3379 2555 3620 2609 contra-

1972 2636 2148 2709 xerit,
2187 2636 2763 2713 excommunicetur,
2797 2638 2992 2701 donec
3033 2634 3108 2698 ab
3138 2634 3484 2715 impuritate
3514 2654 3618 2699 re—

1971 2727 2243 2791 cesserit.
2278 2725 2345 2790 Si
2375 2744 2507 2807 quae
2528 2746 2664 2789 vero
2696 2735 2834 2791 ante
2856 2726 3162 2806 sexaginta
3194 2743 3384 2787 annos
3403 2724 3616 2789 allecta

1966 2816 2171 2888 fuerit,
2205 2816 2459 2879 crimine
2489 2816 2919 2898 obstringetur.

2048 2907 2106 2967 9.
2136 2905 2247 2980 Qui
2277 2905 2458 2969 habet
2481 2924 2611 2969 eam
2640 2926 2814 2989 quam
2847 2908 3012 2988 prius
3041 2906 3333 2986 corrupit,
3353 2904 3532 2969 modo
3557 2906 3616 2968 ei

1911 3050 1945 3100 Β
1970 2996 2344 3100 permittatur
2373 2996 2596 3098 habere
2623 3016 2636 3059 :
2675 2997 2875 3100 multa;
2907 2995 3264 3098 subjacebit.

2056 3086 2155 3148 10.
2189 3085 2252 3149 Si
2280 3084 2498 3166 conjux
2531 3094 2774 3167 propter
2825 3085 3284 3148 fornicationem
3316 3085 3624 3166 disjuuga-

1978 3183 2094 3249 tur,
2127 3176 2342 3237 melius
2377 3197 2389 3234 :
2450 3175 2505 3236 si
2547 3194 2686 3238 vero
2743 3174 3037 3238 indivulse
3067 3175 3376 3257 copulatus
3430 3175 3526 3253 sit,
3559 3173 3618 3236 id

1977 3266 2031 3327 ei
2063 3265 2443 3336 concedatur,
2479 3275 2757 3346 suscepta
2786 3282 2982 3346 poena.

2057 3356 2154 3415 11.
2191 3353 2512 3435 Presbyter
2539 3353 2640 3435 qui
2671 3371 2782 3434 per
2829 3353 3223 3433 ignorantiam
3255 3354 3319 3416 in
3346 3351 3622 3415 illicitum

1980 3441 2193 3505 incidit
2250 3442 2719 3518 matrimonium,
2752 3444 2879 3504 sola
2933 3443 3168 3505 fruatur
3218 3441 3622 3525 praesidentia,

1978 3532 2283 3595 functione
2314 3532 2600 3613 privatus.

2061 3622 2280 3696 12.Qui
2314 3640 2378 3684 se
2399 3639 2434 3683 a
2458 3620 2650 3683 suillis
2674 3619 2956 3683 carnibus
2977 3619 3278 3684 abstinere
3289 3620 3620 3702 jactaverit,

1976 3709 2312 3773 ridiculus:
2377 3708 2794 3789 suscipiendus
2847 3719 2938 3772 est
2990 3728 3153 3786 vero,
3187 3710 3240 3772 si
3270 3710 3344 3772 iis
3396 3713 3618 3773 utatﬁr.

2058 3800 2154 3862 l3.
2215 3799 2274 3863 Si
2336 3800 2718 3863 interdictum
2779 3808 2872 3861 est
2894 3800 3104 3880 jurare
3153 3800 3526 3881 simpliciter,
3563 3800 3622 3863 id

1976 3892 2160 3970 magis
2220 3901 2464 3972 propter
2493 3890 2740 3954 malum.
2800 3891 3009 3971 itaque
3065 3909 3185 3953 non
3216 3890 3408 3953 solum
3476 3908 3627 3971 Opus

1975 3978 2352 4059 prohibebis,
2391 3997 2591 4043 verum
2628 3979 2805 4041 etiam
2841 3978 3034 4061 ipsum
3068 3980 3228 4061 quod
3278 3997 3350 4043 ex
3380 3996 3451 4042 eo
3482 3997 3625 4041 uas-

1977 4070 2134 4132 citur
2154 4070 2595 4150 juramentum.

2058 4161 2157 4222 14.
2220 4158 2491 4223 Clericus
2548 4158 2650 4240 qui
2703 4157 2955 4221 mortale
2996 4166 3309 4238 peccatum
3365 4160 3647 4220 commi-

1977 4249 2144 4323 serit,
2178 4267 2316 4311 cum
2374 4248 2593 4329 populo
2652 4247 3101 4311 communicat:
3155 4265 3275 4309 non
3312 4247 3471 4309 enim
3535 4247 3628 4309 bis

1916 4337 2140 4420 Didem
2171 4337 2526 4400 vindicatur.

2059 4427 2159 4489 15.
2194 4426 2337 4500 Quae
2369 4426 2669 4509 pepererit
2700 4426 2762 4489 in
2792 4426 2906 4502 via,
2940 4444 3009 4490 ac
3038 4428 3389 4506 neglexerit,
3422 4428 3623 4492 homi-

1976 4516 2116 4579 cidii
2151 4535 2255 4580 rea
2285 4526 2396 4580 est.

2056 4607 2153 4667 16.
2216 4606 2513 4671 Adulterii
2543 4607 2848 4669 convictas
2893 4624 3012 4668 non
3045 4624 3179 4670 esse
3226 4606 3471 4688 publice
3502 4616 3624 4670 tra-

258 4688 618 4777 ἰλεγχομένας
677 4692 1008 4770 ἐγνώκαμεν’
1062 4693 1454 4766 ἀκοινωνήτους
1514 4694 1568 4751 δὲ
1630 4696 1887 4774 ἱστῶμεν,

2019 4696 2276 4760 ucendas
2304 4695 2597 4768 novimus,
2632 4696 3183 4759 excommunicatas
3236 4716 3378 4759 vero
3412 4695 3626 4758 statui-

259 4777 349 4848 ἕως
386 4788 455 4843 τὸ
486 4783 753 4857 ὶπιτίμιον
792 4781 1279 4860 ἆποπληρώσωσιν,

329 4874 414 4945 ιζ’,
482 4873 610 4931 Ἐὰν
666 4869 875 4948 ἀλόγως
932 4872 1278 4952 ἀνεχώρησεν
1323 4875 1356 4941 ἡ
1414 4873 1569 4951 γυνὴ,
1604 4874 1737 4942 αὕτη
1791 4874 1890 4950 μὲν

261 4961 341 5018 ὡκ
366 4962 671 5041 ἀνεύγυνος,
706 4963 733 5016 ὁ
762 4960 819 5016 δὲ
846 4961 1161 5041 ὑπομείνας,
1189 4962 1485 5025 ἀνεύθυνος.

331 5147 429 5214 ιη’,
499 5148 562 5202 Αἱ
615 5142 1009 5224 στρατιώτιδες,
1079 5146 1132 5202 αἱ
1200 5143 1285 5200 διὰ
1355 5145 1453 5214 τήν
1520 5151 1627 5201 τῶν
1696 5144 1896 5224 ἀνδρῶν

1973 4804 2128 4861 mus,
2161 4785 2356 4848 donec
2383 4803 2572 4865 poenae
2602 4793 2837 4865 tempus
2868 4784 3258 4867 expleverint.

2051 4877 2150 4937 17.
2212 4874 2274 4938 Si
2347 4874 2560 4938 mulier
2601 4875 2732 4937 sine
2784 4875 3015 4937 ratione
3079 4874 3435 4946 recesserit,
3497 4870 3627 4953 ipsa

1973 4965 2215 5047 quidem
2275 4983 2397 5027 non
2426 4973 2517 5027 est
2568 4964 2826 5028 insons:
2875 4966 2976 5042 qui
3050 4984 3192 5028 vero
3239 4963 3624 5038 remanserit,

1976 5055 2151 5135 culpa
2182 5063 2368 5116 vacat.

2060 5144 2160 5209 18.
2216 5147 2444 5206 Uxores
2475 5143 2754 5220 militum,
2789 5148 2929 5225 quae
2949 5162 3020 5206 eo
3073 5141 3230 5223 quod
3265 5159 3471 5205 eorum
3519 5143 3630 5205 viri

262 5229 502 5312 ἀφάνειαν
560 5233 747 5297 ἄλλοις
812 5236 1181 5311 ζευγνύμεναι,
1263 5235 1718 5312 συγγνωστότεραι
1787 5242 1893 5293 τῶν

2023 5252 2272 5315 usquam
2302 5234 2792 5315 appareant,aliis
2814 5232 3356 5313 junguntur,veuia
3385 5231 3627 5311 dignio-

265 5318 446 5400 ἄλλων,
484 5328 544 5382 αἳ
588 5322 672 5380 διὰ
702 5323 796 5387 τὰς
830 5320 1130 5399 ἀποδημίας
1160 5323 1219 5380 οὗ
1250 5323 1639 5401 περιμένουσιν,

337 5504 420 5566 ιϐ’,
485 5495 542 5563 Ὀ
588 5502 689 5571 τὴν
732 5499 1015 5579 ἀλλοτρίαν
1058 5502 1238 5578 ἀφεὶς,
1283 5504 1371 5562 καὶ
1414 5501 1699 5579 λαμϐάνων
1741 5502 1895 5561 ἐλευ-

1978 5341 2078 5386 res
2106 5332 2244 5385 sunt
2268 5321 2424 5397 aliis,
2451 5340 2581 5403 quae
2604 5331 2844 5404 propter
2875 5339 3083 5385 eorum
3111 5320 3628 5403 peregrinationes

1981 5432 2100 5475 non
2135 5419 2505 5492 exspectant.

2061 5502 2160 5566 19.
2206 5499 2318 5575 Qui
2347 5501 2602 5564 alienam
2636 5499 2884 5577 dimisit,
2922 5507 2978 5564 et
3008 5500 3241 5586 accepit
3274 5499 3526 5567 liberam
3556 5518 3625 5565 ac
