4004 6138
313 233 429 308 279

1469 234 1852 301 SYMEONIS
1894 239 2522 306 METAPHBAS'LE.

3565 239 3686 306 280

314 373 589 446 solutam,
627 367 1040 452 corripiendus
1097 371 1335 451 quidem
1386 381 1474 435 est
1533 380 1775 455 propter
1827 373 1954 455 pri-

2097 399 2212 454 ραν,
2248 375 2611 449 ἐπιτιμητέως
2655 378 2754 453 μὲν
2784 376 2872 436 διὰ
2914 377 3013 448 τὴν
3072 377 3311 458 πρώτην·
3362 378 3451 435 ἐπὶ
3507 377 3560 435 δὲ
3621 385 3696 455 τῇ

315 482 473 526 mam
504 485 515 526 :
554 469 796 544 propter
828 460 1152 524 secundam
1190 480 1350 538 vero,
1387 463 1641 525 crimine
1676 471 1860 525 vacat.

397 553 498 615 20.
530 552 671 624 Quae
722 559 929 614 contra
961 551 1328 613 voluntatem
1391 559 1572 633 patris
1602 562 1805 614 secuta
1849 561 1960 628 est,

317 652 583 706 scortum
639 650 916 702 censetur
953 662 964 702 :
1000 641 1053 702 si
1098 660 1234 702 vero
1269 653 1549 721 parentes
1598 643 1964 704 reconciliati

316 734 566 807 fuerint,
606 732 948 810 factumque
980 730 1314 792 remedium
1346 731 1623 810 accipere
1670 732 1963 809 videatur,

317 831 521 884 tamen
571 820 828 880 triennio
865 817 1230 898 paenitentiae
1263 819 1590 899 subjaceat.

401 913 496 974 2i.
537 913 679 983 Quae
707 929 838 971 cum
873 907 1142 969 adultero
1175 909 1332 984 vivit,
1371 911 1721 974 mmchatur.

398 1002 496 1064 9'2.
533 1001 762 1063 Ancilla
793 1017 924 1079 quas
954 1016 1017 1060 se
1049 999 1172 1060 viro
1225 999 1559 1074 tradiderit,
1591 1001 1920 1064 fornicatur
1950 1020 1966 1076 ;

320 1090 700 1155 matrimonio
734 1108 869 1150 vero
896 1089 1187 1167 jungitur,
1224 1109 1355 1170 quae
1398 1109 1531 1151 cum
1567 1091 1795 1152 domini
1829 1111 1968 1152 con-

2046 464 2280 545 δευτὲρᾳ,
2313 468 2584 532 ἀνεύθυνος
2595 515 2608 531 .

2130 557 2202 617 κ’.
2239 559 2387 637 Παρά
2423 559 2646 636 γνώμην
2689 561 2887 635 πατρὸς
2944 562 2979 629 ἡ
3037 559 3471 633 ἀκολουθήσασα,
3521 561 3695 636 πόρνη

2049 647 2303 723 κρίνεται·
2377 649 2420 702 εί
2477 646 2532 702 δὲ
2591 647 2688 704 καὶ
2746 651 2792 705 οἳ
2847 661 3026 725 γονεῖς
3088 647 3448 726 διαλλογεϊεν,
3507 649 3595 704 καὶ
3632 647 3697 703 τὸ

2051 738 2268 812 γεγονὸς
2326 739 2607 814 θεραπείαν
2656 737 2802 818 ἔχειν
2861 736 3032 808 δοκεῖ,
3065 737 3211 814 ὅμως
3270 738 3496 816 τριετίαν
3551 738 3696 794 ὕπο-

2047 824 2308 884 πιπτέτω.

2130 914 2240 973 xx’.
2279 906 2339 997 ’Β
2387 917 2595 987 συζῶσά
2627 924 2834 995 μοιχῷ.
2881 915 3308 997 διαμοιχεύεται.

2128 1001 2243 1079 κβ’,
2322 995 2548 1072 ιΕαυτὴν
2610 1004 2752 1082 ἀνδρὶ
2826 995 3106 1062 ἐπιδοῦσα-ὴ
3159 1004 3366 1073 δούλη,
3420 1005 3691 1080 πορνεύει⁶

2051 1094 2367 1150 συνάπτεται
2425 1093 2478 1149 δὲ
2522 1096 2557 1163 ἡ
2591 1097 2726 1169 μετὰ
2755 1096 2976 1172 γνώμης
3027 1093 3304 1153 δεσπότου.
3339 1095 3413 1154 Τὰ
3444 1095 3542 1172 γάρ
3585 1095 3698 1150 τῶν

317 1200 496 1244 sensu
550 1180 608 1242 id
639 1179 799 1240 facit.
837 1177 979 1250 Quae
1013 1178 1170 1238 enim
1222 1180 1369 1240 fiunt
1398 1181 1473 1240 ab
1505 1179 1578 1240 iis
1630 1181 1727 1260 qui
1759 1181 1959 1243 alienaa

2097 1180 2387 1257 τεξουσίων,
2421 1181 2665 1244 ἀϐέϐαια.

319 1277 594 1352 potestati
626 1267 848 1330 subditi
881 1275 1037 1337 sunt,
1077 1267 1361 1333 invalida.

399 1359 842 1438 ‘23.Viduaquze
866 1357 1053 1418 virum
1079 1357 1602 1439 accipit,criminis
1625 1377 1835 1440 expers
1853 1369 1965 1422 est.

400 1454 501 1514 24.
556 1449 740 1511 Filius
775 1447 958 1527 patris
991 1454 1266 1526 potestati
1315 1447 1614 1511 subditus.
1653 1457 1710 1509 et
1765 1467 1970 1513 servus

321 1542 470 1603 citra
497 1539 877 1599 dominorum
914 1555 1304 1613 consensum,
1340 1537 1783 1600 matrimonium
1817 1559 1967 1601 con-

322 1630 588 1701 trahens,
621 1626 811 1707 culpa:
840 1624 1082 1687 obnoxii
1114 1634 1274 1689 sunt.

405 1720 504 1781 99.
558 1716 667 1789 Qui
704 1717 1068 1796 percusserit
1097 1716 1170 1776 ad
1224 1708 1505 1794 mortem,
1540 1725 1659 1778 tum
1707 1718 1965 1794 lacessit,
1993 1750 2030 1803 Β

327 1821 450 1872 tum
482 1807 580 1888 qui
616 1805 944 1879 ulciscitur,
979 1806 1305 1867 homicida.

404 1899 500 1960 26.
539 1896 851 1959 Diaconisa
895 1915 1028 1956 cum
1061 1896 1270 1974 gentili
1319 1896 1635 1972 fornicata,
1668 1916 1736 1959 ac
1770 1900 1963 1977 paeni-

325 1989 509 2050 tentia
540 1987 738 2057 ducta,
771 1991 1085 2065 septennio
1121 1987 1484 2064 poenitentiae
1507 1987 1884 2067 subjiciatur.

403 2079 504 2139 27.
553 2074 922 2136 Christianus
953 2075 1317 2137 contumelia
1347 2076 1648 2138 Christum
1681 2077 1965 2155 afﬁciens,

325 2167 550 2228 nullum
584 2165 838 2226 fructum
873 2181 943 2224 ex
977 2165 1286 2226 vocatione
1318 2183 1424 2226 sua
1457 2165 1766 2245 percipiat.

403 2257 500 2317 28.
529 2253 738 2334 Nupsit
766 2252 1034 2332 quaedam
1062 2269 1171 2331 per
1192 2255 1586 2332 ignorantiam
1621 2254 1743 2315 viro
1773 2255 1975 2317 dimis-

328 2363 429 2408 so:
469 2345 690 2406 deinde
724 2343 907 2422 priori
935 2343 1071 2422 ipse
1100 2346 1413 2406 restitutus
1435 2344 1682 2421 est,ipsa
1712 2363 1848 2406 vero
1875 2344 1972 2408 di-

328 2438 796 2498 missazscortum
818 2441 1133 2512 reputatur
1156 2451 1262 2512 per
1283 2434 1776 2512 ignorantiam,ac
1796 2434 1847 2496 si
1871 2453 1972 2497 ve-

327 2527 414 2600 lit,
441 2523 668 2586 nubcre
704 2531 932 2603 potest:
972 2522 1190 2584 melius
1218 2541 1380 2598 vero,
1421 2522 1614 2585 sinon
1647 2524 1848 2586 nubat.

407 2615 506 2678 29.
554 2613 917 2685 Encratitas,
947 2613 1345 2692 sarcophoros
1400 2622 1579 2694 atque
1625 2613 1974 2693 epotactitas

330 2705 527 2767 denuo
560 2701 907 2782 baptizabis.
943 2701 1228 2774 Quamvis
1262 2702 1423 2763 enim
1457 2703 1735 2764 dicantse
1766 2702 1827 2763 in
1856 2701 1972 2764 Pa-

325 2803 500 2869 trem,
534 2803 588 2854 et
620 2791 860 2864 Filium,
903 2799 961 2852 et
990 2791 1278 2872 Spiritum
1308 2798 1576 2852 sanctum
1613 2811 1745 2854 esse
1776 2791 1966 2872 bapti-

325 2893 508 2955 zatos,
543 2887 957 2944 verumtamen
1011 2882 1291 2962 quoniam
1329 2881 1617 2942 malorum
1663 2894 1968 2943 auctorem

324 2973 508 3034 Deum
568 2970 750 3050 impie
778 2981 1054 3032 asserunt
1083 2971 1256 3049 juxta
1299 2969 1688 3047 Marcionem,
1722 2970 1838 3032 nisi
1872 2971 1971 3033 de-

326 3081 446 3123 nuo
481 3061 874 3140 baptizentur,
910 3078 1031 3121 non
1060 3066 1200 3120 sunt
1231 3059 1591 3140 recipiendi.

400 3151 499 3213 30.
558 3149 700 3223 Quae
757 3167 788 3208 a
837 3149 960 3210 viro
1009 3148 1258 3210 dimissa
1309 3157 1423 3229 est,
1451 3155 1536 3210 sic
1593 3155 1870 3230 maneat;
1923 3150 1970 3211 si

327 3242 486 3302 enim
536 3239 896 3312 mceclietur,
927 3239 1095 3318 juxta
1124 3238 1366 3300 Domini
1420 3256 1784 3313 sermonem,
1820 3237 1972 3300 alius

326 3329 752 3392 communione
785 3326 1144 3390 excluditur.

403 3421 503 3482 3l.
531 3417 851 3500 Corruptio
875 3435 980 3497 per
1005 3417 1119 3479 vim
1146 3417 1434 3495 admissa,
1467 3418 1719 3480 crimine
1752 3426 1915 3480 vacat
1950 3437 1966 3478 :

321 3518 500 3588 atque
523 3508 740 3570 ancilla
761 3510 807 3568 si
843 3507 956 3568 \im
985 3510 1242 3588 patiatur
1265 3525 1299 3568 a
1320 3507 1587 3582 domino,
1623 3509 1826 3568 insons
1853 3514 1970 3569 est.

399 3602 498 3659 3'2.
529 3598 643 3671 Qui
677 3597 921 3659 tertium
950 3599 1400 3658 matrimonium
1435 3597 1974 3671 contrahit,contra

318 3689 484 3766 leges
539 3695 764 3767 peccat.
799 3685 981 3746 Prout
1012 3695 1209 3747 autem
1271 3687 1556 3749 Ecclesiae
1587 3705 1684 3748 res
1718 3706 1879 3748 nunc
1909 3704 1975 3749 se

315 3777 562 3848 habent,
599 3775 894 3853 ejusmodi
930 3774 1216 3850 facinora,
1251 3782 1299 3836 si
1333 3795 1449 3836 non
1497 3775 1733 3854 publice
1768 3775 1973 3837 tradu-

317 3873 548 3937 cantur,
587 3865 875 3926 dissoluta
926 3864 1328 3926 fornicatione
1362 3864 1762 3927 tolerabiliora
1805 3864 1974 3944 judi-

314 3963 551 4016 cantur.

716 4047 1004 4127 Ejusdem
1051 4048 1310 4119 epistola
1360 4050 1560 4112 tertia.

400 4157 453 4216 l.
515 4154 730 4215 Clerici
762 4154 862 4234 qui
910 4153 972 4214 in
1021 4152 1302 4214 delictum
1359 4153 1657 4232 incidunt,
1690 4151 1974 4232 gradibus

317 4245 708 4324 dejiciuntur,
747 4245 870 4304 sive
897 4242 1259 4321 ministrent,
1286 4243 1410 4304 sive
1439 4243 1696 4306 ordinati
1729 4243 1868 4304 sint.

398 4421 453 4484 '2.
492 4424 637 4495 Quae
668 4422 850 4482 fetum
884 4421 1235 4500 neglexerit,
1268 4429 1588 4502 propterea
1617 4422 1778 4498 quod
1813 4421 1970 4484 ami-

315 4512 404 4574 cis
458 4512 758 4592 rebusque
789 4511 860 4571 ad
915 4512 1088 4573 vitam
1149 4513 1506 4574 necessariis
1553 4513 1833 4574 destituta
1867 4512 1970 4587 sit,

313 4601 591 4663 criminis
624 4619 835 4681 expers
867 4611 982 4663 est.

404 4691 464 4754 3.
527 4691 655 4754 Non
692 4710 968 4770 magnum
1020 4694 1250 4754 crimen
1285 4700 1374 4753 est
1423 4691 1653 4753 ancilla:
1685 4691 1895 4766 viduae,
1930 4689 1981 4752 si

319 4781 392 4843 ad
432 4781 735 4842 secundas
767 4783 1006 4862 nuptias
1036 4781 1303 4862 rapiatur
1332 4804 1346 4841 :
1383 4781 1653 4859 bigamiae
1680 4797 1818 4841 vero
1851 4798 1982 4861 pae-

313 4889 460 4932 nam
497 4870 746 4934 subibit.

391 4961 449 5020 4.
488 4959 942 5024 Homicidarum
987 4978 1205 5036 Γαβαῶ,
1242 4981 1349 5042 pro
1383 4958 1967 5024 circumstantiarum

311 5052 563 5126 ratione,
599 5059 900 5132 augentur
932 5060 1034 5112 aut
1064 5051 1445 5113 minuuntur.

394 5232 452 5293 5.
509 5232 891 5293 Voluntarius
943 5229 1241 5294 homicida
1288 5231 1494 5311 viginti
1519 5249 1708 5293 annos
1760 5231 1958 5310 poeni-

318 5319 518 5378 tentiae
543 5319 925 5398 subjiciatur.

398 5406 456 5468 6.
492 5406 933 5470 lnvoluntarius
963 5409 1170 5471 decem
1205 5427 1414 5472 annos.

397 5495 454 5554 7.
491 5495 754 5556 Moechus
787 5498 1130 5576 quindecim
1163 5517 1376 5562 annos.

398 5582 458 5646 8.
497 5582 841 5646 Fornicator
880 5586 1283 5667 septennium.

1991 3121 2032 3170 (³
2134 3148 2214 3208 λ’.

2131 1361 2240 1437 κγ’.
2289 1361 2643 1440 Ἀνέγκλητος
2673 1366 2708 1433 ἡ
2741 1363 2888 1442 χήρα
2916 1360 3262 1438 λαμϐάνουσα
3289 1359 3472 1438 ἄνδρα.

2133 1445 2237 1510 κδ’.
2318 1443 2374 1508 Ὀ
2441 1449 2740 1517 ὑπεξούσιος
2810 1454 2944 1526 υἱὸς,
2993 1455 3081 1509 καὶ
3133 1450 3344 1525 δοῦλος,
3406 1449 3532 1530 δίχα
3587 1455 3702 1506 τῶν

2051 1543 2241 1621 κυρίων
2284 1548 2645 1620 ζευγνυμενοι,
2683 1540 2969 1605 ἀνεύθυνον..

2133 1719 2240 1778 κε’.
2299 1711 2354 1776 Ὀ
2398 1717 2604 1789 πλήξας
2659 1721 2790 1798 πρὸς
2842 1721 3088 1794 θάνατον,
3121 1722 3210 1777 καὶ
3251 1720 3572 1800 ἀρχόμενος,
3607 1719 3705 1776 καὶ

2049 1810 2380 1890 ἀμυνόμενος
2407 1808 2726 1890 ἀνδροφόνος
2740 1857 2750 1867 .

2133 1888 2265 1974 κς’,
2323 1888 2587 1962 Διάκονος
2657 1890 2894 1965 ’Έλληνι
2966 1901 3310 1977 προνευθεϊσα
3364 1901 3450 1955 καὶ
3521 1920 3704 1973 μετα-

2051 1995 2271 2068 γνοῦσα,
2306 1988 2587 2045 ἑπταετίαν
2615 1987 2980 2048 ὕποπιπτὲνω,

2133 2078 2242 2149 κζ’.
2299 2070 2547 2154 ’Υϐρίζων
2601 2078 2910 2155 Χριστιανὸς
2981 2077 3073 2132 τὸν
3135 2082 3378 2155 Χριστον,
3432 2077 3538 2133 ἀπὸ
3596 2081 3702 2143 τῆς

2056 2166 2301 2236 κλήσεως
2334 2165 2702 2244 ἀνωφέλητος,

2136 2257 2249 2323 κη’.
2300 2256 2578 2333 Ἐγήματό
2635 2275 2717 2318 τις
2751 2253 2920 2330 ’ἀνδρί
2963 2253 3099 2310 κατά
3154 2251 3371 2330 ἄγνοιαν
3427 2252 3704 2333 ἀφεμένῷ,

2055 2350 2175 2403 εἶτα
2245 2351 2312 2423 τῇ
2382 2345 2614 2417 προτέρα
2682 2344 2966 2422 ἀνέφηνεν,
3036 2345 3069 2411 ἡ
3136 2341 3178 2399 δ’
3245 2341 3453 2422 ἀφέίθη·
3529 2345 3708 2420 πόρνη

2056 2435 2322 2512 λογίζεται
2412 2435 2546 2491 κατὰ
2613 2433 2858 2512 ἄγνοιαν,
2931 2435 3020 2491 καὶ
3091 2434 3134 2489 εἰ
3201 2431 3340 2490 θέλει
3402 2433 3700 2510 ζεύγνυται’

2057 2524 2276 2581 κάλλιον
2295 2523 2360 2604 ’δὲ
2406 2525 2449 2580 εἰ
2479 2523 2558 2598 μὴ
2587 2530 2883 2601 ζεύγνυται,

2137 2613 2245 2674 κθ’.
2317 2614 2680 2690 Ἐγκρατίτας,
2727 2614 2814 2669 καὶ
2873 2613 3264 2692 Σαρκοφόρους,
3323 2614 3410 2669 καὶ
3463 2612 3707 2668 ’Λποτα-

2055 2704 2259 2774 κτίτας,
2322 2700 2723 2764 ἀναϐαπτίσεις.
2803 2703 2858 2759 Εἰ
2931 2703 3032 2779 γὰρ
3091 2701 3179 2758 καὶ
3238 2701 3446 2778 λέγοιεν
3495 2701 3575 2758 ὅτι
3626 2702 3704 2764 εἷς

2058 2792 2286 2872 Πατέρα,
2323 2793 2410 2849 καὶ
2444 2794 2588 2866 Υίὸν,
2617 2793 2711 2848 καὶ
2765 2790 2918 2868 ἅγιον
2949 2796 3164 2865 Πνεῦμα
3215 2788 3532 2857 ἒϐαπτίσθη,
3578 2787 3706 2846 ἀλλ’

2053 2882 2168 2940 ἒπεὶ
2235 2885 2417 2939 κακῶν
2475 2880 2707 2949 ποιητὴν
2767 2882 2858 2937 τὸν
2924 2881 3054 2936 Θεὸν
3125 2878 3503 2958 βλασφημοῦσι
3559 2879 3704 2936 κατὰ

2055 2971 2359 3048 Μαρκίωνα,
2407 2969 2485 3044 μὴ
2517 2967 2995 3044 ἀναόαπτιζόμενοι
3026 2966 3256 3030 ἀδεκτοι,

2279 3141 2338 3205 ’Β
2387 3145 2509 3225 παρ’
2571 3146 2756 3226 ἀνδρὸς
2817 3145 3131 3227 desectam,"
3159 3145 3365 3222 μενέτω
3421 3147 3610 3212 οὕτως·
3660 3149 3706 3204 εἰ

2056 3237 2155 3315 γὰρ
2187 3245 2447 3318 μοιχᾶται
2493 3239 2626 3293 κατά
2681 3239 2770 3294 τὸν
2813 3243 2906 3294 τοῦ
2954 3237 3140 3314 Κυρίου
3197 3235 3382 3316 λόγον,
3413 3238 3510 3305 τῆς
3570 3240 3705 3310 πρὸς

2057 3325 2228 3403 ἕτερον
2257 3327 2488 3384 κλείεται
2521 3326 2824 3390 κοινωνίας.

2135 3415 2250 3477 λα’.
2312 3417 2487 3482 Φθορά
2527 3416 3018 3492 κατηναγκασμένη
3068 3416 3368 3480 ἀνεύθυνοςο
3415 3416 3501 3472 καὶ
3541 3415 3708 3484 δούλη

2055 3508 2349 3582 βιαζομένη
2373 3506 2515 3583 παρά
2546 3505 2827 3580 δεσπότου,
2857 3505 3150 3570 ἀνεύθυνος.

2137 3594 2244 3672 λβ’.
2282 3585 2340 3654 Ὀ
2383 3597 2638 3673 τρίγαμος
2670 3593 2892 3670 ἄνομος·
2942 3597 3015 3656 ὡς
3053 3592 3108 3651 δὲ
3151 3596 3287 3673 ῥέπῃ
3328 3596 3428 3662 τῆς
3459 3595 3698 3662 Ἐκκλη-

2057 3685 2172 3749 σίας
2233 3686 2299 3741 τὰ
2369 3692 2585 3742 τοιαῦτα
2659 3683 2989 3760 βλεπόμενα,
3051 3683 3426 3764 ἀστηλὶτευτα,
3478 3685 3705 3764 κρείττω

2056 3775 2153 3843 τῆς
2199 3774 2482 3852 ἀνειμένης
2510 3774 2755 3853 πορνείας
2789 3773 3098 3854 κρινόμενα.

2475 4053 2578 4105 Τοῦ
2618 4047 2776 4106 αὐτοῦ
2806 4045 3066 4114 ἐπιστολὴ
3097 4047 3270 4125 τρίτη⁶

2134 4154 2216 4217 α’.
2305 4157 2366 4213 Οἱ
2453 4153 2698 4232 γληρικοὶ
2779 4154 3237 4232 παραπίπτοντες,
3310 4161 3415 4210 τῶν
3481 4157 3703 4231 βαθμῶν

2053 4243 2477 4316 ἀποπίπτουσίν,
2554 4241 2665 4301 εἴτε
2746 4245 3083 4322 ὑπηρετῶσιν
3169 4243 3282 4300 εἴτε
3379 4250 3702 4325 κεχειροτό-

2053 4355 2237 4400 νηνται
2248 4382 2261 4396 ,

2133 4413 2208 4499 β’.
2289 4425 2353 4479 Ἦ
2412 4424 2671 4497 ἀμήσασα
2739 4428 2832 4478 τοῦ
2912 4422 3187 4495 κυήματος
3246 4418 3312 4475 δι’
3386 4421 3609 4500 ἐρημίαν
3667 4423 3702 4492 ἢ

2056 4513 2280 4592 ἀπορίαν
2308 4520 2413 4570 τῶν
2446 4510 2781 4586 ἐπιτηδείων,
2817 4511 3114 4576 ἀνεύίωνος,

2142 4691 2216 4769 γ’.
2279 4695 2351 4750 Οὔ
2384 4694 2520 4769 μέγα
2550 4704 2794 4765 πταῖσμα
2837 4695 2905 4766 τῇ
2937 4691 3081 4769 χήρᾳ
3141 4687 3302 4765 δούλη
3332 4691 3464 4766 πρὸς
3519 4687 3689 4745 δεύτε.

2065 4803 2152 4859 ρον
2213 4781 2384 4858 γάμον
2442 4781 2805 4859 ἀρπαζοιεένῃ·
2871 4782 2932 4834 τὸ
2964 4777 3018 4834 δὲ
3075 4779 3168 4845 τῆς
3212 4777 3466 4856 διγαμίας
3527 4778 3701 4834 ἐπιτί-

2066 4893 2186 4946 μιον
2220 4869 2319 4934 ἕξει
2330 4919 2343 4932 ,

2132 4958 2202 5022 δ’.
2249 4966 2362 5017 Τῶν
2424 4959 2703 5038 φονώντων
2749 4959 2849 5036 [ἴσ.
2911 4957 3263 5036 φονευόντωνι
3304 4958 3368 5012 τὰ
3426 4956 3698 5032 ἐπιτίμια,

2051 5051 2186 5106 κατὰ
2243 5051 2304 5104 τὸ
2372 5046 2562 5124 ἰδίωμα
2645 5054 2744 5115 τῆς
2802 5048 3173 5126 περιστήσεως
3263 5045 3604 5126 ἐπιτείνεται,
3670 5047 3704 5114 ἢ

2050 5140 2253 5219 ὑφίεται
2266 5186 2279 5200 .

2134 5218 2201 5286 ε’.
2238 5219 2298 5285 ιΟ
2341 5230 2581 5290 ἑκούσιος
2637 5227 2916 5308 φονευτης,
2951 5226 3276 5282 είκοσαετίαν
3330 5226 3701 5284 ὑποπιπτέτω.

2123 5405 2224 5482 ς’.
2263 5399 2318 5464 Ὀ
2349 5407 2592 5467 ἀκούσιος
2627 5405 2935 5466 δεκαετίαν,

2120 5496 2189 5566 ζ’.
2221 5499 2282 5554 ιο
2315 5497 2538 5575 μοιχὸς,
2570 5493 3120 5554 πεντεκαιδεκαετίλν.

2119 5584 2200 5659 η’.
2249 5588 2307 5643 Ὀ
2339 5585 2552 5667 πόρνος,
2587 5584 2896 5650 ἑπταετίαν,
