4004 6138
274 308 333 384 Ἇί
1494 308 1834 378 EPITOME

311 448 364 512 θ’,
419 449 480 505 Αἰ
532 445 974 527 παραπίπτουσαι
1023 447 1159 523 μετὰ
1202 444 1303 514 τὴν
1346 440 1636 526 ὁμολογίαν
1666 447 1855 526 παρθέ-

256 564 325 611 νοι,
351 539 498 595 πέντε
528 541 625 595 καὶ
653 536 955 600 δεκαετίαν.

302 626 351 691 ι’.
380 621 435 687 ’0
460 628 669 705 κλέψας
700 631 790 685 καὶ
824 628 1144 707 μεταγνοὺς,
1179 626 1438 702 ἐνιαυτὸν,
1465 628 1552 685 καὶ
1579 626 1851 706 ἐλεγχθεὶς

240 721 299 800 ἃ,
323 721 404 776 καί
434 719 625 798 ἕτερον
650 719 771 780 ἕνα.

298 809 378 872 ια’,
412 800 468 866 ’0
500 808 916 884 ἆρσενοκοίτης,
951 810 1024 871 ὡς
1057 810 1085 864 ὁ
1118 806 1336 887 μοιχός.

297 899 376 974 ιβ’,
412 890 469 977 f0
501 896 926 977 ἀλογευόμενος,
963 896 1184 972 ὁμοίως.

296 985 376 1063 ιγ’.
409 975 467 1042 Ὀ
498 975 755 1064 ἐπίορκος
791 984 1090 1048 δεκαετίαν,

297 1074 374 1133 ιδ’.
408 1074 467 1155 Ὅ
498 1075 642 1153 γόης
676 1077 766 1132 ναὶ
790 1079 1093 1155 φαρμακὸς,
1129 1076 1200 1137 ὠς
1235 1078 1261 1131 ὁ
1291 1075 1547 1154 φονεύων.

295 1161 371 1226 ιε’,
407 1154 463 1245 ’φ
496 1154 857 1245 τυμϐωρύχος
890 1165 1190 1223 δεκαετίαν.

292 1250 400 1326 ις’.
436 1242 496 1334 ΤΟ
527 1242 952 1334 ἀδελῄόιαικτος,
983 1256 1056 1318 ὡς
1089 1256 1115 1310 ὁ
1147 1254 1427 1330 φονεύσας.

294 1338 371 1413 ιζ’.

226 1453 339 1509 μοιχ
342 1430 417 1490 όν.

291 1519 381 1585 ιη’.
427 1519 489 1577 ’Θ
535 1523 643 1594 πρὸ
687 1523 861 1599 γάμου
900 1521 1276 1579 συναλλάσσων
1327 1520 1674 1596 ἀναγνώστης
1704 1542 1845 1595 μνη-

224 1615 326 1685 στῇ,
358 1610 573 1679 μενέτω
616 1611 969 1690 ἆναγνώστης
1012 1611 1344 1691 ἆπρόκοπος.
1398 1607 1744 1688 Κλεψίγαμος
1796 1607 1851 1666 δὲ

219 1697 529 1761 ἀπωθεῖσθαι).

284 1877 363 1936 ιϐ’.
398 1877 784 1958 Ὀμολογήσας
828 1878 1074 1942 διάκονος
1134 1879 1220 1936 καὶ
1277 1876 1626 1955 πρεσϐύτερος
1662 1876 1848 1957 χείλε-

217 1989 287 2023 σιν
313 1967 652 2047 ἆμαρτῆσαι,
689 1974 790 2036 τῆς
840 1968 1169 2048 λειτουργίας
1229 1969 1526 2048 εἰρχθέντες
1572 1967 1845 2025 κοινωνεί-

213 2079 394 2120 τωσαν,

277 2144 348 2209 κ’.
380 2147 442 2205 ’0
503 2150 857 2227 συνεγνωκὼς
916 2149 1147 2223 ἑκάστῳ,
1208 2149 1298 2205 καὶ
1355 2148 1731 2228 ὰποκρόπτων,
1785 2149 1846 2204 τὸ

212 2234 317 2290 ἴσον
342 2235 751 2313 ἑπιτετίμηται.

278 2324 388 2389 ια’.
417 2326 481 2385 Ὀ
531 2328 967 2407 ἀρνησεχριστος,
1004 2327 1087 2385 ’διὰ
1114 2328 1229 2404 βίου
1259 2328 1681 2403 μεταμελείσθω.

281 2501 386 2568 κδ’,
418 2507 534 2563 Οὐκ
579 2507 782 2563 εἷ’σεσιν
813 2509 887 2570 εἰς
931 2510 1078 2585 ναὸν,
1115 2510 1143 2562 ὁ
1198 2504 1399 2585 ἀδελφῇ
1452 2506 1487 2575 ἢ
1521 2508 1699 2588 νύμφῃ
1741 2528 1846 2582 με·

216 2593 517 2667 μιασμένος,
578 2594 850 2661 Ἀποστὰς
894 2596 1075 2670 μέντοι
1121 2596 1205 2653 ἐπὶ
1236 2596 1467 2672 τριετίαν
1508 2594 1844 2674 προσκλαίοι,

212 2680 295 2736 καὶ
322 2681 574 2748 ἑξαετίαν
604 2684 975 2749 ὑποπιπτέτω.

283 2861 364 2939 κγ’
420 2862 485 2922 Ὀ
549 2866 648 2932 τὴν
700 2862 831 2921 ἰδίαν
901 2865 1070 2945 ἀφεὶς,
1139 2866 1225 2922 καὶ
1297 2863 1581 2941 λαμϐάνων
1637 2864 1844 2944 ἑτέραν,

220 2953 395 3029 μοιχὸς
423 2953 532 3028 ὢν,
568 2954 847 3011 ἑπταετίαν
876 2955 1243 3015 ὑποπιπτέτω.

286 3036 381 3103 κδ’,
413 3039 476 3101 Ὀ
513 3048 584 3120 τῇ
608 3049 842 3123 μητρυιᾷ
871 3046 1078 3120 μανεὶς,
1111 3046 1184 3109 ὡς
1216 3046 1244 3101 ὁ
1273 3044 1463 3118 μανεὶς
1499 3042 1720 3125 ἀδελφῇ.

280 3219 373 3283 κε’.
407 3225 467 3281 Οἱ
503 3222 810 3301 πολύγαμοι
875 3222 1163 3290 κτηνώδεις
1194 3240 1208 3255 ⁸
1258 3221 1382 3279 ἀλλ’
1428 3225 1518 3279 οὗν
1563 3224 1700 3298 μετὰ
1729 3245 1846 3301 τρι-

215 3309 336 3365 ετίαν
362 3308 739 3393 δεχέσθωσαν.

276 3400 403 3473 ις’.
438 3406 507 3461 Οἱ
538 3401 871 3479 παραϐάντες
907 3403 1006 3469 τὴν
1038 3403 1216 3458 πίστιν
1252 3401 1336 3458 δια
1379 3404 1647 3479 βασανωδ,
1682 3405 1848 3459 ὀκτα-

215 3489 336 3544 ιτίαν
400 3491 884 3554 ὑποπιπτέτωσαν,
960 3495 1019 3549 Οἱ
1091 3490 1145 3549 δὲ
1209 3492 1550 3572 αὐθαιρέτως,
1614 3490 1848 3550 δωδεκαε-

215 3578 365 3639 ιτίαν.

282 3669 375 3739 ιζ’.
427 3661 494 3729 Ὀ
539 3671 599 3728 ἐκ
656 3672 774 3748 βίας
807 3670 1155 3751 ἐπιορκήσας,
1204 3672 1341 3747 μετὰ
1371 3671 1605 3737 ἑξαετίαν
1638 3671 1843 3735 δεκτόςο
1918 3734 1925 3739 τ

214 3754 310 3813 ὅδὲ
344 3760 469 3819 ἄνευ
504 3762 765 3839 avi-(xm,
807 3782 942 3835 μετα
972 3759 1061 3817 δύο
1092 3762 1180 3817 καὶ
1212 3759 1360 3823 δέκα,

283 3939 388 4008 κη’.
425 3941 521 4009 Μὴ
550 3941 735 4021 χρόνῳ
766 3940 968 4018 κρίνῃς,
1022 3939 1161 3998 ἀλλὰ
1207 3941 1390 4018 τρόπῳ
1440 3941 1505 3997 τὰ
1549 3940 1791 4017 ἐπιτίμια
1826 3956 1840 3973 ⁸

217 4025 629 4106 εἰδὲὲμμένωσι
689 4029 814 4090 ταῖς
874 4031 1183 4109 ἁμαρτίαις,
1246 4031 1343 4085 καῖ
1375 4029 1725 4111 ἀντιλέγοιεν,
1785 4031 1846 4088 σὺ

214 4121 329 4188 σῶζε
356 4119 459 4187 τήν
494 4120 691 4176 οἰκείαν
725 4120 938 4198 ψυχήν.

215 4231 269 4291 ’Β
322 4237 375 4294 ἑν
438 4240 523 4313 τῷ
587 4237 837 4316 Τρούλλῳ
892 4243 1001 4304 τῆς
1066 4236 1682 4303 Κωνσταντινουπόλεως
1739 4238 1846 4316 ρξε’

276 4324 373 4375 τῶν
463 4318 550 4377 ἐπὶ
634 4319 1010 4378 ἰοδστινιανοῦ
1085 4321 1180 4375 to")
1252 4316 1607 4389 Ῥινοτμήτου
1656 4320 1847 4377 συνελ-

273 4400 428 4456 θοῦσα
439 4448 456 4461 .

278 4492 342 4553 α’.
374 4494 446 4552 Ἦ
490 4499 599 4551 τῶν
656 4492 974 4550 ἀποστόλων
1036 4494 1211 4556 πίστις
1243 4493 1690 4568 ἀκαινοτόμητος.
1738 4496 1845 4553 Καὶ

214 4581 323 4647 ἢέν
365 4585 564 4656 Νικαίᾳ
623 4582 945 4660 ὁλόκληρος,
995 4584 1031 4650 ἦ
1081 4584 1174 4639 τοῦ
1232 4582 1440 4655 Ἀρείου
1496 4581 1695 4660 δόγμα,
1750 4585 1848 4659 βα-

213 4671 349 4745 θμοὺς
380 4675 599 4750 εἰσάγον
640 4675 920 4747 θεότητος,
954 4671 1039 4729 διὰ
1069 4679 1162 4729 τοῦ
1214 4674 1497 4746 ὁμοουσίου
1550 4673 1842 4751 κατέστρε-

217 4763 313 4834 φεν.
357 4765 423 4822 Ἢ
470 4764 556 4820 ἐπὶ
615 4760 885 4840 Θεοδώρου
951 4762 1048 4838 [ῗσ.
1085 4759 1395 4843 Θεοδοσίου]
1441 4768 1531 4818 τοῦ
1587 4764 1846 4836 μεγίστου

215 4851 406 4917 σύνοδος
456 4852 863 4929 ἀπαράτρωτος,
917 4851 953 4927 ᾓ
1002 4848 1347 4924 Μακεδόνων,
1394 4849 1579 4908 δοῦλον
1626 4852 1844 4910 εἰπόντα

214 4941 267 4996 τὸ
311 4942 464 5020 ἅγιον
527 4948 765 5019 Πνεῦμα,
829 4941 1155 5016 καθῄρηκεν,
1221 4944 1279 4999 Οἱ
1356 4941 1443 4998 ἐπὶ
1502 4948 1595 4998 τοῦ
1651 4950 1845 5021 μικροῦ

218 5028 475 5089 Θεοδοσίου
508 5033 602 5089 εἰς
650 5021 895 5108 ’Ἔφεσον
957 5032 1227 5094 συνιόντες
1264 5027 1551 5102 διακόσιοι,
1584 5031 1672 5085 τὸν
1717 5032 1841 5088 ἀσε-

214 5114 447 5179 ϐέστατον
479 5120 787 5198 Νεστόριον,
838 5118 1111 5191 ἄνθρωπον
1155 5118 1359 5193 ἰδικῶς,
1410 5122 1499 5176 καὶ
1557 5122 1689 5176 θεὸν
1746 5120 1837 5177 iat-

212 5208 305 5271 κῶς
356 5210 575 5267 εἰπόντα
636 5210 729 5265 τὸν
789 5210 976 5285 Κύριον
1034 5207 1400 5274 ἐξελάσαντες.
1454 5212 1515 5268 Ol
1560 5211 1695 5267 κατὰ
1736 5211 1837 5279 τὴν

217 5297 521 5381 Καλχηδόνα
552 5306 631 5373 τῷ
685 5305 972 5377 Μαρκιανῷ
1022 5296 1438 5367 συνελήλυθότες
1497 5299 1832 5375 ἁείμνηστοι,

218 5387 430 5470 Εὖτυχέα
515 5387 735 5459 δοκήσει
815 5388 1126 5454 τελεσθῆναι
1211 5389 1272 5444 τὸ
1351 5388 1491 5465 μέγα
1550 5391 1837 5466 μυστήριον

215 5478 381 5552 φράσαι
437 5478 789 5554 τολμήσαντα
851 5478 1159 5537 καθελόντες
1196 5494 1211 5510 ⁸
1260 5478 1348 5533 καὶ
1392 5478 1701 5556 Νεστόριον,
1747 5481 1836 5536 καὶ

220 5564 470 5649 Διόσκοροι)
513 5570 638 5629 τοὺς
671 5569 735 5625 hx
764 5563 1046 5646 διαμέτρου
1078 5568 1144 5624 τὰ
1173 5565 1270 5622 ’ίσα
1318 5564 1829 5645 παραληράσαντας·

218 5652 276 5718 tl:
311 5658 398 5729 τὴν
452 5656 840 5739 βασιλεύουσαν
888 5657 1046 5726 πέντε
1098 5658 1184 5721 καὶ
1213 5655 1471 5737 ἑξήκοντα
1518 5658 1606 5715 καὶ
1636 5655 1686 5731 ρ’
1751 5656 1838 5715 ἐπὶ

435 1331 494 1399 Ὀ
553 1331 947 1419 ἀπειρημένος
1006 1345 1063 1399 ἒν
1122 1343 1400 1421 συγγενείᾳ
1458 1341 1653 1420 γάμος,
1714 1342 1851 1399 κατὰ

1894 308 2290 378 GANONUM.
3465 302 3583 389 283

1875 451 1913 503 Α
2020 445 2079 510 9.
2112 446 2391 527 Virgines
2414 451 2545 527 post
2561 442 2995 527 professionem
3028 440 3581 524 lapsae,quindecim

1936 553 2150 598 80008.

2018 627 2115 688 10.
2150 625 2256 699 Qui
2314 627 2545 689 furatus
2595 634 2686 687 est
2714 642 2781 687 ac
2813 623 3089 705 resipuit,
3121 640 3345 685 annum
3378 618 3579 703 pani-

1936 715 2178 776 tentiam
2212 726 2344 795 agat
2378 735 2391 776 :
2426 714 2735 778 convictus
2772 732 2936 787 vero,
2972 714 3122 775 duos
3153 729 3370 775 annos.

2016 804 2113 864 lt.
2144 804 2538 867 Masculorum
2565 803 2920 867 concubitor
2949 804 3103 865 sicut
3130 802 3387 865 adulter.

2014 892 2113 954 12.
2148 893 2259 965 Qui
2292 902 2498 956 contra
2526 894 2822 956 rationem
2856 902 3121 954 versatus
3152 899 3243 954 est
3271 890 3576 955 similiter.

2015 983 2113 1046 13.
2152 983 2459 1063 Perjurus,
2497 983 2816 1046 decennio.

2017 1072 2112 1133 14.
2146 1073 2484 1135 Incantator
2506 1080 2565 1133 et
2596 1074 2920 1147 veneﬁcus,
2957 1080 3021 1134 ut
3050 1069 3374 1133 homicida.

2016 1161 2109 1223 15.
2147 1161 2255 1234 Qui
2289 1161 2563 1242 sepulcra
2595 1161 2998 1242 deprendatur,
3033 1159 3353 1222 decennio.

2012 1250 2110 1311 46.
2147 1251 2260 1323 Qui
2293 1270 2426 1313 cum
2459 1269 2664 1314 sorore
2696 1251 3001 1323 miscetur,
3037 1257 3099 1310 ut
3128 1248 3454 1312 homicida.

2014 1339 2109 1399 l7.
2148 1340 2519 1403 Prohibitum
2579 1342 2635 1402 in
2690 1338 3205 1419 consanguinitate
3256 1337 3573 1399 matrimo-

1933 1426 2121 1501 nium,
2157 1428 2364 1490 eadem
2392 1446 2505 1510 qua
2534 1428 2895 1490 adulterium
2929 1445 3105 1508 poena
3134 1427 3490 1488 vindicatur.

2016 1518 2113 1580 18.
2147 1517 2362 1580 Lector
2410 1518 2511 1599 qui
2566 1526 2704 1581 ante
2762 1517 2999 1598 nuptias
3050 1534 3179 1579 rem
3230 1514 3573 1578 habetcum

1937 1609 2180 1688 sponsa,
2217 1616 2452 1670 maneat
2496 1608 2708 1683 lector,
2763 1608 2839 1669 ita
2871 1614 2936 1668 ut
2964 1606 3037 1668 ad
3072 1607 3325 1684 majores
3352 1604 3577 1685 gradus

1933 1714 2054 1758 non
2086 1706 2501 1777 promoveatur
2535 1716 2548 1760 :
2581 1698 2683 1779 qui
2712 1715 2853 1760 vero
2894 1696 3181 1759 furtivum
3213 1692 3348 1758 iniit
3376 1691 3577 1756 matri-

1874 1817 1910 1869 Β
1936 1786 2227 1859 monium,
2258 1786 2609 1868 expellatur.

2011 1876 2110 1939 19.
2143 1874 2445 1939 Diaconus
2499 1886 2558 1939 et
2617 1876 2924 1959 presbyter
2972 1873 3230 1938 confessi
3289 1891 3356 1936 se
3400 1872 3574 1936 labiis

1930 1981 2235 2045 peccasse,
2270 1984 2304 2028 a
2335 1965 2669 2028 ministerio
2697 1965 2912 2028 remoti
2940 1962 3414 2030 communicent.

2010 2140 2111 2207 20.
2145 2142 2255 2219 Qui
2283 2145 2561 2208 conscius
2587 2153 2677 2209 est
2709 2144 3057 2226 unicuique,
3091 2150 3149 2207 et
3179 2139 3575 2224 celat,tequali

1931 2251 2106 2314 poena
2136 2235 2439 2298 multatur.

2010 2324 2111 2386 21.
2145 2323 2256 2396 Qui
2295 2324 2596 2387 Christum
2659 2323 2989 2403 negaverit,
3043 2340 3149 2403 per
3178 2330 3360 2385 totam
3391 2322 3568 2383 vitam

1931 2412 2341 2494 paenitentiam
2373 2423 2536 2491 agat.

2010 2503 2112 2565 22.
2143 2500 2273 2564 Non
2307 2501 2677 2582 ingredietur
2700 2503 2760 2564 in
2786 2500 3207 2582 templum,qui
3239 2517 3374 2562 cum
3396 2517 3571 2563 soro-

1931 2609 1998 2653 re
2027 2599 2128 2653 aut
2155 2610 2374 2673 sponsa
2421 2592 2765 2673 inquinatus
2814 2600 2904 2655 est
2940 2609 2955 2654 ε
2991 2589 3089 2654 ubi
3124 2600 3325 2653 tamen
3359 2608 3393 2651 a
3423 2607 3570 2671 pec-

1933 2688 2061 2742 cato
2091 2679 2410 2756 destiterit,
2445 2681 2709 2744 triennio
2740 2682 2958 2761 lugeat,
2992 2697 3063 2742 ac
3120 2678 3409 2743 sexennio
3439 2696 3570 2761 pte-

1935 2769 2199 2832 nitentiae
2229 2770 2559 2852 subjaceat.

2010 2859 2111 2923 23.
2146 2859 2259 2932 Qui
2291 2861 2529 2940 propria
2575 2879 2760 2923 uxore
2789 2859 3060 2933 dimissa,
3105 2858 3284 2922 alium
3330 2858 3571 2940 accipit,

1931 2967 2065 3011 cum
2091 2950 2168 3011 sit
2200 2951 2817 3032 mcecbus,septennio
2842 2949 3213 3030 paenitentiae
3239 2947 3570 3029 subjaceat.

2009 3039 2109 3102 24.
2147 3040 2257 3114 Qui
2303 3042 2514 3103 insano
2559 3043 2616 3103 in
2650 3058 2962 3104 novercam
2994 3056 3201 3102 amore
3231 3038 3478 3115 exarsit,
3514 3045 3577 3100 ut

1863 3149 1905 3200 ο
1932 3129 2032 3209 qui
2065 3147 2335 3192 sororem
2368 3129 2647 3208 deperiit.

2016 3218 2109 3278 25.
2152 3217 2473 3300 Polygami,
2512 3218 2761 3282 belluini
2785 3226 2960 3281 sunt:
2994 3226 3411 3282 verumtamen
3444 3224 3579 3299 post

1935 3307 2256 3369 triennium
2290 3309 2687 3390 recipiantur.

2012 3396 2114 3458 26.
2153 3398 2263 3470 Qui
2296 3398 2471 3459 ﬁdem
2508 3416 2610 3479 per
2645 3405 2937 3459 tormenta
2964 3396 3279 3473 violarunt,
3298 3405 3430 3459 octo
3462 3414 3574 3458 an-

1934 3504 2044 3548 nos
2076 3487 2484 3567 pmnitentiam
2517 3496 2727 3566 agant:
2764 3487 2864 3567 qui
2893 3504 3030 3548 vero
3062 3493 3277 3567 sponte
3305 3494 3366 3547 et
3394 3485 3572 3562 ultro,

1931 3576 2275 3638 duodechn.

2011 3664 2109 3725 27.
2147 3665 2258 3737 Qui
2292 3666 2342 3726 vi
2400 3676 2639 3727 coactus
2694 3665 3006 3746 pejeravit,
3065 3672 3194 3746 post
3223 3664 3575 3727 sexennium

1933 3754 2411 3835 suscipiendus:
2473 3756 2521 3816 si
2582 3775 2721 3817 vero
2779 3761 2931 3817 citra
2961 3754 3410 3831 necessitatem,
3443 3762 3581 3837 post

1928 3843 2270 3907 duodecim.

2008 3933 2108 3998 28.
2142 3935 2230 3997 Ne
2258 3942 2550 4015 tempore,
2584 3935 2689 3997 sed
2725 3934 2919 3997 modis
2942 3951 3147 4014 pcenas
3178 3933 3502 4014 expendas:
3524 3933 3578 3995 si

1930 4039 2076 4084 vero
2120 4023 2181 4085 in
2213 4025 2476 4105 peccatis
2528 4032 2916 4105 permaneant
2946 4042 3015 4086 ac
3045 4021 3480 4098 contradicant,
3516 4030 3580 4086 tu

1936 4130 2079 4174 vero
2110 4132 2281 4176 serva
2309 4116 2568 4176 animam
2602 4124 2784 4178 tuam.

1930 4233 2224 4316 Synodus
2250 4252 2396 4297 οων
2431 4236 2687 4299 Patrum
2719 4240 3051 4299 convocata
3077 4236 3149 4316 in
3180 4232 3391 4297 Trulla
3423 4236 3581 4298 Cone

2008 4323 2348 4395 slantv’nOp.
2375 4316 2484 4378 sub
2517 4316 2869 4380 Justim‘ano
2897 4317 3005 4397 qui
3034 4314 3112 4378 ab
3139 4321 3449 4397 amputato
3469 4332 3580 4378 na-

2010 4409 2079 4457 so
2114 4399 2462 4471 Ῥινότμητος
2492 4398 2687 4460 dictus
2717 4404 2832 4460 est.

1868 4548 1908 4596 υ
2010 4492 2067 4551 1.
2095 4490 2513 4567 Apostolorum
2546 4491 2693 4552 ﬁdes
2726 4489 3456 4596 ne_immutetur.Nicaena
3481 4491 3579 4551 in-

1930 4587 2093 4658 tegra
2114 4587 2549 4660 servetur,qu:e
2571 4581 2698 4643 Arii
2725 4578 3068 4660 Opinionem
3096 4578 3421 4641 divinitatis
3440 4596 3578 4657 gra-

1929 4669 2045 4729 dus
2076 4669 2560 4731 introducentem
2598 4686 2702 4749 per
2733 4671 3014 4744 ὁμοούσιον
3048 4668 3281 4731 ενι-τιὴ.
3304 4666 3580 4749 Synodus

1927 4757 2040 4818 sub
2054 4758 2395 4820 Theodosio
2417 4758 2669 4821 Maximo
2686 4758 2887 4821 habita
2903 4757 3180 4819 inviolata
3205 4767 3575 4836 permaneat,

1926 4866 2060 4927 qua:
2078 4848 2762 4919 Macedonium,servum
2789 4847 3090 4909 dicentem
3109 4845 3396 4925 Spiritum
3417 4865 3581 4907 sanc-

1929 4947 2052 4997 tum
2085 4937 2270 5015 gradu
2306 4937 2927 4999 deturbavitﬂucenti
2962 4935 3066 5016 qui
3099 4937 3209 4996 sub
3239 4934 3579 4997 Theodosio

1922 5027 2172 5088 Juniore
2196 5028 2350 5106 apud
2372 5029 2673 5107 Ephesum
2698 5024 3577 5105 convenerunt,impiissimum

1921 5114 2598 5190 Nestorium,hominem
2623 5116 2873 5179 seorsim
2897 5134 2965 5175 ac
2986 5113 3174 5175 Deum
3198 5112 3449 5174 seorsim
3468 5114 3582 5176 Do-

1921 5211 2145 5267 minum
2175 5206 2476 5268 dicentem
2504 5206 2885 5286 expulerunt,
2922 5204 3033 5277 Qui
3058 5201 3213 5282 apud
3240 5199 3577 5265 Calchedo-

1918 5313 2056 5356 nem
2077 5314 2210 5355 cum
2239 5297 2541 5359 Marciano
2566 5301 2976 5365 convenerunt
2997 5299 3238 5354 aeternae
3266 5294 3579 5356 memoriae

1918 5384 2105 5463 digni,
2142 5382 2476 5462 Eutychem
2525 5384 2813 5463 opinione
2841 5391 3068 5446 tantum
3099 5386 3412 5460 peractum
3439 5399 3580 5447 esse

1920 5492 2203 5552 magnum
2244 5474 2589 5555 mysterium
2627 5472 2829 5535 dicere
2863 5489 3071 5533 ausum
3118 5470 3572 5551 deposuerunt:

1917 5582 1986 5627 ac
2005 5562 2344 5626 Nestorium
2368 5573 2428 5627 et
2450 5562 2934 5643 Dioscorum,qui
2967 5559 3189 5623 similia
3215 5577 3250 5622 e
3281 5558 3576 5626 diametro

1919 5668 2203 5739 perverse
2230 5652 2562 5716 ratiocinati
2597 5652 2857 5717 fuerant.
2891 5649 3065 5743 Apud
3097 5648 3325 5733 regiam
3364 5648 3577 5723 urbem
