4004 6138
251 337 347 406 ’Ἀῧ

1527 341 1862 407 ΕΡΙΤΟΜΕ
1922 335 2314 408 CANONUM.

3483 332 3604 402 286

255 485 301 547 iv
365 479 660 548 έκκλι,σίαν
734 481 1096 560 κεκλήρωται,
1168 484 1225 541 Εἰ
1281 482 1337 539 δὲ
1394 484 1472 558 μὴ
1499 531 1513 557 ,
1594 483 1729 558 μετὰ
1787 487 1872 537 τοῦ

1985 477 2286 542 Ecclesiam
2319 478 2380 540 in
2411 478 2583 558 cujus
2615 479 2841 541 clerum
2885 479 3106 541 ascitus
3133 483 3223 540 est
3255 497 3268 540 :
3302 473 3392 538 sin
3421 489 3586 549 vero,

247 569 652 654 προσειληφότας
686 573 1043 654 ἀφοριζέσθω.

306 659 394 733 ιζ’,
429 651 519 717 ’(’ί
572 651 846 737 προεστὼς
897 651 1218 729 Ἐκκλησίας
1274 661 1389 718 κατ’
1436 659 1722 739 ἐξαίρετον,
1755 673 1872 725 ταῖς

238 760 519 829 [aptium
588 750 884 809 διδασκέτω
959 753 1025 808 τὰ
1109 749 1349 828 δόγματα
1382 798 1398 824 ,
1474 751 1562 806 καὶ
1651 748 1872 826 διερμη-

231 857 437 916 scuto),
505 844 583 918 μὴ
636 842 874 916 οἴκοθεν,
928 840 1049 897 ἀλλ’
1092 843 1166 905 ὼς
1226 843 1273 896 οἱ
1315 844 1450 897 θεῖοι
1508 838 1736 915 Πατέρες
1795 837 1873 894 δι-

231 927 416 986 έλαϐον
431 981 437 986 .

303 1021 378 1086 ιη’
411 1019 480 1078 ³0
514 1020 776 1087 διηνεκῶς
837 1020 1233 1098 καθῃρημένος,
1295 1017 1389 1074 καί
1444 1019 1518 1080 εἱς
1572 1019 1694 1083 τοὺς
1746 1017 1876 1074 λαί-

226 1112 341 1170 κώς
378 1111 679 1183 ἀπωσθεὶς,
715 1110 1186 1185 μεταμελούμενος
1239 1108 1492 1185 κειρέσθω
1541 1110 1628 1163 καὶ
1687 1108 1874 1184 μόνον,

229 1202 269 1257 εί
293 1199 346 1254 δὲ
381 1200 496 1276 μὴ,
531 1201 632 1267 τὴν
660 1201 840 1274 κόμην
872 1198 1220 1277 ἐπιτρεφέτω,

299 1290 392 1351 ιθ’,
463 1291 575 1350 Καὶ
637 1293 664 1346 6
723 1295 825 1356 τῆς
879 1289 1150 1368 ἀχράντοο
1211 1285 1516 1360 μεταδιδοὺς
1573 1287 1871 1354 κοινωνίας,

224 1376 408 1435 ὀϐολὸν
445 1381 719 1452 ἁπαιτῶν,
749 1379 787 1447 ἢ
821 1378 1000 1456 ἕτερον
1026 1376 1194 1456 εἶδος,
1227 1379 1592 1456 καθαιρείσθω.

297 1559 378 1620 κ’,
433 1558 711 1634 Κληρικὸς
767 1555 1142 1634 ἱπποδρομίαις
1199 1555 1383 1628 ἀνιὼν,
1417 1556 1461 1611 εἰ
1492 1557 1584 1611 καὶ
1641 1553 1875 1629 μελλόν-

214 1670 321 1704 των
386 1648 623 1705 εἰσιέναι
679 1646 981 1722 θυμελικῶν
1039 1647 1095 1702 ὲν
1146 1646 1305 1723 γάμῳ
1361 1646 1438 1719 μὴ
1496 1645 1870 1722 ἀφιστάμενος,

213 1737 600 1810 καθαιρείσθω.

1959 585 2092 628 cum
2127 586 2197 629 eo
2227 568 2328 648 qui
2355 572 2556 649 ipsum
2590 569 2854 648 suscepit
2883 575 3252 648 segregetur.

2039 656 2136 720 Π.
2171 657 2279 730 Qui
2307 658 2590 720 Ecclesiae
2622 659 2834 720 eximio
2869 658 3124 741 quodam
3161 655 3338 718 modo
3366 671 3597 736 praepo-

1957 745 2104 807 situs
2133 757 2244 822 est,
2276 748 2604 810 Dominicis
2634 748 2846 810 doceat
2877 749 3172 828 dogmata,
3207 754 3383 826 atque
3414 745 3596 805 inter-

1964 844 2232 915 pretetur
2261 858 2381 899 non
2414 857 2521 900 suo
2577 837 2786 919 Marte,
2847 838 2949 900 sed
2982 838 3136 901 sicut
3164 835 3353 899 sancti
3382 833 3589 896 Patres

1961 937 2394 1005 exposuerunt.

2041 1015 2139 1078 18.
2174 1017 2285 1090 Qui
2316 1018 2375 1078 in
2425 1027 2774 1100 perpetuum
2831 1019 3143 1098 depositus
3175 1023 3287 1092 est,
3322 1023 3496 1094 atque
3527 1013 3588 1073 in

1959 1104 2245 1166 laicorum
2271 1108 2543 1169 ordinem
2577 1108 2878 1188 redactus,
2927 1108 3221 1188 paenitens
3251 1104 3590 1178 tondeatur,

1959 1193 2140 1273 idque
2172 1197 2365 1257 solum
2403 1215 2414 1256 :
2454 1197 2547 1259 sin
2579 1216 2742 1268 vero,
2771 1216 3004 1259 comam
3046 1195 3288 1258 nutriat.

2042 1285 2137 1346 19.
2174 1285 2362 1366 thui
2395 1288 2833 1351 immaculatam
2861 1287 3338 1349 communionem
3366 1284 3597 1364 imper-

1963 1373 2164 1435 tiendo
2198 1374 2436 1437 obolum
2472 1378 2674 1457 exigit,
2710 1385 2808 1438 aut
2849 1377 3021 1439 aliam
3076 1375 3365 1456 speciem,
3400 1373 3594 1454 depo-

1961 1473 2158 1525 natur.

2039 1553 2139 1614 20.
2175 1553 2440 1617 Clericus
2490 1557 2590 1636 qui
2621 1557 2692 1619 ad
2745 1559 3045 1619 circenses
3095 1552 3456 1628 ascenderit,
3489 1557 3589 1613 aut

1963 1641 2294 1722 thymelicis
2323 1645 2397 1706 ad
2431 1645 2667 1726 nuptias
2697 1648 3189 1726 ingressurisnon
3219 1639 3590 1722 recedit,de-

1961 1740 2234 1812 ponatur.

291 1828 415 1886 κε’.
478 1827 812 1905 Ἀγροιγικαὶ
855 1829 944 1882 καὶ
1000 1825 1583 1908 ἐγχώριοιλπαροικίαι
1627 1843 1872 1900 τριακον-

2038 1821 2136 1885 9|.
2170 1821 2502 1887 Rusticanae
2533 1833 2593 1888 et
2625 1845 2754 1906 qua:
2784 1827 2842 1887 in
2875 1825 3018 1887 vicis
3061 1833 3199 1886 sunt
3233 1819 3511 1903 parocciae
3540 1819 3588 1880 si

210 1919 448 1972 ταετίαν
482 1902 768 1995 ἐχόμεναι,
802 1902 1238 1995 κατεχέσθωσα-δ.
1279 1902 1478 1971 ’Ἒθδον
1539 1911 1594 1968 δὲ
1624 1914 1686 1968 τὸ
1716 1912 1872 1990 ἀμφιε

1985 1928 2069 1972 ter
2099 1912 2343 1988 triginta
2374 1933 2562 1977 annos
2611 1902 2898 1995 possessas
2945 1914 3186 1986 fuerint,
3220 1902 3538 1975 teneantur
3573 1925 3587 1968 :

209 2003 570 2081 θεητήσιμον
602 2005 828 2072 ἕξουσιν.

292 2093 416 2170 ιβ’,
482 2093 834 2175 Πρεσϐύτερος
891 2093 1104 2168 ἀθέσμῳ
1167 2095 1467 2172 περιπεσὼν
1529 2092 1689 2168 γάμῳ
1742 2095 1876 2148 καθ-

213 2188 477 2265 αιρεθεὶς,
566 2184 815 2262 γαθέδρας
897 2183 1181 2263 μετεχέτω
1259 2182 1352 2238 καῖ
1436 2182 1620 2260 μόνον,
1682 2182 1878 2242 παντὸς

213 2272 492 2340 διαλυθεὶς
536 2282 628 2332 τοῦ
658 2275 960 2349 μιάσματος
972 2316 986 2331 .

300 2365 420 2442 κγ’.
491 2363 759 2442 Σταφυλαῖ
815 2365 945 2440 πρὸς
1002 2383 1162 2418 τινων
1228 2368 1297 2438 τῇ
1353 2362 1663 2434 ὰναιμακτῳ
1733 2361 1880 2432 θυσίᾳ

214 2455 606 2516 συνάπτονται.
641 2455 713 2512 Τὸ
744 2452 800 2508 δὲ
831 2451 1022 2528 μηκέτι
1053 2449 1349 2526 τολμᾶσθαι
1382 2450 1673 2527 διωρισται,

293 2633 403 2696 κδ’.
469 2632 617 2694 Τινὲς
680 2639 788 2688 τῶν
846 2629 1093 2707 Πατέρων
1168 2629 1265 2694 τὴν
1324 2627 1530 2704 ἡμέραν
1591 2635 1682 2684 τοῦ
1737 2631 1875 2685 θεὲοο

213 2719 428 2780 δείπνου
474 2723 608 2798 μετᾶ
652 2725 713 2778 τὸ
763 2718 1044 2785 δειπνῆσαι
1103 2723 1400 2796 προσῆγον.
1463 2715 1646 2783 Ἔδοξε
1702 2718 1871 2774 τοίνυν

216 2813 283 2888 τῇ
311 2811 512 2889 συνόδῃ
542 2819 700 2870 τοῦτο
730 2811 809 2886 μὴ
839 2812 1093 2886 γίνεσθαι,

295 2901 406 2962 κε’.
466 2903 563 2960 Καὶ
621 2902 668 2956 οἱ
711 2900 762 2957 ἑν
820 2897 1170 2976 βαρϐαρικατς
1221 2897 1533 2963 ἒκκλησίαις
1591 2899 1772 2974 ἱερεῖς,
1829 2898 1874 2952 εἰ

218 2995 312 3056 τῆς
371 2997 481 3047 τῶν
536 2987 773 3064 συμϐἔων
856 2988 1174 3066 προσκαίρου
1262 2984 1472 3059 ὁμιλίας
1543 2985 1868 3065 ἀπέχονται,

1957 1999 2112 2062 infra
2141 2020 2304 2078 vero,
2338 2007 2745 2068 controversia
2775 2007 2850 2068 de
2879 2006 2950 2066 iis
2987 2005 3212 2067 moveri
3238 2001 3479 2082 poterit.

2039 2091 2139 2153 2‘2.
2174 2091 2492 2175 Presbyter
2521 2097 2622 2176 qui
2655 2096 2714 2158 in
2755 2095 3026 2158 illicitum
3065 2092 3345 2156 inciderit
3376 2096 3595 2152 matri-

1964 2180 2255 2260 monium,
2284 2183 2595 2263 depositus
2623 2185 2923 2246 cathedrae
2954 2183 3145 2245 solum
3178 2185 3474 2264 particeps
3500 2181 3594 2256 sit,

1960 2269 2124 2330 omni
2159 2273 2393 2350 piaculo
2425 2283 2801 2352 expurgatus.

2043 2359 2141 2421 23.
2176 2359 2316 2432 Qum
2343 2381 2372 2422 a
2400 2363 2752 2442 quibusdam
2780 2367 3090 2426 incruento
3115 2359 3408 2424 sacriﬁcio
3430 2357 3595 2420 adhi-

1960 2446 2221 2510 bentur:
2257 2451 2370 2512 hoc
2430 2470 2568 2514 vero
2622 2454 2941 2534 quominus
2991 2454 3304 2532 quisquam
3335 2447 3598 2528 amplius

1958 2536 2192 2611 audeat,
2228 2539 2468 2603 decreto
2503 2550 2739 2604 cautum
2777 2555 2890 2604 est.

2037 2626 2139 2689 Ἡ.
2176 2632 2407 2692 Patrum
2468 2633 2738 2696 nonnulli
2793 2633 2892 2694 die
2944 2631 3153 2695 divina;
3205 2645 3395 2692 cmnte
3424 2633 3594 2708 post-

1955 2734 2132 2796 quam
2193 2729 2548 2795 caanassent,
2609 2721 2987 2784 offerebant:
3022 2722 3208 2783 visum
3269 2727 3361 2780 est
3415 2715 3596 2796 igitur

1956 2807 2177 2886 synodo
2210 2808 2324 2870 hoc
2356 2830 2472 2872 non
2505 2812 2764 2892 amplius
2796 2812 2946 2874 ﬁeri.

2037 2896 2134 2958 25.
2166 2897 2504 2978 Presbyteri
2534 2901 2634 2980 qui
2659 2903 2715 2962 in
2740 2900 3139 2963 Barbarorum
3163 2897 3435 2961 ecclesiis
3460 2913 3585 2956 ver-

1955 2992 2185 3061 santur,
2221 2989 2327 3048 etsi
2364 3007 2610 3050 uxorum
2641 2990 3004 3052 commercio
3028 2990 3103 3051 ad
3134 2997 3371 3067 tempus
3399 2985 3592 3048 absti-

217 3077 340 3136 ἆλλ’
380 3080 472 3135 οὖν
521 3078 714 3151 μηκέτι
766 3078 978 3140 ταύταις
1035 3074 1153 3132 καθ’
1219 3074 1599 3141 οἱονδηποτοῦν
1658 3075 1868 3149 ὁμιλεί-

1985 3082 2156 3147 team,
2193 3083 2388 3138 tamen
2423 3097 2496 3138 ne
2527 3080 2780 3158 amplius
2829 3098 2962 3140 cum
3015 3078 3087 3141 iis
3118 3076 3384 3158 quolibet
3413 3074 3592 3137 modo

217 3190 395 3226 τωταν
429 3169 646 3246 τρόπον.

343 3255 414 3269 ρ.
492 3260 547 3269 _.
627 3259 641 3269 .
802 3257 812 3269 .
969 3255 982 3269 .
1163 3251 1176 3269 ς
1336 3254 1348 3269 ,
1530 3254 1553 3269 .,
1591 3253 1614 3269 κ
1749 3254 1772 3269 ,ρ

1989 3165 2445 3228 onsuetudinem
2482 3168 2757 3231 habeam.

293 3255 441 3333 σις’.
490 3260 550 3316 Et
577 3259 657 3332 μὴ
691 3257 828 3332 μετὰ
884 3255 1104 3333 γνώμης
1161 3251 1473 3328 ἰπισκόπου,
1530 3253 1672 3310 ἔνδον
1717 3254 1871 3312 οἴκου

2035 3251 2292 3314 26.Νἰεί
2351 3275 2484 3316 cum
2542 3275 2840 3320 consensu
2888 3257 3179 3338 episcopi,
3236 3258 3294 3318 in
3329 3254 3590 3318 oratorio

218 3349 288 3413 εἰς
325 3349 603 3425 εὖκτήριον
635 3350 693 3403 οὒ
723 3346 1032 3424 προσάγεις.

1985 3342 2109 3419 mod
2141 3353 2229 3404 est
2262 3347 2417 3406 intra
2443 3346 2684 3408 domum
2718 3366 2834 3408 non
2867 3349 3108 3410 offeres.

297 3436 407 3508 κζ’.
496 3437 607 3504 τὴν
691 3434 1165 3513 ὑδροπαραστατῶν
1247 3434 1476 3507 ἀναιρῶν
1564 3433 1768 3510 αἵρεσιν
1843 3437 1870 3489 6

2031 3433 2131 3492 27.
2160 3433 2519 3516 Eorunnqui
2551 3437 2734 3497 solam
2767 3457 2977 3517 aquam
3002 3437 3061 3497 in
3084 3434 3438 3496 sacriﬁcium
3472 3434 3584 3495 ad-

219 3528 600 3602 Χρυσόστομος
662 3526 817 3592 ἡνίκα
876 3525 1028 3601 φησὶ,
1105 3525 1191 3579 καὶ
1254 3521 1511 3579 πέπονθεν
1569 3525 1596 3577 6
1657 3525 1866 3600 Κύριος,

1985 3520 2259 3592 libabant,
2294 3524 2564 3586 haeresim
2602 3527 2814 3586 tollens
2839 3523 3586 3607 Chrysostomus,quando,

217 3618 310 3671 καὶ
368 3613 684 3691 ἐγήγερται,
745 3611 877 3682 οἴνῳ
940 3613 1211 3692 ἐχρήσατο
1250 3628 1263 3642 ⁶
1306 3621 1462 3670 τοῦτο
1519 3608 1768 3674 λαϐόντες
1821 3615 1869 3669 οἱ

1985 3610 2389 3690 nquit,passus
2411 3623 2498 3674 est
2516 3614 2804 3677 Dominus
2826 3625 2887 3678 et
2918 3612 3415 3678 resurrexit.vino
3449 3629 3594 3674 usus

218 3703 520 3778 Ἀρμένιοι,
579 3703 732 3758 οἶνον
792 3703 1116 3780 προσάγουσι
1171 3702 1355 3774 μόνον,
1411 3703 1506 3755 03/.
1558 3699 1752 3764 εἰδότες
1785 3704 1871 3758 καὶ

1990 3709 2060 3758 st.
2096 3699 2217 3760 Hoc
2251 3713 2492 3781 accepto
2530 3706 2800 3764 Armenii
2837 3706 3034 3766 vinum
3083 3704 3274 3764 solum
3307 3702 3586 3775 offerunt,

213 3794 376 3849 αὗτὸν
433 3795 525 3848 τὸν
591 3793 984 3867 Χρυτόστομον,
1019 3793 1104 3848 καὶ
1142 3790 1437 3868 Βασίλειον,
1473 3793 1560 3846 καὶ
1620 3791 1870 3848 Ἰάκωϐον

213 3883 354 3956 οἴνῳ
402 3879 724 3958 μεμιγμένω
765 3880 912 3936 ὕδατι
973 3879 1361 3959 κεχρημένους,
1431 3882 1510 3935 καὶ
1557 3883 1693 3954 ἡμῖν
1734 3881 1871 3938 οὕτω

212 3971 665 4047 παραδεδωκότας
724 3971 1036 4048 προσάγειν.
1091 3969 1156 4026 E’t’
1199 3993 1279 4032 τις
1325 3972 1412 4025 οὖν
1454 3970 1488 4036 ἢ
1533 3969 1667 4044 οἴνῳ
1699 3971 1864 4045 μόνῳ,

211 4062 252 4130 ἢ
287 4059 436 4118 ὕδατι
469 4063 642 4136 μόνῳ,
705 4059 824 4115 ἀλλ’
885 4061 1006 4138 οὔχ)
1041 4059 1388 4137 μεμιγμένοις
1422 4066 1628 4138 χρῷτο,
1685 4064 1864 4116 καθαι-

213 4151 433 4230 ρείσθω.
482 4228 491 4230 _
855 4155 867 4164 ”

301 4237 418 4307 κη’.
481 4228 539 4297 Ὀ
621 4238 955 4318 χειροτονίας
1023 4236 1257 4310 ἐπάξιος,
1319 4238 1404 4292 καὶ
1482 4236 1532 4302 ἐξ
1606 4242 1870 4316 ἱερατικοῦ

215 4328 391 4386 τελῶν
436 4329 642 4406 γένους,
675 4329 763 4385 καὶ
793 4327 845 4391 ἐξ
875 4326 1073 4402 ἐτέρου,
1111 4327 1534 4406 χειροτονείσθω.
1569 4330 1630 4385 '0
1682 4327 1735 4384 δὲ
1793 4331 1869 4402 μὴ

220 4417 577 4498 κεκαρμένος,
610 4419 696 4473 καὶ
754 4415 994 4492 εὖλογίας
1046 4415 1250 4494 τυχὼν,
1305 4412 1390 4470 ἐπ’
1422 4413 1669 4490 ἄμϐωνος
1701 4418 1868 4496 ἱεροὺς

222 4506 415 4585 λόγους
443 4506 540 4562 οὒκ
568 4505 957 4585 ἀναγνώσεται,

302 4579 410 4660 κθ’,
443 4579 806 4656 Τελευτῶντος
861 4593 1178 4672 ἐπισκόπου,
1241 4595 1268 4650 ὃ
1328 4593 1525 4662 κλῆρος
1569 4579 1936 4676 διαφυλάξειο

223 4686 290 4743 τὰ
357 4686 649 4763 πράγματα
681 4697 696 4712 ⁵
777 4687 821 4740 εἶ
877 4681 932 4739 δὲ
992 4684 1070 4757 μὴ
1153 4681 1532 4739 ὑπολέλειπται
1589 4688 1866 4760 κληρικὸς,

223 4778 252 4832 6
309 4773 712 4851 μητροπολίτης
770 4773 903 4829 αὗτὰ
989 4770 1289 4850 διαφυλάξει
1375 4770 1475 4834 ἕως
1534 4775 1632 4838 τῆς
1691 4773 1869 4851 ἑτέρου

223 4865 564 4944 χειροτονίας
574 4909 590 4924 .

303 4951 382 5012 λ’.
441 4950 502 5010 Ὀ
556 4949 644 5008 διὰ
700 4949 985 5028 Βαρϐάρων
1043 4949 1224 5030 ἔφοδον
1272 4950 1562 5016 ἐπίσκοπος
1609 4952 1686 5026 μὴ
1745 4952 1866 5009 ἐπι-

222 5043 352 5104 στὰς
409 5048 486 5114 τῷ
540 5041 730 5118 θρόνῳ,
792 5041 880 5096 καὶ
939 5037 1192 5117 καθέδραν
1249 5039 1348 5104 τὴν
1409 5040 1603 5094 οἰκείαν
1667 5039 1863 5119 ἐχέτω,

220 5131 316 5188 καὶ
348 5131 752 5211 χειροτονείτω,
783 5129 872 5185 καὶ
907 5129 1078 5185 πάντα
1122 5133 1218 5194 τῆς
1260 5127 1548 5194 ἱερωσύνης
1592 5127 1868 5205 ἐνεργείτω

217 5217 566 5296 βεϐαιότατα.

297 5307 412 5371 λα’,
471 5306 532 5366 Ὀ
592 5307 836 5383 μιμνάζων
879 5306 1096 5383 μονάσει
1141 5305 1412 5364 δεκαετίαν
1445 5326 1461 5344 ο
1510 5309 1553 5362 εἰ
1595 5309 1692 5386 γὰρ
1722 5309 1810 5363 καὶ
1841 5311 1868 5363 6

217 5403 360 5463 θεῖος
421 5399 699 5458 Βασίλειος
759 5398 858 5464 τὴν
916 5396 1347 5474 ἀποκειραμένην
1401 5399 1488 5451 τὸν
1548 5396 1866 5453 ἑπτακαιδέ-

1955 3796 2291 3852 nescientes
2341 3792 2532 3873 ipsum
2583 3795 2760 3855 etiam
2785 3794 3295 3876 Chrysostomum,
3330 3791 3584 3854 eLBasi-

1955 3878 2122 3950 lium,
2154 3898 2221 3941 ac
2278 3880 2565 3944 Jacobum
2623 3884 2756 3944 vino
2805 3903 2960 3963 aqua
3009 3883 3182 3944 misto
3215 3900 3353 3944 usus
3381 3881 3586 3962 fuisse,

1955 3970 2243 4048 nobisque
2273 3978 2338 4032 tit
2369 3972 2446 4032 ita
2479 3973 2833 4035 offerremus
2865 3973 3181 4034 tradidisse
3212 3973 3274 4035 Si
3305 3972 3439 4052 quis
3469 3971 3585 4049 igi-

1955 4065 2050 4117 tur
2075 4071 2174 4118 aut
2206 4063 2339 4121 vino
2368 4063 2517 4134 solo,
2549 4071 2649 4124 aut
2707 4083 2858 4146 aqua
2911 4062 3057 4138 sola,
3095 4079 3212 4124 non
3243 4079 3384 4124 vero
3418 4060 3591 4122 mista

1954 4155 2175 4218 utatur,
2209 4150 2560 4228 deponatur.

2033 4237 2132 4300 98.
2160 4241 2548 4301 Ordinatione
2581 4241 2885 4317 dignus,et
2907 4243 3007 4320 qui
3037 4242 3094 4303 in
3120 4259 3288 4303 sacro
3312 4247 3591 4302 censetur

1952 4342 2194 4403 genere,
2250 4338 2428 4408 atque
2460 4330 2600 4401 alio,
2637 4332 2951 4394 ordinetur
2982 4353 2994 4395 :
3031 4333 3132 4410 qui
3185 4349 3322 4393 vero
3352 4347 3469 4391 non
3504 4335 3593 4390 est

1956 4424 2182 4493 tonsus,
2214 4436 2282 4480 ac
2315 4419 2800 4482 benedictionem
2831 4430 3189 4486 consecutus
3223 4429 3336 4493 est,
3372 4419 3432 4480 in
3462 4435 3590 4479 am-

1952 4502 2111 4566 bone
2141 4524 2343 4568 sacros
2373 4527 2688 4571 sermones
2721 4530 2837 4572 non
2863 4512 3038 4589 leget.

2034 4593 2134 4656 ‘29.
2170 4593 2462 4677 EpiscOpo
2497 4599 2611 4660 vita
2647 4601 2994 4675 excedente,
3030 4601 3228 4662 clerus
3268 4605 3396 4662 acta
3432 4597 3593 4659 illius

1953 4683 2212 4744 servabit
2246 4705 2260 4745 :
2299 4689 2346 4746 si
2378 4698 2576 4749 autem
2607 4708 2723 4751 non
2755 4691 2998 4752 relictus
3032 4699 3123 4752 est
3162 4691 3438 4763 clericus,
3467 4705 3589 4748 me-

1953 4773 2348 4861 tropolitanus
2374 4776 2499 4857 ipsa
2530 4780 2828 4842 custodiet
2857 4798 3044 4861 usque
3068 4781 3138 4842 ad
3173 4781 3322 4844 alius
3351 4777 3593 4840 ordina-

1953 4860 2198 4925 tionem.

2031 4951 2132 5014 30.
2165 4950 2494 5034 EpiscOpus
2543 4957 2641 5038 qui
2681 4966 2924 5038 propter
2963 4957 3360 5020 Barbarorum
3385 4956 3588 5018 incur-

1951 5040 2181 5102 sionem
2244 5043 2460 5105 throno
2523 5066 2637 5108 non
2701 5047 3004 5127 praesidet,
3044 5047 3344 5128 propriam
3382 5046 3588 5107 sedem

1953 5128 2238 5204 obtineat,
2274 5134 2650 5212 oruinetque,
2682 5145 2857 5217 atque
2886 5137 3090 5198 omnia
3118 5134 3434 5197 sacerdotii
3468 5153 3591 5196 mu-

1953 5236 2094 5278 nera
2116 5220 2481 5284 validissime
2508 5225 2804 5301 fungatur.

2033 5307 2130 5367 3t.
2164 5312 2485 5372 Monachus
2515 5314 2812 5375 decennio
2838 5314 3160 5377 solitariam
3185 5314 3364 5375 vitam
3391 5314 3583 5392 deget.

1953 5397 2118 5458 Licet
2148 5399 2306 5459 enim
2341 5400 2512 5462 divus
2569 5404 2822 5464 Basilius
2882 5423 3010 5466 eam
3063 5422 3193 5484 qua;
3222 5404 3471 5466 detonsa
3501 5415 3594 5468 est

218 5509 377 5545 κατον
430 5488 632 5566 χρόνον
690 5486 862 5542 ὸνύειν
922 5486 1193 5564 ἀπέφηνεν
1227 5501 1239 5513 ⁸
1277 5484 1397 5540 ἀλλ’
1426 5487 1512 5541 ἒπὶ
1545 5489 1635 5542 τοῦ
1694 5487 1864 5544 Ἀπο-

1985 5489 2375 5565 eptemdecim
2401 5510 2587 5553 annos
2611 5493 2848 5572 exigere
2871 5493 3192 5556 censuerit:
3220 5512 3421 5555 verum
3447 5514 3592 5572 quo-

218 5576 405 5636 στόλου
456 5574 721 5645 ἑξήκοντα
751 5575 846 5641 ἔτη
879 5578 1034 5632 οὖσαν
1065 5575 1167 5640 τὴν
1223 5573 1279 5629 ἐν
1337 5573 1631 5647 Ἐκκλησία
1687 5577 1862 5655 χήραν

1993 5577 2103 5637 iam
2124 5579 2803 5660 praecipienteApostolo
2816 5603 2838 5642 ι
2852 5583 3050 5645 iduam
3067 5584 3125 5645 in
3142 5584 3411 5645 Ecclesia
3425 5603 3590 5646 sexa-

216 5671 529 5751 ὶγγυῶντος,
580 5667 629 5720 οἱ
692 5665 921 5752 Πατέρες
969 5666 1070 5740 τὴν
1121 5662 1455 5722 διακόνισσαν
1501 5664 1695 5747 ἔφασαν
1739 5687 1858 5721 τεσ·

1987 5666 2110 5729 inta
2132 5685 2323 5729 annos
2347 5677 2537 5730 natam
2556 5671 2889 5754 eligendam
2907 5673 3274 5749 esse,Patres
3294 5674 3591 5738 diacouis-
