4004 6138
356 302 485 378 ως

1529 311 1836 380 SYMEON
1845 315 1913 380 IS
1959 312 2578 384 METAPHRABTE.

3617 314 3745 385 288

375 470 500 515 sam
531 450 1069 535 quadragenariam
1103 452 1232 516 ﬁeri
1267 452 1579 532 dixerunt,
1610 452 1895 515 validiore
1926 451 2012 515 fa-

2141 455 2394 534 ιράκοντα
2447 452 2543 521 ἔτι,
2586 453 2840 536 γίνεσθαι,
2902 452 3277 531 κραταιοτέρας
3334 459 3433 522 τῆς
3486 454 3739 522 Ἐκκλη-

375 550 468 604 cla
497 540 789 621 Ecclesia,
823 563 931 605 nos
961 562 1199 626 quoque
1223 543 1398 605 citius
1428 542 1689 623 sigillum
1724 543 2014 606 monacho

366 632 766 712 imponimus.

366 778 377 783 -
462 717 561 785 32.
599 722 709 795 Qui
740 721 1142 785 includendus
1173 730 1281 792 est,
1319 722 1644 785 triennium
1674 719 1736 784 in
1775 740 2014 785 monas-

379 812 530 874 terio
563 811 727 893 prius
758 812 971 891 degat;
1024 830 1092 873 ac
1146 814 1487 894 priusquam
1545 812 1887 875 includatur
1917 811 2018 874 ubi

375 900 556 961 alium
590 919 808 962 annum
837 901 1100 980 exegerit
1121 900 1207 960 sic
1229 900 1829 980 ingrediaturmeque
1852 917 2016 978 egre-

377 989 599 1065 diatur,
637 990 749 1051 nisi
775 1009 933 1051 mors
955 998 1056 1051 aut
1086 990 1422 1051 communis
1446 990 1670 1052 utilitas
1703 998 1892 1068 cogat.

460 1079 558 1143 33.
593 1077 907 1143 Solitarius
940 1079 1096 1159 pulla
1128 1087 1290 1140 veste
1323 1079 1592 1150 indutus,
1637 1089 1812 1158 atque
1843 1079 2014 1139 inde-

375 1175 600 1239 tonsus,
642 1168 755 1230 nisi
786 1171 1103 1231 tondeatur
1133 1169 1618 1245 monasteriaque
1650 1168 2012 1242 includatur,

368 1257 523 1323 urbe
554 1258 910 1340 expellatur.

454 1350 555 1408 34.
592 1347 856 1421 Quilibet
883 1348 1018 1410 vitae
1047 1348 1373 1430 procellam
1419 1347 1678 1425 fugiens,
1726 1356 1904 1427 atque
1956 1346 2016 1408 in

376 1438 806 1501 monasterium
842 1436 1067 1517 ingredi
1129 1438 1396 1519 cupiens,
1431 1437 1559 1517 ejus
1593 1436 1679 1498 rei
1713 1435 2016 1497 licentiam

373 1526 611 1590 habeat.

460 1617 560 1680 35.
596 1617 924 1681 Monachus
976 1616 1355 1679 matrimonio
1398 1616 1643 1696 junctus
1701 1621 1800 1678 aut
1830 1615 2019 1676 forni-

375 1723 542 1782 cans,
575 1706 956 1769 fornicatoris
989 1723 1223 1787 poenam
1255 1709 1487 1769 subeat.

2098 547 2210 612 σίας
2242 543 2633 623 γεγενημένης,
2693 544 2778 599 καὶ
2831 545 2990 619 ἡμεῖς
3043 541 3281 622 ὀξύτερον
3321 544 3420 611 τὴν
3472 543 3747 626 σφραγῖδα

2096 638 2174 709 τῷ
2216 635 2495 709 μονάζοντι
2530 634 2923 707 σημαινόμεθα.

2178 723 2288 802 λβ’.
2334 723 2396 782 Ὀ
2455 721 2965 800 ἐγκλεισθησόμενος
3042 725 3270 802 τριετίαν
3329 722 3628 801 προδιάγων
3689 724 3746 781 ἐν

2100 820 2176 888 τῴ
2232 812 2593 890 μοναστηρίιρ,
2653 813 2740 869 καὶ
2820 813 2919 891 πρὸ
2999 816 3096 879 τῆς
3154 812 3496 890 ἐγκλείστρας
3559 814 3746 892 ἓτερον

2101 903 2333 960 ἐνιαυτὸν
2393 903 2614 983 μετιὼν,
2659 900 2825 962 οὕτως
2876 902 3074 974 εἰσίτω,
3136 904 3334 977 καὶμὴ
3380 902 3552 977 ἐξίτω,
3587 905 3633 959 εἰ
3662 903 3746 978 μὴ

2100 993 2332 1070 βιάζοιτο
2361 993 2604 1065 θάνατος,
2638 990 2672 1058 ἢ
2704 992 2834 1068 πρὸς
2867 992 2927 1047 τὸ
2957 992 3135 1048 κοινὸν
3168 993 3491 1065 Λυσιτέλεια.

2182 1079 2292 1159 λγ’,
2341 1080 2709 1152 Μελανείμων,
2742 1081 2828 1136 καὶ
2859 1081 3227 1156 ἀκερσεγόμης
3263 1084 3546 1161 ἱρημίτης,
3581 1084 3625 1138 εἰ
3658 1082 3741 1156 μὴ

2099 1172 2405 1248 κειρόμενος
2462 1168 2875 1248 ἐγκαταλέγοιτο
2937 1171 3298 1247 μοναστηρίῳ,
3369 1171 3466 1238 τῆς
3527 1170 3744 1235 πόλεως

2101 1259 2492 1318 ἂπελαυνέσθω.

2180 1348 2283 1411 λδ’.
2318 1347 2533 1406 ’Ἄδειαν
2584 1347 2749 1419 ἅπας,
2808 1348 2890 1405 ὅτι
2944 1347 3048 1425 Γσ.
3089 1350 3117 1404 ὁ
3146 1349 3265 1425 τὴν]
3313 1349 3478 1419 ζάλην
3508 1357 3598 1406 τοῦ
3627 1351 3750 1426 βίου

2100 1440 2330 1520 φεύγων,
2389 1438 2478 1494 καὶ
2537 1437 2608 1502 εἰς
2670 1438 3027 1513 μοναστήριον
3102 1437 3317 1495 εἰσιέναι
3390 1438 3746 1515 βουλόμενος,

2101 1527 2473 1606 ἀπενέγκοιτο.

2181 1616 2285 1676 λε’.
2320 1615 2379 1675 Ὀ
2424 1617 2666 1697 μοναχδς
2698 1616 3071 1695 ζευγνύμενος,
3108 1614 3145 1684 ἢ
3170 1616 3459 1694 πορνεύωθ,
3505 1613 3757 1697 δεχέσθω

2103 1709 2163 1764 τὸ
2193 1715 2285 1766 τοῦ
2308 1709 2652 1788 πορνεύοντος
2685 1708 2974 1782 ἐπιτίμιον,

459 1795 849 1859 36.Parentes
884 1796 1230 1875 ﬁliam,quze
1250 1794 1572 1856 solitariam
1599 1794 1775 1855 vitam
1801 1793 2017 1872 degere

2185 1797 2322 1873 λς’.
2359 1799 2469 1856 Οὐκ
2494 1797 2849 1879 ἀμφιάσουσιν
2893 1799 2941 1853 οἱ
2983 1810 3165 1875 γονεῖς
3226 1803 3423 1875 συρικῷ
3467 1798 3565 1864 τὴν
3608 1818 3756 1875 προ-

376 1887 724 1961 instituerit,
760 1884 973 1948 sericis
1028 1884 1294 1945 vestibus
1351 1904 1468 1945 non
1502 1879 1775 1954 induerit.
1814 1884 2023 1964 sicque

376 1976 647 2039 habitum
701 1976 756 2038 ei
809 1975 1318 2055 circumponent:
1380 1974 1494 2036 hoc
1547 1975 1702 2035 enim
1770 1971 2024 2036 labentis

371 2065 587 2131 mundi
616 2065 944 2127 admonitio
978 2074 1093 2128 est.

460 2157 559 2219 37.
589 2155 860 2219 Monialis
892 2174 1009 2218 non
1045 2155 1389 2235 egredietur
1437 2172 1469 2216 e
1524 2158 1882 2215 monasterio
1913 2152 2027 2213 nisi

380 2263 517 2307 cum
552 2245 977 2306 benedictione
1002 2245 1330 2326 praeposita:
1356 2265 1369 2303 :
1396 2263 1464 2306 ac
1487 2261 1681 2324 neque
1713 2261 1852 2303 vero
1875 2242 2024 2319 sola,

379 2334 487 2397 sed
517 2352 650 2395 cum
682 2334 868 2396 altera
902 2334 1142 2397 seniore
1177 2357 1189 2392 :
1244 2333 1387 2396 foris
1419 2340 1615 2396 autem
1652 2350 2025 2413 nequaquam

358 2422 695 2500 ‘pernoctet
726 2439 739 2482 :
778 2423 1056 2484 similiter
1085 2431 1143 2484 et
1175 2422 1525 2502 monachus,
1563 2422 1675 2483 nisi
1709 2440 1845 2482 cum
1872 2439 2027 2502 prae-

375 2510 518 2575 fecti
551 2514 746 2586 venia,
782 2513 1147 2573 monasterio
1181 2530 1298 2572 non
1329 2511 1699 2586 egrediatur.

461 2600 558 2668 38.
594 2600 798 2682 Neque
834 2601 1151 2663 mulierem
1202 2601 1261 2662 in
1317 2603 1576 2663 virorum
1637 2601 2022 2675 monasterio,

381 2709 574 2771 neque
607 2691 796 2754 virum
830 2691 890 2751 in
924 2690 1203 2751 muliebri
1238 2691 1502 2752 dormire
1543 2699 1799 2771 oportet.

374 2793 383 2803 '
459 2781 561 2843 39.
591 2781 735 2854 Quae
790 2798 825 2841 a
882 2779 1081 2840 futuro
1117 2781 1398 2859 episcopo
1429 2790 1700 2859 separata
1734 2790 1847 2859 est,
1898 2787 2028 2859 post

381 2870 822 2934 ordinationem
852 2868 1226 2946 ingrediatur
1256 2869 1921 2950 monasterium,procul
1953 2866 2025 2929 ab

382 2959 649 3042 episcopi
681 2959 884 3037 domo,
931 2977 999 3020 ac
1034 2959 1298 3039 episcopi
1327 2977 1471 3020 cura
1502 2958 1755 3021 fruatur.

462 3227 560 3293 40.
599 3226 985 3308 Quaecunque
1019 3246 1087 3290 ex
1113 3245 1409 3289 consensu
1444 3227 1707 3308 episcopi
1734 3235 2028 3290 exstructa

380 3325 518 3381 sunt
542 3317 1057 3388 monasteria,non
1084 3316 1339 3397 amplius
1370 3317 1679 3379 saecularia
1701 3317 2031 3379 diversoria

380 3407 553 3488 ﬁunt,
591 3426 784 3488 neque
818 3407 1205 3470 saecularibus
1237 3407 1584 3470 hominibus
1612 3407 1944 3471 elocantur.

460 3500 559 3561 4t.
595 3496 800 3578 Neque
837 3497 1057 3560 laicum
1112 3496 1240 3559 alea
1271 3497 1482 3561 ludere
1513 3504 1749 3578 oportet
1786 3517 1799 3558 :
1834 3514 2029 3578 neque

382 3587 735 3651 histrionem
770 3606 927 3651 esse.

460 3677 776 3758 42.Neque
800 3677 1156 3756 spectaculis
1179 3685 1236 3739 et
1257 3675 1673 3739 venationibus
1690 3677 2026 3757 indulgere.

461 3770 564 3830 43.
598 3766 714 3828 Per
749 3773 928 3827 totam
955 3766 1497 3846 quadragesimam,
1534 3767 1799 3847 exceptis
1830 3768 2031 3830 Domi-

385 3856 538 3918 uicis
562 3864 620 3917 et
653 3854 939 3935 Sabbato,
970 3864 1174 3916 sancta
1205 3856 1563 3917 offeruntur.

467 3946 565 4008 44.
601 3944 923 4026 Susceptos
952 3962 986 4005 a
1017 3944 1372 4023 baptismate
1407 3945 1799 4005 ﬁlioseorum
1830 3944 2031 4008 matri-

388 4032 499 4096 bus
528 4033 796 4115 copulari
851 4051 967 4093 non
1035 4033 1220 4093 sines.
1271 4034 1331 4095 Si
1386 4033 1520 4113 quis
1549 4051 1686 4093 vero
1720 4033 2031 4112 copulatus

383 4124 585 4198 fuerit,
625 4132 757 4205 post
814 4122 1277 4202 separationem,
1343 4140 1577 4203 poenam
1610 4140 1848 4204 quoque
1879 4123 2032 4185 sub-

389 4223 508 4276 eat.

462 4303 565 4367 45.
600 4305 732 4366 Non
787 4307 1095 4383 permittes
1155 4301 1414 4382 patrueli
1448 4300 1830 4362 matrimonio
1854 4302 2030 4381 jungi

389 4392 744 4472 patruelem,
782 4410 976 4474 neque
1004 4393 1142 4453 ﬁliae
1176 4402 1233 4453 et
1262 4392 1429 4452 matri
1467 4392 1651 4452 ﬁlium
1681 4404 1739 4451 et
1772 4399 2027 4473 patrem,

390 4500 586 4561 neque
609 4481 841 4542 duobus
866 4483 996 4541 [ratu
1018 4481 1149 4541 ibus
1187 4490 1431 4541 matrem
1456 4492 1511 4542 et
1532 4500 2030 4561 Sororem,neque

2107 1887 2368 1963 ελομένην
2400 1886 2651 1967 μονέσαι,
2711 1890 2794 1944 καὶ
2845 1885 2983 1944 οὕτω
3011 1888 3071 1944 τὸ
3102 1892 3296 1967 σχῆμα
3326 1887 3703 1967 περιθήσουσιν
3737 1906 3753 1921 ο

2107 1978 2406 2053 ἀνάμνησις
2449 1978 2549 2056 γὰρ
2578 1983 2732 2035 τοῦτο
2764 1984 2857 2034 τοῦ
2885 1976 3097 2054 ῥέοντος
3127 1978 3355 2053 κόσμου,

2197 2156 2293 2229 λζ’.
2328 2156 2438 2217 Οὔκ
2495 2154 2650 2222 ἔξεισι
2713 2156 2989 2231 μονάσασα
3039 2160 3140 2225 τῆς
3197 2161 3385 2231 μονῆς,
3420 2157 3464 2212 εἰ
3514 2156 3590 2232 μὴ
3630 2157 3758 2230 μετ’

2110 2246 2349 2325 εὐλογίας
2406 2250 2504 2313 τῆς
2580 2244 2927 2323 προεστώσης
2963 2263 2978 2278 ·
3035 2246 3124 2303 καὶ
3180 2244 3317 2322 μηδὲ
3385 2246 3552 2325 μόνη,
3613 2244 3761 2304 ἀλλὰ

2110 2334 2224 2412 μεθ’
2272 2336 2451 2414 ἐτέρας
2490 2333 2826 2412 πρεσϐύτιδος
2860 2349 2874 2364 ⁸
2910 2332 3189 2400 ἐξώκοιτος
3222 2334 3277 2392 δὲ
3329 2336 3390 2391 τὸ
3446 2333 3639 2391 ἐπίπαν
3695 2339 3760 2394 οὐ

2110 2427 2333 2504 γίνεται.
2385 2424 2528 2484 Κατὰ
2571 2424 2730 2480 ταυτὸ
2760 2425 2848 2480 καὶ
2887 2424 3130 2498 μονάζων
3179 2426 3224 2481 εἰ
3254 2424 3330 2500 μὴ
3376 2422 3494 2499 μετ’
3528 2423 3756 2503 ἐπιτρο-

2044 2579 2047 2582 _
2109 2515 2218 2582 πῆς
2247 2513 2548 2590 ἡγουμένου
2576 2518 2674 2578 τῆς
2697 2518 2867 2586 μονῆς
2898 2510 2978 2587 μὴ
3021 2511 3195 2578 ἐξίτω.

2188 2602 2279 2669 λη’
2306 2601 2436 2660 Οὔτε
2478 2614 2706 2679 γυναῖκα
2736 2601 2915 2680 χρεὼν
2956 2600 3157 2681 ἀνδρῶν
3188 2600 3507 2671 καθευδῆσαι
3538 2623 3752 2677 μονασ-

2108 2693 2294 2771 τηρίῳ,
2329 2692 2447 2749 οὔτε
2478 2696 2740 2768 γυναικῶν
2773 2687 2953 2769 ἄνδρα.

2193 2781 2293 2840 λθ’.
2343 2781 2411 2839 Ἤ
2465 2778 2841 2859 διαζευχθεϊσα
2897 2786 2989 2837 τοῦ
3056 2779 3350 2841 ἐπισκόπου
3409 2780 3755 2860 [ἐπισκοπὴν]

2108 2871 2349 2939 δέξασθαι
2405 2867 2716 2944 μέλλοντος,
2779 2870 2916 2943 μετὰ
2987 2869 3087 2936 τὴν
3169 2871 3524 2950 χειροτονίαν,
3574 2871 3758 2928 εἰσίτω

2108 2963 2239 3040 πρὸς
2299 2960 2681 3036 μοναστήριον,
2726 2966 2819 3015 τοῦ
2891 2958 3187 3017 ἐπισκόπου
3241 2959 3361 3036 Ιτῆς
3430 2958 3756 3038 ἐπισκοπῆς]

2109 3050 2456 3130 πορρωτάτω,
2504 3049 2594 3105 γαί
2652 3047 2965 3106 ἆιιολαυέτω
3011 3048 3107 3117 τῆς
3180 3049 3430 3128 προνοίας
3488 3055 3579 3106 τοῦ
3623 3049 3752 3105 ἑπι-

2110 3161 2312 3197 σκοπου
2321 3187 2335 3202 ,

2192 3230 2274 3304 μ’.
2341 3238 2451 3287 Οσα
2506 3227 2641 3286 κατὰ
2700 3228 2920 3306 γνώμην
2963 3227 3256 3286 ἐπισκόπου
3300 3228 3511 3306 πέπηγε
3582 3250 3758 3304 μονα-

2111 3321 2325 3399 στήρια,
2414 3317 2586 3376 οὐκέτι
2660 3319 2891 3393 κοσμιιιὰ
2967 3318 3281 3397 καταγώγια
3351 3318 3576 3397 γίνεται,
3635 3315 3759 3375 οὒδὶ

2110 3421 2396 3485 κοσμικοτς
2425 3406 2669 3486 ἀνδράσιν
2700 3406 2985 3466 ἐνδίδοται.

2192 3496 2312 3572 μα’.
2349 3495 2477 3558 Οὐδὲ
2520 3499 2610 3554 τὸν
2667 3494 2861 3553 λα’ίκὸν
2916 3494 3172 3571 κυϐεύειν,
3219 3494 3336 3553 δέον

2108 3589 2251 3648 εἶναι
2261 3637 2274 3652 ,

2190 3675 2306 3755 μβ’.
2338 3676 2467 3738 Οὐδὲ
2509 3678 2764 3758 Θεάτρων,
2810 3678 2897 3734 καὶ
2928 3676 3198 3756 κυνηγίων
3226 3677 3531 3759 ἀνέχεσθαι.

2192 3766 2309 3846 μγ’,
2346 3767 2426 3824 Δι’
2459 3766 2590 3834 ὅλης
2618 3772 2716 3833 τῆς
2771 3772 3236 3848 Τεσσαρακοστῆς,
3296 3764 3423 3848 δίχα
3485 3770 3756 3844 Κυριακῆς

2112 3861 2199 3917 καὶ
2227 3855 2520 3928 Σαϐϐάτου,
2554 3858 2619 3912 τὰ
2650 3855 2964 3933 ἀγιαπθέντα
2994 3857 3343 3934 προσάγεται.

2193 3945 2304 4007 ηδ’.
2352 3947 2480 4011 Τοὺς
2511 3943 2934 4025 ἀναδεχομένους
2980 3943 3176 4011 παῖδας
3221 3946 3328 4004 ἀπὸ
3357 3948 3754 4023 βαπτίσματος,

2113 4039 2174 4095 οὖ
2230 4039 2550 4113 συναφθῆναι
2581 4047 2704 4099 ταῖς
2737 4034 2843 4092 τῶν
2874 4033 3076 4092 παίδων
3126 4034 3301 4100 ἐάσεις
3345 4036 3605 4114 μητράσιν
3647 4057 3660 4072 ’
3713 4042 3760 4095 εἱ

2113 4126 2168 4183 δέ
2196 4149 2276 4192 τις
2318 4126 2407 4182 καὶ
2437 4124 2743 4205 συναφθείη,
2793 4125 2929 4199 μετὰ
2975 4127 3030 4181 τὸ
3086 4125 3514 4205 ἀποσυναφθῆναι
3546 4127 3636 4183 καὶ
3692 4129 3759 4185 τὸ

2112 4217 2379 4291 ἐπιτίμιον
2408 4214 2580 4294 γνοίη.

2194 4304 2304 4381 με’,
2363 4307 2438 4364 Οὒ
2518 4304 2889 4383 συγχωρήσεις
2968 4304 3225 4386 ἐξαδὲλφῃ
3296 4304 3580 4381 συζυγῆναι
3663 4305 3758 4372 ἐξ-

2113 4395 2358 4478 άδελφον,
2406 4393 2522 4451 οὔδε
2591 4394 2805 4471 θυγατρὶ
2855 4398 2943 4451 καὶ
3000 4396 3161 4473 μητρὶ
3215 4397 3325 4451 υἱὸν
3383 4399 3473 4452 καὶ
3521 4395 3754 4475 πατέρα,

2114 4485 2229 4546 οὒδὲ
2272 4483 2410 4541 δυσὶν
2442 4481 2692 4563 ἀδελφοῖς
2721 4482 2925 4558 μητέρα
2972 4485 3065 4541 καὶ
3108 4483 3366 4562 θυγατέρα
3403 4502 3415 4516 '
3464 4482 3577 4543 ουδὲ
3611 4483 3753 4543 δυσὶν

3343 3545 3359 3578 ,
3420 3494 3537 3556 οὐδὲ
3579 3507 3760 3573 μῖμον

391 4556 622 4633 duabus
653 4570 960 4631 sororibus
992 4570 1295 4632 fratres.Si
1328 4570 1466 4648 quid
1504 4589 1639 4630 vero
1670 4571 1781 4630 tale
1808 4556 2017 4631 factum

2141 4575 2368 4654 ιδελφατς
2416 4556 2670 4652 ἀδελφούς
2708 4556 2732 4599 ’ἡ
2767 4574 2812 4630 εἰ
2864 4556 2918 4630 δέ
2974 4597 3023 4632 τι
3084 4556 3322 4631 τοιοῦτον
3380 4573 3472 4631 .ιαῖ
3543 4574 3753 4651 γένοιτο

388 4660 590 4737 fuerit,
626 4668 753 4739 post
785 4659 1262 4733 dissolutionem,
1321 4667 1630 4738 septennio
1667 4659 2033 4738 pcenitentia

392 4749 819 4830 subjiciuntur.

472 4842 573 4902 46.
611 4837 857 4902 Romani
917 4836 1399 4915 Quadragesimm
1430 4838 1704 4900 Sabbutis
1729 4839 2023 4917 jejunant.

390 4931 690 4995 Admonet
722 4929 903 5008 igitur
956 4931 1217 5009 synodus
1268 4929 1323 4988 in
1380 4929 1472 4990 his
1526 4930 1702 4989 etiam
1737 4948 2025 4991 canonem

392 5021 616 5085 valere.

469 5110 571 5173 47.
607 5108 874 5170 Armenii
894 5127 999 5169 ova
1023 5114 1080 5170 et
1102 5126 1341 5170 caseum
1370 5108 1851 5188 Quadragesimae
1875 5108 2028 5171 Sab-

391 5199 546 5260 batis
576 5199 934 5259 manducent
966 5197 1257 5261 Statutum
1293 5209 1381 5259 est
1413 5200 1795 5278 igiturtolum
1820 5198 2027 5260 orbem

392 5286 465 5347 ab
496 5288 585 5347 his
642 5286 820 5348 etiam
882 5286 1231 5351 abstinere:
1292 5286 1397 5349 Sin
1456 5305 1615 5359 vero,
1652 5289 1891 5367 penitus
1922 5306 2028 5350 ex-

392 5392 848 5438 communicari.

472 5462 573 5523 48.
606 5461 812 5522 Laicus
842 5463 957 5524 sibi
981 5464 1093 5542 ipsi
1125 5464 1607 5526 communionem
1643 5482 1762 5526 non
1801 5464 2029 5545 imper-

398 5547 469 5619 tit
501 5569 514 5613 :
548 5548 640 5611 sin
668 5566 829 5626 vero,
872 5561 1099 5633 septem
1132 5553 1343 5616 diebus
1376 5553 1955 5619 excommunicatur.

2113 4670 2248 4742 μετὰ.
2278 4670 2375 4732 τῆς
2408 4662 2721 4735 διαλύσεως,
2754 4662 3032 4720 ἑπταετίαν
3062 4663 3533 4722 ὕποπιπτὲτωσαν.

2192 4843 2331 4919 ρξ’.
2384 4844 2444 4902 Ol
2499 4841 2761 4913 Ῥωμαῖοι
2820 4841 2885 4896 τὰ
2916 4845 3013 4908 τῆς
3046 4845 3488 4919 Τεσσαρακοστῆς
3522 4842 3753 4908 νηστεύ-

2112 4956 2225 4990 ουσι
2271 4930 2540 4989 Σάϐϐατα.
2601 4931 3030 5004 Τπομιμνήσκει
3079 4932 3249 4988 τοίνυν
3300 4933 3334 5000 ἡ
3392 4929 3604 4996 σύνοδος
3651 4935 3753 4988 καὶ

2112 5024 2197 5080 ἐπὶ
2225 5021 2423 5079 τούτων
2455 5023 2543 5077 τὸν
2573 5019 2927 5077 ἀποστολικὸν
2955 5022 3153 5077 κανόνα
3177 5034 3419 5098 κρατεῖν,

2193 5111 2306 5186 μζ’.
2342 5115 2400 5170 Οἱ
2428 5110 2698 5189 Ἀρμένιοι
2730 5111 2810 5166 ibi:
2838 5111 2924 5166 καὶ
2955 5111 3110 5187 τυρὸν
3168 5123 3287 5175 τοῖς
3344 5110 3441 5177 τῆς
3474 5120 3756 5187 Τεσσαρα-

2115 5207 2308 5269 κοπῆς
2365 5201 2587 5260 ἐπθίοῠσι
2644 5197 2927 5255 Σάϐϐασινο
2975 5199 3196 5276 ὥρισται
3243 5201 3414 5258 τοίνυν
3447 5220 3620 5258 πασαν
3652 5199 3756 5267 τὴν

2113 5291 2426 5367 οἰκουμένην
2468 5294 2555 5347 καὶ
2604 5289 2804 5347 τούτων
2837 5288 3158 5369 ἀπέχεσθαι.
3197 5290 3253 5348 Εἰ
3309 5288 3364 5346 δὲ
3396 5289 3499 5366 μὴ,
3535 5292 3753 5351 πάντως

2110 5381 2439 5460 ἀφορίζεσθαι
2451 5429 2463 5442 .

2188 5471 2310 5545 μη’.
2360 5472 2559 5531 Λαϊκὸς
2619 5472 2679 5527 οὒ
2726 5466 3073 5544 μεταδίδωσιν
3149 5470 3320 5545 ἐαυτῷ
3354 5489 3371 5506 ο
3432 5471 3477 5527 εἰ
3531 5467 3587 5527 δὲ
3643 5468 3750 5550 μή,

2109 5558 2446 5643 ἐπταήμερον
2477 5562 2797 5643 ἀφορίζεται.
