  <div class='ocr_page' id='page_1' title='image "/cluster/home/n/w/nwhite01/storage/ocr_20150623/114/mdp.39015028574344/154.png"; bbox 0 0 4004 6138; ppageno 0'>
   <div class='ocr_carea' id='block_1_1' title="bbox 378 428 3428 748">
    <p class='ocr_par' dir='ltr' id='par_1_1' title="bbox 378 428 3428 748">
     <span class='ocr_line' id='line_1_1' title="bbox 378 428 3428 748; baseline 0.005 -12"><span class='ocrx_word' id='word_1_1' title='bbox 378 565 1344 740; x_wconf 87' lang='lat' dir='ltr'>SYMEON</span> <span class='ocrx_word' id='word_1_2' title='bbox 1362 567 1561 741; x_wconf 88' lang='lat' dir='ltr'><strong>IS</strong></span> <span class='ocrx_word' id='word_1_3' title='bbox 1678 428 3428 748; x_wconf 41' lang='lat' dir='ltr'><strong>METAPHRHE’E‘E</strong></span> 
     </span>
    </p>
   </div>
   <div class='ocr_carea' id='block_1_2' title="bbox 1121 883 2730 997">
    <p class='ocr_par' dir='ltr' id='par_1_2' title="bbox 1121 883 2730 997">
     <span class='ocr_line' id='line_1_2' title="bbox 1121 883 2730 997; baseline 0.004 -7"><span class='ocrx_word' id='word_1_4' title='bbox 1121 883 1692 995; x_wconf 78' lang='lat' dir='ltr'><strong>OPERUM</strong></span> <span class='ocrx_word' id='word_1_5' title='bbox 1781 885 2130 992; x_wconf 77' lang='lat' dir='ltr'><strong>PARS</strong></span> <span class='ocrx_word' id='word_1_6' title='bbox 2217 885 2730 997; x_wconf 76' lang='lat' dir='ltr'><strong>TERTIA</strong></span> 
     </span>
    </p>
   </div>
   <div class='ocr_carea' id='block_1_3' title="bbox 1723 1147 2145 1196">
    <p class='ocr_par' dir='ltr' id='par_1_3' title="bbox 1723 1147 2145 1196">
     <span class='ocr_line' id='line_1_3' title="bbox 1723 1147 2145 1196; baseline 0.005 -2"><span class='ocrx_word' id='word_1_7' title='bbox 1723 1147 2145 1196; x_wconf 76' lang='lat' dir='ltr'><strong>COMPLECTENS</strong></span> 
     </span>
    </p>
   </div>
   <div class='ocr_carea' id='block_1_4' title="bbox 273 401 1594 436">
    <p class='ocr_par' dir='ltr' id='par_1_4' title="bbox 1211 401 1238 404">
     <span class='ocr_line' id='line_1_4' title="bbox 1211 401 1238 404; baseline 0 0"><span class='ocrx_word' id='word_1_8' title='bbox 1211 401 1218 404; x_wconf 93' lang='lat'><em>_</em></span> <span class='ocrx_word' id='word_1_9' title='bbox 1234 402 1238 404; x_wconf 82' lang='lat'><strong>.</strong></span> 
     </span>
    </p>
   </div>
   <div class='ocr_carea' id='block_1_5' title="bbox 2879 409 3619 445">
    <p class='ocr_par' dir='ltr' id='par_1_5' title="bbox 2879 409 3619 445">
     <span class='ocr_line' id='line_1_5' title="bbox 2879 409 3619 445; baseline 0.009 -7"><span class='ocrx_word' id='word_1_10' title='bbox 2879 409 3619 445; x_wconf 34' lang='grc' dir='ltr'><strong>ἣ</strong></span> 
     </span>
    </p>
   </div>
   <div class='ocr_carea' id='block_1_6' title="bbox 735 1307 3140 1382">
    <p class='ocr_par' dir='ltr' id='par_1_6' title="bbox 735 1307 3140 1382">
     <span class='ocr_line' id='line_1_6' title="bbox 735 1307 3140 1382; baseline 0.003 -8"><span class='ocrx_word' id='word_1_11' title='bbox 735 1308 968 1374; x_wconf 75' lang='lat' dir='ltr'><strong>VITAS</strong></span> <span class='ocrx_word' id='word_1_12' title='bbox 1050 1307 1503 1377; x_wconf 81' lang='lat' dir='ltr'><strong>SANCTORUM</strong></span> <span class='ocrx_word' id='word_1_13' title='bbox 1584 1311 1636 1374; x_wconf 83' lang='lat' dir='ltr'><strong>A</strong></span> <span class='ocrx_word' id='word_1_14' title='bbox 1719 1309 2068 1377; x_wconf 81' lang='lat' dir='ltr'><strong>SYMEONE</strong></span> <span class='ocrx_word' id='word_1_15' title='bbox 2154 1310 2704 1377; x_wconf 65' lang='lat' dir='ltr'><strong>IiiETAPHHASTE</strong></span> <span class='ocrx_word' id='word_1_16' title='bbox 2785 1313 3140 1382; x_wconf 80' lang='lat' dir='ltr'><strong>SCRIPTAS</strong></span> 
     </span>
    </p>
   </div>
   <div class='ocr_carea' id='block_1_7' title="bbox 1332 1682 2538 1776">
    <p class='ocr_par' dir='ltr' id='par_1_7' title="bbox 1332 1682 2538 1776">
     <span class='ocr_line' id='line_1_7' title="bbox 1332 1682 2538 1776; baseline 0.005 -8"><span class='ocrx_word' id='word_1_17' title='bbox 1332 1682 1846 1770; x_wconf 90' lang='lat' dir='ltr'><strong>MONITUM</strong></span> <span class='ocrx_word' id='word_1_18' title='bbox 1926 1685 2538 1776; x_wconf 77' lang='lat' dir='ltr'><strong>EDITORUM.</strong></span> 
     </span>
    </p>
   </div>
   <div class='ocr_carea' id='block_1_8' title="bbox 315 1899 3617 1990">
    <p class='ocr_par' dir='ltr' id='par_1_8' title="bbox 315 1899 3617 1990">
     <span class='ocr_line' id='line_1_8' title="bbox 315 1899 3617 1990; baseline 0.003 -29"><span class='ocrx_word' id='word_1_19' title='bbox 315 1899 763 1990; x_wconf 73' lang='lat' dir='ltr'><strong>Difﬁcillimum</strong></span> <span class='ocrx_word' id='word_1_20' title='bbox 826 1902 1008 1963; x_wconf 89' lang='lat' dir='ltr'><strong>estin</strong></span> <span class='ocrx_word' id='word_1_21' title='bbox 1065 1902 1377 1965; x_wconf 83' lang='lat' dir='ltr'><strong>codicibus</strong></span> <span class='ocrx_word' id='word_1_22' title='bbox 1409 1921 1553 1966; x_wconf 89' lang='lat' dir='ltr'><strong>mss.</strong></span> <span class='ocrx_word' id='word_1_23' title='bbox 1616 1905 1765 1966; x_wconf 97' lang='lat' dir='ltr'><strong>etin</strong></span> <span class='ocrx_word' id='word_1_24' title='bbox 1825 1902 2208 1977; x_wconf 87' lang='lat' dir='ltr'><strong>editionibus,</strong></span> <span class='ocrx_word' id='word_1_25' title='bbox 2245 1905 2460 1987; x_wconf 85' lang='lat' dir='ltr'><strong>quibus</strong></span> <span class='ocrx_word' id='word_1_26' title='bbox 2508 1903 2658 1967; x_wconf 69' lang='lat' dir='ltr'><strong>Vitae</strong></span> <span class='ocrx_word' id='word_1_27' title='bbox 2715 1910 3052 1970; x_wconf 80' lang='lat' dir='ltr'><strong>sanctorum</strong></span> <span class='ocrx_word' id='word_1_28' title='bbox 3088 1909 3400 1990; x_wconf 72' lang='lat' dir='ltr'><strong>descriptae</strong></span> <span class='ocrx_word' id='word_1_29' title='bbox 3457 1913 3617 1988; x_wconf 82' lang='lat' dir='ltr'><strong>sunt,</strong></span> 
     </span>
    </p>
   </div>
   <div class='ocr_carea' id='block_1_9' title="bbox 248 1986 3625 2075">
    <p class='ocr_par' dir='ltr' id='par_1_9' title="bbox 248 1986 3625 2075">
     <span class='ocr_line' id='line_1_9' title="bbox 248 1986 3625 2075; baseline 0.003 -25"><span class='ocrx_word' id='word_1_30' title='bbox 248 1986 404 2050; x_wconf 76' lang='lat' dir='ltr'><strong>Vitas</strong></span> <span class='ocrx_word' id='word_1_31' title='bbox 449 2007 485 2050; x_wconf 89' lang='lat' dir='ltr'><strong>a</strong></span> <span class='ocrx_word' id='word_1_32' title='bbox 516 1987 582 2053; x_wconf 90' lang='lat' dir='ltr'><strong>S.</strong></span> <span class='ocrx_word' id='word_1_33' title='bbox 621 1990 1022 2070; x_wconf 86' lang='lat' dir='ltr'><strong>Metaphraste</strong></span> <span class='ocrx_word' id='word_1_34' title='bbox 1054 1991 1304 2072; x_wconf 57' lang='lat' dir='ltr'><strong>scriptas</strong></span> <span class='ocrx_word' id='word_1_35' title='bbox 1331 1992 1678 2054; x_wconf 82' lang='lat' dir='ltr'><strong>discernere</strong></span> <span class='ocrx_word' id='word_1_36' title='bbox 1733 1991 1806 2054; x_wconf 90' lang='lat' dir='ltr'><strong>ab</strong></span> <span class='ocrx_word' id='word_1_37' title='bbox 1840 1991 1914 2053; x_wconf 91' lang='lat' dir='ltr'><strong>iis</strong></span> <span class='ocrx_word' id='word_1_38' title='bbox 1957 2012 2101 2073; x_wconf 88' lang='lat' dir='ltr'><strong>quas</strong></span> <span class='ocrx_word' id='word_1_39' title='bbox 2144 1986 2574 2074; x_wconf 84' lang='lat' dir='ltr'><strong>Metaphrastes</strong></span> <span class='ocrx_word' id='word_1_40' title='bbox 2606 1993 2692 2056; x_wconf 90' lang='lat' dir='ltr'><strong>vel</strong></span> <span class='ocrx_word' id='word_1_41' title='bbox 2737 1995 3133 2075; x_wconf 83' lang='lat' dir='ltr'><strong>interpolavit,</strong></span> <span class='ocrx_word' id='word_1_42' title='bbox 3167 1999 3254 2060; x_wconf 85' lang='lat' dir='ltr'><strong>vel</strong></span> <span class='ocrx_word' id='word_1_43' title='bbox 3289 1986 3625 2061; x_wconf 82' lang='lat' dir='ltr'><strong>immutatas</strong></span> 
     </span>
    </p>
   </div>
   <div class='ocr_carea' id='block_1_10' title="bbox 247 2078 3623 2166">
    <p class='ocr_par' dir='ltr' id='par_1_10' title="bbox 247 2078 3623 2166">
     <span class='ocr_line' id='line_1_10' title="bbox 247 2078 3623 2166; baseline 0.003 -27"><span class='ocrx_word' id='word_1_44' title='bbox 247 2078 570 2157; x_wconf 83' lang='lat' dir='ltr'><strong>adoptavit,</strong></span> <span class='ocrx_word' id='word_1_45' title='bbox 603 2078 696 2140; x_wconf 80' lang='lat' dir='ltr'><strong>vel</strong></span> <span class='ocrx_word' id='word_1_46' title='bbox 753 2097 900 2159; x_wconf 87' lang='lat' dir='ltr'><strong>quas</strong></span> <span class='ocrx_word' id='word_1_47' title='bbox 929 2081 1028 2142; x_wconf 89' lang='lat' dir='ltr'><strong>alii</strong></span> <span class='ocrx_word' id='word_1_48' title='bbox 1058 2090 1187 2160; x_wconf 84' lang='lat' dir='ltr'><strong>post</strong></span> <span class='ocrx_word' id='word_1_49' title='bbox 1215 2081 1673 2161; x_wconf 84' lang='lat' dir='ltr'><strong>Metapbrastem</strong></span> <span class='ocrx_word' id='word_1_50' title='bbox 1707 2100 1775 2143; x_wconf 82' lang='lat' dir='ltr'><strong>ex</strong></span> <span class='ocrx_word' id='word_1_51' title='bbox 1825 2083 2063 2160; x_wconf 77' lang='lat' dir='ltr'><strong>scriptis</strong></span> <span class='ocrx_word' id='word_1_52' title='bbox 2104 2085 2234 2162; x_wconf 88' lang='lat' dir='ltr'><strong>ejus</strong></span> <span class='ocrx_word' id='word_1_53' title='bbox 2262 2085 2671 2146; x_wconf 87' lang='lat' dir='ltr'><strong>confecerunt.</strong></span> <span class='ocrx_word' id='word_1_54' title='bbox 2717 2081 2828 2145; x_wconf 86' lang='lat' dir='ltr'><strong>Hic</strong></span> <span class='ocrx_word' id='word_1_55' title='bbox 2877 2087 3209 2149; x_wconf 75' lang='lat' dir='ltr'><strong>difficultati</strong></span> <span class='ocrx_word' id='word_1_56' title='bbox 3243 2088 3435 2151; x_wconf 88' lang='lat' dir='ltr'><strong>lucem</strong></span> <span class='ocrx_word' id='word_1_57' title='bbox 3468 2106 3623 2166; x_wconf 87' lang='lat' dir='ltr'><strong>qua-</strong></span> 
     </span>
    </p>
   </div>
   <div class='ocr_carea' id='block_1_11' title="bbox 249 2168 3622 2255">
    <p class='ocr_par' dir='ltr' id='par_1_11' title="bbox 249 2168 3622 2255">
     <span class='ocr_line' id='line_1_11' title="bbox 249 2168 3622 2255; baseline 0.002 -25"><span class='ocrx_word' id='word_1_58' title='bbox 249 2169 624 2249; x_wconf 86' lang='lat' dir='ltr'><strong>lemcunque</strong></span> <span class='ocrx_word' id='word_1_59' title='bbox 652 2168 962 2230; x_wconf 75' lang='lat' dir='ltr'><strong>aﬂ‘undunt</strong></span> <span class='ocrx_word' id='word_1_60' title='bbox 1007 2178 1130 2231; x_wconf 87' lang='lat' dir='ltr'><strong>tres</strong></span> <span class='ocrx_word' id='word_1_61' title='bbox 1157 2169 1406 2247; x_wconf 82' lang='lat' dir='ltr'><strong>catalogi</strong></span> <span class='ocrx_word' id='word_1_62' title='bbox 1457 2189 1605 2250; x_wconf 89' lang='lat' dir='ltr'><strong>quos</strong></span> <span class='ocrx_word' id='word_1_63' title='bbox 1638 2169 1758 2231; x_wconf 87' lang='lat' dir='ltr'><strong>Deo</strong></span> <span class='ocrx_word' id='word_1_64' title='bbox 1803 2171 2077 2244; x_wconf 85' lang='lat' dir='ltr'><strong>Allatius,</strong></span> <span class='ocrx_word' id='word_1_65' title='bbox 2111 2173 2185 2233; x_wconf 87' lang='lat' dir='ltr'><strong>de</strong></span> <span class='ocrx_word' id='word_1_66' title='bbox 2219 2173 2456 2254; x_wconf 87' lang='lat' dir='ltr'><strong>scriptis</strong></span> <span class='ocrx_word' id='word_1_67' title='bbox 2500 2174 2758 2234; x_wconf 82' lang='lat' dir='ltr'><strong>auctoris</strong></span> <span class='ocrx_word' id='word_1_68' title='bbox 2793 2175 2976 2236; x_wconf 87' lang='lat' dir='ltr'><strong>nostri</strong></span> <span class='ocrx_word' id='word_1_69' title='bbox 3019 2176 3267 2255; x_wconf 84' lang='lat' dir='ltr'><strong>agendo,</strong></span> <span class='ocrx_word' id='word_1_70' title='bbox 3315 2177 3573 2240; x_wconf 80' lang='lat' dir='ltr'><strong>confecit</strong></span> <span class='ocrx_word' id='word_1_71' title='bbox 3605 2199 3622 2255; x_wconf 86' lang='lat'><strong>;</strong></span> 
     </span>
    </p>
   </div>
   <div class='ocr_carea' id='block_1_12' title="bbox 251 2256 3618 2346">
    <p class='ocr_par' dir='ltr' id='par_1_12' title="bbox 251 2256 3618 2346">
     <span class='ocr_line' id='line_1_12' title="bbox 251 2256 3618 2346; baseline 0.002 -27"><span class='ocrx_word' id='word_1_72' title='bbox 251 2259 477 2338; x_wconf 88' lang='lat' dir='ltr'><strong>primus</strong></span> <span class='ocrx_word' id='word_1_73' title='bbox 529 2257 768 2346; x_wconf 66' lang='lat' dir='ltr'><strong>sciicet</strong></span> <span class='ocrx_word' id='word_1_74' title='bbox 795 2256 1062 2319; x_wconf 81' lang='lat' dir='ltr'><strong>Vitarum</strong></span> <span class='ocrx_word' id='word_1_75' title='bbox 1114 2278 1258 2340; x_wconf 90' lang='lat' dir='ltr'><strong>quas</strong></span> <span class='ocrx_word' id='word_1_76' title='bbox 1292 2261 1718 2338; x_wconf 84' lang='lat' dir='ltr'><strong>Metaphrastes</strong></span> <span class='ocrx_word' id='word_1_77' title='bbox 1753 2261 2069 2341; x_wconf 89' lang='lat' dir='ltr'><strong>scripsisse</strong></span> <span class='ocrx_word' id='word_1_78' title='bbox 2118 2262 2378 2323; x_wconf 80' lang='lat' dir='ltr'><strong>refertur</strong></span> <span class='ocrx_word' id='word_1_79' title='bbox 2408 2263 2563 2342; x_wconf 88' lang='lat' dir='ltr'><strong>apud</strong></span> <span class='ocrx_word' id='word_1_80' title='bbox 2595 2262 2981 2341; x_wconf 89' lang='lat' dir='ltr'><strong>Lipomanum</strong></span> <span class='ocrx_word' id='word_1_81' title='bbox 3034 2274 3091 2325; x_wconf 94' lang='lat' dir='ltr'><strong>et</strong></span> <span class='ocrx_word' id='word_1_82' title='bbox 3119 2266 3276 2346; x_wconf 86' lang='lat' dir='ltr'><strong>apud</strong></span> <span class='ocrx_word' id='word_1_83' title='bbox 3329 2263 3567 2327; x_wconf 88' lang='lat' dir='ltr'><strong>Surium</strong></span> <span class='ocrx_word' id='word_1_84' title='bbox 3603 2284 3618 2326; x_wconf 89' lang='lat'><strong>:</strong></span> 
     </span>
    </p>
   </div>
   <div class='ocr_carea' id='block_1_13' title="bbox 249 2343 3624 2434">
    <p class='ocr_par' dir='ltr' id='par_1_13' title="bbox 249 2343 3624 2434">
     <span class='ocr_line' id='line_1_13' title="bbox 249 2343 3624 2434; baseline 0.001 -24"><span class='ocrx_word' id='word_1_85' title='bbox 249 2347 554 2410; x_wconf 73' lang='lat' dir='ltr'><strong>secundus</strong></span> <span class='ocrx_word' id='word_1_86' title='bbox 584 2343 857 2408; x_wconf 87' lang='lat' dir='ltr'><strong>Vitarum</strong></span> <span class='ocrx_word' id='word_1_87' title='bbox 890 2366 1025 2426; x_wconf 72' lang='lat' dir='ltr'><strong>quae</strong></span> <span class='ocrx_word' id='word_1_88' title='bbox 1047 2359 1212 2411; x_wconf 83' lang='lat' dir='ltr'><strong>certo</strong></span> <span class='ocrx_word' id='word_1_89' title='bbox 1244 2367 1278 2411; x_wconf 91' lang='lat' dir='ltr'><strong>a</strong></span> <span class='ocrx_word' id='word_1_90' title='bbox 1306 2350 1709 2429; x_wconf 89' lang='lat' dir='ltr'><strong>Metaphraste</strong></span> <span class='ocrx_word' id='word_1_91' title='bbox 1737 2351 1970 2431; x_wconf 68' lang='lat' dir='ltr'><strong>scriptae</strong></span> <span class='ocrx_word' id='word_1_92' title='bbox 2001 2369 2117 2410; x_wconf 87' lang='lat' dir='ltr'><strong>non</strong></span> <span class='ocrx_word' id='word_1_93' title='bbox 2162 2360 2300 2411; x_wconf 90' lang='lat' dir='ltr'><strong>sunt</strong></span> <span class='ocrx_word' id='word_1_94' title='bbox 2335 2371 2351 2425; x_wconf 87' lang='lat'><strong>;</strong></span> <span class='ocrx_word' id='word_1_95' title='bbox 2385 2352 2591 2412; x_wconf 83' lang='lat' dir='ltr'><strong>tertius</strong></span> <span class='ocrx_word' id='word_1_96' title='bbox 2627 2352 2917 2432; x_wconf 84' lang='lat' dir='ltr'><strong>Vitarum,</strong></span> <span class='ocrx_word' id='word_1_97' title='bbox 2951 2372 3082 2434; x_wconf 65' lang='lat' dir='ltr'><strong>quae</strong></span> <span class='ocrx_word' id='word_1_98' title='bbox 3113 2343 3332 2416; x_wconf 80' lang='lat' dir='ltr'><strong>attenta</strong></span> <span class='ocrx_word' id='word_1_99' title='bbox 3363 2355 3624 2417; x_wconf 87' lang='lat' dir='ltr'><strong>auctori-</strong></span> 
     </span>
    </p>
   </div>
   <div class='ocr_carea' id='block_1_14' title="bbox 249 2437 3624 2523">
    <p class='ocr_par' dir='ltr' id='par_1_14' title="bbox 249 2437 3624 2523">
     <span class='ocr_line' id='line_1_14' title="bbox 249 2437 3624 2523; baseline 0.002 -25"><span class='ocrx_word' id='word_1_100' title='bbox 249 2445 363 2499; x_wconf 85' lang='lat' dir='ltr'><strong>tate</strong></span> <span class='ocrx_word' id='word_1_101' title='bbox 394 2437 679 2498; x_wconf 88' lang='lat' dir='ltr'><strong>codicum</strong></span> <span class='ocrx_word' id='word_1_102' title='bbox 712 2444 774 2498; x_wconf 87' lang='lat' dir='ltr'><strong>et</strong></span> <span class='ocrx_word' id='word_1_103' title='bbox 801 2437 1177 2500; x_wconf 88' lang='lat' dir='ltr'><strong>considerata</strong></span> <span class='ocrx_word' id='word_1_104' title='bbox 1207 2439 1507 2501; x_wconf 60' lang='lat' dir='ltr'><strong>scriberaii</strong></span> <span class='ocrx_word' id='word_1_105' title='bbox 1536 2445 1783 2512; x_wconf 85' lang='lat' dir='ltr'><strong>ratione,</strong></span> <span class='ocrx_word' id='word_1_106' title='bbox 1807 2439 2264 2518; x_wconf 87' lang='lat' dir='ltr'><strong>Metaphrastem</strong></span> <span class='ocrx_word' id='word_1_107' title='bbox 2303 2450 2466 2502; x_wconf 88' lang='lat' dir='ltr'><strong>certo</strong></span> <span class='ocrx_word' id='word_1_108' title='bbox 2498 2448 2800 2502; x_wconf 87' lang='lat' dir='ltr'><strong>auctorem</strong></span> <span class='ocrx_word' id='word_1_109' title='bbox 2833 2442 3070 2506; x_wconf 85' lang='lat' dir='ltr'><strong>habent.</strong></span> <span class='ocrx_word' id='word_1_110' title='bbox 3105 2442 3360 2523; x_wconf 83' lang='lat' dir='ltr'><strong>Catalogi</strong></span> <span class='ocrx_word' id='word_1_111' title='bbox 3393 2443 3474 2505; x_wconf 82' lang='lat' dir='ltr'><strong>illi</strong></span> <span class='ocrx_word' id='word_1_112' title='bbox 3504 2463 3624 2508; x_wconf 89' lang='lat' dir='ltr'><strong>non</strong></span> 
     </span>
    </p>
   </div>
   <div class='ocr_carea' id='block_1_15' title="bbox 249 2523 3624 2597">
    <p class='ocr_par' dir='ltr' id='par_1_15' title="bbox 249 2523 3624 2597">
     <span class='ocr_line' id='line_1_15' title="bbox 249 2523 3624 2597; baseline 0.002 -9"><span class='ocrx_word' id='word_1_113' title='bbox 249 2526 477 2597; x_wconf 77' lang='lat' dir='ltr'><strong>leviter,</strong></span> <span class='ocrx_word' id='word_1_114' title='bbox 514 2523 628 2586; x_wconf 88' lang='lat' dir='ltr'><strong>sed</strong></span> <span class='ocrx_word' id='word_1_115' title='bbox 678 2533 890 2586; x_wconf 87' lang='lat' dir='ltr'><strong>nature</strong></span> <span class='ocrx_word' id='word_1_116' title='bbox 917 2525 1172 2588; x_wconf 86' lang='lat' dir='ltr'><strong>confecti</strong></span> <span class='ocrx_word' id='word_1_117' title='bbox 1229 2527 1414 2588; x_wconf 87' lang='lat' dir='ltr'><strong>fuisse</strong></span> <span class='ocrx_word' id='word_1_118' title='bbox 1447 2528 1740 2589; x_wconf 81' lang='lat' dir='ltr'><strong>videntur.</strong></span> <span class='ocrx_word' id='word_1_119' title='bbox 1792 2525 2021 2589; x_wconf 86' lang='lat' dir='ltr'><strong>Novum</strong></span> <span class='ocrx_word' id='word_1_120' title='bbox 2075 2528 2406 2590; x_wconf 86' lang='lat' dir='ltr'><strong>subsidium</strong></span> <span class='ocrx_word' id='word_1_121' title='bbox 2460 2529 2520 2590; x_wconf 89' lang='lat' dir='ltr'><strong>in</strong></span> <span class='ocrx_word' id='word_1_122' title='bbox 2553 2528 2966 2590; x_wconf 90' lang='lat' dir='ltr'><strong>discernendis</strong></span> <span class='ocrx_word' id='word_1_123' title='bbox 3020 2531 3169 2592; x_wconf 77' lang='lat' dir='ltr'><strong>Vitis</strong></span> <span class='ocrx_word' id='word_1_124' title='bbox 3198 2542 3536 2595; x_wconf 84' lang='lat' dir='ltr'><strong>sanctorum</strong></span> <span class='ocrx_word' id='word_1_125' title='bbox 3589 2552 3624 2594; x_wconf 92' lang='lat' dir='ltr'><strong>a</strong></span> 
     </span>
    </p>
   </div>
   <div class='ocr_carea' id='block_1_16' title="bbox 247 2615 3622 2702">
    <p class='ocr_par' dir='ltr' id='par_1_16' title="bbox 247 2615 3622 2702">
     <span class='ocr_line' id='line_1_16' title="bbox 247 2615 3622 2702; baseline 0.002 -24"><span class='ocrx_word' id='word_1_126' title='bbox 247 2615 652 2696; x_wconf 74' lang='lat' dir='ltr'><strong>Hetaphraste</strong></span> <span class='ocrx_word' id='word_1_127' title='bbox 702 2621 962 2677; x_wconf 83' lang='lat' dir='ltr'><strong>exaratis</strong></span> <span class='ocrx_word' id='word_1_128' title='bbox 991 2616 1268 2678; x_wconf 87' lang='lat' dir='ltr'><strong>conferre</strong></span> <span class='ocrx_word' id='word_1_129' title='bbox 1289 2625 1545 2697; x_wconf 89' lang='lat' dir='ltr'><strong>possunt</strong></span> <span class='ocrx_word' id='word_1_130' title='bbox 1594 2619 1710 2677; x_wconf 90' lang='lat' dir='ltr'><strong>duo</strong></span> <span class='ocrx_word' id='word_1_131' title='bbox 1743 2617 2016 2696; x_wconf 82' lang='lat' dir='ltr'><strong>catalogi,</strong></span> <span class='ocrx_word' id='word_1_132' title='bbox 2051 2636 2204 2698; x_wconf 90' lang='lat' dir='ltr'><strong>quos</strong></span> <span class='ocrx_word' id='word_1_133' title='bbox 2237 2619 2334 2680; x_wconf 90' lang='lat' dir='ltr'><strong>hic</strong></span> <span class='ocrx_word' id='word_1_134' title='bbox 2395 2617 2773 2698; x_wconf 87' lang='lat' dir='ltr'><strong>subjicimus,</strong></span> <span class='ocrx_word' id='word_1_135' title='bbox 2808 2638 2959 2680; x_wconf 87' lang='lat' dir='ltr'><strong>unus</strong></span> <span class='ocrx_word' id='word_1_136' title='bbox 2992 2640 3171 2702; x_wconf 88' lang='lat' dir='ltr'><strong>quem</strong></span> <span class='ocrx_word' id='word_1_137' title='bbox 3201 2620 3524 2697; x_wconf 82' lang='lat' dir='ltr'><strong>Hanckius,</strong></span> <span class='ocrx_word' id='word_1_138' title='bbox 3561 2623 3622 2685; x_wconf 90' lang='lat' dir='ltr'><strong>in</strong></span> 
     </span>
    </p>
   </div>
   <div class='ocr_carea' id='block_1_17' title="bbox 241 2703 3617 2788">
    <p class='ocr_par' dir='ltr' id='par_1_17' title="bbox 241 2703 3617 2788">
     <span class='ocr_line' id='line_1_17' title="bbox 241 2703 3617 2788; baseline 0.002 -22"><span class='ocrx_word' id='word_1_139' title='bbox 241 2704 384 2774; x_wconf 84' lang='lat' dir='ltr'><strong>libro</strong></span> <span class='ocrx_word' id='word_1_140' title='bbox 409 2724 521 2766; x_wconf 89' lang='lat' dir='ltr'><strong>suo</strong></span> <span class='ocrx_word' id='word_1_141' title='bbox 573 2705 671 2766; x_wconf 80' lang='lat' dir='ltr'><strong>De</strong></span> <span class='ocrx_word' id='word_1_142' title='bbox 702 2705 1100 2782; x_wconf 75' lang='lat' dir='ltr'><strong>scriptoribus</strong></span> <span class='ocrx_word' id='word_1_143' title='bbox 1157 2703 1536 2785; x_wconf 75' lang='lat' dir='ltr'><strong>Byzantinis,</strong></span> <span class='ocrx_word' id='word_1_144' title='bbox 1571 2723 1781 2784; x_wconf 81' lang='lat' dir='ltr'><strong>magna</strong></span> <span class='ocrx_word' id='word_1_145' title='bbox 1834 2704 2136 2784; x_wconf 78' lang='lat' dir='ltr'><strong>diligentia</strong></span> <span class='ocrx_word' id='word_1_146' title='bbox 2178 2707 2558 2788; x_wconf 88' lang='lat' dir='ltr'><strong>composuit;</strong></span> <span class='ocrx_word' id='word_1_147' title='bbox 2621 2707 2772 2769; x_wconf 86' lang='lat' dir='ltr'><strong>alter</strong></span> <span class='ocrx_word' id='word_1_148' title='bbox 2813 2726 2987 2788; x_wconf 90' lang='lat' dir='ltr'><strong>quem</strong></span> <span class='ocrx_word' id='word_1_149' title='bbox 3026 2709 3232 2774; x_wconf 88' lang='lat' dir='ltr'><strong>Daniel</strong></span> <span class='ocrx_word' id='word_1_150' title='bbox 3263 2711 3350 2774; x_wconf 91' lang='lat' dir='ltr'><strong>De</strong></span> <span class='ocrx_word' id='word_1_151' title='bbox 3407 2708 3617 2774; x_wconf 80' lang='lat' dir='ltr'><strong>Nesse!</strong></span> 
     </span>
    </p>
   </div>
   <div class='ocr_carea' id='block_1_18' title="bbox 236 2791 2605 2877">
    <p class='ocr_par' dir='ltr' id='par_1_18' title="bbox 236 2791 2605 2877">
     <span class='ocr_line' id='line_1_18' title="bbox 236 2791 2605 2877; baseline -0.001 -19"><span class='ocrx_word' id='word_1_152' title='bbox 236 2795 478 2858; x_wconf 75' lang='lat' dir='ltr'><strong>confecit</strong></span> <span class='ocrx_word' id='word_1_153' title='bbox 510 2812 588 2856; x_wconf 81' lang='lat' dir='ltr'><strong>ex</strong></span> <span class='ocrx_word' id='word_1_154' title='bbox 620 2791 949 2856; x_wconf 87' lang='lat' dir='ltr'><strong>codicibus</strong></span> <span class='ocrx_word' id='word_1_155' title='bbox 980 2811 1121 2856; x_wconf 90' lang='lat' dir='ltr'><strong>mss.</strong></span> <span class='ocrx_word' id='word_1_156' title='bbox 1157 2792 1546 2857; x_wconf 78' lang='lat' dir='ltr'><strong>Bibliothecae</strong></span> <span class='ocrx_word' id='word_1_157' title='bbox 1573 2793 2081 2857; x_wconf 88' lang='lat' dir='ltr'><strong>Vindobonensis.</strong></span> <span class='ocrx_word' id='word_1_158' title='bbox 2116 2793 2224 2858; x_wconf 85' lang='lat' dir='ltr'><strong>Hic</strong></span> <span class='ocrx_word' id='word_1_159' title='bbox 2256 2805 2605 2877; x_wconf 88' lang='lat' dir='ltr'><strong>sequuntur.</strong></span> 
     </span>
    </p>
   </div>
   <div class='ocr_carea' id='block_1_19' title="bbox 1600 3122 2270 3190">
    <p class='ocr_par' dir='ltr' id='par_1_19' title="bbox 1600 3122 2270 3190">
     <span class='ocr_line' id='line_1_19' title="bbox 1600 3122 2270 3190; baseline -0.003 -2"><span class='ocrx_word' id='word_1_160' title='bbox 1600 3124 1926 3190; x_wconf 82' lang='lat' dir='ltr'><strong>MARTINI</strong></span> <span class='ocrx_word' id='word_1_161' title='bbox 1965 3122 2270 3188; x_wconf 84' lang='lat' dir='ltr'><strong>HANGKII</strong></span> 
     </span>
    </p>
   </div>
   <div class='ocr_carea' id='block_1_20' title="bbox 950 3266 2929 3350">
    <p class='ocr_par' dir='ltr' id='par_1_20' title="bbox 950 3266 2929 3350">
     <span class='ocr_line' id='line_1_20' title="bbox 950 3266 2929 3350; baseline 0.001 -19"><span class='ocrx_word' id='word_1_162' title='bbox 950 3267 1259 3350; x_wconf 74' lang='lat' dir='ltr'><strong>Catalogus</strong></span> <span class='ocrx_word' id='word_1_163' title='bbox 1301 3269 1566 3332; x_wconf 86' lang='lat' dir='ltr'><strong>Vitarum</strong></span> <span class='ocrx_word' id='word_1_164' title='bbox 1611 3287 1756 3350; x_wconf 90' lang='lat' dir='ltr'><strong>quas</strong></span> <span class='ocrx_word' id='word_1_165' title='bbox 1799 3270 2051 3350; x_wconf 89' lang='lat' dir='ltr'><strong>Symeon</strong></span> <span class='ocrx_word' id='word_1_166' title='bbox 2103 3269 2530 3350; x_wconf 87' lang='lat' dir='ltr'><strong>Metaphrastes</strong></span> <span class='ocrx_word' id='word_1_167' title='bbox 2573 3266 2929 3350; x_wconf 84' lang='lat' dir='ltr'><strong>composuit.</strong></span> 
     </span>
    </p>
   </div>
   <div class='ocr_carea' id='block_1_21' title="bbox 1142 3410 2727 3488">
    <p class='ocr_par' dir='ltr' id='par_1_21' title="bbox 1142 3410 2727 3488">
     <span class='ocr_line' id='line_1_21' title="bbox 1142 3410 2727 3488; baseline -0.001 -17"><span class='ocrx_word' id='word_1_168' title='bbox 1142 3410 1240 3484; x_wconf 69' lang='lat' dir='ltr'><strong>(De</strong></span> <span class='ocrx_word' id='word_1_169' title='bbox 1275 3412 1574 3488; x_wconf 68' lang='lat' dir='ltr'><strong>Byzantia.</strong></span> <span class='ocrx_word' id='word_1_170' title='bbox 1606 3427 1801 3472; x_wconf 75' lang='lat' dir='ltr'><strong>rerum</strong></span> <span class='ocrx_word' id='word_1_171' title='bbox 1837 3411 2090 3486; x_wconf 76' lang='lat' dir='ltr'><strong>scriptor.</strong></span> <span class='ocrx_word' id='word_1_172' title='bbox 2127 3413 2179 3468; x_wconf 90' lang='lat' dir='ltr'><strong>in</strong></span> <span class='ocrx_word' id='word_1_173' title='bbox 2212 3413 2288 3480; x_wconf 68' lang='lat'><strong>4°,</strong></span> <span class='ocrx_word' id='word_1_174' title='bbox 2321 3411 2505 3484; x_wconf 65' lang='lat' dir='ltr'><strong>Lipsius</strong></span> <span class='ocrx_word' id='word_1_175' title='bbox 2548 3411 2727 3482; x_wconf 84' lang='grc'><strong>1677).</strong></span> 
     </span>
    </p>
   </div>
   <div class='ocr_carea' id='block_1_22' title="bbox 309 3730 3620 3816">
    <p class='ocr_par' dir='ltr' id='par_1_22' title="bbox 309 3730 3620 3816">
     <span class='ocr_line' id='line_1_22' title="bbox 309 3730 3620 3816; baseline 0 -18"><span class='ocrx_word' id='word_1_176' title='bbox 309 3738 370 3798; x_wconf 74' lang='grc'><strong>1.</strong></span> <span class='ocrx_word' id='word_1_177' title='bbox 400 3734 693 3797; x_wconf 76' lang='lat' dir='ltr'><strong>Historia</strong></span> <span class='ocrx_word' id='word_1_178' title='bbox 727 3732 807 3794; x_wconf 89' lang='lat' dir='ltr'><strong>de</strong></span> <span class='ocrx_word' id='word_1_179' title='bbox 857 3734 1123 3814; x_wconf 85' lang='lat' dir='ltr'><strong>Martyrii</strong></span> <span class='ocrx_word' id='word_1_180' title='bbox 1157 3743 1218 3798; x_wconf 87' lang='lat' dir='ltr'><strong>et</strong></span> <span class='ocrx_word' id='word_1_181' title='bbox 1244 3735 1532 3800; x_wconf 81' lang='lat' dir='ltr'><strong>Marciani</strong></span> <span class='ocrx_word' id='word_1_182' title='bbox 1562 3737 1841 3816; x_wconf 81' lang='lat' dir='ltr'><strong>martyrio</strong></span> <span class='ocrx_word' id='word_1_183' title='bbox 1875 3756 1955 3803; x_wconf 67' lang='grc' dir='ltr'><strong>ελ</strong></span> <span class='ocrx_word' id='word_1_184' title='bbox 2063 3736 2120 3798; x_wconf 82' lang='lat'><strong>7.</strong></span> <span class='ocrx_word' id='word_1_185' title='bbox 2152 3733 2415 3797; x_wconf 87' lang='lat' dir='ltr'><strong>Historia</strong></span> <span class='ocrx_word' id='word_1_186' title='bbox 2459 3732 2534 3796; x_wconf 88' lang='lat' dir='ltr'><strong>de</strong></span> <span class='ocrx_word' id='word_1_187' title='bbox 2585 3734 2771 3796; x_wconf 81' lang='lat' dir='ltr'><strong>sancti</strong></span> <span class='ocrx_word' id='word_1_188' title='bbox 2822 3733 3028 3797; x_wconf 80' lang='lat' dir='ltr'><strong>Jacobi</strong></span> <span class='ocrx_word' id='word_1_189' title='bbox 3080 3730 3338 3816; x_wconf 85' lang='lat' dir='ltr'><strong>apostoli</strong></span> <span class='ocrx_word' id='word_1_190' title='bbox 3387 3733 3504 3798; x_wconf 85' lang='lat' dir='ltr'><strong>vita</strong></span> <span class='ocrx_word' id='word_1_191' title='bbox 3560 3741 3620 3799; x_wconf 85' lang='lat' dir='ltr'><strong>et</strong></span> 
     </span>
    </p>
   </div>
   <div class='ocr_carea' id='block_1_23' title="bbox 247 3822 2286 3905">
    <p class='ocr_par' dir='ltr' id='par_1_23' title="bbox 247 3822 2286 3905">
     <span class='ocr_line' id='line_1_23' title="bbox 247 3822 2286 3905; baseline 0 -19"><span class='ocrx_word' id='word_1_192' title='bbox 247 3843 494 3904; x_wconf 85' lang='lat' dir='ltr'><strong>quorum</strong></span> <span class='ocrx_word' id='word_1_193' title='bbox 519 3824 633 3886; x_wconf 89' lang='lat' dir='ltr'><strong>ille</strong></span> <span class='ocrx_word' id='word_1_194' title='bbox 656 3822 1194 3899; x_wconf 87' lang='lat' dir='ltr'><strong>subdiaconus,hic</strong></span> <span class='ocrx_word' id='word_1_195' title='bbox 1215 3833 1426 3889; x_wconf 90' lang='lat' dir='ltr'><strong>cantor</strong></span> <span class='ocrx_word' id='word_1_196' title='bbox 1443 3823 1730 3888; x_wconf 69' lang='lat' dir='ltr'><strong>Ecclesia:</strong></span> <span class='ocrx_word' id='word_1_197' title='bbox 1751 3825 1902 3888; x_wconf 90' lang='lat' dir='ltr'><strong>Con-</strong></span> <span class='ocrx_word' id='word_1_198' title='bbox 1985 3823 2286 3905; x_wconf 80' lang='lat' dir='ltr'><strong>martyrio.</strong></span> 
     </span>
    </p>
   </div>
   <div class='ocr_carea' id='block_1_24' title="bbox 251 3913 1897 3997">
    <p class='ocr_par' dir='ltr' id='par_1_24' title="bbox 251 3913 1897 3997">
     <span class='ocr_line' id='line_1_24' title="bbox 251 3913 1897 3997; baseline 0.003 -24"><span class='ocrx_word' id='word_1_199' title='bbox 251 3914 848 3994; x_wconf 66' lang='lat' dir='ltr'><strong>stantinopolitanaa;</strong></span> <span class='ocrx_word' id='word_1_200' title='bbox 907 3925 1164 3995; x_wconf 89' lang='lat' dir='ltr'><strong>uterque</strong></span> <span class='ocrx_word' id='word_1_201' title='bbox 1194 3913 1357 3976; x_wconf 87' lang='lat' dir='ltr'><strong>Pauli</strong></span> <span class='ocrx_word' id='word_1_202' title='bbox 1387 3913 1897 3997; x_wconf 87' lang='lat' dir='ltr'><strong>Constantinopo-</strong></span> 
     </span>
    </p>
   </div>
   <div class='ocr_carea' id='block_1_25' title="bbox 255 4000 1898 4085">
    <p class='ocr_par' dir='ltr' id='par_1_25' title="bbox 255 4000 1898 4085">
     <span class='ocr_line' id='line_1_25' title="bbox 255 4000 1898 4085; baseline 0.004 -24"><span class='ocrx_word' id='word_1_203' title='bbox 255 4000 575 4065; x_wconf 87' lang='lat' dir='ltr'><strong>litanorum</strong></span> <span class='ocrx_word' id='word_1_204' title='bbox 613 4004 966 4083; x_wconf 65' lang='lat' dir='ltr'><strong>patriarchas</strong></span> <span class='ocrx_word' id='word_1_205' title='bbox 996 4005 1263 4066; x_wconf 89' lang='lat' dir='ltr'><strong>notarius</strong></span> <span class='ocrx_word' id='word_1_206' title='bbox 1300 4004 1410 4066; x_wconf 88' lang='lat' dir='ltr'><strong>fuit</strong></span> <span class='ocrx_word' id='word_1_207' title='bbox 1444 4023 1458 4066; x_wconf 92' lang='lat'><strong>:</strong></span> <span class='ocrx_word' id='word_1_208' title='bbox 1500 4014 1756 4085; x_wconf 89' lang='lat' dir='ltr'><strong>uterque</strong></span> <span class='ocrx_word' id='word_1_209' title='bbox 1785 4005 1898 4068; x_wconf 89' lang='lat' dir='ltr'><strong>sub</strong></span> 
     </span>
    </p>
   </div>
   <div class='ocr_carea' id='block_1_26' title="bbox 253 4089 1895 4173">
    <p class='ocr_par' dir='ltr' id='par_1_26' title="bbox 253 4089 1895 4173">
     <span class='ocr_line' id='line_1_26' title="bbox 253 4089 1895 4173; baseline 0.004 -23"><span class='ocrx_word' id='word_1_210' title='bbox 253 4089 617 4171; x_wconf 85' lang='lat' dir='ltr'><strong>imperatore</strong></span> <span class='ocrx_word' id='word_1_211' title='bbox 674 4094 1044 4167; x_wconf 82' lang='lat' dir='ltr'><strong>Constantio,</strong></span> <span class='ocrx_word' id='word_1_212' title='bbox 1094 4095 1468 4156; x_wconf 85' lang='lat' dir='ltr'><strong>Constantini</strong></span> <span class='ocrx_word' id='word_1_213' title='bbox 1524 4094 1716 4173; x_wconf 80' lang='lat' dir='ltr'><strong>Magni</strong></span> <span class='ocrx_word' id='word_1_214' title='bbox 1751 4096 1895 4170; x_wconf 82' lang='lat' dir='ltr'><strong>ﬁlio,</strong></span> 
     </span>
    </p>
   </div>
   <div class='ocr_carea' id='block_1_27' title="bbox 253 4181 1897 4264">
    <p class='ocr_par' dir='ltr' id='par_1_27' title="bbox 253 4181 1897 4264">
     <span class='ocr_line' id='line_1_27' title="bbox 253 4181 1897 4264; baseline 0.002 -22"><span class='ocrx_word' id='word_1_215' title='bbox 253 4181 500 4256; x_wconf 84' lang='lat' dir='ltr'><strong>Ariano,</strong></span> <span class='ocrx_word' id='word_1_216' title='bbox 535 4197 750 4242; x_wconf 80' lang='lat' dir='ltr'><strong>revera</strong></span> <span class='ocrx_word' id='word_1_217' title='bbox 779 4183 1021 4262; x_wconf 91' lang='lat' dir='ltr'><strong>quidem</strong></span> <span class='ocrx_word' id='word_1_218' title='bbox 1054 4193 1300 4264; x_wconf 88' lang='lat' dir='ltr'><strong>propter</strong></span> <span class='ocrx_word' id='word_1_219' title='bbox 1328 4185 1762 4255; x_wconf 83' lang='lat' dir='ltr'><strong>orthodoxiam,</strong></span> <span class='ocrx_word' id='word_1_220' title='bbox 1790 4184 1897 4247; x_wconf 91' lang='lat' dir='ltr'><strong>sed</strong></span> 
     </span>
    </p>
   </div>
   <div class='ocr_carea' id='block_1_28' title="bbox 255 4270 1895 4356">
    <p class='ocr_par' dir='ltr' id='par_1_28' title="bbox 255 4270 1895 4356">
     <span class='ocr_line' id='line_1_28' title="bbox 255 4270 1895 4356; baseline 0.002 -25"><span class='ocrx_word' id='word_1_221' title='bbox 255 4277 453 4331; x_wconf 87' lang='lat' dir='ltr'><strong>tamen</strong></span> <span class='ocrx_word' id='word_1_222' title='bbox 486 4270 810 4333; x_wconf 86' lang='lat' dir='ltr'><strong>criminum</strong></span> <span class='ocrx_word' id='word_1_223' title='bbox 875 4281 1349 4355; x_wconf 85' lang='lat' dir='ltr'><strong>perpetratorum</strong></span> <span class='ocrx_word' id='word_1_224' title='bbox 1381 4275 1606 4356; x_wconf 89' lang='lat' dir='ltr'><strong>specie,</strong></span> <span class='ocrx_word' id='word_1_225' title='bbox 1644 4282 1895 4336; x_wconf 89' lang='lat' dir='ltr'><strong>mortem</strong></span> 
     </span>
    </p>
   </div>
   <div class='ocr_carea' id='block_1_29' title="bbox 255 4357 420 4422">
    <p class='ocr_par' dir='ltr' id='par_1_29' title="bbox 255 4357 420 4422">
     <span class='ocr_line' id='line_1_29' title="bbox 255 4357 420 4422; baseline -0.006 -1"><span class='ocrx_word' id='word_1_226' title='bbox 255 4357 420 4422; x_wconf 86' lang='lat' dir='ltr'><strong>obiit.</strong></span> 
     </span>
    </p>
   </div>
   <div class='ocr_carea' id='block_1_30' title="bbox 331 4448 1898 4535">
    <p class='ocr_par' dir='ltr' id='par_1_30' title="bbox 331 4448 1898 4535">
     <span class='ocr_line' id='line_1_30' title="bbox 331 4448 1898 4535; baseline 0.001 -23"><span class='ocrx_word' id='word_1_227' title='bbox 331 4451 394 4512; x_wconf 78' lang='lat'><strong>2.</strong></span> <span class='ocrx_word' id='word_1_228' title='bbox 431 4448 696 4513; x_wconf 80' lang='lat' dir='ltr'><strong>Historia</strong></span> <span class='ocrx_word' id='word_1_229' title='bbox 716 4451 1050 4516; x_wconf 79' lang='lat' dir='ltr'><strong>deloannis</strong></span> <span class='ocrx_word' id='word_1_230' title='bbox 1081 4453 1506 4535; x_wconf 84' lang='lat' dir='ltr'><strong>Chrysostomi,</strong></span> <span class='ocrx_word' id='word_1_231' title='bbox 1541 4453 1898 4517; x_wconf 86' lang='lat' dir='ltr'><strong>Antiocheni</strong></span> 
     </span>
    </p>
   </div>
   <div class='ocr_carea' id='block_1_31' title="bbox 254 4540 1895 4624">
    <p class='ocr_par' dir='ltr' id='par_1_31' title="bbox 254 4540 1895 4624">
     <span class='ocr_line' id='line_1_31' title="bbox 254 4540 1895 4624; baseline 0.001 -21"><span class='ocrx_word' id='word_1_232' title='bbox 254 4540 412 4621; x_wconf 87' lang='lat' dir='ltr'><strong>Syri,</strong></span> <span class='ocrx_word' id='word_1_233' title='bbox 446 4540 1242 4624; x_wconf 88' lang='lat' dir='ltr'><strong>Constantinopolitauorum</strong></span> <span class='ocrx_word' id='word_1_234' title='bbox 1266 4544 1614 4623; x_wconf 68' lang='lat' dir='ltr'><strong>patriarcha</strong></span> <span class='ocrx_word' id='word_1_235' title='bbox 1629 4543 1895 4607; x_wconf 81' lang='lat' dir='ltr'><strong>vita.He-</strong></span> 
     </span>
    </p>
   </div>
   <div class='ocr_carea' id='block_1_32' title="bbox 255 4628 1894 4712">
    <p class='ocr_par' dir='ltr' id='par_1_32' title="bbox 255 4628 1894 4712">
     <span class='ocr_line' id='line_1_32' title="bbox 255 4628 1894 4712; baseline 0.003 -21"><span class='ocrx_word' id='word_1_236' title='bbox 255 4628 368 4691; x_wconf 89' lang='lat' dir='ltr'><strong>bus</strong></span> <span class='ocrx_word' id='word_1_237' title='bbox 397 4644 544 4692; x_wconf 80' lang='lat' dir='ltr'><strong>ante</strong></span> <span class='ocrx_word' id='word_1_238' title='bbox 599 4631 1062 4712; x_wconf 87' lang='lat' dir='ltr'><strong>patriarchatum</strong></span> <span class='ocrx_word' id='word_1_239' title='bbox 1123 4633 1198 4694; x_wconf 90' lang='lat' dir='ltr'><strong>ab</strong></span> <span class='ocrx_word' id='word_1_240' title='bbox 1255 4641 1412 4708; x_wconf 90' lang='lat' dir='ltr'><strong>ortu,</strong></span> <span class='ocrx_word' id='word_1_241' title='bbox 1444 4634 1688 4696; x_wconf 87' lang='lat' dir='ltr'><strong>circiter</strong></span> <span class='ocrx_word' id='word_1_242' title='bbox 1720 4633 1790 4696; x_wconf 83' lang='grc' dir='ltr'><strong>Δ.</strong></span> <span class='ocrx_word' id='word_1_243' title='bbox 1828 4633 1894 4696; x_wconf 91' lang='lat' dir='ltr'><strong>C.</strong></span> 
     </span>
    </p>
   </div>
   <div class='ocr_carea' id='block_1_33' title="bbox 258 4719 1898 4804">
    <p class='ocr_par' dir='ltr' id='par_1_33' title="bbox 258 4719 1898 4804">
     <span class='ocr_line' id='line_1_33' title="bbox 258 4719 1898 4804; baseline 0.002 -22"><span class='ocrx_word' id='word_1_244' title='bbox 258 4719 402 4800; x_wconf 77' lang='lat'><strong>355,</strong></span> <span class='ocrx_word' id='word_1_245' title='bbox 434 4720 757 4800; x_wconf 56' lang='lat' dir='ltr'><strong>pramissis</strong></span> <span class='ocrx_word' id='word_1_246' title='bbox 780 4739 796 4796; x_wconf 89' lang='lat'><strong>;</strong></span> <span class='ocrx_word' id='word_1_247' title='bbox 823 4721 1031 4804; x_wconf 88' lang='lat' dir='ltr'><strong>incipit</strong></span> <span class='ocrx_word' id='word_1_248' title='bbox 1052 4741 1087 4784; x_wconf 87' lang='lat' dir='ltr'><strong>a</strong></span> <span class='ocrx_word' id='word_1_249' title='bbox 1108 4721 1510 4802; x_wconf 83' lang='lat' dir='ltr'><strong>Chrysostomi</strong></span> <span class='ocrx_word' id='word_1_250' title='bbox 1537 4722 1898 4803; x_wconf 89' lang='lat' dir='ltr'><strong>patriarcha-</strong></span> 
     </span>
    </p>
   </div>
   <div class='ocr_carea' id='block_1_34' title="bbox 259 4809 1892 4894">
    <p class='ocr_par' dir='ltr' id='par_1_34' title="bbox 259 4809 1892 4894">
     <span class='ocr_line' id='line_1_34' title="bbox 259 4809 1892 4894; baseline 0.003 -24"><span class='ocrx_word' id='word_1_251' title='bbox 259 4816 347 4881; x_wconf 86' lang='lat' dir='ltr'><strong>tu,</strong></span> <span class='ocrx_word' id='word_1_252' title='bbox 380 4813 455 4872; x_wconf 84' lang='lat' dir='ltr'><strong>A.</strong></span> <span class='ocrx_word' id='word_1_253' title='bbox 481 4812 543 4873; x_wconf 86' lang='lat' dir='ltr'><strong>C.</strong></span> <span class='ocrx_word' id='word_1_254' title='bbox 599 4809 718 4872; x_wconf 88' lang='lat'><strong>398</strong></span> <span class='ocrx_word' id='word_1_255' title='bbox 741 4830 758 4887; x_wconf 90' lang='lat'><strong>;</strong></span> <span class='ocrx_word' id='word_1_256' title='bbox 783 4811 1004 4874; x_wconf 87' lang='lat' dir='ltr'><strong>desinit</strong></span> <span class='ocrx_word' id='word_1_257' title='bbox 1027 4811 1089 4874; x_wconf 90' lang='lat' dir='ltr'><strong>in</strong></span> <span class='ocrx_word' id='word_1_258' title='bbox 1121 4811 1526 4894; x_wconf 89' lang='lat' dir='ltr'><strong>Chrysostomi</strong></span> <span class='ocrx_word' id='word_1_259' title='bbox 1559 4813 1788 4888; x_wconf 80' lang='lat' dir='ltr'><strong>exsilio,</strong></span> <span class='ocrx_word' id='word_1_260' title='bbox 1821 4812 1892 4876; x_wconf 86' lang='lat' dir='ltr'><strong>A.</strong></span> 
     </span>
    </p>
   </div>
   <div class='ocr_carea' id='block_1_35' title="bbox 259 4896 1854 4980">
    <p class='ocr_par' dir='ltr' id='par_1_35' title="bbox 259 4896 1854 4980">
     <span class='ocr_line' id='line_1_35' title="bbox 259 4896 1854 4980; baseline 0.003 -20"><span class='ocrx_word' id='word_1_261' title='bbox 259 4896 324 4960; x_wconf 88' lang='lat' dir='ltr'><strong>C.</strong></span> <span class='ocrx_word' id='word_1_262' title='bbox 357 4898 481 4962; x_wconf 76' lang='grc'><strong>403</strong></span> <span class='ocrx_word' id='word_1_263' title='bbox 508 4919 526 4973; x_wconf 88' lang='grc'>;</span> <span class='ocrx_word' id='word_1_264' title='bbox 549 4898 727 4961; x_wconf 90' lang='lat' dir='ltr'><strong>rebus</strong></span> <span class='ocrx_word' id='word_1_265' title='bbox 758 4900 1090 4980; x_wconf 89' lang='lat' dir='ltr'><strong>subjunctis</strong></span> <span class='ocrx_word' id='word_1_266' title='bbox 1120 4903 1190 4964; x_wconf 87' lang='lat' dir='ltr'><strong>ad</strong></span> <span class='ocrx_word' id='word_1_267' title='bbox 1221 4902 1476 4972; x_wconf 83' lang='lat' dir='ltr'><strong>obitum.</strong></span> <span class='ocrx_word' id='word_1_268' title='bbox 1508 4906 1577 4966; x_wconf 84' lang='lat' dir='ltr'><strong>A.</strong></span> <span class='ocrx_word' id='word_1_269' title='bbox 1612 4904 1678 4966; x_wconf 89' lang='lat' dir='ltr'><strong>C.</strong></span> <span class='ocrx_word' id='word_1_270' title='bbox 1711 4901 1854 4965; x_wconf 75' lang='lat'><strong>407.</strong></span> 
     </span>
    </p>
   </div>
   <div class='ocr_carea' id='block_1_36' title="bbox 338 4985 1900 5072">
    <p class='ocr_par' dir='ltr' id='par_1_36' title="bbox 338 4985 1900 5072">
     <span class='ocr_line' id='line_1_36' title="bbox 338 4985 1900 5072; baseline 0.002 -22"><span class='ocrx_word' id='word_1_271' title='bbox 338 4987 399 5050; x_wconf 89' lang='lat'><strong>3.</strong></span> <span class='ocrx_word' id='word_1_272' title='bbox 437 4985 693 5050; x_wconf 86' lang='lat' dir='ltr'><strong>Historia</strong></span> <span class='ocrx_word' id='word_1_273' title='bbox 723 4989 798 5050; x_wconf 89' lang='lat' dir='ltr'><strong>de</strong></span> <span class='ocrx_word' id='word_1_274' title='bbox 829 4991 1022 5053; x_wconf 80' lang='lat' dir='ltr'><strong>sancti</strong></span> <span class='ocrx_word' id='word_1_275' title='bbox 1047 4991 1306 5054; x_wconf 77' lang='lat' dir='ltr'><strong>Matthaei</strong></span> <span class='ocrx_word' id='word_1_276' title='bbox 1353 4992 1602 5072; x_wconf 87' lang='lat' dir='ltr'><strong>apostoli</strong></span> <span class='ocrx_word' id='word_1_277' title='bbox 1636 5002 1695 5055; x_wconf 94' lang='lat' dir='ltr'><strong>et</strong></span> <span class='ocrx_word' id='word_1_278' title='bbox 1729 5009 1900 5054; x_wconf 53' lang='lat' dir='ltr'><strong>evan-</strong></span> 
     </span>
    </p>
   </div>
   <div class='ocr_carea' id='block_1_37' title="bbox 256 5078 1047 5160">
    <p class='ocr_par' dir='ltr' id='par_1_37' title="bbox 256 5078 1047 5160">
     <span class='ocr_line' id='line_1_37' title="bbox 256 5078 1047 5160; baseline 0.005 -19"><span class='ocrx_word' id='word_1_279' title='bbox 256 5078 486 5159; x_wconf 75' lang='lat' dir='ltr'><strong>gelistae</strong></span> <span class='ocrx_word' id='word_1_280' title='bbox 518 5078 636 5139; x_wconf 83' lang='lat' dir='ltr'><strong>vita</strong></span> <span class='ocrx_word' id='word_1_281' title='bbox 662 5088 720 5139; x_wconf 83' lang='lat' dir='ltr'><strong>et</strong></span> <span class='ocrx_word' id='word_1_282' title='bbox 747 5082 1047 5160; x_wconf 86' lang='lat' dir='ltr'><strong>martyrio.</strong></span> 
     </span>
    </p>
   </div>
   <div class='ocr_carea' id='block_1_38' title="bbox 336 5165 1896 5254">
    <p class='ocr_par' dir='ltr' id='par_1_38' title="bbox 336 5165 1896 5254">
     <span class='ocr_line' id='line_1_38' title="bbox 336 5165 1896 5254; baseline -0.001 -22"><span class='ocrx_word' id='word_1_283' title='bbox 336 5171 403 5232; x_wconf 79' lang='grc'><strong>4.</strong></span> <span class='ocrx_word' id='word_1_284' title='bbox 438 5165 700 5230; x_wconf 81' lang='lat' dir='ltr'><strong>Historia</strong></span> <span class='ocrx_word' id='word_1_285' title='bbox 733 5169 809 5231; x_wconf 86' lang='lat' dir='ltr'><strong>de</strong></span> <span class='ocrx_word' id='word_1_286' title='bbox 837 5171 1028 5232; x_wconf 85' lang='lat' dir='ltr'><strong>sancti</strong></span> <span class='ocrx_word' id='word_1_287' title='bbox 1064 5170 1236 5234; x_wconf 65' lang='lat' dir='ltr'><strong>Lucae</strong></span> <span class='ocrx_word' id='word_1_288' title='bbox 1263 5171 1514 5254; x_wconf 87' lang='lat' dir='ltr'><strong>apostoli</strong></span> <span class='ocrx_word' id='word_1_289' title='bbox 1547 5178 1605 5232; x_wconf 88' lang='lat' dir='ltr'><strong>et</strong></span> <span class='ocrx_word' id='word_1_290' title='bbox 1635 5186 1896 5249; x_wconf 78' lang='lat' dir='ltr'><strong>evange-</strong></span> 
     </span>
    </p>
   </div>
   <div class='ocr_carea' id='block_1_39' title="bbox 256 5258 982 5338">
    <p class='ocr_par' dir='ltr' id='par_1_39' title="bbox 256 5258 982 5338">
     <span class='ocr_line' id='line_1_39' title="bbox 256 5258 982 5338; baseline 0.004 -18"><span class='ocrx_word' id='word_1_291' title='bbox 256 5258 412 5320; x_wconf 64' lang='lat' dir='ltr'><strong>lista;</strong></span> <span class='ocrx_word' id='word_1_292' title='bbox 439 5259 550 5318; x_wconf 82' lang='lat' dir='ltr'><strong>vita</strong></span> <span class='ocrx_word' id='word_1_293' title='bbox 581 5266 640 5318; x_wconf 83' lang='lat' dir='ltr'><strong>et</strong></span> <span class='ocrx_word' id='word_1_294' title='bbox 670 5259 982 5338; x_wconf 78' lang='lat' dir='ltr'><strong>martyrio.</strong></span> 
     </span>
    </p>
   </div>
   <div class='ocr_carea' id='block_1_40' title="bbox 333 5345 1898 5431">
    <p class='ocr_par' dir='ltr' id='par_1_40' title="bbox 333 5345 1898 5431">
     <span class='ocr_line' id='line_1_40' title="bbox 333 5345 1898 5431; baseline 0 -21"><span class='ocrx_word' id='word_1_295' title='bbox 333 5349 398 5410; x_wconf 81' lang='grc'><strong>5.</strong></span> <span class='ocrx_word' id='word_1_296' title='bbox 433 5345 696 5410; x_wconf 86' lang='lat' dir='ltr'><strong>Historia</strong></span> <span class='ocrx_word' id='word_1_297' title='bbox 725 5348 801 5409; x_wconf 86' lang='lat' dir='ltr'><strong>de</strong></span> <span class='ocrx_word' id='word_1_298' title='bbox 832 5347 1022 5411; x_wconf 86' lang='lat' dir='ltr'><strong>sancti</strong></span> <span class='ocrx_word' id='word_1_299' title='bbox 1049 5349 1296 5414; x_wconf 77' lang='lat' dir='ltr'><strong>Joannis</strong></span> <span class='ocrx_word' id='word_1_300' title='bbox 1344 5350 1600 5431; x_wconf 86' lang='lat' dir='ltr'><strong>apostoli</strong></span> <span class='ocrx_word' id='word_1_301' title='bbox 1634 5356 1693 5412; x_wconf 92' lang='lat' dir='ltr'><strong>et</strong></span> <span class='ocrx_word' id='word_1_302' title='bbox 1721 5366 1898 5411; x_wconf 83' lang='lat' dir='ltr'><strong>evan-</strong></span> 
     </span>
    </p>
   </div>
   <div class='ocr_carea' id='block_1_41' title="bbox 253 5438 1054 5520">
    <p class='ocr_par' dir='ltr' id='par_1_41' title="bbox 253 5438 1054 5520">
     <span class='ocr_line' id='line_1_41' title="bbox 253 5438 1054 5520; baseline 0.005 -20"><span class='ocrx_word' id='word_1_303' title='bbox 253 5438 476 5520; x_wconf 58' lang='lat' dir='ltr'><strong>gelista</strong></span> <span class='ocrx_word' id='word_1_304' title='bbox 506 5439 622 5500; x_wconf 83' lang='lat' dir='ltr'><strong>vita</strong></span> <span class='ocrx_word' id='word_1_305' title='bbox 654 5447 713 5500; x_wconf 92' lang='lat' dir='ltr'><strong>et</strong></span> <span class='ocrx_word' id='word_1_306' title='bbox 749 5439 1054 5520; x_wconf 86' lang='lat' dir='ltr'><strong>martyrio.</strong></span> 
     </span>
    </p>
   </div>
   <div class='ocr_carea' id='block_1_42' title="bbox 331 5526 1900 5614">
    <p class='ocr_par' dir='ltr' id='par_1_42' title="bbox 331 5526 1900 5614">
     <span class='ocr_line' id='line_1_42' title="bbox 331 5526 1900 5614; baseline 0.001 -22"><span class='ocrx_word' id='word_1_307' title='bbox 331 5533 391 5592; x_wconf 89' lang='lat'><strong>6.</strong></span> <span class='ocrx_word' id='word_1_308' title='bbox 421 5527 690 5593; x_wconf 83' lang='lat' dir='ltr'><strong>Historia</strong></span> <span class='ocrx_word' id='word_1_309' title='bbox 718 5526 793 5592; x_wconf 90' lang='lat' dir='ltr'><strong>de</strong></span> <span class='ocrx_word' id='word_1_310' title='bbox 820 5530 1010 5593; x_wconf 85' lang='lat' dir='ltr'><strong>sancti</strong></span> <span class='ocrx_word' id='word_1_311' title='bbox 1071 5527 1336 5614; x_wconf 89' lang='lat' dir='ltr'><strong>Philippi</strong></span> <span class='ocrx_word' id='word_1_312' title='bbox 1392 5529 1646 5611; x_wconf 88' lang='lat' dir='ltr'><strong>apostoli</strong></span> <span class='ocrx_word' id='word_1_313' title='bbox 1693 5529 1812 5592; x_wconf 83' lang='lat' dir='ltr'><strong>vita</strong></span> <span class='ocrx_word' id='word_1_314' title='bbox 1839 5537 1900 5594; x_wconf 88' lang='lat' dir='ltr'><strong>et</strong></span> 
     </span>
    </p>
   </div>
   <div class='ocr_carea' id='block_1_43' title="bbox 255 5621 552 5709">
    <p class='ocr_par' dir='ltr' id='par_1_43' title="bbox 255 5621 552 5709">
     <span class='ocr_line' id='line_1_43' title="bbox 255 5621 552 5709; baseline 0.003 -22"><span class='ocrx_word' id='word_1_315' title='bbox 255 5621 552 5709; x_wconf 77' lang='lat' dir='ltr'><strong>martyrio.</strong></span> 
     </span>
    </p>
   </div>
   <div class='ocr_carea' id='block_1_44' title="bbox 2061 3912 3617 3996">
    <p class='ocr_par' dir='ltr' id='par_1_44' title="bbox 2061 3912 3617 3996">
     <span class='ocr_line' id='line_1_44' title="bbox 2061 3912 3617 3996; baseline 0.001 -20"><span class='ocrx_word' id='word_1_316' title='bbox 2061 3914 2118 3976; x_wconf 92' lang='lat'><strong>8.</strong></span> <span class='ocrx_word' id='word_1_317' title='bbox 2154 3913 2413 3977; x_wconf 88' lang='lat' dir='ltr'><strong>Historia</strong></span> <span class='ocrx_word' id='word_1_318' title='bbox 2442 3912 2518 3976; x_wconf 91' lang='lat' dir='ltr'><strong>de</strong></span> <span class='ocrx_word' id='word_1_319' title='bbox 2547 3913 2736 3977; x_wconf 88' lang='lat' dir='ltr'><strong>sancti</strong></span> <span class='ocrx_word' id='word_1_320' title='bbox 2766 3913 3008 3977; x_wconf 62' lang='lat' dir='ltr'><strong>Thema;</strong></span> <span class='ocrx_word' id='word_1_321' title='bbox 3065 3914 3322 3996; x_wconf 85' lang='lat' dir='ltr'><strong>apostoli</strong></span> <span class='ocrx_word' id='word_1_322' title='bbox 3377 3915 3498 3978; x_wconf 81' lang='lat' dir='ltr'><strong>vita</strong></span> <span class='ocrx_word' id='word_1_323' title='bbox 3554 3923 3617 3979; x_wconf 89' lang='lat' dir='ltr'><strong>et</strong></span> 
     </span>
    </p>
   </div>
   <div class='ocr_carea' id='block_1_45' title="bbox 1983 4022 2288 4084">
    <p class='ocr_par' dir='ltr' id='par_1_45' title="bbox 1983 4022 2288 4084">
     <span class='ocr_line' id='line_1_45' title="bbox 1983 4022 2288 4084; baseline -0.01 -18"><span class='ocrx_word' id='word_1_324' title='bbox 1983 4022 2288 4084; x_wconf 78' lang='lat' dir='ltr'><strong>martyrio.</strong></span> 
     </span>
    </p>
   </div>
   <div class='ocr_carea' id='block_1_46' title="bbox 2059 4091 3620 4174">
    <p class='ocr_par' dir='ltr' id='par_1_46' title="bbox 2059 4091 3620 4174">
     <span class='ocr_line' id='line_1_46' title="bbox 2059 4091 3620 4174; baseline -0.001 -17"><span class='ocrx_word' id='word_1_325' title='bbox 2059 4096 2119 4158; x_wconf 88' lang='lat'><strong>9.</strong></span> <span class='ocrx_word' id='word_1_326' title='bbox 2145 4092 2404 4155; x_wconf 84' lang='lat' dir='ltr'><strong>Historia</strong></span> <span class='ocrx_word' id='word_1_327' title='bbox 2419 4093 2494 4156; x_wconf 89' lang='lat' dir='ltr'><strong>de</strong></span> <span class='ocrx_word' id='word_1_328' title='bbox 2517 4091 3114 4174; x_wconf 88' lang='lat' dir='ltr'><strong>Sabbatii,Trophimi</strong></span> <span class='ocrx_word' id='word_1_329' title='bbox 3138 4100 3198 4156; x_wconf 89' lang='lat' dir='ltr'><strong>et</strong></span> <span class='ocrx_word' id='word_1_330' title='bbox 3217 4093 3620 4174; x_wconf 80' lang='lat' dir='ltr'><strong>Dorymedon-</strong></span> 
     </span>
    </p>
   </div>
   <div class='ocr_carea' id='block_1_47' title="bbox 1984 4180 3618 4264">
    <p class='ocr_par' dir='ltr' id='par_1_47' title="bbox 1984 4180 3618 4264">
     <span class='ocr_line' id='line_1_47' title="bbox 1984 4180 3618 4264; baseline 0.001 -20"><span class='ocrx_word' id='word_1_331' title='bbox 1984 4183 2059 4245; x_wconf 90' lang='lat' dir='ltr'><strong>tis</strong></span> <span class='ocrx_word' id='word_1_332' title='bbox 2106 4184 2402 4264; x_wconf 86' lang='lat' dir='ltr'><strong>martyrio,</strong></span> <span class='ocrx_word' id='word_1_333' title='bbox 2435 4182 2592 4264; x_wconf 89' lang='lat' dir='ltr'><strong>quod</strong></span> <span class='ocrx_word' id='word_1_334' title='bbox 2618 4180 2930 4244; x_wconf 89' lang='lat' dir='ltr'><strong>Sabbatius</strong></span> <span class='ocrx_word' id='word_1_335' title='bbox 2947 4182 3102 4263; x_wconf 89' lang='lat' dir='ltr'><strong>apud</strong></span> <span class='ocrx_word' id='word_1_336' title='bbox 3125 4183 3526 4246; x_wconf 82' lang='lat' dir='ltr'><strong>Antiochenos</strong></span> <span class='ocrx_word' id='word_1_337' title='bbox 3555 4183 3618 4246; x_wconf 88' lang='lat' dir='ltr'><strong>in</strong></span> 
     </span>
    </p>
   </div>
   <div class='ocr_carea' id='block_1_48' title="bbox 1981 4271 3621 4354">
    <p class='ocr_par' dir='ltr' id='par_1_48' title="bbox 1981 4271 3621 4354">
     <span class='ocr_line' id='line_1_48' title="bbox 1981 4271 3621 4354; baseline -0.001 -19"><span class='ocrx_word' id='word_1_338' title='bbox 1981 4271 2172 4354; x_wconf 81' lang='lat' dir='ltr'><strong>Syria,</strong></span> <span class='ocrx_word' id='word_1_339' title='bbox 2203 4271 2568 4353; x_wconf 88' lang='lat' dir='ltr'><strong>Trophimus</strong></span> <span class='ocrx_word' id='word_1_340' title='bbox 2596 4279 2654 4334; x_wconf 91' lang='lat' dir='ltr'><strong>et</strong></span> <span class='ocrx_word' id='word_1_341' title='bbox 2677 4271 3056 4352; x_wconf 88' lang='lat' dir='ltr'><strong>Dorymedon</strong></span> <span class='ocrx_word' id='word_1_342' title='bbox 3087 4271 3242 4353; x_wconf 83' lang='lat' dir='ltr'><strong>apud</strong></span> <span class='ocrx_word' id='word_1_343' title='bbox 3276 4273 3621 4353; x_wconf 82' lang='lat' dir='ltr'><strong>Synadenos</strong></span> 
     </span>
    </p>
   </div>
   <div class='ocr_carea' id='block_1_49' title="bbox 1983 4361 3467 4443">
    <p class='ocr_par' dir='ltr' id='par_1_49' title="bbox 1983 4361 3467 4443">
     <span class='ocr_line' id='line_1_49' title="bbox 1983 4361 3467 4443; baseline 0.002 -21"><span class='ocrx_word' id='word_1_344' title='bbox 1983 4370 2043 4424; x_wconf 91' lang='lat' dir='ltr'><strong>tn</strong></span> <span class='ocrx_word' id='word_1_345' title='bbox 2073 4362 2325 4443; x_wconf 70' lang='lat' dir='ltr'><strong>Phrygia</strong></span> <span class='ocrx_word' id='word_1_346' title='bbox 2354 4364 2464 4425; x_wconf 91' lang='lat' dir='ltr'><strong>sub</strong></span> <span class='ocrx_word' id='word_1_347' title='bbox 2496 4363 2854 4440; x_wconf 86' lang='lat' dir='ltr'><strong>imperatore</strong></span> <span class='ocrx_word' id='word_1_348' title='bbox 2886 4361 3079 4424; x_wconf 88' lang='lat' dir='ltr'><strong>Probo</strong></span> <span class='ocrx_word' id='word_1_349' title='bbox 3129 4361 3467 4425; x_wconf 89' lang='lat' dir='ltr'><strong>subierunt.</strong></span> 
     </span>
    </p>
   </div>
   <div class='ocr_carea' id='block_1_50' title="bbox 2061 4447 3619 4532">
    <p class='ocr_par' dir='ltr' id='par_1_50' title="bbox 2061 4447 3619 4532">
     <span class='ocr_line' id='line_1_50' title="bbox 2061 4447 3619 4532; baseline 0.003 -20"><span class='ocrx_word' id='word_1_350' title='bbox 2061 4452 2158 4513; x_wconf 84' lang='grc'><strong>10.</strong></span> <span class='ocrx_word' id='word_1_351' title='bbox 2189 4451 2450 4513; x_wconf 88' lang='lat' dir='ltr'><strong>Historia</strong></span> <span class='ocrx_word' id='word_1_352' title='bbox 2475 4452 2550 4513; x_wconf 90' lang='lat' dir='ltr'><strong>de</strong></span> <span class='ocrx_word' id='word_1_353' title='bbox 2577 4447 2832 4530; x_wconf 86' lang='lat' dir='ltr'><strong>Thyrsii,</strong></span> <span class='ocrx_word' id='word_1_354' title='bbox 2855 4452 3085 4532; x_wconf 90' lang='lat' dir='ltr'><strong>Leucii,</strong></span> <span class='ocrx_word' id='word_1_355' title='bbox 3115 4452 3504 4528; x_wconf 86' lang='lat' dir='ltr'><strong>Philemonis,</strong></span> <span class='ocrx_word' id='word_1_356' title='bbox 3531 4452 3619 4516; x_wconf 83' lang='grc' dir='ltr'><strong>Δ-</strong></span> 
     </span>
    </p>
   </div>
   <div class='ocr_carea' id='block_1_51' title="bbox 1982 4539 3623 4623">
    <p class='ocr_par' dir='ltr' id='par_1_51' title="bbox 1982 4539 3623 4623">
     <span class='ocr_line' id='line_1_51' title="bbox 1982 4539 3623 4623; baseline 0.001 -20"><span class='ocrx_word' id='word_1_357' title='bbox 1982 4540 2223 4621; x_wconf 90' lang='lat' dir='ltr'><strong>pollonii</strong></span> <span class='ocrx_word' id='word_1_358' title='bbox 2275 4549 2333 4603; x_wconf 91' lang='lat' dir='ltr'><strong>et</strong></span> <span class='ocrx_word' id='word_1_359' title='bbox 2383 4540 2680 4601; x_wconf 88' lang='lat' dir='ltr'><strong>sociorum</strong></span> <span class='ocrx_word' id='word_1_360' title='bbox 2733 4539 3033 4620; x_wconf 84' lang='lat' dir='ltr'><strong>martyrio,</strong></span> <span class='ocrx_word' id='word_1_361' title='bbox 3069 4541 3321 4618; x_wconf 88' lang='lat' dir='ltr'><strong>quodin</strong></span> <span class='ocrx_word' id='word_1_362' title='bbox 3351 4540 3623 4623; x_wconf 83' lang='lat' dir='ltr'><strong>Bithynia</strong></span> 
     </span>
    </p>
   </div>
   <div class='ocr_carea' id='block_1_52' title="bbox 1980 4629 3165 4709">
    <p class='ocr_par' dir='ltr' id='par_1_52' title="bbox 1980 4629 3165 4709">
     <span class='ocr_line' id='line_1_52' title="bbox 1980 4629 3165 4709; baseline -0.001 -17"><span class='ocrx_word' id='word_1_363' title='bbox 1980 4630 2093 4694; x_wconf 88' lang='lat' dir='ltr'><strong>sub</strong></span> <span class='ocrx_word' id='word_1_364' title='bbox 2125 4634 2485 4709; x_wconf 89' lang='lat' dir='ltr'><strong>imperatore</strong></span> <span class='ocrx_word' id='word_1_365' title='bbox 2515 4629 2697 4691; x_wconf 91' lang='lat' dir='ltr'><strong>Decio</strong></span> <span class='ocrx_word' id='word_1_366' title='bbox 2729 4629 3165 4691; x_wconf 84' lang='lat' dir='ltr'><strong>sustinuerunt.</strong></span> 
     </span>
    </p>
   </div>
   <div class='ocr_carea' id='block_1_53' title="bbox 2061 4717 3619 4802">
    <p class='ocr_par' dir='ltr' id='par_1_53' title="bbox 2061 4717 3619 4802">
     <span class='ocr_line' id='line_1_53' title="bbox 2061 4717 3619 4802; baseline 0.002 -21"><span class='ocrx_word' id='word_1_367' title='bbox 2061 4720 2156 4781; x_wconf 81' lang='grc'><strong>11.</strong></span> <span class='ocrx_word' id='word_1_368' title='bbox 2193 4718 2450 4781; x_wconf 88' lang='lat' dir='ltr'><strong>Historia</strong></span> <span class='ocrx_word' id='word_1_369' title='bbox 2478 4719 2554 4780; x_wconf 91' lang='lat' dir='ltr'><strong>de</strong></span> <span class='ocrx_word' id='word_1_370' title='bbox 2575 4717 3619 4802; x_wconf 61' lang='lat' dir='ltr'><strong>Menetlorai,Metrodorae,Nympho-</strong></span> 
     </span>
    </p>
   </div>
   <div class='ocr_carea' id='block_1_54' title="bbox 1980 4809 3622 4890">
    <p class='ocr_par' dir='ltr' id='par_1_54' title="bbox 1980 4809 3622 4890">
     <span class='ocr_line' id='line_1_54' title="bbox 1980 4809 3622 4890; baseline 0.001 -18"><span class='ocrx_word' id='word_1_371' title='bbox 1980 4809 2141 4872; x_wconf 72' lang='lat' dir='ltr'><strong>dom</strong></span> <span class='ocrx_word' id='word_1_372' title='bbox 2170 4810 2464 4889; x_wconf 76' lang='lat' dir='ltr'><strong>virginum</strong></span> <span class='ocrx_word' id='word_1_373' title='bbox 2497 4809 2880 4889; x_wconf 81' lang='lat' dir='ltr'><strong>Bithynarum</strong></span> <span class='ocrx_word' id='word_1_374' title='bbox 2938 4812 3239 4890; x_wconf 86' lang='lat' dir='ltr'><strong>martyrio,</strong></span> <span class='ocrx_word' id='word_1_375' title='bbox 3292 4810 3454 4887; x_wconf 89' lang='lat' dir='ltr'><strong>quod</strong></span> <span class='ocrx_word' id='word_1_376' title='bbox 3508 4811 3622 4873; x_wconf 85' lang='lat' dir='ltr'><strong>sub</strong></span> 
     </span>
    </p>
   </div>
   <div class='ocr_carea' id='block_1_55' title="bbox 1978 4898 3056 4981">
    <p class='ocr_par' dir='ltr' id='par_1_55' title="bbox 1978 4898 3056 4981">
     <span class='ocr_line' id='line_1_55' title="bbox 1978 4898 3056 4981; baseline 0 -18"><span class='ocrx_word' id='word_1_377' title='bbox 1978 4901 2338 4981; x_wconf 87' lang='lat' dir='ltr'><strong>imperatore</strong></span> <span class='ocrx_word' id='word_1_378' title='bbox 2369 4899 2690 4963; x_wconf 83' lang='lat' dir='ltr'><strong>Maximino</strong></span> <span class='ocrx_word' id='word_1_379' title='bbox 2721 4898 3056 4963; x_wconf 88' lang='lat' dir='ltr'><strong>subierunt.</strong></span> 
     </span>
    </p>
   </div>
   <div class='ocr_carea' id='block_1_56' title="bbox 2063 4988 3625 5070">
    <p class='ocr_par' dir='ltr' id='par_1_56' title="bbox 2063 4988 3625 5070">
     <span class='ocr_line' id='line_1_56' title="bbox 2063 4988 3625 5070; baseline -0.001 -20"><span class='ocrx_word' id='word_1_380' title='bbox 2063 4990 2162 5053; x_wconf 72' lang='grc'><strong>12.</strong></span> <span class='ocrx_word' id='word_1_381' title='bbox 2197 4988 2455 5051; x_wconf 88' lang='lat' dir='ltr'><strong>Historia</strong></span> <span class='ocrx_word' id='word_1_382' title='bbox 2483 4989 2557 5050; x_wconf 89' lang='lat' dir='ltr'><strong>de</strong></span> <span class='ocrx_word' id='word_1_383' title='bbox 2589 4988 2881 5051; x_wconf 86' lang='lat' dir='ltr'><strong>Joannicii</strong></span> <span class='ocrx_word' id='word_1_384' title='bbox 2909 4988 3145 5050; x_wconf 82' lang='lat' dir='ltr'><strong>abbatis</strong></span> <span class='ocrx_word' id='word_1_385' title='bbox 3175 4989 3427 5070; x_wconf 90' lang='lat' dir='ltr'><strong>vita,qui</strong></span> <span class='ocrx_word' id='word_1_386' title='bbox 3447 4989 3511 5051; x_wconf 87' lang='lat' dir='ltr'><strong>in</strong></span> <span class='ocrx_word' id='word_1_387' title='bbox 3536 4992 3625 5052; x_wconf 86' lang='lat' dir='ltr'><strong>Bi-</strong></span> 
     </span>
    </p>
   </div>
   <div class='ocr_carea' id='block_1_57' title="bbox 1984 5072 3626 5160">
    <p class='ocr_par' dir='ltr' id='par_1_57' title="bbox 1984 5072 3626 5160">
     <span class='ocr_line' id='line_1_57' title="bbox 1984 5072 3626 5160; baseline -0.002 -19"><span class='ocrx_word' id='word_1_388' title='bbox 1984 5079 2198 5160; x_wconf 62' lang='lat' dir='ltr'><strong>thynia:</strong></span> <span class='ocrx_word' id='word_1_389' title='bbox 2228 5081 2357 5140; x_wconf 89' lang='lat' dir='ltr'><strong>vico</strong></span> <span class='ocrx_word' id='word_1_390' title='bbox 2389 5077 2868 5159; x_wconf 82' lang='lat' dir='ltr'><strong>Marycato,anno</strong></span> <span class='ocrx_word' id='word_1_391' title='bbox 2902 5084 3277 5158; x_wconf 88' lang='lat' dir='ltr'><strong>imperatoris</strong></span> <span class='ocrx_word' id='word_1_392' title='bbox 3309 5078 3522 5140; x_wconf 84' lang='lat' dir='ltr'><strong>Leonis</strong></span> <span class='ocrx_word' id='word_1_393' title='bbox 3551 5072 3626 5138; x_wconf 85' lang='lat' dir='ltr'><strong>IV</strong></span> 
     </span>
    </p>
   </div>
   <div class='ocr_carea' id='block_1_58' title="bbox 1987 5167 3625 5251">
    <p class='ocr_par' dir='ltr' id='par_1_58' title="bbox 1987 5167 3625 5251">
     <span class='ocr_line' id='line_1_58' title="bbox 1987 5167 3625 5251; baseline -0.001 -21"><span class='ocrx_word' id='word_1_394' title='bbox 1987 5170 2112 5251; x_wconf 87' lang='lat' dir='ltr'><strong>(qui</strong></span> <span class='ocrx_word' id='word_1_395' title='bbox 2143 5169 2592 5231; x_wconf 88' lang='lat' dir='ltr'><strong>Constantinum</strong></span> <span class='ocrx_word' id='word_1_396' title='bbox 2627 5168 3061 5248; x_wconf 89' lang='lat' dir='ltr'><strong>Copronymum</strong></span> <span class='ocrx_word' id='word_1_397' title='bbox 3115 5178 3340 5248; x_wconf 81' lang='lat' dir='ltr'><strong>patrem</strong></span> <span class='ocrx_word' id='word_1_398' title='bbox 3394 5167 3625 5248; x_wconf 86' lang='lat' dir='ltr'><strong>habuit)</strong></span> 
     </span>
    </p>
   </div>
   <div class='ocr_carea' id='block_1_59' title="bbox 1983 5256 3629 5339">
    <p class='ocr_par' dir='ltr' id='par_1_59' title="bbox 1983 5256 3629 5339">
     <span class='ocr_line' id='line_1_59' title="bbox 1983 5256 3629 5339; baseline -0.002 -17"><span class='ocrx_word' id='word_1_399' title='bbox 1983 5259 2222 5322; x_wconf 89' lang='lat' dir='ltr'><strong>decimo</strong></span> <span class='ocrx_word' id='word_1_400' title='bbox 2253 5257 2711 5339; x_wconf 84' lang='lat' dir='ltr'><strong>quarto,Christi</strong></span> <span class='ocrx_word' id='word_1_401' title='bbox 2751 5258 2888 5330; x_wconf 78' lang='lat'><strong>793,</strong></span> <span class='ocrx_word' id='word_1_402' title='bbox 2923 5266 3116 5332; x_wconf 90' lang='lat' dir='ltr'><strong>natus,</strong></span> <span class='ocrx_word' id='word_1_403' title='bbox 3153 5266 3461 5338; x_wconf 86' lang='lat' dir='ltr'><strong>postquam</strong></span> <span class='ocrx_word' id='word_1_404' title='bbox 3497 5256 3629 5320; x_wconf 89' lang='lat' dir='ltr'><strong>ico-</strong></span> 
     </span>
    </p>
   </div>
   <div class='ocr_carea' id='block_1_60' title="bbox 1981 5345 3734 5424">
    <p class='ocr_par' dir='ltr' id='par_1_60' title="bbox 1981 5345 3734 5424">
     <span class='ocr_line' id='line_1_60' title="bbox 1981 5345 3734 5424; baseline -0.004 -12"><span class='ocrx_word' id='word_1_405' title='bbox 1981 5349 2314 5412; x_wconf 84' lang='lat' dir='ltr'><strong>nomachus</strong></span> <span class='ocrx_word' id='word_1_406' title='bbox 2343 5347 2555 5420; x_wconf 86' lang='lat' dir='ltr'><strong>fuerat,</strong></span> <span class='ocrx_word' id='word_1_407' title='bbox 2593 5348 2723 5408; x_wconf 63' lang='lat' dir='ltr'><strong>vita;</strong></span> <span class='ocrx_word' id='word_1_408' title='bbox 2747 5345 3036 5408; x_wconf 59' lang='lat' dir='ltr'><strong>solitaria;</strong></span> <span class='ocrx_word' id='word_1_409' title='bbox 3069 5345 3536 5424; x_wconf 88' lang='lat' dir='ltr'><strong>cultor,tandem</strong></span> <span class='ocrx_word' id='word_1_410' title='bbox 3569 5347 3630 5410; x_wconf 91' lang='lat' dir='ltr'><strong>in</strong></span> <span class='ocrx_word' id='word_1_411' title='bbox 3722 5393 3734 5405; x_wconf 90' lang='lat'><strong>.</strong></span> 
     </span>
    </p>
   </div>
   <div class='ocr_carea' id='block_1_61' title="bbox 1981 5435 3629 5518">
    <p class='ocr_par' dir='ltr' id='par_1_61' title="bbox 1981 5435 3629 5518">
     <span class='ocr_line' id='line_1_61' title="bbox 1981 5435 3629 5518; baseline -0.001 -16"><span class='ocrx_word' id='word_1_412' title='bbox 1981 5439 2257 5518; x_wconf 86' lang='lat' dir='ltr'><strong>Bithynia</strong></span> <span class='ocrx_word' id='word_1_413' title='bbox 2280 5437 2620 5500; x_wconf 89' lang='lat' dir='ltr'><strong>monasterii</strong></span> <span class='ocrx_word' id='word_1_414' title='bbox 2643 5436 2801 5514; x_wconf 85' lang='lat' dir='ltr'><strong>quod</strong></span> <span class='ocrx_word' id='word_1_415' title='bbox 2826 5445 3205 5499; x_wconf 79' lang='lat' dir='ltr'><strong>exstruxerat</strong></span> <span class='ocrx_word' id='word_1_416' title='bbox 3229 5447 3290 5498; x_wconf 89' lang='lat' dir='ltr'><strong>et</strong></span> <span class='ocrx_word' id='word_1_417' title='bbox 3307 5435 3629 5501; x_wconf 85' lang='lat' dir='ltr'><strong>Eustachio</strong></span> 
     </span>
    </p>
   </div>
   <div class='ocr_carea' id='block_1_62' title="bbox 1986 5524 3631 5609">
    <p class='ocr_par' dir='ltr' id='par_1_62' title="bbox 1986 5524 3631 5609">
     <span class='ocr_line' id='line_1_62' title="bbox 1986 5524 3631 5609; baseline -0.002 -16"><span class='ocrx_word' id='word_1_418' title='bbox 1986 5527 2225 5609; x_wconf 87' lang='lat' dir='ltr'><strong>martyri</strong></span> <span class='ocrx_word' id='word_1_419' title='bbox 2252 5526 2658 5599; x_wconf 85' lang='lat' dir='ltr'><strong>dedicaverat,</strong></span> <span class='ocrx_word' id='word_1_420' title='bbox 2692 5524 2897 5603; x_wconf 86' lang='lat' dir='ltr'><strong>abbas,</strong></span> <span class='ocrx_word' id='word_1_421' title='bbox 2923 5544 3081 5589; x_wconf 90' lang='lat' dir='ltr'><strong>anno</strong></span> <span class='ocrx_word' id='word_1_422' title='bbox 3111 5525 3498 5607; x_wconf 85' lang='lat' dir='ltr'><strong>imperatoris</strong></span> <span class='ocrx_word' id='word_1_423' title='bbox 3525 5527 3631 5591; x_wconf 82' lang='lat' dir='ltr'><strong>Mi-</strong></span> 
     </span>
    </p>
   </div>
   <div class='ocr_carea' id='block_1_63' title="bbox 1988 5614 3491 5699">
    <p class='ocr_par' dir='ltr' id='par_1_63' title="bbox 1988 5614 3491 5699">
     <span class='ocr_line' id='line_1_63' title="bbox 1988 5614 3491 5699; baseline 0.001 -17"><span class='ocrx_word' id='word_1_424' title='bbox 1988 5617 2214 5682; x_wconf 86' lang='lat' dir='ltr'><strong>chaelis</strong></span> <span class='ocrx_word' id='word_1_425' title='bbox 2244 5615 2412 5681; x_wconf 84' lang='lat' dir='ltr'><strong>Balbi</strong></span> <span class='ocrx_word' id='word_1_426' title='bbox 2442 5615 2678 5699; x_wconf 89' lang='lat' dir='ltr'><strong>quinto,</strong></span> <span class='ocrx_word' id='word_1_427' title='bbox 2712 5621 2776 5678; x_wconf 91' lang='lat' dir='ltr'><strong>et</strong></span> <span class='ocrx_word' id='word_1_428' title='bbox 2803 5614 3023 5681; x_wconf 76' lang='lat' dir='ltr'><strong>Christi</strong></span> <span class='ocrx_word' id='word_1_429' title='bbox 3053 5614 3174 5680; x_wconf 73' lang='lat'><strong>825</strong></span> <span class='ocrx_word' id='word_1_430' title='bbox 3201 5614 3491 5684; x_wconf 79' lang='lat' dir='ltr'><strong>decessit.</strong></span> 
     </span>
    </p>
   </div>
  </div>
