4004 6138
338 290 455 368 295

1505 291 1810 363 SYMEON
1820 299 1886 360 IS
1929 285 2544 361 ΜΕΤΑΡΗΒΑΒΤίΕ.

3595 291 3722 361 296

419 439 518 497 13.
556 431 812 495 Historia
846 432 920 494 de
971 432 1234 494 Marcelli
1288 433 1721 494 Acoemetarum
1753 433 1982 494 abbatis
2007 443 2040 488 Α
2068 433 2124 492 in
2155 431 2353 493 Iconio
2385 430 2516 491 sinu
2544 429 2787 497 Cilicum
2821 429 3074 491 civitatis
3097 430 3594 510 episcopus,cum
3618 446 3716 490 so-

335 529 476 606 vita,
508 525 607 605 qui
665 523 992 602 Apameam
1051 522 1437 600 Bithynorum
1490 523 1700 584 urbem
1737 523 1979 602 patriam

2064 517 2204 582 rore
2231 539 2338 581 sua
2391 519 2678 593 Zenobia,
2731 520 2842 581 sub
2893 520 3252 600 imperatore
3308 518 3720 599 Diocletiano,

334 623 568 688 nactus,
607 613 666 673 in
701 612 990 692 Bithynice
1018 614 1407 684 monasterio,
1437 612 1598 687 quod
1629 611 1704 672 ob
1729 613 1982 691 hymnos
2064 610 2369 674 sustinuit.

336 713 682 786 perpetuos,
719 721 834 762 non
863 702 1094 762 diurnis
1122 712 1345 762 tantum
1372 703 1475 762 sed
1524 702 1700 762 etiam
1734 712 1977 764 noctur-

337 795 430 855 nis
465 792 832 873 temporibus
863 791 923 851 in
949 810 1018 852 eo
1042 793 1264 853 cantari
1301 791 1515 866 solitis,
1552 793 1886 866 ἀκοιμ-άτων,
1918 793 1976 854 id

336 892 426 944 est
461 901 578 946 non
609 880 1036 942 dormientium
1072 898 1291 940 nomm
1343 887 1679 960 acceperat,
1728 882 1980 961 impera-

335 982 463 1034 tore
496 972 691 1033 Leone
721 971 974 1032 Thrace.
1005 969 1073 1032 A.
1111 969 1174 1031 C.
1214 969 1353 1042 469,
1389 968 1571 1030 abbas
1602 969 1729 1030 fuit.

415 1064 514 1124 14.
549 1059 808 1122 Historia
839 1059 913 1120 de
965 1057 1312 1138 Euphemia:
1361 1059 1614 1138 virginis
1668 1063 1972 1141 martyrio,

332 1150 487 1231 quod
521 1151 580 1211 in
613 1147 1016 1210 Chalcedonia
1045 1149 1429 1228 Bithynorum
1464 1151 1710 1228 regione
1735 1151 1842 1211 sub
1872 1158 1978 1210 im-

332 1249 606 1320 peratore
635 1238 1010 1300 Diocletiano
1042 1239 1346 1299 sustinuit.
1679 1310 1684 1312 _

413 1332 512 1390 15.
544 1327 806 1390 Historia
860 1328 935 1387 de
967 1327 1232 1388 Anthimi
1265 1326 1760 1402 Nicomediensis,
1793 1327 1973 1389 Nico-

333 1419 730 1481 mediensium
776 1417 1064 1496 episcopi,
1104 1419 1404 1497 martyrio,
1441 1418 1596 1498 quod
1631 1418 1744 1478 sub
1781 1422 1972 1498 impe-

330 1516 527 1568 ratore
559 1507 916 1569 Maximiano
954 1523 1165 1585 passus
1197 1515 1304 1566 est.

415 1596 506 1658 16.
541 1594 801 1659 Historia
833 1595 904 1656 de
958 1595 1090 1656 Indi
1135 1597 1418 1668 eunuchi,
1459 1595 1701 1658 Domnae
1733 1597 1974 1674 virginis

329 1693 387 1747 et
414 1685 668 1747 aliorum
705 1684 1111 1766 martyrio,qui
1145 1686 1255 1743 sub
1281 1687 1645 1764 imperatore
1670 1687 1974 1749 Maximia-

2142 702 2241 761 29.
2279 699 2535 764 Historia
2564 701 2640 764 de
2669 700 2916 764 Soxonis
2955 699 3456 779 Opilionis,patria
3484 699 3714 774 Cilicis,

2065 791 2366 869 martyrio,
2395 793 2550 871 quod
2578 791 2733 870 apud
2769 789 3355 869 Pompeiopolitanos
3386 791 3444 850 in
3477 789 3714 868 Cilicia,

2062 879 2170 938 sub
2202 879 2565 957 imperatore
2602 878 2956 942 Maximiano
2987 879 3192 939 subiit.

2141 968 2238 1030 30.
2276 967 2533 1029 Historia
2563 969 2638 1031 de
2662 968 2951 1031 Bonifacii
2975 968 3223 1029 Romani
3249 970 3525 1049 martyrio
3549 969 3712 1050 quod

2059 1057 2212 1136 apud
2247 1059 2573 1121 Tarsenses
2603 1061 2659 1120 in
2693 1059 2899 1121 Cilicia
2932 1057 3236 1120 sustinuit.

2141 1146 2203 1205 3t
2226 1194 2239 1207 .
2274 1145 2534 1207 Historia
2563 1149 2636 1208 de
2696 1147 3022 1209 Clementis
3055 1147 3354 1227 Ancyrani
3389 1146 3447 1208 in
3481 1149 3712 1209 Galatia

2058 1236 2324 1314 episcopi
2359 1235 2473 1296 vita
2501 1247 2557 1297 et
2593 1235 3001 1316 martyriuqui
3029 1238 3095 1296 A.
3125 1237 3188 1297 C.
3213 1237 3327 1297 257
3353 1245 3513 1309 natu,
3543 1237 3591 1298 A
3631 1240 3706 1298 C.

2058 1322 2515 1403 W'lepiscopus
2534 1325 3045 1404 creatus.patriam
3074 1344 3242 1385 suam
3272 1329 3563 1406 Ancyram
3591 1326 3706 1387 sub

2060 1413 2422 1492 imperatore
2453 1415 2831 1486 Maximiano,
2867 1415 3104 1475 circiter
3155 1414 3224 1476 A.
3261 1417 3326 1476 C.
3364 1416 3502 1489 809,
3541 1433 3706 1477 mara

2058 1502 2204 1580 tyrio
2235 1520 2343 1562 suo
2371 1502 2726 1563 nobilitavit.

2136 1591 2232 1652 32.
2271 1590 2536 1652 Historia
2569 1592 2642 1652 de
2677 1591 2940 1654 Platonis
2971 1593 3260 1673 Ancyrani
3287 1592 3506 1655 Galatae
3540 1612 3707 1654 mar-

2059 1681 2224 1758 tyrio,
2263 1681 2414 1759 quod
2452 1682 2506 1740 in
2545 1681 2731 1755 patria
2765 1680 2910 1740 urbe
2945 1682 3242 1742 sustinuit.

328 1792 405 1836 no
437 1773 592 1836 intra
644 1772 1054 1836 Nicomediam
1115 1773 1405 1851 Bithyniae
1463 1775 1693 1842 urbem.
1759 1784 1877 1836 tum
1911 1776 1969 1834 in
1998 1801 2032 1849 Β
2138 1769 2234 1831 33.
2273 1769 2529 1830 Historia
2561 1770 2636 1830 de
2667 1768 2892 1830 Mennte
2921 1768 3173 1850 Egyptii
3210 1777 3511 1851 martyrio,
3542 1771 3706 1850 quod

326 1863 576 1926 incenso
617 1863 840 1943 templo
871 1861 1230 1924 Christianis
1264 1865 1515 1941 repleto,
1551 1873 1673 1925 tum
1707 1874 1873 1926 extra
1901 1864 1970 1925 il-

324 1951 423 2014 lud
459 1952 789 2033 perierunt.

368 2120 374 2125 ι
407 2042 507 2102 17.
543 2039 803 2103 Historia
831 2040 907 2102 de
931 2040 1182 2102 Julianaa
1211 2041 1452 2120 virginis
1483 2044 1784 2122 martyrio,
1812 2043 1968 2124 quod

326 2133 480 2192 intra
509 2129 915 2193 Nicomediam
952 2131 1199 2211 patriam
1253 2133 1362 2192 sub
1396 2131 1752 2210 imperatore
1783 2132 1966 2194 Maxi-

327 2225 524 2281 miano
556 2219 862 2282 sustinuit.

409 2310 504 2370 18.
538 2307 801 2370 Historia
824 2312 898 2371 de
923 2307 1198 2370 Barbarae
1221 2308 1466 2388 virginis
1499 2311 1965 2392 martyrio,quod

323 2397 689 2460 Nicomediae
705 2399 816 2461 sub
842 2398 1201 2478 imperatore
1226 2397 1576 2460 Maximiano
1610 2399 1816 2460 subiit.

403 2489 502 2551 19.
538 2487 798 2550 Historia
832 2487 907 2550 de
937 2486 1234 2568 Eulampii
1266 2496 1324 2550 et
1346 2487 1670 2568 Eulampiaa
1693 2489 1965 2553 Nicome-

323 2577 626 2639 diensium
660 2577 856 2638 fratris
886 2585 948 2638 et
977 2578 1205 2639 sororis
1239 2578 1541 2658 martyrio.

401 2667 505 2730 20.
541 2664 807 2728 Historia
837 2667 910 2728 de
943 2667 1242 2729 Theodori
1295 2665 1546 2747 Tyronis
1573 2668 1746 2733 (alias
1777 2669 1965 2729 Tero-

325 2755 440 2835 nis)
482 2755 687 2816 militis
749 2757 1048 2836 martyrio,
1104 2755 1264 2832 quod
1316 2757 1472 2836 apud
1521 2756 1850 2819 Amasenos
1906 2757 1964 2818 in

323 2843 517 2906 Ponto
547 2842 658 2905 sub
689 2844 1045 2924 imperatore
1080 2845 1436 2906 Maximiano
1471 2845 1770 2908 sustinuit.

403 2933 503 2996 21.
533 2933 796 2997 Historia
827 2935 902 2996 de
933 2935 1259 2997 Abrahami
1314 2933 1478 3016 Mysii
1527 2935 1792 2997 eremitai
1823 2936 1959 3010 vita,

323 3023 423 3103 qui
456 3023 675 3084 saeculo
709 3031 838 3103 post
863 3022 926 3086 C.
961 3021 1027 3082 N.
1065 3032 1250 3096 sexto,
1310 3026 1550 3085 deserta
1577 3043 1795 3105 sponsa
1825 3044 1955 3101 sua,

323 3112 652 3206 solitariam
678 3112 753 3206 ad
784 3112 1234 3206 Hellespontum
1266 3113 1325 3206 in
1356 3111 1532 3206 Mysia
1564 3117 1738 3175 vitam
1775 3115 1918 3206 egit.
1976 3156 2018 3206 ο

400 3201 500 3263 22.
532 3203 788 3265 Historia
839 3203 914 3263 de
963 3201 1343 3283 Theophanis
1391 3201 1528 3278 vita,
1563 3222 1738 3283 quem
1773 3203 1960 3284 patria

318 3290 1038 3373 Constantinopolitanum
1088 3294 1242 3371 Ager
1294 3309 1564 3372 magnus,
1602 3294 1658 3354 in
1695 3293 1962 3372 Sigriana

319 3381 520 3460 Mysiae
554 3381 804 3443 minoris
833 3381 1103 3460 regione,
1158 3382 1584 3456 monasterium
1620 3384 1821 3454 habuit
1851 3383 1960 3444 ab-

318 3468 540 3550 batem,
573 3471 818 3533 circiter
845 3475 913 3533 A.
948 3473 1015 3533 C.
1053 3473 1169 3534 818
1205 3480 1527 3534 mortuum.

395 3559 492 3624 23.
530 3559 788 3622 Historia
818 3561 892 3622 de
925 3560 1194 3635 Abercii,
1229 3559 1834 3642 Hiempolitanorum,
1899 3561 1960 3623 in

319 3648 554 3710 minore
581 3647 855 3728 Phrygia,
891 3650 1158 3729 episc0pi
1191 3649 1325 3724 vita,
1361 3651 1461 3729 qui
1490 3650 1598 3711 sub
1633 3651 1959 3731 imperato-

313 3735 483 3798 ribus
517 3737 592 3800 M.
627 3738 928 3800 Antonino
962 3747 1020 3800 et
1050 3739 1111 3798 L.
1149 3737 1307 3800 Vero
1341 3739 1578 3800 claruit.

395 3825 496 3888 24.
532 3826 793 3889 Historia
823 3827 898 3889 de
932 3827 1104 3908 Carpi
1136 3837 1195 3889 et
1225 3829 1424 3907 Papyli
1451 3828 1958 3909 Pergamenorum

314 3914 638 3996 Phrygum,
679 3917 1143 3997 martyrio,quod
1177 3918 1235 3977 in
1270 3918 1449 3997 Lydia
1480 3917 1956 3997 Thyatirensium

315 4003 419 4066 ille
441 4007 683 4086 quidem
717 4007 1058 4088 episcopus,
1093 4008 1190 4068 hic
1223 4019 1419 4068 autem
1474 4007 1789 4082 diaconus,
1822 4027 1957 4069 cum

314 4095 519 4171 sociis,
553 4096 666 4158 sub
694 4096 1058 4177 imperatore
1089 4096 1290 4178 Decio,
1332 4097 1766 4160 sustinuerunt.

397 4186 498 4248 25.
527 4185 787 4247 Historia
809 4187 884 4247 de
904 4185 1200 4246 Timothei
1229 4188 1364 4259 vita,
1403 4187 1502 4264 qui
1555 4189 1812 4266 Lystram
1842 4186 1952 4266 Ly-

314 4276 541 4338 caonia:
571 4277 866 4338 civitatem
903 4276 1149 4356 patriam
1205 4278 1432 4358 habuit,
1486 4277 1648 4338 Pauli
1700 4277 1954 4356 apostoli

313 4364 664 4445 discipulus,
698 4367 944 4428 Joannis
973 4367 1347 4448 evangelistze
1381 4386 1711 4443 successor,
1749 4367 1950 4447 Ephe-

313 4453 536 4516 siorum
572 4455 630 4516 in
665 4455 829 4517 lonia
885 4455 1224 4537 episcopus,
1263 4457 1507 4537 Ephesi,
1541 4456 1650 4517 sub
1682 4457 1947 4536 impera-

313 4551 443 4604 tore
473 4542 682 4618 Nerva,
723 4553 939 4625 martyr
966 4546 1190 4608 obiisse
1220 4545 1462 4608 dicitur.

396 4632 494 4696 26.
537 4631 795 4695 Historia
824 4635 898 4696 de
925 4635 1196 4697 Eusebiae
1219 4637 1462 4713 virginis
1497 4637 1784 4698 Romanae
1817 4636 1950 4718 vita,

312 4739 444 4803 qua:
473 4723 657 4801 virgo,
695 4741 830 4784 cum
864 4725 922 4784 in
957 4723 1164 4786 urbem
1201 4727 1388 4788 Cariae
1413 4725 1720 4805 Mylassam
1755 4727 1950 4786 venis-

311 4817 426 4884 set,
462 4812 705 4873 nomine
731 4831 838 4874 suo
867 4814 1256 4890 dissimulato,
1293 4833 1357 4876 se
1390 4815 1565 4895 Ξένην,
1601 4815 1656 4874 id
1691 4824 1781 4875 est
1813 4817 1952 4876 hos-

309 4901 490 4982 pitam
523 4901 710 4977 dixit;
773 4902 856 4963 ibi
917 4906 1340 4965 monasterium
1396 4909 1612 4967 Sancto
1648 4904 1951 4984 Stephano

312 4992 554 5072 martyri
613 5009 847 5053 sacrum
909 4995 1210 5070 excitavit,
1272 4995 1329 5056 iu
1362 5014 1477 5074 quo
1511 4995 1684 5054 vitam
1715 4995 1948 5073 clausit,

309 5081 528 5142 szeculo
563 5091 691 5160 post
723 5083 786 5143 C.
821 5081 889 5143 N.
926 5083 1156 5163 quinto.

390 5169 494 5229 27.
527 5169 787 5231 Historia
819 5172 892 5233 de
941 5175 1219 5235 Matronae
1276 5173 1592 5252 Pergensis
1628 5173 1782 5249 vita;
1819 5193 1954 5254 quia

309 5256 574 5319 Matrona
603 5260 816 5320 urbem
852 5264 911 5321 in
944 5260 1286 5342 Pamphylia
1318 5262 1544 5342 Pergen
1580 5263 1825 5342 patriam
1855 5265 1953 5324 ha-

311 5342 461 5418 buit,
500 5346 815 5409 Domitiani
847 5369 1016 5423 uxor,
1052 5349 1375 5415 Theodatm
1411 5362 1624 5428 mater,
1659 5355 1781 5413 viro
1816 5362 1948 5413 tan-

311 5431 446 5521 dem
486 5435 822 5512 posthabito
857 5456 1192 5519 quanquam
1225 5441 1436 5521 invito,
1467 5441 1526 5501 in
1573 5443 1952 5504 monasteriis

314 5519 488 5581 vitam
522 5526 840 5603 transegit.

391 5607 766 5676 28.Hiatoria
787 5614 862 5678 de
881 5614 1126 5679 Zenobii
1154 5620 1453 5705 martyrio,
1481 5621 1641 5704 quod
1669 5620 1953 5702 (Egarum

2053 1856 2484 1938 imperantibus
2541 1858 2910 1921 Diocletiano
2965 1874 3022 1920 et
3080 1861 3434 1922 Maximiano
3499 1861 3701 1935 miles,

2055 1947 2166 2008 Sub
2202 1947 2412 2008 iisdem
2447 1949 2506 2008 in
2553 1947 2895 2011 Galatarum
2943 1949 3091 2010 urbe
3121 1946 3354 2030 Coty'azo
3385 1950 3700 2012 sustinuit.

2134 2037 2234 2098 31.
2268 2037 2530 2100 Historia
2589 2040 2664 2100 de
2724 2037 3032 2112 Eustratii,
3065 2039 3372 2114 Auxentii,
3416 2040 3700 2120 Eugenii,

2054 2125 2350 2206 Mardarii,
2389 2139 2446 2188 et
2476 2126 2704 2191 Orestae
2734 2128 3034 2207 martyrio,
3073 2127 3230 2210 quod
3277 2129 3388 2192 sub
3428 2129 3702 2211 impera-

2053 2215 2280 2277 toribus
2311 2215 2677 2280 Diocletiano
2730 2227 2788 2278 et
2848 2217 3198 2280 Maximiano
3231 2219 3289 2280 in
3326 2218 3707 2300 Cappadocia

2052 2305 2390 2369 subierunt.

2131 2395 2229 2458 35.
2259 2393 2518 2457 Historia
2575 2394 2648 2456 de
2701 2395 2952 2476 Longini
2986 2397 3357 2460 centurionis
3387 2399 3698 2479 martyrio,

2051 2484 2150 2564 qui
2183 2483 2424 2546 natione
2481 2483 2746 2562 Judaeus,
2809 2487 3027 2549 Christi
3081 2487 3395 2566 pendentis
3425 2489 3484 2548 in
3517 2507 3704 2551 cruce

2049 2574 2348 2650 custos,ad
2382 2574 2730 2654 religionem
2764 2576 3164 2638 Christianam
3193 2596 3696 2656 conversus,per-

2048 2663 2373 2724 secutionis
2404 2674 2654 2726 auctore
2684 2663 2893 2737 Pilato,
2945 2668 3230 2730 Caesareae
3279 2667 3698 2748 Cappadocum

2047 2751 2217 2826 urbe,
2256 2761 2508 2813 mortem
2543 2771 2647 2833 pro
2682 2754 2920 2818 Christo
2952 2755 3210 2818 subiisse
3244 2757 3488 2818 dicitur.

2128 2841 2226 2903 36.
2259 2841 2517 2904 Historia
2548 2843 2622 2904 de
2654 2844 2938 2906 Mercurii
2995 2848 3298 2925 martyrio,
3336 2846 3490 2926 quod
3526 2857 3699 2926 patre

2046 2928 2346 2992 Gordiano
2394 2929 2610 3012 Scytha
2662 2944 2862 3008 natus,
2921 2934 3171 2995 militum
3222 2936 3362 3009 dux,
3399 2933 3695 2998 Caesareae

2045 3019 2456 3100 Cappadocum
2482 3022 2770 3096 urbe,sub
2794 3029 3154 3104 imperatore
3177 3027 3356 3087 Decio
3383 3027 3690 3087 sustinuit.

2121 3110 2219 3170 37.
2255 3109 2512 3171 Historia
2547 3111 2622 3172 tle
2667 3113 2978 3173 Mamantis
3031 3113 3428 3193 Paphlagonis
3463 3124 3689 3196 marty-

2045 3198 2157 3272 rio,
2193 3200 2349 3278 quod
2381 3201 2667 3262 Cmsareae
2697 3203 3111 3282 Cappadocum
3141 3203 3312 3277 urbe,
3347 3203 3454 3265 sub
3485 3203 3689 3284 impe-

2041 3294 2240 3349 ratore
2272 3288 2589 3350 Aureliano
2622 3289 2833 3353 subiit.

2125 3376 2222 3440 38.
2256 3377 2516 3440 Historia
2545 3378 2617 3440 de
2645 3377 2954 3444 Severiani
2982 3381 3187 3443 militis
3213 3381 3688 3464 martyrio,quod

2044 3470 2326 3530 Caesarem
2355 3469 2770 3549 Cappadocum
2806 3471 2953 3533 urbe
2990 3473 3100 3532 sub
3133 3472 3493 3552 imperatore
3525 3473 3687 3534 Lici-

2049 3559 2145 3619 nio
2175 3557 2476 3620 sustinuit.

2127 3647 2225 3710 39.
2261 3647 2518 3709 Historia
2547 3647 2621 3710 de
2655 3650 2924 3727 Gregorii
2955 3650 3156 3712 Parthi
3189 3651 3441 3733 vita,qui
3477 3654 3684 3715 multi-

2046 3737 2231 3817 plices
2287 3737 2360 3797 ab
2423 3737 2721 3799 Armeniis
2780 3738 3130 3800 afﬂictiones
3180 3740 3256 3802 ob
3288 3739 3686 3804 Christianam

2044 3825 2393 3904 religionem
2431 3845 2659 3907 passus,
2695 3827 2766 3888 ad
2801 3845 2929 3889 eam
2966 3837 3021 3890 et
3077 3847 3278 3908 regem
3311 3840 3367 3892 et
3400 3830 3686 3913 populum

2043 3916 2458 3977 Armeniorum
2493 3917 2790 3977 convertit
2825 3938 2836 3978 :
2875 3918 3087 3980 horum
3143 3920 3491 3997 aliquandiu
3520 3921 3687 4002 epis-

2042 4023 2250 4085 c0pus,
2289 4005 2524 4067 tandem
2558 4005 2900 4068 solitudinis
2930 4017 3177 4085 amator,
3233 4010 3418 4071 [ilium
3448 4011 3689 4074 Arosta-

2044 4112 2178 4154 nem
2213 4093 2273 4154 in
2307 4096 2646 4174 episcopatu
2682 4112 3097 4158 successorem
3131 4101 3383 4178 accepit,
3418 4099 3515 4179 qui
3541 4117 3681 4159 con-

2039 4183 2178 4244 cilio
2209 4185 2444 4244 Niczeno
2473 4183 2759 4264 interfuit,
2794 4185 2863 4247 A.
2901 4189 2967 4249 Ο.
2999 4185 3140 4248 325.

2116 4274 2218 4336 40.
2250 4273 2507 4335 Historia
2534 4274 2606 4334 de
2623 4273 2882 4350 Romuli,
2910 4274 3446 4350 Zenonis,Eudoxii
3475 4286 3533 4340 et
3564 4277 3680 4340 Ma-

2037 4363 2186 4425 carii
2217 4364 2518 4442 martyrio,
2555 4364 2707 4442 quod
2740 4362 3026 4425 Romulus
3056 4367 3300 4445 quidem
3335 4367 3444 4429 sub
3479 4367 3678 4448 impe-

2038 4461 2238 4514 ratore
2271 4451 2549 4530 Trajano,
2583 4453 2783 4513 caeleri
2816 4470 2959 4515 vero
2991 4456 3100 4515 sub
3133 4455 3498 4535 imperatore
3530 4456 3678 4518 Dio-

2037 4543 2292 4604 cletiano
2325 4544 2384 4602 iu
2418 4543 2719 4603 Armenia;
2777 4543 3025 4604 minoris
3069 4545 3217 4605 urbe
3247 4544 3533 4620 Melitine,
3572 4564 3675 4606 su-

2038 4630 2298 4694 bierunt.

2117 4724 2218 4785 41.
2251 4721 2507 4784 Historia
2532 4721 2605 4783 de
2637 4719 2916 4784 Hieronis
2947 4731 3006 4784 et
3034 4729 3336 4786 sociorum
3373 4727 3673 4806 martyrio;

2039 4832 2104 4874 ex
2131 4813 2345 4893 quibus
2369 4813 2551 4874 Hiero
2576 4814 2782 4876 urbem
2813 4814 2870 4874 in
2897 4813 3273 4895 Cappadocia
3293 4813 3550 4896 Tyanam
3581 4834 3678 4897 pa-

2038 4904 2210 4966 triam
2246 4902 2625 4976 habuit,cum
2659 4905 2737 4964 30
2774 4902 2952 4963 sociis
2987 4904 3330 4984 martyrium
3365 4905 3424 4966 in
3457 4905 3678 4968 Arme-

2038 4995 2146 5054 niae
2177 4991 2426 5053 minoris
2447 4994 2596 5054 urbe
2621 4993 2885 5055 Melitine
2905 4993 3016 5054 sub
3045 4993 3508 5073 imperatoribus
3542 4993 3683 5056 Dio-

2037 5082 2289 5144 cletiano
2322 5092 2382 5143 et
2413 5082 2764 5144 Maximiano
2799 5101 3027 5162 passus.

2114 5172 2214 5234 42.
2239 5171 2502 5234 Historia
2520 5172 2594 5232 de
2612 5173 2690 5232 40
2714 5181 3028 5250 martyrum
3043 5172 3138 5243 ,39
3161 5172 3420 5234 militum
3441 5171 3678 5254 Cappa-

2034 5263 2272 5335 docum,
2307 5281 2439 5323 cum
2468 5260 2952 5340 quadragesimus
2975 5260 3144 5323 abiis
3165 5263 3515 5344 aufugisset,
3547 5265 3678 5343 ejus

2035 5354 2164 5413 loco
2187 5352 2494 5414 custodem
2515 5349 3098 5428 carceris,pagauum
3123 5350 3676 5425 hominem,Chrls-

2038 5442 2259 5503 tianum
2274 5449 2522 5521 repente
2539 5439 3051 5518 factum,martyrii
3069 5441 3300 5502 socium
3323 5451 3678 5505 consecuto-

2033 5554 2163 5598 rum
2184 5535 2484 5615 martyrio,
2505 5532 2667 5610 quod
2687 5531 2745 5594 in
2772 5529 3260 5594 Sebastianorum
3287 5534 3457 5610 urbe,
3495 5555 3674 5617 quam

2033 5628 2373 5688 vetustiores
2393 5626 2628 5703 quidem
2649 5627 2708 5684 in
2723 5625 3459 5697 Cappadocia,recentiores
3480 5639 3672 5690 autem
