4004 6138
339 275 414 338 30!
1535 266 1888 334 VITARUM
1938 269 2404 334 CATALOGUS.

3521 268 3664 340 -302

381 404 689 485 Martyrium
724 413 950 468 sancite
985 407 1224 488 Agathae
1249 406 1491 484 virginis
1522 414 1580 469 et
1602 404 1876 486 martyris
1899 424 1915 480 ;
1939 415 1976 462 Α
2084 404 2418 485 Martyrium
2453 414 2674 468 sanctas
2706 406 3046 470 Catharinae
3077 407 3329 490 virginis
3357 426 3374 484 ;

372 495 695 575 Martyrium
723 505 1077 559 sanctorum
1107 495 1934 577 martyrutn,Faustae,Eveia-

304 588 355 646 sli
378 593 427 646 et
456 585 765 647 Maximini
802 608 818 662 ;

359 673 483 736 Vita
512 675 677 738 beati
711 674 963 753 Eugenii
997 683 1056 737 et
1086 676 1281 737 Mariae
1307 677 1439 756 ejus
1471 675 1604 736 filiae
1633 675 1692 736 in
1725 691 1927 736 coeno-

289 764 372 824 bio
399 763 507 826 sub
542 765 757 827 habitu
790 765 944 826 virili
979 765 1153 827 dictas
1182 765 1386 828 Marini
1426 785 1442 842 ;

351 855 704 934 Martyrium
767 855 957 918 sancti
1005 855 1350 936 Nicephori,
1390 855 1655 936 martyris
1710 855 1925 915 Antio-

285 944 420 1005 chiae
451 944 510 1004 in
545 944 718 1024 Syria
748 965 764 1020 ;

353 1033 482 1095 Vita
537 1043 605 1096 et
638 1035 980 1115 martyrium
1015 1034 1203 1096 sancti
1251 1033 1524 1116 martyris
1553 1033 1756 1108 Blasii,
1792 1033 1924 1113 epi-

281 1127 433 1204 scopi
470 1124 772 1188 Sebastiae
802 1126 862 1184 in
893 1123 1288 1205 Cappadocia,
1325 1133 1382 1186 et
1411 1131 1707 1188 sociorum
1741 1121 1871 1202 ejus
1911 1140 1927 1198 ;

344 1213 708 1292 Martyrium
742 1221 1084 1274 sanctorum
1115 1213 1432 1294 Pamphili,
1465 1211 1931 1287 Valentii,Pauli,

271 1303 542 1377 Seleuci,
580 1301 918 1383 Porphyrii,
950 1301 1270 1379 Theoduli,
1301 1301 1521 1365 Juliani
1549 1309 1603 1363 et
1634 1301 1932 1362 sociorum

263 1393 457 1467 (initio
491 1391 745 1473 quidem
779 1391 852 1452 ab
887 1392 1148 1454 Eusebio
1192 1392 1376 1472 ipsius
1409 1391 1599 1452 sancti
1645 1389 1936 1470 Pamphili

264 1484 460 1543 amico
498 1482 747 1564 intimo,
781 1493 840 1543 et
883 1483 1167 1544 Caesareae
1195 1481 1257 1542 in
1308 1482 1604 1544 Palestina
1654 1479 1936 1561 episcopo

263 1572 720 1652 conscriptum,
754 1570 955 1632 multis
1003 1579 1202 1632 autem
1251 1579 1382 1650 post
1438 1570 1673 1632 saeculis
1734 1590 1763 1629 a
1825 1569 1934 1648 Sy-

263 1679 496 1723 meone
527 1659 943 1740 Metaphraste
972 1659 1393 1741 interpolatum
1433 1680 1448 1733 ;

2098 495 2228 556 Vita
2259 495 2450 558 sancti
2480 495 2669 576 Alypii
2703 495 2945 575 Stylitae.

2097 584 2430 665 Martyrium
2463 588 2649 648 sancti
2679 585 2885 649 Jacobi
2915 586 3113 649 Persae
3141 610 3157 663 ς

2097 673 2227 736 Vita
2277 680 2339 738 et
2371 675 2720 755 martyrium
2755 677 2946 739 sancti
2981 675 3300 758 Stephanis
3349 679 3619 743 Junioris
3651 699 3667 760 ;

2095 765 2572 826 Commentarius
2606 767 2661 827 in
2693 765 2755 826 S.
2791 766 3093 828 Andream
3123 769 3454 848 apostolum
3495 789 3511 845 ;

2090 851 2355 915 Narratio
2381 853 2648 916 miraculi
2677 874 2708 916 a
2737 867 2944 917 sancto
2969 855 3254 919 Michaele
3279 856 3664 938 archangelo,

2010 941 2219 1004 Chonii
2251 942 2379 1005 sive
2410 943 2662 1006 Colossii
2699 945 2755 1004 in
2793 943 3044 1026 Phrygia
3074 945 3216 1006 editi
3247 966 3262 1026 ;

2089 1032 2364 1096 Narratio
2394 1033 2550 1114 vitae,
2589 1052 2791 1096 rerum
2825 1044 3125 1113 gestarum
3153 1043 3212 1098 et
3243 1035 3668 1100 miraculorum

2022 1123 2208 1183 sancti
2239 1121 2464 1185 Nicolai
2495 1122 2779 1204 Myrensis
2811 1124 2870 1184 in
2905 1125 3083 1202 Lycia
3116 1124 3384 1208 episcopi
3423 1149 3439 1204 ;

2099 1210 2434 1291 Martyrium
2468 1214 2657 1274 sancti
2689 1212 2907 1274 Nicetae
2940 1213 3117 1276 Gothi
3157 1233 3173 1289 ;

2100 1301 2440 1380 Martyrium
2474 1309 2692 1362 sancta:
2721 1298 3074 1382 Euphemia;
3104 1301 3345 1382 virginis
3380 1322 3396 1379 ;

2102 1389 2232 1450 Vita
2277 1391 2465 1452 sancti
2513 1390 2840 1466 Ambrosii,
2875 1391 3144 1472 episcopi
3177 1392 3668 1466 Mediolanensis;

2102 1479 2444 1559 Martyrium
2505 1479 2610 1550 SS,
2645 1479 2946 1553 Eustratii,
2992 1480 3298 1562 Auxentii,
3351 1480 3671 1562 Fulgentii,

2019 1567 2246 1632 Orestis
2278 1578 2337 1631 et
2365 1568 2639 1632 Mardarii
2679 1593 2694 1643 ;

2105 1657 2237 1720 Vita
2269 1674 2490 1722 sanctae
2515 1659 2848 1723 Theodoraz
2880 1660 3301 1724 Alexandrinae
3333 1679 3350 1738 ;

342 1749 492 1812 Vita
513 1751 710 1812 sancti
743 1748 1076 1812 Andronici
1103 1758 1161 1812 et
1190 1750 1389 1811 uxoris
1408 1749 1539 1829 ejus
1571 1747 1936 1821 Athanasias;
1963 1773 1998 1822 Β
2105 1749 2238 1808 Vita
2270 1749 2458 1810 sancti
2489 1749 2735 1811 Joannis
2792 1749 3289 1831 Eleemosynarii,
3325 1752 3676 1832 patriarcha)

339 1841 706 1920 Martyrium
741 1840 938 1900 sancti
969 1837 1198 1902 Orestis
1228 1839 1439 1919 Tyana)
1468 1839 1528 1900 in
1559 1837 1931 1919 Cappadocia
2019 1837 2387 1902 Antiocheni
2424 1859 2439 1919 ;

256 1928 374 1990 sub
412 1931 572 2010 imp.
608 1928 983 1992 Diocletiano
1023 1948 1038 2006 ;

2095 1927 2357 1991 Historia
2419 1927 2678 2007 martyrii
2745 1929 2937 1991 sancti
2991 1929 3295 2013 Polyeucti
3357 1930 3562 1994 militis
3619 1940 3678 1994 et

342 2016 704 2099 Martyrium
725 2019 914 2079 sancti
949 2015 1200 2079 Victoris
1222 2025 1281 2080 et
1311 2017 1497 2078 sancti
1523 2015 1932 2097 Stephanidis;
2017 2017 2290 2098 martyris
2326 2038 2340 2076 :

342 2107 705 2189 Martyrium
737 2107 922 2168 sancti
956 2106 1277 2182 Vincentii,
1313 2105 1759 2168 archiadiaconi
1805 2105 1932 2168 Ca3-

260 2197 696 2277 saraugustani
725 2218 741 2269 ;

2096 2107 2442 2187 Martyrium
2476 2117 2699 2171 sancite
2729 2109 3059 2172 Catharinaa
3088 2110 3334 2190 virginis
3372 2130 3387 2189 ;

2101 2198 2235 2260 Vita
2280 2196 2467 2258 sancti
2501 2195 2812 2276 Symeonis
2843 2199 3066 2280 Stylitaa
3095 2199 3274 2280 primi
3306 2199 3428 2262 sive
3463 2201 3673 2263 senio-

355 2287 642 2350 Narratio
704 2286 973 2348 miraculi
1006 2305 1038 2348 a
1063 2285 1171 2352 SS.
1206 2285 1564 2367 martyribus
1593 2285 1795 2360 Guria,
1832 2285 1934 2346 Sa-
2016 2289 2124 2367 ris,
2159 2285 2261 2367 qui
2290 2290 2362 2349 A.
2396 2285 2461 2348 C.
2495 2285 2611 2348 468
2645 2289 2992 2350 centenario
3025 2290 3214 2368 major
3233 2289 3425 2366 obiit;

267 2397 466 2441 mona
494 2388 554 2439 et
590 2375 811 2456 Abibo,
849 2376 1094 2438 Edessa:
1125 2377 1272 2438 editi
1305 2399 1320 2449 ;

359 2465 710 2546 Martyrium
745 2466 932 2526 sancti
969 2464 1231 2528 Platonis
1264 2488 1280 2537 ;

359 2554 666 2636 Martyria,
705 2554 852 2615 Vita)
908 2563 969 2615 et
999 2554 1280 2616 Encomia
1338 2553 1442 2619 SS.
1485 2554 1706 2614 mensis
1757 2553 1934 2614 Octo-

273 2646 432 2720 bris,
468 2662 690 2724 nempe
725 2664 740 2703 :

359 2733 710 2815 Martyrium
736 2741 958 2796 sanctae
991 2734 1242 2796 Ananiae
1272 2756 1287 2810 ;

363 2823 705 2905 Martyrium
737 2820 844 2884 SS.
869 2822 1146 2904 Cypriani
1177 2832 1235 2884 et
1263 2822 1517 2886 Justinae
1551 2843 1565 2899 ;

374 2913 719 2992 Martyrium
755 2912 942 2973 sancti
978 2911 1240 2993 Dionysii
1271 2913 1646 2993 Areopagitae
1683 2933 1698 2988 ;

367 3002 714 3084 Martyrium
747 3009 966 3063 sancta:
997 2999 1331 3065 Charitines
1364 3023 1380 3084 ;

2101 2375 2418 2437 Certamen
2453 2375 2645 2436 sancti
2682 2377 2942 2455 martyrii
2973 2375 3283 2439 Mamantis
3321 2397 3338 2453 ;

2101 2467 2411 2528 Certamen
2445 2464 2636 2526 sancti
2673 2465 2945 2545 martyris
2976 2467 3244 2529 Anthimi
3280 2466 3549 2548 episcopi
3576 2466 3674 2530 Ni-

2021 2553 2330 2628 comediae,
2366 2553 2467 2634 qui
2498 2554 2569 2615 A.
2607 2556 2676 2617 C.
2711 2553 2826 2615 302
2859 2573 3068 2634 passus
3097 2564 3230 2633 est;

2101 2643 2446 2722 Martyrium
2479 2644 2667 2704 sancti
2700 2641 2952 2724 Bahylaa,
2989 2644 3249 2725 episcopi
3279 2644 3668 2718 Antiocheni;

2100 2731 2368 2794 Narratio
2414 2732 2682 2794 miraculi
2713 2751 2746 2794 a
2803 2742 3005 2795 sancto
3054 2733 3340 2796 Michaele
3391 2734 3657 2796 archan-

2020 2823 2152 2901 gelo
2185 2823 2395 2886 Chonii
2429 2822 2550 2883 sive
2575 2821 2834 2884 Colossis
2865 2822 2926 2885 in
2959 2823 3207 2902 Phrygia
3237 2822 3381 2886 editi
3420 2845 3435 2900 ;

2104 2912 2441 2992 Martyrium
2504 2909 2610 2975 SS.
2669 2911 2941 2986 Eudoxii,
3003 2911 3266 2990 Romuli,
3301 2911 3556 2976 Zenonis
3613 2919 3670 2975 et

2025 3002 2259 3064 Macarii
2297 3019 2312 3076 ;

365 3090 850 3184 Commentarius
882 3091 940 3184 in
963 3100 1237 3184 sanctum
1261 3093 1594 3184 apostolum
1620 3091 1937 3170 Thomam;
1957 3132 2000 3184 ο
2108 3091 2448 3184 Martyrium
2480 3091 2680 3184 sancti
2702 3091 2974 3184 Sozontis
3012 3112 3028 3184 ;

364 3180 717 3262 Martyrium
750 3178 861 3243 SS.
896 3177 1087 3259 Sergii
1119 3190 1178 3242 et
1207 3182 1426 3244 Bacchi
1458 3203 1473 3264 ;

362 3273 499 3335 Vita
528 3278 752 3333 sanctae
783 3268 1036 3350 Pelagia:
1071 3269 1461 3334 Antiochense
1491 3293 1506 3353 ;

362 3359 712 3441 Martyrium
747 3357 854 3421 SS.
893 3359 1188 3440 Eulampii
1222 3369 1279 3421 et
1309 3360 1682 3442 Eulampiae;

363 3449 705 3530 Martyrium
767 3446 872 3510 SS.
937 3447 1139 3524 Probi,
1174 3449 1421 3512 Tarachi
1454 3461 1511 3512 et
1554 3449 1879 3514 Andronici
1916 3469 1931 3530 ;

366 3539 716 3620 Martyrium
744 3536 848 3601 SS.
883 3536 1078 3618 Carpi,
1116 3539 1318 3620 Papyli
1347 3550 1406 3604 et
1435 3541 1733 3604 sociorum
1771 3558 1786 3617 ;

369 3628 711 3710 Martyrium
770 3625 874 3692 SS.
931 3625 1182 3703 Nazarii,
1247 3630 1536 3706 Gervasii,
1572 3630 1820 3693 Protasii
1879 3639 1938 3694 et

279 3721 443 3790 Celsi
479 3741 495 3798 ;

368 3809 707 3890 Martyrium
739 3808 928 3870 sancti
961 3808 1203 3870 Luciani
1235 3829 1252 3886 ;

370 3899 718 3981 Martyrium
747 3898 934 3960 sancti
964 3897 1212 3978 Longini
1240 3899 1621 3962 Ccnturionis
1657 3919 1672 3976 ;

369 3988 846 4057 Commentarius
870 3989 928 4049 in
952 3998 1220 4050 sanctum
1250 3989 1673 4070 evangelistam
1694 3991 1936 4066 Lucam;

375 4078 718 4160 Martyrium
752 4077 940 4139 sancti
973 4075 1114 4139 Vari
1148 4099 1164 4155 ;

369 4169 714 4250 Martyrium
746 4168 938 4230 sancti
970 4167 1227 4231 Andreas
1257 4169 1318 4232 in
1352 4168 1502 4234 Crisi
1537 4188 1552 4245 ;

373 4259 728 4340 Martyrium
758 4257 948 4319 sancti
979 4257 1231 4321 Artemii
1265 4278 1280 4337 ;

373 4352 509 4413 Vita
535 4347 726 4411 sancti
762 4345 1086 4408 Hilarionis
1121 4369 1137 4424 ;

377 4441 508 4506 Vita
538 4437 728 4500 sancti
767 4436 1054 4499 Albericii
1090 4458 1106 4515 ;

375 4526 854 4595 Commentarius
886 4526 946 4588 in
979 4536 1249 4592 sanctum
1281 4527 1610 4610 apostolum
1655 4527 1940 4590 Jacobum

290 4623 534 4687 fratrem
571 4617 809 4683 Domini
842 4615 1064 4678 dictum
1102 4636 1118 4694 ;

376 4707 720 4790 Martyrium
751 4707 814 4768 S.
851 4707 1090 4769 Arethaa
1123 4727 1138 4785 ;

380 4799 722 4880 Martyrium
779 4793 889 4860 SS.
921 4795 1198 4859 Marciani
1260 4807 1317 4860 et
1353 4798 1618 4879 martyrii
1677 4797 1940 4860 notario-

290 4909 426 4956 rum
463 4911 480 4967 ;

375 4977 714 5059 Martyrium
747 4975 936 5038 sancti
966 4975 1252 5038 Demetrii
1282 4997 1298 5055 ;

378 5069 717 5148 Martyrium
743 5073 964 5127 sanctae
994 5065 1326 5128 Anastasis;
1355 5066 1634 5130 Romanae
1654 5066 1938 5141 senioris;

375 5158 510 5223 Vita
545 5154 736 5220 sancti
765 5154 1028 5216 Abramii
1060 5156 1326 5219 eremitte
1361 5177 1377 5234 ;

375 5247 726 5327 Martyrium
757 5242 866 5305 SS.
893 5243 1137 5307 Zenobii
1167 5258 1226 5306 et
1257 5244 1537 5308 Zenobiae
1583 5267 1597 5322 ;

373 5337 714 5420 Martyrium
746 5335 943 5396 sancti
977 5335 1289 5417 Epimachi
1323 5357 1339 5418 ;

372 5427 500 5490 Vita
542 5426 740 5490 sancti
767 5423 1015 5487 Joannis
1072 5423 1472 5506 Chrysostomi
1506 5424 1942 5506 archiepiscopi

296 5512 940 5595 Constantinopolitani
977 5535 992 5590 ;

330 5660 339 5675 .
374 5607 718 5694 Martyrium
755 5603 938 5666 sancti
969 5603 1231 5667 Platonis
1265 5630 1280 5682 ;

2109 3183 2450 3262 Martyrium
2497 3181 2686 3243 sancti
2721 3179 3024 3244 Severiani
3063 3202 3078 3258 ;

2104 3271 2441 3350 Martyrium
2502 3273 2607 3333 SS.
2665 3279 2984 3352 martyrum
3042 3271 3397 3347 Menedoraa,
3434 3271 3662 3334 Metro-

2021 3361 2188 3422 docae
2215 3369 2272 3420 et
2305 3360 2744 3440 Nymphodocae
2777 3380 2792 3440 ;

2100 3449 2234 3512 Vita
2265 3457 2482 3511 sanctae
2510 3449 2844 3512 Theodocae
2872 3449 3287 3511 Alexandrinae
3314 3469 3331 3530 ;

2099 3541 2440 3620 Martyrium
2473 3539 2664 3600 sancti
2693 3539 3040 3601 Autonomii
3072 3539 3346 3620 episcopi
3377 3555 3393 3612 ;

2099 3630 2214 3692 Bos
2243 3638 2422 3708 gesta:
2451 3627 2638 3690 sancti
2670 3628 2931 3690 Cornelii
2961 3627 3368 3706 centurionis;

2099 3720 2440 3800 Martyrium
2475 3718 2662 3782 sancti
2686 3719 2909 3782 Nicetae
2936 3717 3112 3781 Gothi
3148 3735 3164 3792 ;

2102 3809 2434 3891 Martyrium
2466 3818 2683 3872 sanctae
2713 3808 3061 3890 Euphemiaa
3095 3832 3110 3885 ;

2101 3899 2442 3980 Martyrium
2474 3906 2692 3961 sanctae
2722 3896 2962 3979 Sophiae
2994 3906 3052 3960 et
3096 3898 3347 3961 ﬁliarum
3378 3899 3534 3979 ejus,
3570 3899 3676 3961 Pi-

2024 3999 2204 4072 steos,
2242 3988 2473 4069 Elpidis
2505 3996 2562 4049 et
2595 3992 2833 4068 Agapes
2869 4011 2886 4064 ;

2106 4079 2441 4160 Martyrium
2503 4077 2608 4141 SS.
2673 4087 2991 4159 martyrum
3043 4077 3355 4159 Trophini,
3390 4076 3658 4141 Sabbatii

2022 4179 2078 4233 et
2109 4168 2547 4234 Dorimedontii
2581 4189 2598 4250 ;

2101 4258 2439 4339 Martyrium
2468 4257 2656 4320 sancti
2685 4257 2975 4320 Eustathii
2995 4267 3058 4320 et
3089 4255 3290 4320 uxoris
3319 4256 3448 4336 ejus
3469 4253 3666 4318 Theo-

2024 4348 2230 4431 pistes,
2265 4355 2324 4409 et
2353 4348 2604 4410 duorum
2639 4348 2922 4424 ﬁliorum,
2955 4347 3162 4429 Agapii
3209 4354 3266 4408 et
3293 4345 3605 4427 Theopisti
3639 4366 3656 4418 ;

2104 4437 2444 4518 Martyrium
2478 4446 2696 4500 sancta:
2728 4436 2969 4500 Theclre
3011 4437 3258 4517 virginis
3292 4459 3309 4513 ;

2107 4527 2239 4593 Vita
2271 4539 2487 4590 sanctae
2516 4527 2911 4608 Euphrosinae
2938 4526 3183 4606 virginis
3213 4524 3664 4600 Alexandriam;

2106 4617 2586 4681 Commentarius
2618 4617 2676 4678 in
2715 4626 2982 4680 sanctum
3013 4615 3303 4680 Joannem
3333 4614 3666 4698 apostolum

2026 4714 2084 4769 et
2114 4707 2534 4788 evangelistam
2575 4722 2592 4782 ;

2107 4795 2444 4878 Martyrium
2479 4796 2667 4859 sancti
2697 4797 3020 4860 Gallistrati
3049 4804 3108 4860 et
3136 4795 3435 4859 sociorum
3467 4812 3483 4868 ;

2105 4885 2238 4948 Vita
2268 4888 2454 4948 sancti
2491 4884 2828 4950 Charitonis
2853 4886 3219 4949 confessoris
3256 4906 3272 4962 ;

2104 4977 2238 5038 Vita
2265 4978 2451 5038 sancti
2483 4976 2713 5058 Cyriaci
2742 4977 3119 5040 anachoreta:
3158 4994 3174 5052 ;

2103 5068 2237 5127 Vita
2295 5074 2353 5128 et
2405 5067 2745 5148 martyrium
2803 5066 2990 5130 sancti
3050 5064 3343 5145 Gregorii,
3400 5062 3668 5145 episcOpi

2023 5174 2252 5235 magnae
2280 5156 2585 5221 Armeniae
2618 5178 2634 5238 ;

2103 5247 2448 5326 Martyrium
2483 5247 2672 5310 sancti
2721 5245 2970 5329 apostoli
3005 5253 3066 5308 et
3095 5244 3366 5326 martyris
3394 5243 3670 5320 Ananiae,

2024 5333 2160 5400 Vita
2218 5346 2278 5398 et
2336 5336 2679 5416 martyrium
2737 5335 2844 5399 SS.
2909 5343 3230 5416 martyrum
3293 5332 3570 5418 Cypriani
3611 5341 3670 5396 et

2026 5425 2272 5488 Justinte
2303 5425 2547 5504 virginis
2581 5445 2598 5500 ;

2105 5514 2444 5595 Martyrium
2477 5513 2667 5575 sancti
2699 5512 2962 5592 Dionysii
2992 5513 3364 5595 Areopagitae
3398 5537 3414 5591 ;

2111 5610 2442 5687 Martyrium
2476 5611 2694 5666 sancite
2724 5601 3070 5666 Charistiuae
3105 5605 3385 5684 virginis;
