4004 6138
396 282 514 352 303
1121 288 1502 354 SYMEONIS
1543 287 2134 354 METAPHRASTxE
2174 291 2527 354 VITARL‘M
2573 293 3040 358 CATALOGUS.
3649 295 3780 360 304

476 423 956 488 Commentarius
977 423 1037 487 in
1055 434 1320 488 sanctum
1354 425 1687 506 apostolum
1721 424 2036 498 Thomam;
2059 431 2103 480 Α
2203 424 2544 504 Martyrium
2580 433 2797 486 sancta}
2827 426 3069 505 virginis
3098 425 3427 489 Cltaritines
3459 450 3475 502 ;

471 510 812 594 Martyrium
847 517 952 578 SS.
989 513 1174 594 Scrgii
1210 524 1268 576 et
1297 515 1515 577 Bacchi
1555 535 1570 589 ;
2200 512 2334 575 Vita
2367 523 2426 575 et
2457 514 2802 594 poenitentia
2831 523 3050 577 sanctae
3077 515 3328 595 Pelagia:
3346 515 3774 590 Antiocheam;

472 600 608 664 Vita
637 613 855 666 sancta:
883 604 1136 682 Pelagia;
1165 603 1550 666 Antiochena}
1586 625 1600 674 ;
2198 604 2537 684 Martyrium
2569 602 2673 665 SS.
2708 604 3001 684 Eulampii
3030 612 3092 666 et
3119 604 3441 685 Eulampiaz
3474 628 3491 682 ;

468 689 806 774 Martyrium
841 691 949 757 SS.
983 692 1280 772 Eulampii
1313 703 1370 754 et
1401 691 1727 773 Eulampia:
1763 716 1776 770 ;
2198 693 2532 773 Martyrium
2569 692 2816 772 Longini
2849 694 3217 756 centurionis
3254 714 3269 767 ;

469 778 807 863 Martyrium
840 781 945 844 SS.
981 781 1184 856 Probi,
1213 781 1480 843 Tarazchi
1511 789 1569 843 et
1597 780 1920 842 Andronici
1960 804 1973 856 ;
2202 782 2700 859 Commentarius,
2737 784 2794 843 in
2831 794 3097 844 sanctum
3123 783 3454 865 apostolum
3495 790 3553 846 et
3581 803 3768 848 evan-

467 871 808 953 Martyrium
837 872 944 934 SS.
980 873 1152 951 Carpi
1184 871 1448 954 episcopi
1479 870 1902 951 Thyatirensis,
1933 874 2037 933 Pa-
2119 872 2391 952 gelislam
2426 871 2639 933 Lucam
2680 893 2694 948 ;

388 959 506 1042 pyli
539 960 778 1022 diaconi
817 969 871 1023 et
899 961 1198 1023 sociorum
1237 983 1253 1037 ;
2204 959 2541 1040 Martyrium
2575 961 2762 1022 sancti
2793 960 3081 1026 Demetrii
3113 986 3130 1038 ;

469 1049 606 1112 Vita
639 1059 698 1112 et
740 1059 1042 1113 certamen
1075 1050 1183 1116 SS.
1220 1065 1544 1132 martyrum
1593 1049 1844 1123 Nazarii,
1881 1051 2031 1110 Ger-
2199 1048 2330 1112 Vita
2363 1050 2545 1110 sancti
2577 1052 2852 1130 martyris
2889 1073 2905 1129 ;

386 1140 550 1216 vasii,
586 1139 835 1203 Protasii
867 1149 925 1202 et
956 1140 1112 1202 Celsi
1146 1163 1169 1214 ;
2197 1137 2329 1200 Vita
2366 1147 2423 1199 et
2455 1140 2794 1218 martyrium
2828 1141 3014 1202 sancti
3047 1141 3331 1220 Stephani
3359 1142 3624 1222 junioris
3651 1142 3776 1204 ab-

462 1229 598 1290 Vita
624 1240 684 1291 et
717 1232 1062 1311 martyrium
1098 1231 1286 1292 sancti
1313 1231 1559 1292 Luciani
1599 1251 1612 1307 ;
2115 1226 2268 1288 batis
2324 1228 2544 1287 montis
2576 1226 2775 1289 Sancti
2807 1229 3106 1303 Auxentii,
3141 1248 3173 1291 e
3223 1237 3465 1310 regione
3498 1230 3780 1312 Byzantii

461 1321 802 1400 Martyrium
835 1320 1025 1382 sancti
1057 1319 1308 1399 Longini
1337 1319 1704 1381 centurionis
1733 1340 1746 1397 ;
2114 1317 2273 1379 circa
2299 1316 2632 1396 Bithyniam
2668 1318 2787 1399 siti,
2823 1319 2919 1397 qui
2953 1323 3027 1382 A.
3063 1319 3126 1382 Ο.
3154 1321 3291 1393 767,
3317 1321 3391 1382 ob
3423 1330 3772 1383 sanctarum

459 1409 804 1488 Martyrium
841 1408 1030 1470 sancti
1063 1409 1322 1472 Andreae
1355 1413 1408 1471 in
1444 1408 1619 1472 Crisi.
2114 1407 2442 1487 imaginum
2501 1407 2749 1484 cultum,
2785 1409 2894 1469 sub
2929 1409 3073 1490 imp.
3107 1407 3494 1472 Constantino
3524 1412 3771 1491 Copro-

463 1499 944 1561 Commentarios
993 1499 1051 1559 in
1083 1506 1352 1560 sanctum
1385 1497 1717 1578 apostolum
1753 1509 1813 1558 et
1845 1513 2027 1558 evan-
2114 1515 2287 1577 nymo
2320 1515 2526 1576 passus
2557 1504 2647 1558 est
2684 1517 2700 1568 ;

382 1586 660 1666 gelistam
692 1593 915 1651 Lucam
956 1611 971 1668 ;
2192 1585 2531 1665 Martyrium
2565 1595 2783 1647 sancta:
2813 1585 3144 1650 Catharinze
3175 1588 3418 1668 virginis
3451 1608 3468 1667 ;

460 1677 800 1757 Martyrium
841 1684 1024 1740 sancti
1055 1676 1189 1740 Vari
1223 1687 1280 1740 et
1309 1677 1605 1741 sociorum
1647 1694 1660 1746 ;
2194 1673 2327 1736 Vita
2378 1676 2564 1736 sancti
2596 1674 2924 1746 Ambrosii,
2961 1677 3224 1758 episcopi
3271 1677 3771 1742 Mediolanensis.

464 1765 804 1848 Martyrium
838 1769 1024 1831 sancti
1063 1767 1314 1832 Artemii
1351 1785 1365 1841 ;
2055 1799 2090 1847 Β
2195 1764 2540 1844 Martyrium
2573 1763 2680 1828 SS.
2717 1774 3037 1845 martyrum
3070 1767 3673 1850 Menae,Hermogenii
3708 1777 3778 1831 et

461 1856 596 1918 Vita
627 1866 684 1919 et
715 1861 1091 1921 conversatio
1123 1859 1307 1920 sancti
1342 1857 1660 1918 Hilarionis
1692 1877 1707 1928 ;
2113 1853 2413 1933 Eugraphi
2447 1871 2463 1928 ;

459 1943 592 2008 Vita
619 1947 808 2009 sancti
840 1946 1108 2010 Abercii.
2195 1944 2530 2023 Martyrium
2591 1943 2697 2007 SS.
2761 1943 3063 2021 Eustratii,
3125 1947 3430 2020 Auxentii,
3479 1946 3772 2028 Eugenii,

462 2034 939 2099 Commentarius
971 2037 1031 2098 in
1075 2047 1345 2098 sanctum
1379 2033 1710 2116 apostolum
1742 2031 2028 2094 Jacobum
2113 2033 2387 2096 Mardarii
2420 2043 2476 2095 ct
2511 2032 2732 2096 Orestis
2769 2059 2783 2112 ;

381 2126 868 2203 cognominatum
905 2127 1148 2188 fratrem
1183 2125 1416 2188 Domini
1453 2173 1468 2199 ,
2194 2124 2539 2203 Martyrium
2585 2125 2770 2186 sancti
2807 2122 3148 2205 Nicephori,
3178 2126 3450 2207 martyris
3500 2127 3778 2190 Antbio-

466 2217 806 2295 Martyrium
839 2217 1030 2278 sancti
1058 2216 1298 2278 Arethze
1331 2225 1386 2275 et
1418 2213 1716 2275 sociorum
1750 2235 1765 2289 ;
2114 2214 2242 2276 cbae
2274 2215 2332 2273 in
2365 2212 2530 2293 Syria
2563 2236 2578 2287 ;

461 2304 794 2385 Martyrium
816 2305 1215 2370 SS.Marciani
1250 2315 1305 2366 et
1337 2305 1603 2384 martyrii
1637 2303 2027 2380 notariorum;
2194 2303 2531 2384 Martyrium
2567 2303 2753 2364 sancti
2786 2302 2962 2364 Blasii
2996 2325 3011 2379 ;

457 2396 803 2476 Martyrium
837 2396 1026 2458 sancti
1059 2394 1364 2459 Demetrii.
2192 2392 2528 2472 Martyrium
2561 2391 2753 2454 sancti
2784 2391 3046 2454 Nicethae
3078 2391 3252 2456 Gothi
3291 2417 3306 2473 ;

458 2483 591 2548 Vita
643 2494 702 2547 et
732 2486 1075 2567 martyrium
1122 2495 1340 2547 sancta;
1375 2483 1644 2564 martyris
1705 2482 2029 2544 Anastasize
2191 2481 2526 2563 Martyrium
2561 2481 2747 2562 sancti
2782 2482 3021 2544 Ananiae
3055 2504 3070 2555 ;

371 2573 656 2639 Romanae
686 2593 702 2652 ;
2190 2573 2663 2633 Commentarius
2687 2572 2744 2631 in
2771 2581 3040 2661 sanctum
3062 2573 3390 2652 apostolum
3418 2571 3715 2641 Thomam
3743 2601 3760 2661 ;

454 2663 588 2728 Vita
618 2664 1095 2728 sanctiAbramii
1119 2671 1176 2725 et
1200 2672 1416 2724 sanctae
1440 2662 1637 2723 Mariae
1660 2663 1852 2740 neptis
1867 2661 2016 2741 ejus;
2184 2662 2526 2742 Martyrium
2562 2662 2748 2722 sancti
2781 2660 3065 2722 Demetrii
3103 2682 3117 2742 ;

451 2753 794 2834 Martyrium
828 2753 1016 2816 sancti
1046 2753 1292 2815 Zenobii
1323 2761 1379 2814 et.
1411 2751 1643 2812 sororis
1675 2751 1804 2830 ejus
1842 2771 1854 2826 ;
2181 2752 2315 2813 Vita
2343 2751 2529 2812 sancti
2549 2750 2858 2831 Symeonis
2877 2750 3093 2832 Stylitaa
3117 2751 3294 2832 primi
3320 2752 3442 2816 sive
3464 2755 3758 2837 senioris;

449 2843 794 2924 Martyrium
827 2843 1017 2905 sancti
1051 2842 1358 2923 Epimachi
1396 2862 1411 2921 ;
2180 2842 2520 2921 Martyrium
2552 2841 2740 2902 sancti
2769 2840 2965 2920 magni
2997 2841 3270 2922 martyris
3298 2840 3539 2926 Georgii
3573 2867 3590 2926 ;

450 2931 791 3014 Martyrium
824 2932 1012 2996 sancti
1053 2931 1319 3013 Dionysii
1353 2930 1723 3012 Areopagitae
1754 2953 1769 3012 ;
2181 2927 2523 3012 Martyrium
2557 2931 2744 2995 sancti
2775 2930 3059 2994 Eustratii
3089 2939 3148 2993 et
3175 2931 3498 3001 sociorum.
