4004 6138
376 349 492 422 307
1662 354 1826 421 ΜΕΝ
1833 354 1945 419 SlS
2013 358 2047 419 J
2053 357 2156 420 AN
2163 354 2474 419 UARIUS.
3647 345 3763 415 308

379 487 620 561 tudine,
657 488 703 569 si
738 483 890 569 nihil
923 484 1106 569 aliud,
1149 484 1365 568 probra
1403 506 1523 551 non
1556 489 1755 552 ferens
1805 488 2035 551 vicino-

2126 512 2224 543 νων
2282 490 2341 544 οὗ
2370 488 2542 569 φέρων
2600 484 2950 562 ὀνειδισμοὺς,
2987 486 3042 543 οῗ
3097 508 3163 561 με
3192 486 3280 543 καὶ
3338 486 3762 557 ὓποτωθάζοντες

380 587 543 645 rum,
576 567 675 650 qui
708 585 805 630 me
833 567 1176 649 irridentes,
1213 577 1495 656 tanquam
1552 570 1813 633 sterilem
1849 578 1906 632 et
1936 569 2034 630 in-

2131 579 2144 598 ¢
2257 576 2281 596 ν
2385 567 2409 600 ῆι
2678 577 2691 595 κ
2757 575 2781 594 ν
3219 577 3231 596 τ
3304 574 3347 598 n
3657 598 3665 612 Ι

2126 598 2192 640 ως
2250 600 2440 656 αγονον
2497 598 2553 634 τε
2609 598 2696 635 και
2752 597 2987 654 ακαρπον
3044 588 3164 641 τοῖς
3207 592 3428 633 ονειοεσι
3488 574 3761 650 βάλλωσι.

378 657 639 722 fertilem
691 656 977 719 conviciis
1007 664 1319 738 appetunt.
1351 655 1489 720 Haec
1533 657 1639 720 ille
1664 658 1904 739 quidem
1938 659 2033 721 di-

2126 655 2306 726 Ταῦταν
2369 668 2396 723 ὁ
2456 666 2553 739 μὲν
2623 666 2716 722 σὺν
2777 664 3021 744 δάκρυσιν
3086 664 3234 743 ἔλεγε
3296 672 3405 721 τῶν
3475 673 3568 723 τοῦ
3636 664 3770 721 θείου

388 748 562 812 cebat
590 765 725 810 cum
747 745 1439 827 lacrymis,prehensans
1466 747 1650 829 pedes
1672 746 2035 811 sacrosancti

2126 757 2367 834 γέροντος
2420 756 2619 813 ἐκεί-.ου
2675 753 2851 812 ποδῶν
2892 754 3213 829 ἆπτόμενος.
3282 746 3341 814 ιΟ
3413 753 3469 810 δὲ
3527 752 3766 830 (συμπα-

383 838 549 901 illius
578 835 763 899 senis.
818 834 923 897 Ille
956 842 1152 898 autem
1184 836 1349 914 (sunt
1392 837 1550 900 enim
1589 837 2030 912 misericordes,

385 927 490 1009 qui
538 926 736 987 virtuti
770 931 830 986 et
877 922 1000 986 Deo
1031 923 1172 986 dant
1229 927 1502 1006 operam)
1556 925 1752 989 verbis
1780 926 2038 988 ﬂectitur

388 1014 732 1099 Paphnutii,
766 1021 825 1076 et
881 1031 947 1075 se
1006 1020 1193 1076 totum
1255 1014 1489 1085 confert
1546 1015 1619 1077 ad
1677 1016 2031 1079 orationem.

382 1106 531 1170 Justi
553 1105 754 1182 itaque
784 1103 997 1179 oratio,
1014 1112 1302 1184 operante
1326 1104 1482 1183 apud
1503 1104 1689 1167 Deum
1722 1106 1775 1166 vi
1803 1124 2030 1179 eorum,

384 1212 517 1277 quas
567 1193 763 1275 ipsum
793 1190 866 1254 ad
896 1192 1011 1254 hoc
1047 1192 1472 1273 provocabant,
1503 1194 1753 1275 jejuniis
1786 1203 1845 1257 et
1890 1213 2034 1275 pre-

384 1282 578 1360 cibus,
610 1286 674 1347 et
702 1280 1249 1344 communicatione
1293 1300 1361 1345 ac
1392 1282 1762 1363 benignitate
1786 1285 1849 1346 in
1883 1303 2031 1365 pau-

384 1389 585 1454 peres,
619 1371 731 1436 fuit
783 1369 1067 1434 exaudita
1096 1372 1168 1433 ab
1211 1390 1307 1448 eo,
1340 1373 1441 1453 qui
1471 1373 1634 1436 audit
1664 1391 1875 1456 preces
1925 1392 2033 1436 eo-

386 1461 653 1540 rum,qui
680 1462 875 1544 ipsum
908 1459 1182 1524 invocant
1204 1462 1264 1522 in
1292 1462 1535 1524 veritate
1562 1483 1576 1526 :
1612 1470 1671 1525 et
1699 1463 2033 1545 Paphnutio

386 1553 655 1616 nascitur
706 1552 911 1627 ﬁliola,
944 1570 1079 1634 quas
1123 1553 1197 1614 ab
1227 1553 1475 1616 infantia
1523 1572 1644 1636 prie
1695 1573 1761 1618 se
1809 1554 2038 1618 ferebat

2116 849 2228 910 θεῖς
2284 846 2385 924 γὰρ
2414 847 2509 902 καί
2560 843 2983 925 φιλοικτίρμονες
3016 847 3060 900 οἱ
3109 843 3271 923 ἀρετῇ
3301 844 3392 901 καὶ
3422 846 3540 917 Θεῷ
3598 865 3760 921 προσ-

2118 932 2434 1014 ανέχοντες)
2491 947 2609 997 τοῖς
2662 941 2756 992 τοῦ
2806 934 3131 1012 Παφνουτίου
3184 948 3492 1007 κάμπτεται
3547 932 3760 1014 ῥήμασι,

2117 1010 2416 1080 καί-’ὅλον-
2454 1023 2640 1081 ἑαυτὸν
2694 1010 3000 1103 φέρων
3060 1029 3340 1102 προσευχῇ
3413 1020 3646 1082 δίδωσιν.
3707 1010 3768 1077 Ἠ

2118 1115 2212 1170 τοῦ
2265 1110 2469 1170 δικαίου
2561 1114 2733 1170 τοίιυν
2802 1111 3006 1184 δέησις,
3065 1112 3424 1190 ἐνεργουμένη
3517 1117 3586 1188 τῇ
3643 1110 3768 1173 πρὸς

2120 1202 2251 1257 Θεὸν
2324 1203 2492 1259 γεύσει
2548 1208 2651 1258 τῶν
2694 1204 2766 1267 εἷς
2839 1210 2995 1261 τοῦτο
3060 1199 3517 1279 προϐαλλομένων
3589 1199 3762 1272 αὐτὸν,

2117 1304 2238 1355 ταῖς
2284 1294 2550 1358 νηστείαις
2581 1313 2636 1347 τε
2679 1294 2767 1349 καὶ
2798 1304 2919 1354 ταῖς
2978 1295 3335 1371 προσευψαϊς,
3368 1292 3466 1347 καί
3508 1295 3587 1362 τῷ
3640 1289 3766 1366 πρὸς

2115 1391 2236 1447 τοὺς
2320 1379 2600 1458 δεομένους
2682 1387 2981 1455 κοινωνικῷ
3055 1402 3112 1437 τε
3213 1381 3297 1436 καὶ
3389 1378 3764 1459 φιλανθρώπῳ,

2119 1470 2445 1529 ἐπακούοντα
2515 1469 2647 1551 ἔσχε
2690 1472 2781 1527 τὸν
2839 1471 2927 1525 ἀεὶ
2981 1474 3079 1537 τῆς
3133 1467 3369 1540 δεήσεως
3428 1467 3770 1525 εἶσακοόοντα

2121 1563 2224 1618 τῶν
2269 1559 2321 1618 ἐν
2373 1559 2592 1633 άληθείᾴ
2654 1557 3089 1635 ἐπικαλουμένων
3144 1560 3323 1620 αὖτόν,
3381 1558 3480 1615 Καὶ
3530 1562 3771 1634 γεννᾶται

386 1642 670 1706 eximiam
728 1642 993 1723 corporis
1053 1641 1617 1723 pulchritudinem:
1682 1663 1811 1725 qua;
1857 1648 2034 1707 etiam

2126 1656 2198 1725 τῷ
2256 1650 2597 1729 Παρφνουτίῳ
2627 1650 2901 1728 θυγάτριον
2962 1647 3171 1714 πολλὴν
3200 1647 3261 1704 ἐκ
3315 1646 3541 1725 βρέφους
3569 1645 3773 1722 ἐμφαῖ-

386 1732 597 1814 ntique
648 1730 1063 1795 subindicabat
1092 1732 1424 1812 elegantem
1473 1744 1530 1795 et
1572 1734 1809 1811 scitum,
1846 1735 1946 1815 qui
1977 1734 2035 1796 in

2126 1762 2211 1797 νον
2245 1739 2342 1807 τὴν
2386 1740 2701 1814 σωματικὴν
2757 1738 3082 1817 ὡραιότητα,
3118 1737 3236 1805 ἥτις
3285 1738 3434 1816 τάχα
3489 1735 3584 1801 τὴν
3644 1733 3777 1809 μετὰ

392 1841 464 1886 ea
494 1828 697 1912 postea
727 1820 860 1912 fuit,
893 1821 1159 1884 animum
1199 1844 1209 1883 :
1239 1829 1297 1884 et
1328 1823 1599 1903 protinus
1631 1824 1875 1902 quidem
1914 1824 2035 1888 sol-

2126 1836 2290 1886 ταῦτα
2361 1834 2459 1897 τῆς
2506 1833 2693 1908 ψυχῆς
2734 1826 3059 1906 ὕπέμφαινεν
3116 1826 3462 1893 ἆστειότητα·
3525 1825 3610 1880 καὶ
3667 1823 3777 1879 λύει

388 1912 473 1975 vit
504 1910 713 1974 matris
745 1911 1002 1974 ﬁliorum
1039 1918 1386 1993 egestatem,
1419 1913 1593 1975 solvit
1618 1920 1814 1975 autem
1859 1915 2035 1995 patris

2126 1919 2226 1990 μὲν
2286 1918 2429 1984 εὐθὺς
2491 1919 2693 1997 μητρὸς
2755 1917 3024 1990 ἀτεκνίαν,
3058 1914 3168 1972 λύει
3210 1913 3265 1970 δὲ
3312 1915 3403 1971 καὶ
3434 1915 3635 1986 πατρὸς
3683 1912 3779 1978 τὴν

392 2019 629 2084 quoque
675 1999 1004 2065 tristitiam.
1048 1999 1123 2070 Ut
1178 2019 1316 2081 ergo
1365 2001 1541 2064 etiam
1604 2011 1770 2065 esset
1821 2021 2035 2066 nomen

2126 2010 2440 2088 κατήφειαν,
2505 2007 2622 2064 Ἵνα
2680 2008 2768 2062 οὗν
2836 2007 3037 2062 οἰκεῖον
3073 2007 3209 2081 αὐτῇ
3259 2005 3351 2061 καὶ
3395 2004 3457 2059 τὸ
3496 2002 3666 2077 ὄνομα
3714 2001 3773 2078 ἦ,

390 2088 759 2154 conveniens
788 2088 875 2152 illi
895 2090 1191 2173 rei,quam
1224 2098 1392 2153 erant
1421 2091 1706 2166 assecuti,
1740 2108 1869 2155 eam
1895 2110 2037 2173 pro-

390 2178 551 2244 tinus
580 2178 894 2243 nominant
948 2177 1426 2262 Euphrosynem,
1458 2181 1572 2244 hoc
1600 2190 1708 2257 est,
1750 2181 2032 2244 laetitiam.

468 2356 572 2422 III.
606 2355 775 2422 Hanc
805 2375 952 2438 ergo
973 2356 1507 2440 Paphnutius,cum
1540 2369 1700 2424 esset
1729 2360 1844 2423 [ide
1874 2360 2037 2423 fruc-

390 2445 715 2528 tus,alebat
735 2446 936 2528 potius
963 2449 1383 2530 virtute,quam
1402 2448 1477 2511 iis
1496 2468 1626 2531 quae
1646 2467 1886 2512 carnem
1913 2448 2038 2530 pin-

385 2534 749 2616 guefaciunt:
770 2547 830 2600 et
858 2536 932 2598 iis
954 2555 1087 2617 quas
1106 2545 1261 2600 stant
1281 2556 1348 2600 ac
1382 2543 1840 2619 manent,magis
1862 2556 2038 2618 quam

387 2627 468 2688 iis
497 2643 636 2705 quas
665 2625 1411 2708 eﬂlorescunt,persuadet
1432 2626 1695 2691 animum
1726 2627 2037 2703 adhibere,

389 2721 453 2779 et
466 2714 682 2778 animas
703 2733 908 2779 curam
933 2732 1147 2795 gerere
1163 2716 1252 2778 rei
1275 2715 1843 2793 immortalis,magis
1865 2734 2038 2797 quam

387 2804 523 2884 ejus
545 2802 705 2883 quod
731 2803 847 2865 cito
868 2802 1465 2880 marcescit,docebat
1481 2805 1768 2884 corporis.
1791 2803 2042 2886 Ipsaque

384 2891 696 2974 aspiciens
717 2891 791 2954 ad
816 2892 1091 2956 virtutem
1122 2901 1522 2972 parentum,et
1541 2891 1617 2954 ab
1640 2891 1875 2955 illorum
1898 2912 2034 2974 pro—

388 2988 570 3045 bitate
600 2986 861 3045 animum
885 2999 1002 3045 non
1029 2985 1251 3044 habens
1271 2986 2040 3059 discrepantem,crescebat,

389 3079 457 3135 ut
487 3087 761 3151 corpore,
798 3072 874 3133 ita
902 3068 1082 3132 etiam
1105 3070 1320 3132 animae
1351 3070 1966 3150 pulchritudine.Erat
1988 3071 2041 3133 ei

385 3163 512 3243 jam
545 3177 743 3222 annus
792 3159 1211 3235 duodecimus,
1245 3168 1302 3222 et
1331 3167 1522 3222 mater
1549 3178 1582 3222 e
1625 3167 1737 3222 vita
1765 3161 2043 3240 praesenti

2123 2096 2283 2175 οὗπερ
2354 2100 2492 2156 οὗτοὶ
2555 2096 2864 2175 πράγματος
2922 2093 3213 2174 ἆπελαυον,
3274 2099 3371 2151 τοῦ
3439 2092 3491 2170 γ’
3564 2090 3775 2156 ἐκείνην

2120 2183 2401 2243 καλεῖσθαι
2476 2184 2788 2263 διέγνωσαν,
2864 2186 2959 2241 καί
3034 2183 3373 2263 Εὐφροσύνην
3445 2182 3591 2244 εὐθὺς
3651 2181 3773 2237 ὀνο-

2122 2275 2366 2349 μάζουσι.

2204 2362 2286 2426 Γ’.
2319 2365 2525 2434 Ταύτην
2575 2364 2720 2421 οὖνὸ
2780 2363 3106 2442 Παφνούτιος
3151 2363 3317 2441 εὗχῇς
3350 2361 3512 2418 οὖσαν
3572 2361 3768 2435 καρπὸν

2122 2455 2284 2530 ἀρετῇ
2375 2452 2579 2529 μᾶλλον
2653 2453 2687 2521 ἢ
2775 2454 2872 2518 τὴν
2946 2453 3114 2524 σάρκα
3196 2452 3495 2508 πιαίνουσιν
3565 2452 3765 2530 ἔτρεφε,

2124 2544 2211 2600 καὶ
2295 2557 2411 2607 τοῖς
2483 2541 2675 2600 ’ἑστῶσι
2733 2543 2820 2598 καὶ
2874 2542 3140 2617 μένουσιν,
3216 2540 3251 2608 ἢ
3313 2553 3429 2604 τοϊς
3488 2542 3768 2597 ἀπανθοῦσι

2125 2632 2479 2712 προσανέχειν
2528 2632 2791 2705 ἀνέπειθε,
2825 2632 2912 2688 καὶ
2962 2635 3146 2710 ψυχῆς
3178 2629 3552 2704 ἐπιμελεῖσθαι
3598 2630 3768 2707 πράγ-

2129 2742 2296 2797 ματος
2354 2722 2637 2796 ἀθανάτου,
2689 2722 2725 2790 ἢ
2771 2728 2861 2779 τοῦ
2904 2720 3043 2800 ταχὺ
3094 2720 3487 2798 μαραινομένου
3541 2717 3767 2776 ἐδίδασκε

2134 2812 2410 2885 σώματος.
2476 2812 2572 2868 Καὶ
2630 2811 2763 2878 αὕτη
2818 2809 2947 2886 πρός
3012 2831 3063 2865 τε
3134 2810 3234 2876 τὴν
3292 2816 3403 2867 τῶν
3443 2808 3773 2888 γεννητόρων

2127 2900 2320 2978 ἀρετὴν
2377 2907 2653 2979 αφορῶσα,
2687 2901 2772 2956 καὶ
2803 2899 2900 2967 τῆς
2960 2898 3177 2955 ἐκείνων
3223 2897 3620 2978 καλοκαγαθίας
3682 2898 3771 2964 τὴν

2126 2988 2348 3064 γνώμην
2412 2989 2506 3045 οὒκ
2566 2987 2867 3062 ἀπᾴδουσαν
2944 2986 3144 3066 ἔχουσα
3197 2986 3421 3052 ηὔξανεν
3480 2988 3657 3065 ὥσπερ
3707 2984 3767 3051 δὴ

2125 3079 2357 3151 σώματι,
2412 3077 2550 3134 οὕτω
2607 3079 2694 3134 καὶ
2747 3081 2930 3156 ψυχῆς
2990 3077 3299 3154 ὡραιότητι.
3376 3077 3542 3141 ’Ὶῖτος
3613 3076 3767 3143 ταύτῃ

2126 3163 2422 3223 δωδέκατον
2481 3167 2569 3240 ἦν,
2605 3170 2689 3221 καὶ
2722 3167 2754 3233 ἡ
2802 3166 2983 3242 μήτηρ
3011 3166 3125 3242 βίου
3176 3171 3267 3222 τοῦ
3299 3166 3564 3243 παρόντος
3606 3165 3763 3230 ἆπῆν⁹

390 3224 754 3314 excesserat.
803 3248 948 3311 Filia
980 3224 1321 3312 antem'sic
1351 3249 1623 3326 formata,
1659 3258 1716 3312 et
1765 3224 1820 3313 ei
1874 3258 2035 3312 aetate

2126 3257 2161 3324 ἡ
2228 3268 2360 3317 παῖς
2405 3253 2460 3310 δὲ
2518 3224 2654 3311 cgito)
2738 3224 3188 3332 διαπραττόμένη,
3248 3254 3336 3311 καὶ
3376 3224 3494 3325 ιτῆς
3568 3253 3766 3321 ἡλικίας

396 3339 765 3422 procedente
809 3338 1083 3401 virtutem
1118 3338 1306 3418 magis
1337 3338 1564 3401 habens
1595 3342 1895 3414 accedem,
1931 3340 2035 3402 de-

2127 3345 2260 3411 αὗτῆ
2325 3344 2756 3424 προκοπτούσης,
2796 3346 2876 3400 καὶ
2923 3344 3020 3412 τὴν
3067 3344 3258 3420 ἀρετὴν
3310 3345 3514 3423 ἔχουσα
3572 3342 3768 3409 μᾶλλον

396 3427 703 3493 siderabat
733 3445 941 3491 verum
997 3446 1306 3508 sponsum,
1334 3436 1414 3504 et,
1448 3446 1625 3505 quam
1679 3428 1782 3492 ille
1825 3429 2035 3510 diligit,

2127 3434 2567 3513 προστιθεμένην,
2630 3434 2718 3490 τὸν
2773 3433 2947 3501 ἄληθῆ
3006 3434 3237 3514 Νυμφίον
3307 3435 3511 3509 ὶπόθει,
3561 3434 3645 3490 καὶ
3711 3430 3767 3489 οὗ

390 3536 595 3582 curam
619 3518 863 3598 gerebat
878 3516 1095 3579 animae
1111 3517 1574 3599 pulchritudinis
1604 3518 1717 3591 Qui
1739 3528 1933 3581 autem
1959 3528 2035 3581 at-

2128 3521 2332 3578 ἐκεϊνος
2391 3522 2483 3601 ἐρᾷ
2514 3527 2750 3601 ψυχικοῦ
2808 3521 3035 3584 κάλλους
3068 3522 3409 3599 ἐπεμελεῖτο.
3469 3527 3528 3583 Οἱ
3557 3521 3611 3579 δὲ
3656 3533 3766 3585 τοῖς

389 3607 717 3672 tendebant
749 3625 845 3669 res
867 3606 1028 3670 solas
1051 3623 1391 3685 corporeas,
1417 3614 1475 3668 et
1505 3607 1854 3685 spectabant
1881 3608 2035 3670 illius

2127 3624 2460 3686 σωματικοῖς
2518 3615 2701 3686 μόνοις
2740 3613 3135 3691 προσκείμενοι,
3168 3615 3267 3683 τήν
3329 3635 3382 3669 τε
3443 3623 3536 3673 τοῦ
3576 3615 3760 3685 σώμα-

385 3697 642 3759 formam
666 3695 957 3776 corporis,
985 3704 1044 3756 et
1062 3705 1225 3757 recte
1255 3694 1543 3771 sciebant,
1561 3716 1736 3776 quam
1757 3707 1913 3759 esset
1937 3716 2035 3759 no-

2126 3722 2214 3764 τος
2273 3700 2414 3779 ὥραν
2463 3703 2715 3778 ὁρῶντες,
2750 3702 2834 3757 καὶ
2894 3702 3040 3765 ὅπως
3099 3706 3362 3778 εὐγενείας
3412 3708 3570 3783 εἶχεν
3612 3702 3757 3777 ἆκρι-

389 3784 499 3848 bili
528 3783 658 3847 loco
692 3790 1127 3859 nata,octavum
1151 3784 1449 3847 decimum
1472 3787 1591 3863 jam
1615 3803 1834 3847 annum
1863 3804 2035 3865 agen-

2126 3788 2227 3855 ϐὤς
2285 3789 2654 3865 ἐπιστάμενοι,
2718 3791 2860 3847 ὀκτὼ
2913 3792 3000 3847 οιαὶ
3057 3789 3274 3847 δέκατον
3331 3791 3452 3857 ἔτος
3504 3815 3603 3850 που
3659 3788 3763 3845 δια-

389 3884 511 3938 tem
557 3880 783 3955 patrem
818 3872 1270 3948 convenientes,
1307 3872 1584 3953 petebant
1616 3874 1673 3935 in
1731 3875 2035 3937 matrimo-

2126 3880 2366 3953 νόουσαν,
2400 3881 2472 3941 εἷς
2533 3878 2722 3957 λόγους
2777 3879 3067 3959 ερχόμενοι
3111 3888 3187 3956 τῷ
3236 3883 3605 3960 γεγεννηκότι,
3636 3880 3762 3957 πρὸς

389 3962 582 4026 nium.
616 3960 673 4024 Is
696 3969 917 4041 autem,
953 3980 1087 4024 cum
1116 3980 1236 4024 non
1268 3971 1469 4043 posset
1498 3980 1706 4024 eorum
1750 3965 2035 4043 postulata

2126 3967 2413 4040 μνηστείαν
2466 3967 2661 4034 ταύτην
2686 3969 2929 4043 ᾐτοῦντο,
2994 3960 3051 4026 ’0
3081 3968 3136 4026 δὲ
3192 3968 3287 4034 τοὶς
3332 3972 3534 4028 τούτων
3592 3969 3761 4026 ἔντεύο

387 4049 949 4139 repellere,uni,qni
975 4049 1287 4139 praestabat
1316 4049 1593 4111 omnibus
1615 4050 2035 4139 opibus,gloria

2126 4055 2225 4121 Εεις
2283 4056 2386 4136 οὐχ
2438 4057 2553 4120 οἷός
2614 4079 2670 4113 τε
2728 4057 2800 4115 ὢν
2872 4056 3203 4139 ἀπώσασθαι,
3266 4061 3338 4116 ἑνὶ
3394 4068 3505 4118 τῶν
3559 4061 3762 4117 πάντων

388 4148 450 4205 et
476 4140 721 4216 virtute,
755 4138 1111 4229 despondet
1138 4138 1416 4229 puellam,
1452 4138 1765 4201 consilium
1798 4141 2035 4222 capiens

2126 4144 2335 4218 πλούτῳ
2365 4167 2422 4200 τε
2466 4148 2552 4202 καὶ
2583 4143 2708 4222 δόξῃ
2767 4148 2854 4203 καὶ
2887 4147 3048 4223 ἀρετῇ
3102 4138 3420 4229 διαφέροντι,
3452 4152 3548 4218 τὴν
3603 4145 3763 4204 παῖδα

387 4232 518 4311 ejus
570 4230 811 4305 virtute,
874 4228 1049 4309 longe
1102 4227 1610 4308 indignissimum,
1645 4237 1706 4290 ut
1763 4230 1866 4310 qui
1921 4250 2035 4293 non

2126 4240 2500 4313 κατεγγυᾶται’
2552 4235 2686 4292 πολὺ
2744 4236 2837 4303 τῆς
2875 4238 3070 4300 οἰκείας
3130 4227 3320 4314 ἀρετῆς
3381 4239 3589 4307 ἀνάξιον
3640 4239 3761 4314 βου-

387 4319 691 4401 aspexerit
740 4319 813 4382 ad
848 4318 984 4382 tilia:
1019 4337 1143 4381 sua:
1182 4326 1421 4392 statum,
1458 4326 1514 4378 et
1548 4318 1709 4379 illius
1742 4319 1800 4380 in
1851 4323 2035 4383 Deum

2126 4322 2469 4400 λευσάμενος,
2501 4324 2594 4380 ἅτε
2654 4326 2731 4400 μή
2789 4329 2918 4405 πρὸς
2964 4328 3062 4394 τὴν
3116 4333 3214 4394 τῆς
3259 4329 3445 4395 παιδὸς
3499 4329 3761 4386 κατάστα-

388 4409 670 4490 pietatem
711 4428 724 4472 :
758 4426 873 4472 nec
899 4409 1058 4490 quod
1092 4416 1212 4470 tota
1244 4406 1527 4471 evasisset
1558 4407 1679 4470 Deo
1712 4408 2035 4486 familiaris,

2126 4434 2204 4467 σιν
2243 4411 2469 4491 ἀπιδὼν,
2505 4415 2592 4469 καὶ
2646 4416 2707 4471 τὸ
2760 4416 2964 4482 ἐκείνης
3022 4415 3287 4495 φιλόθεοι,
3320 4421 3414 4474 καί
3459 4420 3602 4483 ὅπως
3663 4415 3756 4479 ὅλη

386 4502 565 4579 etque
595 4496 707 4558 soli
743 4496 1006 4578 placere,
1042 4504 1099 4559 et
1131 4497 1263 4578 ejus
1313 4514 1534 4576 sponsa
1566 4506 1851 4578 perpetuo
1884 4506 2035 4561 esset

2126 4508 2238 4575 Θεῷ
2306 4504 2703 4579 προσώκείωτο,
2776 4505 2870 4561 καί
2941 4508 3109 4579 τούτῳ
3181 4508 3362 4584 ἆρέσαι
3448 4506 3615 4582 μόνον,
3676 4504 3760 4559 καὶ

386 4586 692 4649 meditata.
726 4585 953 4648 Horum
1013 4604 1154 4666 ergo
1185 4586 1286 4648 ille
1318 4585 1467 4647 nihil
1517 4595 1822 4667 reputans,
1859 4606 2033 4669 para-

2126 4594 2261 4666 αὒτῷ
2318 4592 2669 4672 νυμφευθῆναι
2724 4593 2807 4652 διὰ
2865 4593 3093 4670 μελέτης
3154 4596 3370 4655 ἐτίθετο.
3434 4608 3636 4656 Τούτων
3674 4593 3756 4649 οὖν

386 4675 749 4766 batnuptias
771 4676 905 4766 tiliae
934 4675 1181 4738 minime
1217 4675 1663 4739 convenientes.
1696 4675 1810 4766 Sed
1842 4679 2035 4740 zelans

2126 4682 2329 4745 ἐκεῖνος
2388 4681 2535 4738 οὖὶὲν
2602 4681 3086 4766 ὑπολογισάμενος,
3145 4687 3316 4763 γάμον
3377 4685 3639 4760 ἀπᾴδοντα
3692 4684 3754 4753 τῇ

387 4764 597 4829 zelavit
618 4762 905 4826 Dominus
931 4766 1058 4843 ejus
1080 4783 1253 4827 verus
1275 4782 1550 4846 sponsus,
1579 4773 1639 4826 et
1667 4765 1883 4847 abripit
1905 4773 2035 4849 qui-

2126 4769 2267 4827 παιδὶ
2348 4774 2749 4851 παρεσκεύαζεν,
2811 4773 2977 4831 Ἀλλὰ
3032 4762 3208 4847 ζηλῶν
3269 4774 3507 4847 ἐζήλωσε
3576 4773 3751 4849 Κύριος

388 4854 525 4916 dem
558 4869 591 4915 a
624 4853 1026 4934 matrimonio,
1063 4862 1119 4915 et
1142 4855 1237 4929 iis,
1272 4873 1403 4935 quae
1432 4867 1881 4935 consequuntur
1912 4876 2035 4918 ma-

2126 4863 2151 4917 ὁ
2200 4859 2402 4929 ἀληθὴς
2485 4864 2677 4928 ταύτης
2736 4864 2978 4940 νυμφίος,
3040 4867 3126 4921 καὶ
3178 4866 3472 4945 ἀφαρπάζει
3530 4865 3647 4940 μὲν,
3683 4862 3750 4922 ὡς

388 4940 762 5018 trimonium,
795 4950 859 5005 ut
903 4942 1239 5023 procedens
1294 4943 1569 5006 ostendet
1619 4946 1851 5010 oratio:
1912 4965 2035 5008 eam

2126 4951 2331 5026 προϊὼν
2389 4953 2417 5007 ὁ
2474 4950 2632 5027 λόγος
2691 4948 2947 5026 δηλώσει,
2992 4953 3164 5030 γάμου
3226 4940 3299 5009 τε.
3339 4957 3425 5011 καὶ
3472 4962 3577 5012 τῶν
3628 4949 3753 5028 μετᾶ

386 5038 583 5094 autem
644 5031 717 5094 ad
766 5034 944 5095 vitam
1006 5031 1311 5113 compellit
1365 5033 1859 5113 praestantiorem,
1913 5053 2035 5116 quea

2126 5039 2335 5115 γάμων·
2400 5041 2469 5100 είς
2524 5040 2634 5115 βίον
2693 5037 2746 5095 δὲ
2805 5042 3005 5107 ταύτην
3057 5043 3324 5118 κρείττονα
3380 5048 3624 5117 συνωθεῖ,
3667 5041 3753 5095 τὸν

386 5138 517 5184 eam
551 5119 664 5202 ipsi
699 5120 1108 5202 conjungebat
1147 5139 1252 5202 per
1283 5121 1526 5183 multam
1562 5123 1895 5201 puritatem.

2126 5126 2207 5183 διὰ
2240 5126 2441 5209 πολλῆς
2476 5132 2616 5202 αὖτῴ
2648 5129 2978 5186 συνάπτοντα
3008 5133 3390 5209 καθαρότητος.

466 5211 565 5273 IV.
599 5210 750 5274 Nam
785 5228 922 5272 cum
950 5220 1116 5291 pater
1145 5209 1386 5292 quidem
1411 5211 1525 5272 hoc
1555 5210 1814 5291 cepisset
1835 5215 2035 5274 consi-

2206 5216 2267 5271 A'
2345 5208 2437 5271 Ὦ-
2512 5218 2525 5234 ‘
2692 5224 2716 5234 ”
2860 5226 2886 5237 ”
3092 5222 3106 5241 ‘
3148 5208 3153 5209 ί
3195 5221 3212 5241 ‘
3372 5220 3403 5247 "
3448 5224 3460 5244 '
3699 5217 3712 5239 ’

2276 5264 2289 5279 .
2414 5259 2437 5279 .,
2470 5238 2570 5296 γαρ
2626 5239 2788 5274 ταυτα
2820 5241 2896 5294 τῳ
2954 5242 3109 5298 πατρι
3154 5244 3250 5295 μεν
3307 5221 3639 5299 βεοουλευτο,
3666 5237 3755 5272 ουκ

385 5299 556 5374 lium,
591 5316 712 5363 non
735 5306 893 5390 esset
915 5306 1116 5362 autem
1148 5299 1249 5362 illa
1280 5307 1424 5375 tota,
1459 5300 1506 5361 si
1535 5317 1651 5390 non
1683 5300 1846 5362 sonis
1870 5301 2035 5390 prius

2126 5307 2182 5371 ἥν
2227 5302 2281 5361 δὲ
2339 5304 2571 5385 ἀσφαλὲς
2632 5304 2726 5383 ἄρα
2785 5309 2862 5383 μὴ
2920 5309 3305 5390 μετειληφυῖαν
3362 5311 3457 5369 καῖ
3514 5316 3614 5367 τῶν
3668 5312 3755 5362 τοῦ

388 5401 646 5479 precum
661 5387 1261 5479 particeps,quarum
1275 5395 1402 5468 ipsa
1423 5395 1549 5451 erat
1572 5388 1916 5479 fructus,sic
1943 5408 2035 5450 ve-

2126 5392 2363 5470 γέροντος
2419 5394 2596 5475 εὐχῶν
2640 5395 2922 5475 πρότερον,
2952 5399 3026 5454 ὧν
3071 5387 3170 5454 καί⁷
3213 5403 3415 5479 καρπὸς
3478 5400 3753 5477 ἐτύγχανεν

387 5473 549 5567 nitet
577 5475 649 5537 ad
683 5477 942 5567 nuptias,
971 5478 1406 5540 benedictionis
1436 5478 1622 5567 gratia
1638 5478 1720 5567 ad
1758 5496 2033 5557 magnum

2126 5480 2274 5555 αὕτη,
2303 5482 2439 5539 οὕτω
2498 5473 2628 5559 πρὸς
2679 5486 2769 5540 τὸν
2808 5473 2999 5561 *γάμον
3049 5486 3249 5562 ἐλθεῖν,
3285 5473 3547 5567 ἐὐλογίας
3577 5473 3748 5564 ~i5?“

387 5561 559 5652 illum
585 5580 790 5626 senem
811 5566 974 5626 venit
999 5584 1132 5628 cum
1159 5575 1423 5646 parente.
1459 5566 1688 5630 Deinde
1712 5586 1844 5628 cum
1877 5568 2035 5630 illius

2126 5583 2247 5647 πρὸς
2316 5570 2406 5627 τόν
2485 5572 2653 5649 μέγαν
2713 5573 2921 5632 ἐκεῖνον
3007 5576 3119 5650 ἅμα
3189 5561 3266 5650 τῷ
3322 5561 3525 5634 τεκόντι
3579 5561 3747 5652 φοιτᾷ.

390 5648 655 5713 audisset
684 5667 1016 5729 sermones,
1046 5662 1104 5715 et
1137 5655 1559 5718 monachorum
1597 5665 1736 5720 tunc
1775 5657 2029 5738 primum

2126 5662 2254 5716 Εἶτα
2311 5658 2484 5736 λόγων
2514 5661 2713 5718 ἐκείνου
2765 5662 3056 5744 ἀκούσασα,
3095 5666 3180 5721 καὶ
3224 5666 3321 5732 τὴν
3352 5668 3455 5721 τῶν
3505 5658 3748 5742 μοναχῶν
