4004 6138
273 352 362 422 309

1435 354 1620 418 VITA
1665 354 1726 416 S.
1774 353 2358 418 EUPHROSYNES.

3464 345 3582 414 310

263 495 344 551 τότε
387 494 587 570 πρῶτον
638 491 922 570 ἑωρακυῖα
981 489 1326 565 κατάστασιν,
1383 491 1668 573 πολλάκις,
1726 491 1857 572 ἔφη,

1958 489 2195 552 vidisset
2246 495 2488 565 statum,
2523 505 2679 568 saepe
2711 487 2857 549 dixit
2892 509 2906 552 :
2963 485 3129 551 Beati
3158 485 3258 568 qui
3285 485 3401 548 hoc
3453 487 3586 548 vita

250 584 468 659 Κατ-’ἐρισι
531 585 578 639 οἱ
604 581 702 648 τὴν
735 579 1014 637 πολιτείαν
1045 581 1242 646 ταύτην
1299 579 1382 636 διὰ
1416 585 1545 638 Θεὸν
1590 582 1862 661 μετερχό-

237 693 376 744 pavet.
433 672 534 729 Καὶ
564 670 591 726 ὅ
624 691 684 748 γε
735 682 859 735 τοῖς
915 668 1237 747 διορατικοϊς
1287 672 1386 736 τῆς
1419 671 1603 750 ψυχῆς
1661 669 1862 751 ὀφθαλ-

227 760 333 832 μοῖς
385 759 516 837 ὅπερ
565 762 603 828 ἡ
661 757 924 837 παρθένος
969 755 1215 815 ἐϐούλετο
1276 757 1622 834 θεασάμενος,
1659 759 1862 816 κατάλ-

218 849 364 915 ληλον
432 849 579 925 αῦτῇ
637 861 881 906 ποιεῖται
940 849 1028 904 καὶ
1071 849 1170 916 τὴν
1213 849 1404 928 εὐχήν
1470 841 1526 907 Ὀ
1585 851 1738 929 Θεὸς,
1783 850 1863 905 εξ-

215 942 336 1013 uci”,
367 939 430 994 τὸ
490 951 750 996 συνοῖσον
800 944 870 1013 τῇ
913 944 1007 1014 σῇ,
1053 936 1258 1012 τέκνον,
1293 938 1513 1008 ποιήσαι
1569 943 1744 1018 ψυχῇ,
1779 938 1866 994 καὶ

211 1029 327 1106 πρὸς
383 1031 478 1085 τὸν
542 1029 710 1086 αὐτοῦ
765 1025 929 1106 φόϐον
982 1027 1263 1105 στηρίξειε,
1323 1029 1408 1084 καὶ
1464 1031 1570 1084 τῶν
1625 1029 1862 1102 ἡτοιμα-

213 1116 406 1191 σμένων
431 1117 661 1195 ἀγαθῶν
724 1116 965 1182 ἀξιώσειε
1023 1128 1141 1179 τοῖς
1215 1117 1628 1194 εὖηρεστηκόσιν
1698 1118 1860 1176 αὐτῷ.

210 1217 368 1266 Ταῦτα
426 1209 634 1287 εἰπὼν,
693 1208 780 1262 καὶ
840 1205 1006 1269 οὕτως
1071 1209 1204 1282 αὐτῇ
1259 1204 1634 1286 ἒπευξάμενος,
1695 1206 1865 1274 ἐνίησι

206 1295 412 1353 διπλοῦν
473 1303 554 1370 τῇ
587 1295 796 1362 ἐκείνης
855 1317 1004 1374 φυχῃ
1061 1297 1153 1351 τὸν
1205 1296 1332 1370 πρὸς
1377 1297 1507 1352 Θεὸν
1551 1295 1744 1375 ἔρωτα,
1781 1297 1868 1352 καὶ

205 1385 417 1442 ἀνάπτει
496 1383 854 1464 σφοδρότερον
897 1385 994 1452 τὴν
1051 1383 1269 1444 ἐνοῦσαν
1314 1386 1448 1461 αὐτῇ
1504 1383 1678 1464 φλόγα
1734 1387 1866 1463 πρὸς

201 1473 536 1536 θεοσέϐειαν.
635 1473 958 1533 Ἐπανιοῦσα
1049 1474 1219 1531 τοίνυν
1289 1472 1494 1530 οἴκαδε·
1578 1475 1864 1552 Μακάριοι,

201 1565 354 1622 πάλιν
411 1564 638 1643 ἔλεγεν,
673 1566 720 1622 οἱ
766 1564 862 1631 τὴν
892 1563 997 1620 τῶν
1027 1570 1286 1643 μοναχῶν
1337 1565 1724 1644 μετερχόμενοι
1763 1587 1868 1621 πο·-

201 1654 430 1734 λιτείαν,
482 1653 574 1711 ὅτι
633 1653 895 1712 κάνταῦθα
951 1653 987 1720 ἢ
1044 1650 1191 1710 οὐδὲν
1249 1651 1559 1731 διαφέροντα
1610 1654 1706 1722 τῆς
1763 1659 1870 1710 τῶν

198 1741 447 1822 ἀγγέλων
525 1741 804 1806 πολιτείας
889 1743 1082 1818 βιοῦσι,
1138 1743 1224 1798 καὶ
1302 1742 1438 1817 μετὰ
1492 1743 1591 1810 τὴν
1668 1741 1868 1800 ἐνθένδε

194 1831 540 1911 ἀπαλλαγήν
571 1838 673 1900 τῆς
704 1831 913 1888 αἰωνίου
943 1832 1086 1902 ζωῆς
1117 1828 1496 1896 ἂπολαύσουσι,

272 1923 357 1985 Ε’.
411 1923 537 1988 τὴν
595 1920 653 1977 δὲ
710 1921 880 1978 οἰκίαν
937 1918 1308 1978 καταλαϐοῦσα
1367 1919 1550 1995 ἠμέλει
1595 1921 1692 1996 μὲν
1752 1921 1864 1978 σώ-

193 2035 364 2087 ματος
450 2010 838 2086 καλλωπισμοῦ
887 2015 1158 2084 τοσοῦτον,
1195 2011 1268 2075 ὡς
1303 2008 1439 2085 μηδὲ
1475 2015 1669 2091 ψυχρῷ
1720 2010 1866 2068 ὕδατι

193 2104 252 2159 τὸ
309 2103 620 2181 πρόσωπον
668 2100 1069 2174 ἀπονίπτεσθαι,
1104 2097 1317 2177 δάκρυσι
1366 2098 1420 2155 δὲ
1454 2121 1540 2156 και
1598 2102 1866 2167 νηστείαις

195 2193 292 2259 τὴν
353 2198 474 2258 τῆς
538 2195 724 2268 ψυχῆς
789 2188 1087 2268 ἐφαίδρυνεν
1142 2189 1470 2266 ὡραιότητα.
1534 2188 1868 2268 Περιδὲρῤαια

196 2279 249 2337 δε
306 2283 412 2338 καὶ
470 2281 690 2359 ἐνώτια,
745 2280 832 2335 καὶ
889 2279 1086 2357 χρυσὸς
1143 2281 1172 2334 ὁ
1215 2291 1409 2357 χεῖρας
1471 2285 1684 2353 κοσμῶν
1737 2281 1868 2356 πρὸς

198 2373 289 2427 τὸν
338 2371 455 2438 τῆς
502 2370 690 2447 ψυχῆς
753 2368 956 2441 κόσμον
1013 2366 1444 2445 μετεῤῥυθμίζετο
1473 2381 1590 2432 τοῖς
1647 2368 1870 2434 πένησιν

201 2459 742 2539 ἐπιχορηγούμενος,
820 2456 936 2516 Οὔκ
995 2456 1061 2523 ἦν
1129 2459 1263 2530 αὒτῇ
1333 2456 1486 2524 ἐσθὴς
1544 2459 1577 2519 ἡ
1649 2456 1867 2532 μαλακὴ

203 2545 695 2627 περισπούδαστος,
755 2545 876 2601 ἀλλ’
945 2544 1062 2627 ἀντ’
1123 2545 1326 2612 ἐκείνης
1385 2547 1418 2612 ἡ
1465 2546 1570 2602 τῶν
1614 2548 1866 2625 τριχίνων

206 2623 475 2720 ἆμφίασις
562 2634 932 2700 ἐσπουδάξετο.
1027 2623 1306 2708 Ὀμηλίκω
1389 2635 1448 2692 οὗ
1531 2649 1651 2697 ταῖς
1706 2623 1866 2711 γπρὸς

204 2727 412 2796 ἡδονήν
463 2746 514 2782 τι
562 2724 844 2803 λεγούσαις
903 2721 1042 2788 ὅλως
1101 2721 1280 2803 ἥδετο,
1312 2723 1450 2780 ἀλλὰ
1501 2739 1624 2788 ταῖς
1681 2724 1866 2800 ὅμοιον

208 2817 466 2896 ἰχούσαις
528 2815 662 2890 αὖτῇ
691 2816 784 2870 τὸν
842 2813 973 2890 πρὸς
1028 2814 1156 2867 Θεὸν
1187 2812 1380 2892 ἔρωτα,
1415 2811 1700 2876 διαπαντὸς
1758 2814 1870 2893 ἐφί-

209 2906 291 2963 λει
342 2904 717 2983 συγγενέσθαι,
791 2908 969 2979 Γραῶν
1021 2899 1074 2956 δὲ
1136 2900 1322 2965 ὕθλους
1378 2903 1466 2958 καὶ
1527 2901 1870 2980 γυναικώδεις

220 2995 528 3073 κενουργίας
600 2991 745 3049 οὐδὲν
816 2991 991 3068 ἄκρων
1076 2993 1241 3057 αὐτῆς
1320 2998 1425 3048 τῶν
1479 2991 1630 3047 ὤτων
1687 2993 1873 3067 ψαύειν

217 3087 491 3164 ἠνείχετο.
526 3069 629 3138 Ἠν
659 3079 714 3136 δὲ
771 3083 903 3156 αὐτῇ
932 3081 1020 3136 καὶ
1059 3088 1212 3138 τοῦτο
1245 3079 1329 3136 διὰ
1371 3080 1627 3154 σπουδῆς,
1665 3083 1727 3138 τὸ
1757 3095 1872 3145 τοῖς

223 3172 507 3247 ἰνδημοῦσι
565 3173 672 3226 τῶν
743 3176 1022 3248 μοναχῶν,
1069 3168 1190 3243 οἵγε
1247 3170 1383 3226 κατὰ
1441 3171 1640 3226 σκοπὸν
1684 3168 1872 3237 εὖσεὸἧ

225 3270 298 3335 τῷ
353 3263 513 3338 πατρὶ
572 3257 985 3338 παρενέϐαλλον,
1040 3257 1366 3335 διαλέγεσθαί
1411 3281 1466 3315 τε
1521 3258 1723 3334 μᾶλλον
1789 3261 1875 3315 καὶ

237 3350 352 3428 παρ’
395 3352 612 3407 ἐκείνων
641 3349 708 3404 τά
737 3353 856 3404 θεῖα
890 3346 1242 3409 διδάσκεσθαι,

318 3441 386 3462 P‘

242 3530 334 3607 τήρ
383 3531 450 3595 εἰς
497 3530 560 3584 τὸ
591 3523 942 3604 ἀσκητήριᾶν,
977 3527 1067 3583 ἵνα
1112 3529 1138 3583 ὁ
1170 3527 1333 3605 μέγας
1391 3528 1593 3591 ἐκεῖνος
1639 3529 1876 3608 ἐτύγχα-

317 3667 334 3698 ,
393 3619 722 3696 ἀφικνεῖται,
779 3617 878 3683 τὴν
933 3617 1154 3690 μνήμην
1208 3615 1530 3674 ἐπιτελέσων
1597 3619 1689 3674 σὺν
1752 3630 1871 3680 τοϊς

226 3721 502 3787 μονσχοτς
557 3717 651 3766 τοῦ
706 3704 1024 3780 δειμαμένου
1079 3707 1140 3761 τὸ
1199 3709 1622 3782 φροντιστήριον.
1686 3707 1872 3764 Aerem

221 3801 348 3873 γοῦν
409 3798 498 3853 ἐπὶ
527 3809 674 3873 τρεῖς
732 3794 859 3858 ὅλας
907 3794 1109 3869 ἡμέρας
1142 3801 1233 3852 τοῦ
1285 3795 1419 3851 κατὰ
1451 3796 1619 3874 σσέρκα
1675 3798 1872 3874 πατρὸς

219 3895 297 3961 τῷ
358 3888 702 3962 μοναστηρίῳ
755 3885 1190 3960 προσμείναντος,
1242 3886 1276 3952 ἡ
1344 3885 1645 3965 [εὐφροσύνη
1689 3893 1875 3962 καιροῦ

219 3974 543 4050 λαϐομένη,
604 3976 721 4030 τινὰ
791 3971 1250 4046 μεταστειλαμένη
1327 3979 1434 4029 τῶν
1501 3982 1762 4054 μοναχῶν
1817 3976 1876 4031 ἐκ

222 4073 328 4138 τῷν
403 4064 505 4130 τῆς
577 4062 829 4128 Σκάτεως
904 4061 1183 4135 σεμνείων,
1244 4065 1400 4136 θεῒκῇ
1467 4063 1586 4119 τότε
1657 4063 1877 4141 προνοίᾳ

127 4203 134 4212 .
220 4149 595 4210 καταλαϐόντα
651 4150 748 4216 τὴν
805 4147 1197 4225 Ἀλεξάνδρειαν
1251 4149 1437 4228 (μέγας
1471 4150 1524 4205 δὲ
1571 4151 1721 4214 οὗτος
1779 4150 1876 4216 τὴν

221 4243 421 4320 ἀρετὴν
464 4239 582 4319 ἦν),
617 4243 759 4312 αὖτῷ
811 4246 1077 4296 κοινοῦται
1108 4239 1173 4294 τὰ
1204 4243 1302 4306 τῆς
1361 4239 1580 4314 βουλῆς,
1620 4241 1717 4298 Καὶ
1774 4242 1875 4296 αὖ..

223 4334 314 4397 τὸς
365 4330 536 4392 εὐθύς·
587 4328 890 4402 ”Ηκουσας,
923 4328 1049 4406 ἔφη,
1110 4329 1193 4383 καὶ
1255 4327 1388 4394 αὒτή
1432 4328 1669 4406 φιλόθεος
1746 4331 1876 4386 οὖσα

227 4421 405 4484 καθὼς
465 4421 586 4496 ὂρᾷν
643 4418 782 4497 ἔχω,
839 4420 922 4473 καὶ
979 4420 1136 4479 θείοις
1195 4416 1631 4496 ἓνασχολουμένη
1689 4417 1875 4496 διδάγ-

228 4528 415 4582 μασιν,
451 4509 542 4560 οἰα
600 4503 652 4559 ἐν
683 4517 798 4568 τοῖς
865 4503 1203 4582 Εὖαγγελίοις
1252 4526 1414 4583 φησιν
1469 4508 1496 4560 ὁ
1541 4506 1755 4580 Σωτὴρ,
1789 4503 1877 4561 καὶ

231 3641 311 3675 νεν

319 3441 410 3513 ς’,
463 3441 539 3498 Οὔ
565 3438 710 3496 πολὺ
752 3441 814 3493 τὸ
845 3437 899 3493 ἐν
957 3437 1104 3512 μέσῳ
1135 3440 1222 3494 καὶ
1283 3439 1665 3514 μετάπεμπτος
1698 3439 1725 3494 ὃ
1770 3461 1878 3495 πα-

1946 598 2130 660 genus
2184 587 2424 660 propter
2475 576 2774 641 Christum
2829 576 3183 659 suspiciunt.
3237 575 3343 638 Ille
3384 581 3583 639 autem

1947 688 2081 731 cum
2114 668 2297 730 animi
2333 665 2775 749 perspicacibus
2824 667 3037 743 oculis,
3067 666 3207 748 quid
3240 665 3436 748 puella
3460 664 3587 728 vel-

1949 759 2053 835 let,
2089 766 2248 820 esset
2275 756 2733 838 contemplatus,
2770 775 2977 838 preces
3005 774 3242 839 quoque
3273 755 3426 818 ludit
3455 755 3586 835 ejus

1949 847 2248 910 desiderio
2306 847 2772 910 convenientes:
2826 846 3014 921 Deus,
3063 865 3098 908 o
3152 845 3298 923 ﬁlia,
3348 843 3582 918 dicens,

1948 937 2121 998 faciat
2167 937 2324 1016 quod
2355 935 2433 999 sit
2492 943 2604 996 tuae
2633 935 2847 997 animas
2887 935 3147 999 futurum
3179 932 3581 1009 conducibile,

1950 1035 2010 1088 et
2069 1027 2124 1087 in
2159 1024 2287 1105 ejus
2319 1025 2536 1086 timore
2587 1025 2921 1104 conﬁrmet,
2955 1032 3014 1087 et
3041 1024 3303 1104 dignam'
3343 1029 3588 1086 censeat

1950 1114 2124 1177 bonis
2181 1114 2399 1195 paratis
2431 1113 2526 1188 iis,
2561 1115 2661 1193 qui
2695 1113 2807 1194 ipsi
2858 1115 3230 1194 placuerunt.
3261 1115 3408 1175 Cum
3457 1114 3587 1175 haec

1950 1204 2220 1286 dixisset,
2257 1211 2314 1265 et
2371 1203 2458 1266 sic
2506 1203 2561 1265 ei
2619 1213 2781 1266 esset
2831 1213 3124 1284 precatus,
3159 1203 3323 1265 illius
3374 1201 3590 1265 animas

1949 1293 2250 1376 duplicem
2282 1293 2548 1356 immittit
2589 1311 2727 1372 erga
2755 1293 2942 1356 Deum
2977 1311 3264 1371 amorem,
3301 1298 3358 1355 et
3405 1291 3588 1355 vehe-

1953 1383 2213 1446 mentius
2266 1382 2540 1445 accendit
2598 1401 2754 1458 eam,
2815 1401 2952 1464 quae
3006 1381 3220 1456 inerat,
3277 1381 3584 1463 pietatem.

1952 1477 2204 1538 Domum
2267 1491 2404 1552 ergo
2463 1480 2788 1550 revertens,
2822 1490 3028 1534 rursus
3076 1470 3358 1534 dicebat:
3423 1471 3592 1534 Beati

1952 1564 2053 1644 qui
2101 1561 2432 1642 suscipiunt
2457 1563 2586 1624 vitae
2611 1579 2799 1640 genus
2856 1561 3274 1636 monasticam,
3307 1559 3590 1642 quoniam

1953 1661 2013 1716 et
2064 1654 2159 1714 hic
2189 1653 2277 1715 sic
2332 1651 2557 1725 vivunt,
2593 1661 2657 1712 ut
2689 1669 2893 1732 parum
2927 1660 3026 1713 aut
3079 1650 3229 1712 nihil
3258 1649 3331 1713 ab
3361 1649 3594 1730 angelis

1952 1743 2264 1806 ditl‘erant:
2301 1749 2357 1804 et
2379 1747 2690 1824 postquam
2725 1741 2864 1803 hinc
2895 1741 3281 1817 excesserint,
3315 1740 3432 1802 vita
3458 1741 3591 1802 fru-

1891 1861 1928 1912 3
1952 1839 2133 1894 untur
2157 1840 2396 1894 aeterna.

2030 1919 2102 1983 V.
2130 1921 2274 1984 Cum
2300 1921 2540 1983 domum
2565 1928 2764 1983 autem
2784 1921 3070 1998 venisset,
3099 1919 3434 2000 negligebat
3454 1920 3594 2001 qui-

1951 2009 2087 2072 dem
2142 2010 2364 2072 cultum
2396 2012 2688 2092 corporis,
2719 2011 2868 2073 adeo
2915 2021 2978 2073 ut
3011 2029 3122 2074 nec
3167 2028 3321 2092 aqua
3350 2009 3595 2091 quidem

1950 2098 2165 2179 frigida
2196 2099 2410 2163 faciem
2461 2100 2719 2164 levaret:
2761 2100 3046 2179 lacrymis
3103 2107 3300 2162 autem
3333 2107 3391 2162 et
3418 2097 3591 2178 jeju-

1954 2188 2094 2262 niis,
2128 2189 2343 2251 anima:
2402 2189 2657 2252 laetiﬁcat
2713 2190 2996 2270 speciem.
3058 2191 3324 2270 Torques
3369 2195 3592 2262 autem,

1952 2276 2216 2351 inaures,
2253 2287 2310 2339 et
2334 2277 2598 2350 monilia,
2635 2286 2694 2340 et
2721 2296 2957 2352 aurum,
2984 2278 3140 2358 quod
3172 2295 3384 2339 manus
3414 2292 3597 2338 exor-

1955 2367 2152 2442 nabat,
2186 2367 2603 2430 Iraducebatur
2630 2367 2703 2430 ad
2727 2377 2997 2429 ornatum
3022 2365 3602 2446 animae,suppedita-

1956 2464 2079 2518 tum
2107 2454 2633 2536 pauperibusNon
2657 2464 2787 2518 erat
2805 2455 2861 2518 ei
2883 2473 3043 2517 cura:
3070 2452 3264 2516 mollis
3281 2453 3602 2531 vestis,sed

1954 2546 2120 2607 illius
2145 2546 2272 2606 loco
2295 2545 2350 2606 ei
2380 2563 2537 2608 curae
2559 2554 2685 2607 erat
2712 2545 3001 2607 inducere
3023 2542 3386 2608 ciliciumEx
3412 2561 3607 2622 aequa-

1953 2634 2113 2697 libus
2140 2653 2257 2695 non
2281 2634 2354 2696 iis
2365 2635 2608 2696 omnino
2623 2634 3090 2711 delectabatur,q
3101 2653 3190 2696 uae
3207 2631 3603 2713 loquebantur

1955 2724 2028 2786 ad
2061 2725 2422 2804 voluptatem
2463 2745 2478 2784 :
2511 2724 2614 2786 sed
2648 2743 2781 2786 cum
2805 2724 3045 2805 iis,qua3
3073 2723 3186 2786 sibi
3213 2721 3472 2784 similem
3506 2721 3606 2784 ha-

1957 2812 2174 2875 bebant
2198 2813 2258 2873 in
2288 2812 2474 2874 Deum
2501 2832 2794 2894 amorem,
2829 2811 3366 2894 semperlubenter
3393 2828 3599 2874 versa-

1955 2901 2151 2964 batur.
2211 2903 2419 2965 Aniles
2445 2913 2640 2965 autem
2695 2921 2900 2982 nugas,
2938 2911 2998 2966 et
3047 2920 3232 2964 vanos
3279 2899 3596 2964 mulierum

1956 3009 2288 3064 sermones,
2320 3011 2395 3054 ne
2425 3011 2689 3056 summas
2713 2993 2959 3074 quidem
2993 3010 3129 3054 suas
3161 3009 3340 3053 aures
3367 2989 3602 3053 sinebat

1959 3088 2223 3161 tangere.
2253 3081 2391 3144 Erat
2421 3102 2559 3145 vero
2591 3083 2702 3144 hoc
2735 3100 2972 3163 quoque
3003 3081 3059 3144 ei
3091 3081 3310 3157 studio,
3335 3098 3470 3142 cum
3500 3081 3595 3160 iis,

1958 3170 2060 3248 qui
2095 3171 2218 3232 illic
2250 3171 2655 3249 versabantur,
2678 3170 3010 3244 monachis,
3039 3170 3261 3251 quique
3283 3168 3380 3250 pia
3404 3168 3604 3249 aliqua

1961 3260 2036 3322 de
2079 3279 2256 3322 causa
2291 3261 2361 3322 ad
2398 3269 2622 3340 partem
2671 3260 3056 3333 accedebant,
3089 3258 3407 3332 disserere,
3441 3266 3501 3321 et
3525 3256 3598 3320 ab

1961 3348 2077 3410 illis
2105 3349 2300 3410 divina
2328 3349 2581 3414 discere.
3625 3367 3630 3372 '

2043 3437 2141 3501 Vl.
2176 3440 2309 3502 Non
2343 3439 2592 3500 multum
2633 3439 2971 3502 intercessit
2999 3437 3306 3516 temporis,
3337 3444 3396 3498 et
3436 3442 3604 3518 pater

1962 3528 2284 3592 accersitus
2317 3531 2473 3592 venit
2498 3531 2554 3591 in
2580 3531 3025 3602 monasterium,
3057 3528 3155 3591 ubi
3178 3535 3303 3590 crat
3332 3526 3431 3588 ille
3461 3544 3596 3588 ma-

1953 3636 2130 3698 gnus,
2160 3619 2338 3680 simul
2365 3637 2498 3679 cum
2533 3619 2840 3681 monachis
2871 3625 3217 3700 peracturus
3240 3615 3589 3678 memoriam

1956 3705 2250 3787 illius,qui
2273 3707 3102 3770 exstruxeratmonasterium.
3122 3710 3270 3769 Cum
3295 3703 3422 3766 illic
3451 3723 3592 3783 ergo

1960 3805 2079 3858 tres
2109 3805 2258 3858 totos
2287 3797 2417 3859 dies
2448 3798 2761 3859 mansisset
2783 3799 2840 3859 in
2865 3795 3222 3860 monasterio
3255 3802 3419 3876 pater
3463 3794 3596 3874 ejus

1959 3884 2288 3948 secundum
2311 3886 2668 3962 carnem,Eu
2679 3887 2970 3968 phrosyne
2998 3893 3242 3967 accepta
3256 3883 3592 3957 occasione,

1959 3984 2018 4038 et
2046 3975 2334 4038 accersito
2356 3975 2608 4056 quodam
2635 3977 2927 4039 monacho
2949 3995 3019 4038 ex
3051 3973 3429 4038 monasteriis
3447 3974 3596 4036 Sce-

1963 4065 2059 4137 tis,
2092 4066 2194 4146 qui
2243 4075 2384 4126 tunc
2414 4065 2612 4127 divina
2643 4066 3011 4146 providentia
3039 4072 3280 4126 venerat
3335 4062 3596 4125 Alexan—

1963 4153 2318 4233 driam(erat
2337 4165 2533 4216 autem
2558 4155 2610 4216 is
2634 4173 2878 4232 magnus
2900 4154 3220 4229 virtute),ei
3239 4170 3410 4214 suum
3430 4169 3600 4212 com-

1965 4244 2232 4304 municat
2280 4244 2615 4307 consilium.
2649 4243 2754 4306 Ille
2796 4255 2989 4307 autem
3024 4262 3038 4306 :
3069 4241 3349 4317 Audiisti,
3379 4239 3594 4320 inquit,

1963 4332 2093 4413 ipsa
2123 4350 2360 4411 quoque
2389 4351 2524 4394 cum
2559 4334 2641 4394 sis
2676 4333 2772 4414 pia
2799 4334 2856 4394 in
2893 4335 3105 4407 Deum,
3139 4337 3424 4411 quantum
3452 4346 3597 4409 pos-

1962 4439 2094 4482 sum
2112 4418 2335 4496 videre,
2371 4429 2434 4484 et
2455 4429 2681 4484 versata
2703 4423 2760 4483 in
2785 4423 3058 4485 doctrina
3073 4421 3292 4495 divina,
3324 4435 3596 4500 quaenam

1963 4509 2231 4572 Salvator
2259 4509 2405 4571 dicit
2445 4511 2503 4571 in
2537 4512 2893 4592 Evangeliis,
2925 4510 3080 4592 quod
3111 4510 3212 4592 qui
3246 4518 3468 4590 patrem
3500 4514 3603 4568 aut

231 4595 302 4658 ὠς
353 4598 382 4650 ὁ
439 4599 608 4667 τιμῶν
667 4593 866 4670 πατέρα
925 4593 962 4659 ἢ
1014 4593 1220 4670 μητέρα
1277 4593 1406 4666 ὑπὲρ
1453 4595 1609 4650 asta»
1668 4595 1870 4660 ἀνάξιος

1965 4609 2214 4660 matrem
2237 4602 2489 4660 honorat
2511 4600 2642 4680 plus
2667 4583 2841 4680 quam
2868 4583 3210 4680 ipsumipso
3227 4583 3505 4677 indignus
3521 4595 3603 4659 ef-

232 4686 391 4741 α-ἶιτοῦ
450 4681 729 4742 δείκνυται.
765 4683 943 4757 Ταύτῃ
997 4687 1066 4758 τῇ
1107 4680 1413 4754 διδασκαλίᾳ
1473 4682 1756 4762 χρωμένη,
1792 4685 1870 4738 καῖ

1966 4687 2216 4750 [ὶοίιυινὲ.
2248 4687 2370 4750 Hac
2411 4697 2582 4750 utens
2601 4689 2892 4770 doctrina,
2913 4701 2968 4750 et
2994 4689 3101 4750 hac
3115 4689 3408 4750 sententia
3435 4695 3601 4748 tuum

231 4773 331 4840 τῆς
389 4770 708 4850 ἀποφάσεως
759 4773 957 4838 ταύτης
1014 4771 1400 4846 ἁπαιωρήσασα
1460 4773 1558 4838 τὴν
1623 4770 1870 4850 διάνοιαν1

1966 4776 2204 4856 erigens
2224 4777 2515 4850 animum,
2541 4777 2693 4858 quod
2720 4779 2994 4851 statuisti,
3014 4779 3129 4839 cito
3153 4776 3302 4839 velis
3325 4775 3601 4838 effectum

232 4861 334 4918 ὅσα
412 4857 750 4935 βεϐούλευσαι
823 4861 962 4939 ταχὺ
1036 4862 1419 4938 προθυμήθητι,
1488 4862 1577 4916 καὶ
1659 4869 1758 4937 πῦρ
1829 4861 1870 4916 ἐι

1970 4872 2242 4928 reddere:
2277 4880 2330 4928 et
2356 4871 2551 4942 ignem
2566 4857 2629 4928 in
2653 4872 2825 4930 corde
2845 4873 3168 4944 suspiciens
3196 4865 3446 4941 ejus.qui
3467 4881 3600 4924 eum

231 4949 419 5030 καρδία
471 4947 703 5005 λαϐοῦσα
757 4959 849 5009 τοῦ
883 4950 966 5006 ἐπὶ
1021 4949 1121 5026 γῆς
1180 4949 1305 5005 αὒτὸ
1362 4947 1686 5024 βεϐληκότος
1750 4958 1870 5027 Χρι-

1970 4955 2125 5013 misit
2143 4957 2197 5012 in
2218 4957 2610 5020 terramﬂvide
2632 4971 2706 5014 ne
2724 4959 2983 5016 socordia
2997 4968 3049 5014 et
3072 4967 3372 5013 meracum
3387 4953 3603 5010 exstin-

231 5043 378 5112 στοῦ,
414 5047 643 5096 σπεῦσον
696 5039 772 5113 μὴ
815 5039 1036 5115 ῥᾳθυμίᾳ
1066 5041 1219 5094 τοῦτο
1276 5040 1363 5094 καὶ
1405 5037 1696 5102 ἀναϐολαῖς
1741 5040 1870 5096 ἀπο-

1966 5039 2241 5119 guaszsed
2267 5058 2440 5120 quam
2477 5041 2730 5118 primum
2754 5043 2824 5103 ad
2858 5042 3038 5104 linem
3066 5039 3327 5102 deducas
3355 5035 3414 5098 id
3443 5034 3603 5116 quod

232 5127 443 5201 σϐέσαι,
502 5125 734 5182 ἀλλ’ὅτι
788 5128 956 5205 τάχος
1001 5129 1072 5188 εἷς
1131 5127 1293 5204 πέρας
1346 5129 1407 5184 τί)
1467 5128 1550 5184 ἐπὶ
1594 5136 1709 5185 νοῦν
1739 5129 1870 5207 ἀγα-

1966 5128 2164 5191 animo
2187 5129 2392 5208 agitas.
2425 5128 2608 5192 Nemo
2629 5134 2790 5194 enim
2816 5137 3052 5193 mittens
3081 5145 3326 5190 manum
3345 5126 3426 5188 ad
3454 5142 3602 5187 aru-

230 5231 372 5296 γετν⁹
435 5213 612 5281 Οὗδεὶς
669 5217 768 5293 γὰρ
842 5214 1022 5291 βαλὼν
1080 5218 1178 5283 την
1250 5230 1414 5294 χεῖρα
1481 5217 1568 5273 ἐπ’
1633 5217 1870 5296 ἄροτρον,

1965 5225 2011 5280 t1
2029 5236 2127 5281 um
2151 5218 2169 5288 (
2177 5229 2239 5280 ut
2260 5218 2459 5281 divina
2487 5219 2631 5281 dicit
2658 5220 3014 5299 Scriptura),
3047 5227 3101 5282 et
3153 5225 3314 5279 retro
3342 5233 3597 5278 conver-

227 5311 299 5371 ὡς
357 5307 419 5363 τὰ
450 5306 572 5364 θεῖά
632 5327 760 5382 φησι
819 5304 1007 5382 Λόγια,
1044 5305 1131 5360 καί
1186 5306 1429 5384 στραφεὶς
1473 5308 1546 5370 εἷς
1578 5305 1643 5362 τοὶ
1680 5309 1870 5381 ὀπίσω,

1958 5324 2078 5387 sus,
2115 5315 2204 5371 est
2244 5315 2419 5386 aptus
2450 5325 2627 5385 regno
2674 5309 2964 5371 caelorum
2994 5305 3214 5368 4.11am
3261 5323 3396 5367 cum
3424 5303 3596 5368 audi-

229 5395 433 5458 εὔθετός
518 5397 662 5448 ἔστιν
762 5392 816 5448 ἐν
900 5399 968 5467 τῇ
1080 5391 1323 5468 βασιλεία
1403 5394 1508 5449 τῶν
1619 5398 1870 5473 οὐρανῶν.

1959 5395 2141 5458 visset
2171 5415 2204 5458 a
2234 5414 2402 5470 sene,
2435 5396 2565 5475 ejus
2595 5396 2792 5458 verbis
2815 5405 2986 5476 paret
3016 5395 3308 5477 protinus,
3338 5400 3396 5454 et
3423 5392 3498 5457 ab
3531 5411 3602 5455 eo

230 5492 400 5558 Ταῦτα
460 5483 736 5559 πυθομένη
809 5481 950 5558 παρὰ
1008 5481 1098 5538 τοῦ
1155 5483 1424 5558 γέροντος,
1495 5481 1700 5551 πολλην
1765 5486 1870 5540 εἷσ-

1961 5485 2133 5566 petit,
2169 5493 2232 5548 ut
2289 5485 2684 5547 monasticum
2716 5494 3112 5568 consequatur
3144 5480 3436 5548 habitum.
3497 5482 3603 5548 Ille

309 5643 335 5688 9
362 5642 578 5709 Matth.
611 5657 671 5714 ι,
705 5639 802 5701 31.
889 5641 920 5689 3
946 5639 1088 5704 Luc.
1122 5658 1225 5717 xu,
1264 5641 1357 5706 19.
1442 5643 1471 5693 ι
1497 5645 1644 5708 Luc.
1678 5660 1756 5718 1x,
1786 5643 1888 5712 62.
