4004 6138
410 331 522 399 311
1699 334 1981 399 MENSIS
2035 339 2043 399 λ

2131 335 2490 401 NUARIUS.
3686 337 3806 403 312

410 477 608 534 autem
672 475 946 551 prompto
978 475 1038 531 et
1090 466 1272 531 alacri
1321 466 1523 529 animo
1586 466 1877 549 implevit,
1912 487 2043 547 quo:

2154 471 2297 550 φέρει
2356 474 2441 528 καὶ
2500 484 2619 536 τοῖς
2680 474 2838 529 αὖτοῦ
2896 471 3079 550 λόγοις
3124 472 3267 538 εὐθὺς
3332 470 3437 540 τὴν
3482 473 3799 550 εὒπείθειαν,

411 578 620 643 preces
650 562 991 637 consuetas,
1027 568 1086 619 et
1114 557 1405 637 quidquid
1442 566 1570 619 erat
1603 557 1666 618 in
1698 575 1866 620 more
1899 558 2043 636 posi-

2147 562 2235 616 καὶ
2309 568 2403 618 τοό
2459 567 2564 618 τῶν
2628 565 2885 642 μοναχῶν
2958 562 3244 629 aemean
3327 564 3623 641 σχήματος
3679 570 3803 638 παρ’

412 660 564 730 tum,
595 648 987 730 implevisset,
1025 648 1358 709 monastico
1420 663 1550 708 eam
1582 645 1777 708 induit
1831 645 2034 708 habitu

2145 647 2343 706 ἐκείνου
2403 649 2673 722 ἐπιζητευ
2720 654 2809 708 καὶ
2866 650 2959 730 ὅγε
2989 652 3255 728 πρόθυμος
3315 653 3385 720 ἧς
3421 654 3484 708 τὸ
3540 655 3805 729 ζητούμε-

408 738 645 804 Etcum
681 746 955 819 precatus
986 745 1144 799 esset
1172 738 1229 798 ei
1269 737 1448 798 ﬁnem
1482 754 1663 817 scopo
1693 736 2043 799 convenien-

2142 761 2229 796 νον
2286 739 2606 818 ἐκπληροῦν,
2658 742 2747 797 καὶ
2805 742 2900 798 τὰς
2956 744 3194 810 συνήθεις
3265 742 3442 821 εὖχὰς
3490 743 3672 800 αὐτίκα
3715 746 3803 802 καὶ

409 839 556 905 tem,
590 828 651 890 in
679 845 854 890 suum
884 825 1199 890 revertitur
1231 826 1680 888 monasterium.

2139 834 2242 884 πᾶν
2312 827 2442 907 ὅπερ
2514 827 2691 905 ἔθιμον
2750 830 2815 898 ἦν
2870 829 3172 905 ἐκτελέσας,
3232 831 3296 887 τὸ
3354 831 3468 886 τῶν
3549 839 3799 911 μοναχῶν

410 921 543 988 αὒτῆ
612 915 921 996 περιϐάλλει
976 916 1191 997 σχῆμα,
1268 916 1657 990 Ἐπενξάμενός
1716 936 1773 972 τε
1819 920 1952 992 αὐτῇ
1995 914 2145 979 τέλος
2191 924 2268 991 τῷ
2326 925 2511 993 σκοπῷ
2571 918 2859 999 συμφέρον,
2921 921 2992 985 εἰς
3048 919 3146 987 τήν
3203 921 3409 976 οἰκείαν
3470 919 3796 999 ἐπαναστρέ-

411 1030 499 1092 φει
529 1010 722 1083 μονήν.

489 1098 619 1162 VII.
652 1100 969 1175 Postquam
1030 1102 1229 1157 autem
1263 1096 1395 1175 pius
1425 1094 1527 1155 ille
1558 1112 1741 1156 senex
1769 1095 2043 1157 recessis

2226 1094 2302 1159 Ζ’.
2381 1098 2531 1156 Ἐπεὶ
2603 1097 2657 1154 δὲ
2719 1102 2808 1157 καὶ
2880 1103 2907 1157 ὁ
2957 1098 3209 1179 θεοφιλής
3266 1098 3484 1164 ἐκεῖνος
3541 1100 3800 1180 ἀνεχώρει

412 1199 527 1264 set,
560 1184 970 1249 contiderabat
1010 1183 1167 1262 apud
1203 1202 1268 1245 se
1316 1182 1729 1264 Euplirosyne,
1764 1183 2043 1264 quomodt

2144 1185 2470 1263 πρεσϐύτης,
2545 1189 2761 1246 ἐσκόπει
2859 1190 2978 1247 καθ’
3066 1190 3256 1259 ἑαυτὴν
3328 1191 3364 1257 ἡ
3470 1192 3797 1273 Εὐφροσύνη,

415 1286 474 1341 et
495 1277 602 1341 ubi
623 1275 735 1339 sibi
763 1274 969 1336 datum
1001 1275 1075 1336 ad
1101 1282 1494 1335 mercaturam
1527 1281 1835 1335 exerceret
1865 1273 2043 1335 talen-

2144 1278 2258 1338 πῶς
2318 1279 2381 1332 ἂν
2432 1280 2519 1336 καὶ
2576 1286 2679 1335 ποῦ
2721 1280 2781 1337 τό
2839 1278 2982 1337 δοθὲν
3042 1284 3175 1355 αὐτῇ
3227 1280 3556 1357 ἐμπορεύσοι
3597 1282 3660 1337 τὸ
3702 1282 3800 1337 τά-

412 1377 562 1443 tum,
590 1364 846 1428 maxime
868 1381 1003 1425 cum
1036 1362 1219 1425 sciret
1246 1370 1474 1442 patrem
1504 1361 1620 1423 sibi
1640 1360 1767 1423 fore
1795 1363 2043 1443 impedi-

2142 1364 2356 1441 λαντον,
2418 1365 2594 1430 ἄλλως
2652 1390 2710 1425 τε
2769 1371 2857 1426 καὶ
2909 1370 2999 1427 τὸν
3062 1368 3265 1444 πατέρα
3322 1367 3499 1427 εἰδυῖα
3555 1369 3801 1446 ἐμποδὼν

410 1464 614 1519 mento
639 1453 709 1516 ad
741 1453 799 1514 id
817 1451 974 1534 quod
998 1450 1400 1514 desiderabat.
1432 1452 1579 1514 Cum
1601 1468 1742 1528 ergo
1763 1451 2043 1531 quaesivis

2143 1456 2278 1533 αὐτῇ
2333 1458 2466 1534 πρὸς
2525 1458 2586 1514 τὸ
2641 1460 2967 1533 ποθούμενον
3023 1458 3255 1521 ἔσεσθαι.
3324 1450 3418 1523 Ὠς
3480 1461 3570 1515 οὖν
3625 1462 3799 1531 ὶζήτει

411 1554 501 1608 set
533 1544 797 1623 modum,
828 1558 937 1623 per
957 1558 1135 1623 quem
1157 1549 1359 1621 posset
1382 1540 1627 1603 omnino
1658 1541 1845 1603 latere
1869 1549 1926 1603 et
1947 1540 2057 1603 be-

410 1633 812 1697 nevolentiam
846 1632 1116 1713 patris,et
1135 1632 1338 1709 sponsi
1362 1648 1654 1705 amorem,
1688 1630 1889 1692 statuit
1919 1631 2057 1711 qui-

410 1724 550 1787 dem
582 1730 808 1785 vestem
834 1738 1061 1784 exuere
1083 1718 1465 1799 muliebrem,
1496 1719 1722 1782 virilem
1748 1730 1947 1783 autem
1970 1722 2057 1783 in-

2141 1547 2339 1623 τρόπον
2395 1545 2458 1602 δι’
2496 1550 2556 1603 οὗ
2598 1546 2781 1604 λαθεῖν
2843 1547 2981 1613 ὅλως
3025 1545 3301 1615 δυνήσεται
3363 1549 3686 1625 γεννήτορός
3742 1570 3801 1606 τε

2141 1636 2394 1712 στοργήν,
2428 1638 2512 1692 καὶ
2571 1642 2880 1716 μνηστῆρος
2936 1637 3155 1714 ἔρωτας,
3201 1637 3496 1694 ἀποθέσθαι
3554 1639 3653 1712 μὲν
3708 1662 3803 1716 γυ-

2141 1725 2373 1781 ναικείαν
2444 1724 2581 1804 ἔγνω
2639 1726 2862 1800 στολὴν,
2925 1725 3109 1804 ἀνδρὸς
3187 1725 3242 1782 δὲ
3301 1728 3800 1807 μεταμφιάσασθαι,

406 1815 655 1877 ducere.
687 1811 759 1875 Et
780 1812 1060 1893 quoniam
1091 1809 1345 1883 sciebat,
1378 1828 1501 1883 eos,
1538 1811 1638 1890 qui
1668 1811 1855 1889 ipsam
1889 1826 2043 1873 erant

2144 1815 2240 1871 Καὶ
2298 1816 2411 1870 επεὶ
2440 1818 2562 1877 τοὺς
2612 1813 2894 1881 διώξοντας
2946 1815 3060 1892 ᾔδει
3092 1818 3164 1881 ὡς
3217 1831 3453 1894 γυναῖκα
3509 1818 3707 1883 ταύτην
3747 1821 3802 1875 ἓν

406 1902 787 1984 persecuturi
810 1909 1088 1981 tanquam
1113 1898 1420 1971 feminam,
1449 1916 1579 1960 esse
1598 1908 1965 1961 scrutaturos
1995 1901 2043 1961 ir

2139 1904 2401 1977 σεμνείοις
2457 1904 2739 1981 ἀνερευνᾷν
2819 1913 3126 1985 γυναικῶν,
3188 1908 3536 1980 μυναζόντων
3612 1907 3804 1974 ἑαυτὴν

408 1991 787 2054 monasteriis
810 1987 1366 2061 mulierum,statuit
1384 1987 1645 2067 seipsam
1671 1988 1965 2051 collocare
1995 1990 2043 2051 ir

2139 1994 2341 2070 ἔκρινεν
2402 1992 2753 2071 ὲγκατατάξαι
2814 2002 2988 2075 χορῷ.
3069 1995 3220 2053 Οὕτω
3269 1994 3323 2052 δὲ
3397 1996 3801 2073 βουλευσαμένη

408 2100 653 2145 numero
676 2082 1233 2143 monachorumlloc
1255 2090 1444 2140 autem
1468 2082 1776 2140 consilium
1798 2082 2054 2154 capiens.

410 2178 586 2234 nocte
609 2168 863 2251 quadam
889 2167 1050 2231 exuit
1080 2166 1317 2247 quidem
1351 2184 1517 2228 suam
1551 2174 1774 2229 vestem
1795 2177 1854 2229 et
1874 2168 2054 2230 simul

407 2278 543 2323 eutn
570 2259 770 2322 tunica
788 2257 964 2321 etiam
985 2255 1338 2319 muliebrem
1364 2256 1527 2318 exuit
1554 2254 2048 2321 imbecillitatem:

404 2348 601 2413 induit
627 2355 822 2412 antem
856 2354 1076 2410 vestem
1131 2346 1476 2420 salutarem,
1511 2353 1570 2406 et
1613 2350 2051 2428 quamprimum

405 2445 839 2502 transmutatur
876 2437 935 2497 in
958 2435 1193 2498 virilem
1227 2434 1515 2497 habitum.
1544 2434 1770 2499 Deinde
1800 2456 1934 2498 cum
1968 2437 2049 2498 la-

406 2529 622 2590 tuisset
640 2525 988 2588 ancillarum
1015 2523 1549 2595 multitudinem,et
1576 2524 1765 2604 ipsius
1790 2526 2053 2605 parentis

407 2617 696 2685 oculos,et
715 2614 1255 2693 mdesdespexisset
1272 2612 1587 2692 praeclaras
1597 2632 1665 2674 ac
1685 2615 2049 2693 magniﬁcas,

407 2704 627 2770 Christi
649 2721 891 2766 crucem
923 2702 1437 2782 tollens,protinus
1466 2702 1852 2777 abiit,volens
1880 2724 1946 2766 se
1969 2705 2054 2766 di-

406 2812 585 2875 gnam
599 2793 860 2857 reddere
875 2809 949 2854 eo
971 2791 1127 2873 quod
1143 2790 1607 2866 desiderabat,et
1620 2794 1775 2854 venit
1793 2795 1866 2855 ad
1880 2794 2049 2856 illlud

408 2882 958 2957 monasterium,cui
982 2883 1631 2962 praeeratseriex,cujus
1650 2901 1890 2962 precum
1914 2885 2045 2946 fue-

405 2987 497 3037 rat
527 2975 848 3035 tructus.Et
877 2988 1012 3032 cum
1032 2975 1288 3032 venisset
1317 2975 1376 3030 in
1397 2985 1768 3045 conspectum
1803 2980 2049 3047 praefecti

407 3062 1150 3139 monasterii,interrogata
1164 3058 1577 3136 fuit,quisnam
1596 3074 1752 3123 esset
1766 3072 1848 3137 ,et
1865 3065 2045 3139 unde,

407 3161 470 3216 et
489 3168 741 3234 quanam
766 3150 842 3213 de
866 3167 1045 3213 causa
1059 3149 1131 3210 ad
1155 3167 1290 3212 eum
1323 3155 1694 3214 accessisset.
1724 3151 1830 3213 llla
1853 3162 2047 3215 autem

408 3241 653 3319 dixit,se
673 3239 870 3302 vocari
892 3237 1132 3319 quidem
1156 3238 1571 3316 Smaragdum,
1601 3258 1736 3301 esse
1757 3249 1954 3303 autem
1986 3261 2054 3303 ex

2137 2081 2419 2138 ἀποδύεται
2472 2083 2571 2157 μὲν
2601 2083 2701 2150 τὴν
2744 2083 2873 2141 ίδίαν
2906 2085 3124 2159 στολὴν,
3163 2090 3247 2142 καὶ
3310 2086 3429 2160 ἅμα
3460 2092 3657 2166 χιτῶνι
3704 2109 3798 2142 συ-

2139 2169 2420 2228 αποδύεται
2481 2174 2570 2228 καὶ
2628 2171 2722 2239 τὴν
2776 2177 3078 2250 γυναικείαν
3134 2174 3435 2251 ἀσθένειάν,
3498 2173 3797 2232 ἐπενδύεται

2136 2257 2191 2315 δὲ
2220 2261 2430 2335 ἱμάτιον
2488 2262 2774 2339 σωτηρίου,
2810 2266 2895 2319 καὶ
2930 2266 3000 2329 εἰς
3054 2264 3238 2341 ἀνδρὸς
3282 2270 3481 2340 σγῇμα
3512 2268 3576 2321 τὸ
3627 2266 3796 2344 τάχος

2137 2349 2633 2428 μεταῤῥυθμίζεααι.
2697 2353 2837 2409 Εἶτα
2890 2352 3119 2410 λαθοῦσα
3185 2351 3577 2431 θεραπαινίδιον
3653 2353 3794 2419 πλη-

2134 2434 2247 2516 θὺν,
2294 2439 2479 2501 αὐτούς
2545 2460 2602 2495 τε
2678 2441 2979 2519 ὀφθαλμοὺς
3046 2449 3151 2497 τῶν
3207 2445 3644 2519 γεγεννηκότων,
3707 2444 3793 2499 καὶ

2138 2529 2302 2593 οἰκίας
2355 2527 2667 2605 ὑπεριδοῦσα
2727 2528 3000 2608 λαμπρὰς,
3038 2533 3129 2587 τὸν
3192 2539 3284 2588 τοῦ
3342 2540 3574 2607 Χριστοῦ
3631 2554 3791 2589 σταυ-

2135 2617 2227 2685 ρὸν
2269 2617 2529 2694 ἀραμένη,
2591 2619 2736 2683 εὑθὺς
2813 2618 3003 2696 ἀπῄει,
3064 2620 3258 2687 ἑαυτὴν
3335 2620 3483 2686 ἀξίαν
3543 2629 3636 2678 τοῦ
3689 2644 3788 2678 πο·

2134 2706 2387 2779 θουμένου
2438 2706 2866 2774 καταστήσασθαι
2919 2708 3245 2785 βουλομένη.
3316 2712 3454 2787 Πρὸς
3502 2712 3679 2775 ἐκεῖνό
3736 2732 3789 2767 τε

2133 2795 2195 2850 τὸ
2256 2798 2610 2873 μοναστήριον
2663 2798 2993 2878 ἀφικνεῖται,
3053 2799 3113 2855 οὗ
3168 2803 3473 2868 καθηγεῐτο
3520 2804 3548 2856 ὁ
3598 2801 3783 2877 γέρων,

2134 2884 2192 2940 οὗ
2248 2881 2312 2951 δὴ
2342 2886 2427 2940 γαὶ
2480 2892 2583 2941 τῶν
2628 2891 2805 2966 εὐχῶν
2835 2888 3073 2965 ἐγεθόνει
3137 2889 3365 2965 καρπός·
3415 2891 3504 2945 καὶ
3562 2888 3646 2944 διὰ
3701 2896 3787 2946 τοῦ

2133 2974 2205 3037 εἱς
2262 2973 2417 3028 τσῦτο
2474 2976 2822 3055 τεταγμένου,
2882 2978 2990 3034 τῶν
3049 2985 3310 3057 μοναχῶν
3355 2986 3435 3052 τῷ
3495 2984 3785 3055 προεστῶτι

2132 3062 2227 3128 τῆς
2272 3065 2437 3138 μοτῆς
2498 3065 2571 3128 εἷς
2621 3064 2744 3140 ὄψιν
2794 3065 3038 3145 ἐλθοῦσὰ,
3100 3069 3177 3132 τίς
3236 3089 3294 3123 τε
3361 3070 3449 3124 καὶ
3508 3067 3625 3124 ὅθεν
3670 3067 3779 3138 εἴη,

2140 3153 2225 3207 καὶ
2284 3154 2420 3216 τίνος
2466 3152 2619 3209 ἕνεκα
2690 3158 2822 3233 πρὸς
2879 3155 3035 3212 αὐτὸν
3092 3157 3472 3234 παραγένοιτο,
3521 3157 3781 3233 ἠρωτᾶτο.

2143 3231 2206 3296 Ἠ
2265 3239 2340 3315 δὲ,
2377 3241 2686 3321 Σμάραγδος
2735 3231 2843 3318 μὲν
2891 3245 2990 3321 ἔφη
3050 3231 3354 3303 καλεῖσθαιο
3394 3231 3635 3303 εἷναιήδὲ
3695 3246 3781 3311 τῆς

408 3333 542 3395 aula
581 3328 956 3411 imperatoris
982 3328 1101 3407 (sic
1129 3328 1290 3390 enim
1332 3328 1570 3392 dicebat
1593 3330 1794 3392 volens
1825 3332 2043 3407 latere);

2138 3329 2413 3406 βασιλείου
2470 3330 2637 3399 αὐλῆς
2674 3331 2834 3412 (οὕτω
2893 3335 2992 3410 γὰρ
3021 3334 3147 3390 εἶπε
3189 3333 3496 3410 βουλομένη
3555 3334 3786 3409 λαθεῖν),

404 3420 728 3503 reliquisse
748 3436 885 3481 vero
908 3416 1131 3492 omnia,
1156 3423 1222 3480 ut
1246 3417 1428 3479 inﬁda
1450 3428 1507 3480 et
1536 3419 1865 3495 inutilia,ac
1890 3422 2043 3483 desi-

2138 3419 2460 3476 καταλιπεῐν
2516 3420 2570 3476 δὲ
2639 3424 2812 3479 πάντα
2854 3425 2928 3487 ὡς
2988 3424 3185 3482 ἄπιστα
3243 3426 3331 3480 καὶ
3390 3425 3645 3494 ἀνόνητα,
3703 3422 3790 3477 τόν

401 3512 644 3575 derasse
671 3510 844 3570 vitam
878 3507 1331 3570 monachorum:
1359 3516 1415 3569 et
1431 3527 1500 3568 ex
1526 3508 1676 3572 urbe
1694 3511 1934 3590 quidem
1958 3512 2043 3573 fu-

2139 3507 2193 3564 δὲ
2242 3510 2353 3585 βίον
2409 3513 2636 3576 ποθῆσαι
2696 3517 2803 3566 τῶν
2861 3520 3142 3593 μοναχῶν,
3193 3515 3281 3570 καὶ
3331 3515 3431 3583 τὴν
3478 3514 3576 3588 μὲν
3632 3514 3787 3587 βασι·

398 3600 557 3679 gisse
575 3598 767 3678 regia,
792 3605 859 3658 ut
881 3614 1015 3677 quae
1035 3604 1193 3658 esset
1221 3595 1397 3676 plena
1420 3597 1788 3670 tumultibus,
1820 3609 1872 3659 et
1898 3598 2043 3675 quod

2139 3596 2252 3654 λίόα
2309 3605 2414 3654 τῶν
2468 3598 2676 3655 πόλεων
2730 3601 2982 3682 ἐκφυγεῖν
3040 3605 3111 3667 ὡς
3168 3601 3351 3679 πλήρη
3414 3600 3658 3680 θορύϐου,
3702 3600 3788 3656 καὶ

398 3689 726 3752 amicorum
760 3694 818 3749 et
833 3684 1206 3749 familiarium
1235 3686 1419 3747 nollet
1448 3688 1643 3748 vexari
1672 3689 2043 3766 congressio-

2135 3694 2211 3760 τῷ
2258 3688 2337 3762 μὴ
2367 3687 2644 3764 βούλεσθᾶι
2698 3690 2864 3768 φίλων
2892 3693 2978 3748 καὶ
3021 3694 3258 3762 συνήθων
3291 3692 3530 3766 ὁμιλίαις
3587 3688 3781 3771 ὀχλεῖ-

399 3787 564 3853 ne,et
588 3776 662 3839 ab
699 3778 792 3839 eis
820 3775 1181 3855 interrumpi
1214 3793 1387 3836 suum
1407 3776 1624 3855 quietis
1654 3776 2043 3840 desiderium:

2135 3780 2275 3849 σθαι,
2309 3778 2396 3832 καὶ
2446 3776 2532 3834 ὑπ’
2577 3780 2748 3835 αιὲτῶν
2806 3782 3123 3856 μολύνεσθαι
3183 3783 3245 3839 τὸ
3288 3782 3598 3863 φιλήσυχον
3652 3791 3783 3834 κατὰ

400 3884 535 3928 cum
567 3873 764 3928 autem
818 3863 894 3926 de
943 3865 1190 3925 istorum
1246 3864 1562 3926 sanctitate
1615 3868 2043 3929 monachorum

398 3955 586 4018 multa
631 3952 979 4025 audivisset,
1013 3970 1085 4014 eo
1136 3952 1396 4025 venisse,
1431 3953 1481 4014 si
1514 3973 1632 4034 quo
1668 3967 1837 4035 pacto
1870 3955 2046 4034 digna

399 4043 727 4108 haberetur
755 4042 970 4105 referri
1003 4042 1064 4104 in
1094 4060 1304 4105 eorum
1335 4062 1674 4108 numerum.

476 4133 634 4197 VllI.
661 4133 913 4196 Letatus
935 4143 1025 4195 est
1048 4133 1136 4195 vir
1156 4132 1345 4206 ille,et
1364 4132 1560 4195 verbis
1582 4144 1642 4196 et
1668 4154 1896 4198 morum
1922 4155 2043 4199 mo-

397 4223 588 4287 destia
619 4222 1031 4297 admirandus,
1050 4230 1146 4285 et:
1179 4219 1333 4283 Ecce
1357 4224 1803 4298 monasterium,
1828 4225 2038 4306 inquit,

396 4312 560 4387 ﬁli,si
585 4313 690 4375 tibi
715 4312 910 4394 placet
925 4312 1137 4375 referri
1163 4311 1222 4371 in
1247 4329 1563 4373 numerum
1588 4312 2041 4387 fratrummemo

395 4411 486 4464 est
508 4401 938 4482 prohibiturus.
965 4399 1083 4463 Sed
1118 4401 1393 4481 quoniam
1421 4419 1484 4462 es
1517 4410 1687 4465 mtate
1717 4402 1909 4465 adhuc
1932 4406 2040 4486 ju-

393 4493 585 4572 venis,
619 4499 677 4552 et
703 4498 888 4552 status
920 4489 1227 4552 monastici
1255 4490 1517 4551 nondum
1556 4492 1881 4571 perfectam
1910 4511 2036 4556 caa-

2132 3866 2338 3932 πολλὴν
2385 3863 2439 3921 δὲ
2495 3872 2592 3933 τῆς
2657 3870 2805 3942 ὑμῶν
2859 3870 3142 3947 ἀγιόνητυς
3218 3872 3388 3939 ἀκοὴν
3447 3873 3514 3927 τὰ
3571 3870 3783 3925 ἐνταῦθα

2127 3953 2479 4029 καταλαϐεῖν,
2537 3956 2591 4011 εἴ
2650 3980 2764 4021 πως
2822 3958 3099 4027 ἀξιωθείην
3168 3963 3411 4037 γενέσθαι
3464 3962 3593 4037 ὑμῖν
3654 3978 3778 4013 συν-

2126 4045 2386 4123 αρίθμιος,

2209 4133 2296 4195 θ’.
2364 4126 2589 4209 Ἡσθεὶς,
2628 4138 2717 4192 οὗν
2747 4138 2774 4193 ὁ
2822 4136 3074 4217 θεοφιλὴς
3138 4138 3343 4203 ἐκεῖνος
3387 4139 3522 4217 ἀνὴρ
3550 4151 3667 4201 τοῖς
3720 4155 3775 4190 τε

2126 4223 2346 4300 ῥάμοσι,
2406 4226 2493 4279 καὶ
2550 4230 2615 4301 τῇ
2671 4232 2777 4281 τῶν
2854 4226 2997 4293 ἠθῶν
3054 4227 3292 4307 εὐνομίᾳ,
3356 4231 3469 4308 καὶ,
3532 4226 3661 4284 Ἰδοὺ
3711 4225 3771 4280 τὸ

2127 4313 2506 4391 μοναστήριον,
2553 4313 2679 4392 ἔφη,
2712 4315 2919 4388 τέκνον,
2969 4316 3021 4371 εἶ’
3077 4338 3160 4373 σοι
3211 4317 3432 4394 ἀρεστὸν
3491 4317 3772 4393 ἐναρίθμιον

2123 4402 2361 4479 γενέσθαι
2438 4415 2554 4465 τοῖς
2622 4402 2904 4481 ἀδελφοῖς,
2961 4407 2989 4458 ὁ
3064 4404 3302 4464 κολῦσων
3362 4406 3552 4469 οὖδεὶς·
3637 4401 3768 4468 πλὴν

2124 4491 2337 4565 ἐπείπερ
2380 4491 2464 4547 ἄτι
2525 4491 2646 4549 νέαν
2705 4493 2852 4569 ἄγεις
2910 4494 3008 4559 τὴν
3066 4493 3303 4567 ἡλικίαν,
3338 4497 3427 4551 καὶ
3472 4495 3765 4571 μοναχικῆς

395 4580 532 4663 pisti
566 4566 1014 4662 experientiam,
1052 4587 1285 4659 oportet
1332 4587 1389 4640 te
1421 4566 1691 4641 esse-sub
1724 4584 2029 4659 magistro,

2131 4581 2496 4645 καταστάσεως
2539 4580 2688 4638 οῧπω
2731 4595 2925 4657 πεῖραν
2981 4582 3216 4662 εἴληφας
3274 4583 3489 4657 ἐντελῆ,
3534 4583 3628 4637 ὑπὸ
3681 4577 3762 4633 δι·

395 4678 453 4732 et
481 4669 554 4733 ab
576 4690 647 4733 eo
675 4669 908 4732 discere
929 4668 1060 4729 vitae
1090 4668 1652 4747 perfectionem.llla
1679 4673 2035 4735 autemzﬂoc

2131 4664 2366 4735 Ῐασκάλῳ
2423 4671 2685 4749 τετάχθαι
2730 4693 2789 4726 σε
2848 4669 2953 4749 δεῖ,
2987 4673 3076 4729 καὶ
3131 4672 3258 4749 παρ’
3289 4674 3449 4729 αὐτοῦ
3500 4668 3757 4747 μανθάνειν

392 4778 632 4841 quoque
662 4759 809 4821 mihi
842 4767 930 4821 est
961 4759 1215 4832 cordi,et
1241 4758 1371 4819 volo
1401 4778 1519 4821 non
1545 4779 1728 4821 unum
1754 4762 2033 4835 solum,si

390 4848 643 4924 videtur,
667 4848 772 4911 sed
797 4848 1017 4911 multos
1046 4848 1225 4910 etiam
1250 4847 1494 4924 habere,
1520 4850 1621 4929 qui
1653 4851 1723 4912 ad
1758 4850 2031 4913 virtutem

391 4955 489 4998 me
521 4937 639 4999 sint
669 4936 1018 4999 instituturi.
1053 4936 1151 5000 Sic
1177 4954 1267 5017 ea,
1295 4955 1430 4999 cum
1465 4946 1738 5018 tanquam
1771 4940 2029 5003 solidum

388 5034 449 5088 et
478 5025 740 5089 validum
773 5026 1243 5100 fendamentum,
1274 5027 1403 5087 seni
1436 5026 1601 5107 prius
1622 5030 1866 5107 jecisset
1896 5030 2034 5092 obe-

388 5115 699 5191 dientiam,
724 5116 974 5177 traditur
999 5115 1218 5196 Agapio
1240 5116 1660 5196 monacho,qui
1691 5119 1824 5179 etin
1854 5118 2033 5181 rebus

387 5204 607 5266 divinis
643 5213 772 5266 erat
802 5205 1093 5279 eruditus,
1131 5213 1188 5265 et
1233 5215 1605 5283 processerat
1633 5205 1704 5266 ad
1738 5226 2031 5270 summam

386 5292 891 5372 impatibilitatem
930 5316 943 5356 :
981 5303 1039 5355 et
1063 5294 1134 5355 ab
1166 5312 1260 5368 eo,
1295 5305 1357 5356 ut
1384 5294 1577 5356 dicam
1611 5295 1767 5361 sicut
1795 5298 2033 5359 divinus

388 5381 596 5460 David,
618 5382 840 5444 diurno
861 5383 1110 5463 ﬁngitur
1138 5384 1442 5464 ﬁgmento,
1466 5395 1524 5446 et
1554 5388 1931 5465 componitur
1959 5390 2029 5449 ad

389 5469 570 5533 vitam
598 5470 755 5552 piam
780 5490 847 5533 ac
877 5472 1778 5553 religiosam.Verumeniutvero
1808 5477 1906 5558 qui
1929 5497 2033 5540 no-

467 5649 548 5729 (l)
576 5647 861 5729 Agapitus
892 5651 1233 5715 nominatur
1263 5660 1322 5717 in
1348 5653 1498 5715 Vitis
1527 5651 1788 5718 Patrum.

2116 4757 2382 4823 πολιτείας
2438 4758 2729 4834 ἀκρίϐειαν,
2779 4751 2840 4816 Ἠ
2893 4759 2973 4837 δὲ,
3021 4763 3119 4818 Καὶ
3151 4768 3304 4817 τοῦτο
3334 4764 3472 4817 κατὰ
3525 4757 3753 4836 γνώμην,

2143 4848 2169 4870 ν
2428 4850 2441 4867 ι
2577 4851 2589 4865 ε
2724 4850 2735 4867 ι
3002 4850 3015 4867 9
3125 4849 3149 4869 rt
3330 4851 3343 4869 ν
3416 4852 3423 4857 ’
3526 4852 3539 4869 ι
3598 4844 3620 4862 κ
3655 4868 3663 4877 ,

2115 4868 2293 4927 ειπεν,
2328 4847 2467 4920 ἐμοι,
2505 4871 2594 4904 και
2645 4849 2906 4924 βουλομαι
2966 4872 3070 4928 oux
3124 4872 3215 4906 ενα
3275 4872 3462 4930 μονον,
3500 4871 3543 4905 ει
3593 4856 3757 4918 esset,

2113 4936 2251 4995 ἀλλὰ
2306 4940 2392 4993 καὶ
2451 4936 2678 4998 πολλοὺς
2740 4938 2890 5018 ἔχειν
2946 4941 3067 5003 τοὺς
3121 4942 3254 5018 πρὸς
3311 4944 3505 5016 αρετήν
3534 4957 3600 5013 με
3643 4956 3757 4991 παι-

2118 5019 2545 5108 δοτριϐήσοντας.
2634 5031 2812 5092 Οὕτως
2872 5032 3004 5098 αὕτη
3062 5034 3297 5109 καθάπερ
3353 5031 3591 5108 θεμέλιον
3671 5023 3757 5102 ἆῤ·

2116 5121 2253 5198 ῥειγῆ
2312 5123 2411 5189 τὴν
2477 5123 2719 5189 ὖππκῡὴν
2788 5121 3337 5199 προκαταϐαλλομένη
3384 5130 3478 5201 ,τῷ
3533 5120 3751 5198 γέροντι,

2118 5209 2357 5286 Ἀγαπίῳ
2418 5211 2700 5284 μονάζοντι
2762 5211 3121 5293 παραδίδοται,
3172 5215 3234 5269 τὰ
3291 5235 3347 5269 τε
3416 5217 3533 5269 θεῖα
3589 5212 3748 5286 σοφῷ,

2116 5303 2202 5356 καὶ
2262 5300 2514 5361 ἀπαθείας,
2572 5303 2643 5363 εἱς
2706 5299 2865 5379 ἄκρον
2923 5301 3196 5358 ἐλάσαντν
3259 5305 3345 5358 καὶ
3400 5298 3520 5379 παρ’
3576 5298 3746 5370 αὐτοῦ,

2116 5390 2252 5445 κατὰ
2311 5391 2401 5444 τὸν
2458 5393 2602 5446 θεῖον
2654 5392 2813 5468 φάναι
2875 5390 3056 5464 Δαϐὶδ,
3109 5392 3370 5470 ἡμερινὴν
3421 5386 3749 5446 διεπλάττετο

2116 5477 2333 5557 πλάσιν,
2394 5480 2480 5535 καὶ
2553 5482 2682 5558 πρὸς
2771 5482 2861 5535 τὸν
2930 5480 3153 5560 θεοφιλῆ
3241 5482 3355 5557 βίον
3438 5477 3744 5557 perpluit.
