4004 6138
363 333 446 401 313
1548 333 1738 402 VITA
1782 337 1843 401 S.
1907 337 1945 400 E

2033 335 2370 401 PHROSYN
2375 335 2484 400 ES.
3580 326 3698 400 314

405 469 551 529 Ἀλλὰ
582 469 691 552 γὰρ
728 475 760 532 ὃ
796 474 845 542 ἐξ
877 474 1060 554 ἀρχῆς
1104 471 1400 548 βασκαίνων
1447 474 1610 550 ἡμῖν,
1642 473 1728 528 καὶ
1757 472 1855 538 τὴν
1886 470 1945 525 οἱ·

2051 465 2144 528 bis
2167 469 2376 530 invidit
2401 468 2476 530 ab
2534 467 2727 536 initio.
2763 476 2825 529 et
2855 467 3142 549 gloriatur
3168 486 3234 530 se
3263 475 3451 530 totum
3481 465 3691 532 orbem

338 563 572 637 κονμένην
645 563 794 633 ὅλην
841 568 920 631 ὼς
978 563 1191 621 νοσσιὰν
1249 561 1663 641 ἐγκαυχώμενος
1722 559 1945 629 καταλή·

2055 563 2247 634 terrae,
2311 567 2590 639 tanquam
2655 557 2884 634 nidum,
2941 559 3540 639 comprehensurum,
3574 575 3694 621 non

326 655 515 727 ψεσθαι,
551 653 655 710 οὒκ
690 653 853 734 ’ἔφερε
904 667 1134 732 γυναῖκα
1183 654 1321 730 ὁρῶν
1378 651 1609 730 βρόχους
1649 654 1807 710 αἰ)τοῦ
1848 651 1938 707 του

2051 630 2304 719 ferebat,
2332 630 2541 710 videns
2567 630 2878 710 mulierem
2897 630 3146 710 callidos
3169 666 3310 710 suos
3331 630 3576 728 laqueos
3599 667 3695 734 suf

336 715 345 726 ⁵
497 715 514 727 ¹
741 715 752 734 δ
797 715 808 734 Ι
919 715 930 732 Ι
1215 715 1227 730 ο
1378 715 1388 727 ⁸
1415 715 1424 729 I
1479 715 1518 730 IV

317 739 524 816 δεσμοὺς
582 744 1068 823 ὑπεριπταμένην,
1114 745 1210 798 καὶ
1255 743 1381 798 ὡσεὶ
1437 741 1748 820 περιστερὰν
1806 759 1945 818 φερο·

2054 715 2551 818 pervolantem,et
2583 746 2862 814 tanquam
2889 737 3224 800 columbam
3247 715 3520 820 spiritum
3550 733 3692 800 ferri

306 831 460 905 μένην
504 839 585 908 τῷ
632 835 918 910 πνεύματι
961 831 1276 906 ὑπηνέμιον.
1329 829 1480 888 Ἀλλ’
1541 831 1793 910 ἐτρύχετο
1837 831 1945 908 βλέ-

2054 824 2524 891 sublimem.Sed
2547 827 2878 908 angebatur
2899 828 3108 891 videns
3127 837 3242 891 tam
3269 827 3534 910 prudens
3559 847 3697 892 con-

305 943 408 976 πων
450 924 510 978 τὸ
555 926 838 1002 φρόνιμον
883 923 1023 980 οὕτω
1066 927 1165 989 τῆς
1212 920 1542 995 οἰκονομίας,
1590 922 1677 977 καὶ
1725 921 1851 999 πρὸς
1910 943 1945 977 τε

2053 914 2346 992 silium,et
2377 918 2534 998 quod
2567 919 2648 979 ita
2677 937 2741 980 se
2771 919 2846 980 ad
2881 919 3183 981 latendum
3211 921 3601 983 instruxerat:
3637 927 3696 982 et

299 1009 473 1067 λαθεῖν
531 983 1026 1089 δίέσιιευασμένον,
1086 1014 1174 1068 καὶ
1245 1009 1522 1089 ἤσχαλλεν
1599 1011 1699 1067 ὕπὸ
1784 1018 1945 1088 νεαροί

2053 1023 2206 1085 aegre
2237 983 2462 1071 fereb'at
2479 1009 2682 1071 videre
2709 1027 2845 1071 suas
2876 1017 3033 1072 artes
3057 1009 3215 1072 eludi
3238 1029 3272 1072 a
3287 1008 3536 1090 juvenili
3564 1027 3695 1071 cor-

298 1101 540 1173 σώματος
572 1104 675 1160 καὶ
737 1109 908 1160 ταῦτα
958 1101 1150 1171 θήλεος
1208 1101 1303 1163 τὰς
1335 1103 1496 1159 αὐτοῦ
1524 1099 1722 1180 τέχνας
1753 1098 1945 1156 διαπαιη

2053 1114 2419 1178 pore,eoque
2441 1098 3088 1180 muliebri.Aliquando
3110 1099 3352 1180 quidem
3375 1107 3536 1161 certe
3559 1101 3690 1178 ejus

291 1190 515 1263 εξομένας
551 1195 729 1270 ὁρῶν,
768 1193 993 1269 Ἀμέλει
1051 1192 1134 1248 καὶ
1183 1191 1314 1247 ποτε
1360 1189 1458 1265 μὲν
1487 1190 1651 1258 αὐτῆς
1685 1190 1782 1256 τὴν
1834 1190 1945 1267 πρὸ.

2049 1185 2107 1246 in
2123 1187 2307 1249 Deum
2329 1206 2528 1250 curam
2549 1206 2620 1250 ac
2644 1189 3087 1251 meditationem
3113 1188 3382 1251 studebat
3401 1189 3682 1265 avellere,

299 1282 423 1336 Θεὸν
467 1283 784 1360 μέριμναν,
831 1285 991 1341 πόθοι
1045 1283 1136 1338 τὸν
1186 1281 1304 1358 περὶ
1330 1281 1448 1344 τοὺς
1479 1291 1659 1358 γονεῖς
1689 1279 1940 1335 ἀνάπτων

2051 1284 2357 1355 parentum
2383 1277 2723 1340 accendens
2745 1278 3462 1360 desideriumzaliquando
3486 1287 3684 1340 autem

296 1377 565 1446 περισπᾷ-ι
633 1371 863 1430 ἔσπευδε
896 1390 910 1404 ⁶
960 1373 1086 1429 ποτὲ
1129 1369 1208 1444 δὲ,
1261 1368 1489 1426 πλούτου
1537 1371 1625 1424 καὶ
1682 1367 1836 1436 δόξης
1881 1391 1945 1424 κα

2047 1364 2412 1442 divitiarum,
2446 1366 2770 1445 gloriaeque
2803 1368 3081 1449 etsponsi
3108 1370 3395 1430 memoria
3423 1367 3687 1431 conaba-

292 1468 619 1538 μνηστῆρος
707 1465 922 1538 μνήμῃ,
974 1459 1291 1540 διαχαυνοῦν
1365 1459 1528 1525 αὒτῆς
1601 1458 1662 1513 τὸ
1720 1460 1945 1536 φρόνημε

2051 1462 2146 1517 tur
2178 1456 2310 1535 ejus
2343 1456 2615 1520 emollire
2644 1456 2916 1537 spiritus.
2951 1456 3244 1520 Praeterea
3276 1459 3328 1520 ei
3363 1458 3422 1519 in
3452 1475 3684 1519 memo-

289 1527 634 1628 ἐμηχανατο
677 1569 692 1584 ⁶
752 1527 832 1608 ἔτι
875 1527 939 1607 ’δὲ
999 1527 1238 1620 συνήθων
1295 1550 1380 1604 καὶ
1436 1547 1638 1616 ἡλίκων
1695 1544 1945 1626 διατριϐὰ.

2045 1527 2570 1607 ιὶεω’τενοοειι)θι
2621 1527 3121 1609 cdnsuetudiuem
3196 1546 3569 1610 familiarium
3628 1552 3690 1609 et

286 1617 726 1715 ὑπεμίμνησκεν
759 1657 775 1672 ⁸
850 1639 987 1696 ἀλλὰ
1040 1617 1379 1718 πανταχόθεν
1435 1634 1784 1714 προσϐάλλων
1815 1617 1945 1713 ἀὐτῇ

2046 1633 2382 1713 aequalium.
2418 1635 2535 1697 Sed
2567 1654 2703 1696 cum
2739 1638 2900 1698 omni
2937 1655 3006 1699 ex
3039 1645 3204 1716 parte
3229 1655 3358 1698 eam
3393 1635 3687 1716 aggrede-

285 1730 376 1785 καὶ
462 1745 684 1810 πεῖραν
765 1731 918 1793 ἐνιεὶς
1003 1729 1346 1806 ἀπεκρούετο.
1441 1728 1500 1784 Τί
1584 1726 1674 1782 οὖν
1760 1739 1945 1784 uetat:

2042 1733 2231 1797 retur,
2257 1733 2318 1787 et
2349 1724 2404 1785 ei
2435 1725 2781 1788 immitteret
2809 1727 3219 1802 tentationem,
3255 1726 3682 1808 repellobatur.

284 1827 418 1882 Τοῖς
451 1817 672 1896 ἐτέρων
730 1819 936 1895 ὄμμασι
996 1816 1338 1894 κατεμέρισεν
1383 1817 1592 1889 ἑαυτὸν,
1641 1815 1731 1872 καὶ
1782 1814 1940 1892 βέλεσ

2045 1810 2195 1884 Quid
2229 1831 2372 1892 ergo
2401 1813 2589 1877 facit?
2624 1812 2700 1878 Se
2749 1815 3003 1877 aliorum
3053 1816 3245 1878 oculis
3273 1815 3596 1896 dispertiit,
3626 1825 3689 1879 et

280 1907 512 1974 τούτους
580 1916 682 1966 τοῦ
753 1907 980 1971 κάλλους
1051 1909 1218 1972 αὐτῆς
1293 1906 1732 1984 κατετίτρωσκεν,
1791 1907 1849 1962 Οἱ
1907 1902 1945 1960 δί

2044 1919 2149 1963 eos
2178 1904 2460 1966 sauciavit
2493 1903 2624 1966 telis
2667 1904 2802 1984 ejus
2850 1905 3333 1985 pulchritudinis.
3367 1907 3459 1970 Illi
3487 1914 3684 1968 autem

282 1996 506 2073 στέγειν
567 1999 656 2072 μὴ
721 1996 1000 2073 δυνάμενοι
1057 1997 1118 2052 τὸ
1199 1996 1444 2050 σύντονον
1501 2001 1600 2060 της
1658 1993 1945 2073 ἐπιθυμίας1

2043 2010 2178 2054 cum
2211 2011 2329 2054 non
2365 2002 2604 2073 possent
2636 1993 2948 2057 continere
2997 1997 3413 2060 vehementem
3447 1997 3684 2079 cupidi-

277 2087 551 2163 κρύπτειν
615 2109 675 2143 τε
737 2089 796 2144 τὸ
854 2087 1019 2150 πάθος
1105 2082 1302 2148 εἰδότες
1373 2083 1469 2139 οὒκ
1541 2082 1800 2164 ἀσφαλὲς,
1859 2106 1945 2140 πι-

2043 2089 2221 2143 tatem
2251 2105 2264 2142 :
2299 2084 2526 2146 scirent
2553 2093 2751 2146 autem
2787 2103 2905 2147 non
2928 2104 3067 2149 esse
3090 2095 3280 2150 tutum
3309 2089 3507 2152 celare
3529 2105 3684 2150 mora

278 2176 540 2232 σιτεύουσι
593 2177 661 2232 τὸ
703 2182 926 2253 πρᾶγμα
971 2179 1046 2248 τῷ
1087 2179 1410 2250 προεστῶτι,
1467 2175 1556 2228 καὶ
1614 2174 1705 2228 τὸν
1748 2172 1809 2229 ὲκ
1864 2175 1945 2230 τοί

2041 2169 2208 2246 bum,
2243 2190 2368 2233 rem
2402 2173 2680 2252 praefecto
2711 2175 2987 2255 aperiunt
3019 2197 3032 2236 :
3097 2186 3156 2238 et
3211 2177 3583 2257 triumphant
3607 2177 3684 2239 de

279 2273 538 2342 πονηροῦ
615 2264 1022 2344 προσϐάλλοντα
1091 2260 1462 2340 Θριαμϐεύουσι
1519 2261 1758 2335 πόλεμον
1792 2285 1808 2297 ο
1871 2263 1956 2318 καὶ

281 2355 498 2430 γίνεται
564 2363 728 2412 τοῦτο
777 2356 960 2416 αὗτοϊς
1019 2353 1118 2430 μὲν
1177 2353 1353 2416 ἄνεσις
1399 2359 1492 2408 τοῦ
1547 2357 1736 2430 κακοῦ,
1782 2359 1851 2428 τῇ
1901 2351 1954 2409 δὲ

281 2446 564 2514 κρείττων
619 2443 854 2508 ἐπίδοσις
901 2444 1030 2522 πρὸς
1089 2443 1281 2514 ἀρετῆς
1343 2440 1682 2507 τελειότητα.
1741 2433 1798 2499 Ὀ
1861 2443 1955 2520 γὰρ

283 2538 388 2599 τῆς
441 2535 627 2609 μονῆς
685 2536 962 2612 προεστὼς
1007 2534 1188 2594 αὐτοῖς
1256 2533 1353 2605 μὲν
1413 2529 1724 2596 κατάλληλα
1781 2532 1953 2597 τίθησι

285 2629 358 2700 τῇ
394 2625 555 2698 νόσῳ
614 2625 679 2681 τὰ
736 2627 1014 2703 φάρμακα,
1069 2628 1136 2698 τῇ
1191 2619 1248 2677 δὲ
1275 2621 1382 2676 τῶν
1423 2620 1797 2698 γεγενημένων
1828 2620 1953 2676 ἐπι-

291 2714 553 2790 σταμένῃ
580 2712 755 2793 οὐδὲν,
792 2712 1056 2786 Βούλομαι
1106 2732 1189 2784 σε,
1241 2709 1402 2790 φησί,
1436 2710 1620 2766 τέκνον
1649 2708 1952 2780 ἰδιαζόντως

292 2800 347 2857 ’ἐν
405 2826 524 2860 τινι
585 2801 781 2877 κελλίῳ
839 2801 1062 2881 διάγειν,
1123 2800 1177 2856 ἐν
1248 2801 1294 2874 ᾦ
1359 2800 1449 2856 τὸν
1533 2797 1954 2878 παραδεδομένον

297 2913 380 2948 σοι
433 2895 646 2950 κανόνα
676 2899 964 2969 τηρούντα,
1002 2894 1139 2966 μήτε
1169 2891 1315 2953 τινὰς
1375 2888 1491 2945 ἐκεῖ
1533 2888 1950 2968 παραδέχεσθαι,

299 2983 428 3054 μήθ’
501 2982 642 3046 ὅλως
699 2981 935 3061 ἐξιέναι,
987 2983 1073 3038 καὶ
1130 3001 1273 3037 τισιν
1337 2979 1520 3036 ἑαυτὸν
1578 2976 1772 3035 διδόναι
1830 2981 1954 3055 πρὸς

299 3071 521 3132 ὁμιλίαν
558 3091 575 3107 ·
636 3073 799 3146 μόνος
863 3069 918 3127 δὲ
976 3073 1106 3148 πρὸς
1165 3072 1232 3125 τὰ
1287 3075 1388 3135 τῆς
1432 3069 1617 3148 χρείας
1647 3065 1952 3137 διακονήσει

301 3185 382 3217 σοι
431 3165 464 3218 ὁ
541 3160 825 3238 Ἀγάπιος,
905 3162 1064 3233 Εἶπε,
1142 3159 1236 3215 καῖ
1302 3159 1448 3222 εὒθὺς
1505 3157 1820 3232 προστάττει
1877 3164 1953 3230 τῷ

299 3249 553 3326 Ἀγαπίῳ
613 3251 708 3317 τὴν
764 3249 984 3306 δέουσαν
1041 3247 1375 3322 ἐπιμέλειαν,
1425 3247 1501 3322 μὴ
1545 3247 1599 3302 ἐν
1630 3260 1742 3311 τοῖς
1784 3269 1950 3302 πνευ-

307 3354 560 3413 ματικοῖς
621 3341 808 3414 μόνον,
873 3337 1010 3394 ἀλλὰ
1052 3339 1139 3393 καὶ
1184 3337 1238 3392 ἐν
1297 3352 1413 3398 τοῖς
1477 3350 1834 3409 σωματικοῖς,
1879 3337 1950 3400 ὠς

317 3430 429 3485 οἶόν
490 3451 546 3485 τε
604 3435 681 3501 τῷ
727 3426 1028 3504 Σμαράγδιρ
1071 3431 1362 3505 ποιεῖσθαι,
1413 3429 1484 3491 ὡς
1539 3426 1599 3480 ἂν
1652 3426 1730 3498 μὴ
1775 3425 1954 3503 ἑτέρου

313 3523 446 3583 τινὸς
479 3517 696 3585 ἐπιδεὴς
747 3518 976 3595 γένοιτο.
1022 3515 1296 3591 ’Λσμένως
1359 3523 1449 3572 οὖν
1502 3517 1530 3581 η
1578 3515 1830 3592 μακαρία,
1867 3517 1951 3571 καὶ

302 3610 374 3672 ὡς
433 3610 573 3683 αὐτῇ
641 3607 818 3688 φίλον,
881 3605 1256 3677 ἀπαλλαγεῖσα
1313 3604 1624 3683 ὀχλήσεων,
1685 3606 1775 3659 τὸν
1824 3606 1952 3682 πρὸς

299 3699 533 3774 Χριστὸν
580 3696 900 3766 ἐπλεόναζεν
942 3695 1135 3772 ἔρωτα,
1193 3694 1286 3750 ἐπὶ
1342 3696 1520 3754 πόνοις
1581 3699 1677 3766 μὲν
1736 3694 1948 3772 πόνους,

297 3787 389 3844 ἐπὶ
444 3787 714 3852 νηστείαις
771 3784 826 3841 δὲ
885 3791 1178 3857 νηστείαν,
1233 3786 1320 3840 καὶ
1378 3785 1462 3839 επὶ
1521 3795 1643 3845 ταῖς
1696 3783 1952 3859 πρότερον

295 3878 618 3954 ἀγρυπνίαις
687 3875 899 3932 πλείονα
978 3883 1074 3941 την
1157 3876 1288 3950 πρὸς
1347 3876 1438 3931 τὸν
1496 3871 1658 3928 ὕπνον
1716 3870 1950 3945 ἅμιλλαν

291 3966 626 4040 ποιουμένη,
688 3969 760 4031 ὡς
818 3967 1022 4042 ὁρῶντα
1061 3965 1152 4020 τὸν
1196 3961 1458 4041 Ἀγάπιον
1505 3961 1660 4018 αὒτόν
1714 3981 1773 4015 τε
1817 3963 1948 4016 θαυ-

295 4057 519 4136 μάζειν,
553 4059 639 4112 καὶ
669 4053 804 4124 δῆλα
855 4063 1017 4113 ταῦτα
1065 4055 1154 4110 καὶ
1186 4065 1301 4115 τοῖς
1333 4051 1515 4116 ἀλλοις
1547 4063 1748 4112 ποιεῖν,
1783 4047 1950 4108 Ἀλλὰ

293 4148 472 4202 ταῦτα
502 4146 599 4219 μὲν
624 4145 862 4216 ὕστερον.

386 4234 470 4295 ϐ’.
504 4234 577 4291 Ἀ
614 4232 670 4290 δὲ
713 4238 954 4312 παρῆκεν
997 4234 1025 4288 ὁ
1069 4231 1250 4309 λόγος,
1285 4233 1356 4293 εἰς
1387 4231 1486 4298 τὴν
1518 4231 1683 4287 οἰκίαι
1713 4229 1943 4286 ἐπανελ-

294 4326 405 4380 θὼν
463 4323 569 4379 ἀπὸ
625 4329 725 4390 τῆς
789 4328 958 4396 μονῆς
1033 4325 1059 4378 ὁ
1115 4322 1318 4400 πατὴρ,
1384 4321 1471 4376 καὶ
1526 4320 1623 4387 τὴν
1680 4319 1943 4398 φιλτάτην

298 4412 472 4470 παῖδα
519 4413 599 4488 μὴ
651 4413 912 4491 εὓρηκὼς,
975 4413 1158 4489 πρῶτα
1223 4412 1320 4484 μὲν
1379 4407 1576 4471 παῖδας
1634 4411 1722 4465 καὶ
1765 4408 1944 4464 παιδί-

297 4524 435 4565 σκας
514 4503 1012 4580 παραστησάμενος,
1071 4501 1386 4558 ἐπυνθάνετο
1463 4504 1576 4562 πῶς
1635 4508 1788 4557 τοῦτο
1845 4498 1942 4574 γέ-

295 4614 452 4669 γονε,
512 4593 597 4648 καὶ
651 4594 784 4668 πρὸς
843 4593 958 4646 τίνα
1043 4593 1322 4667 πορευθείη
1408 4595 1512 4644 τῶν
1572 4588 1840 4666 συγγενῶν
1909 4587 1943 4655 ἢ

295 4683 539 4750 συνήθων
581 4683 644 4758 ἡΔ
663 4681 897 4758 θυγάτηρ
971 4679 1172 4754 ἠρώτα.
1221 4678 1316 4739 Ὠς
1369 4676 1423 4733 δὲ
1478 4684 1620 4733 οὗτοι
1665 4677 1762 4751 μὲν
1806 4674 1944 4754 ἔφη·

293 4792 420 4849 σαν,
454 4749 678 4836 ἑσπέρας
728 4771 864 4825 κατὰ
923 4770 984 4824 τὸ
1031 4769 1249 4834 σύνηθες
1299 4769 1394 4828 τὰς
1453 4771 1546 4822 τοὺ
1606 4765 1946 4822 κοινωνίσκου

289 4859 580 4916 κλείσασαν
637 4860 794 4936 θύρας
855 4857 1167 4936 ἆιρυπνὼσαι
1212 4863 1280 4932 τῇ
1327 4855 1506 4932 κλίνῃ,
1539 4854 1698 4910 ἕωθεν
1755 4853 1808 4909 δὲ
1866 4855 1944 4930 μὴ

287 4949 592 5020 προϊούσης
625 4947 789 5015 αὒτῆς
836 4945 1093 5002 εἰσελθεῖν
1123 4948 1210 5002 καὶ
1264 4946 1424 5012 κενὴν
1482 4944 1646 5010 αὐτῆς
1701 4944 1788 4998 καὶ
1842 4945 1941 5010 τὴν

285 5037 482 5104 κλίνην
539 5038 628 5093 καὶ
682 5037 782 5103 τὴν
839 5037 1004 5092 οἰκίαν
1049 5037 1222 5112 εὑρεῖν
1256 5051 1270 5066 ⁶
1319 5035 1463 5112 παρὰ
1511 5035 1602 5088 τὸν
1662 5033 1942 5108 μνηστῆρα

284 5125 546 5184 ἀπελθεῖν
576 5127 773 5192 ταύτην
818 5128 980 5204 ᾤετο,
1025 5125 1110 5180 καὶ
1161 5124 1402 5199 πέμψας,
1457 5124 1500 5178 εἰ
1542 5123 1672 5198 πρὸς
1725 5123 1880 5177 αὖτὸν
1907 5123 1942 5188 ἠ

289 5217 597 5296 ε’δφροαύνη
685 5216 1048 5294 παραγέγονεν
1137 5213 1480 5270 ἐπυνθάνετο.
1563 5213 1658 5274 Ὠς
1745 5210 1799 5267 δὲ
1856 5215 1942 5268 καὶ

284 5309 444 5371 αὐτὸς
497 5309 526 5363 ὁ
571 5306 821 5383 μνηστὴρ
881 5304 1028 5362 οὐδὲν
1098 5309 1205 5360 τῶν
1261 5301 1678 5380 συμϐεϐηκότων
1735 5303 1938 5377 μαθὼν,

281 5404 358 5472 τῷ
427 5393 674 5478 αἰφνιδίῳ
754 5400 853 5462 τῆς
927 5395 1180 5473 ἀγγελίας
1251 5393 1499 5472 ταραχῆς
1575 5391 1670 5447 καῖ
1721 5389 1939 5467 θορύϐου

279 5488 566 5564 πλησθεὶς,
627 5486 761 5562 πρὸς
823 5486 982 5543 αὺτὸν
1045 5485 1408 5563 παραγέγονεν
1445 5502 1458 5516 ·
1506 5492 1618 5558 εὺρε
1673 5482 1765 5536 τὸν
1825 5488 1936 5538 [Ια-

273 5578 521 5657 φνεότιον
553 5576 658 5631 ὑπὸ
708 5581 814 5631 τῶν
873 5576 1147 5652 πατρικῶν
1195 5574 1526 5653 σπλάγχνων
1559 5571 1930 5645 νενικημένον,

2041 2258 2222 2335 bello,
2258 2262 2415 2342 quod
2478 2263 2709 2325 illatum
2769 2263 2962 2326 fuerat
2991 2283 3025 2326 a
3057 2266 3339 2343 maligno.
3370 2266 3442 2328 Et
3470 2267 3587 2330 hoc
3617 2267 3683 2328 ﬁt

2039 2349 2126 2412 eis
2157 2351 2396 2430 quidem
2433 2351 2571 2414 mali
2601 2353 2905 2428 remissio,
2942 2354 3030 2415 illi
3089 2363 3286 2416 autem
3341 2356 3531 2434 majus
3580 2356 3682 2416 in-

2038 2450 2406 2502 crementum
2443 2442 2512 2502 ad
2567 2441 2996 2522 perfectionem
3046 2444 3306 2509 virtutis.
3340 2443 3682 2507 Monasterii

2041 2530 2196 2590 enim
2233 2530 2550 2610 praafectus
2579 2530 2668 2592 eis
2725 2533 3140 2594 convenientia
3189 2533 3287 2596 dat
3321 2533 3515 2596 morbi
3545 2552 3679 2596 me-

2037 2617 2426 2682 dicamenta:
2492 2620 2578 2682 illi
2629 2638 2768 2682 vero
2829 2621 2974 2683 nihil
3025 2623 3236 2685 scienti
3285 2641 3515 2697 eorum,
3549 2642 3682 2704 quae

2037 2708 2189 2769 facta
2223 2709 2493 2772 fuerant:
2531 2710 2681 2772 Volo
2714 2720 2794 2785 te,
2849 2711 3065 2791 inquit,
3127 2730 3402 2776 seorsum
3455 2713 3681 2791 degere

2037 2796 2100 2858 in
2131 2798 2280 2859 cella
2309 2798 2528 2880 aliqua,
2561 2799 2618 2860 in
2642 2817 2757 2879 qua
2792 2801 3060 2862 traditam
3096 2801 3201 2863 tibi
3230 2820 3472 2865 servans
3497 2821 3679 2881 regu-

2037 2886 2178 2961 lam,
2213 2907 2409 2970 neque
2467 2889 2624 2950 ullos
2683 2889 2806 2951 illic
2864 2890 3173 2965 admittes,
3206 2911 3406 2970 neque
3433 2898 3677 2956 omnino

2036 2978 2376 3054 egrediens,
2404 2997 2600 3058 neque
2645 2986 2701 3040 te
2733 2978 2870 3040 ullis
2900 2979 3194 3059 praebebis
3221 2983 3291 3042 ad
3325 2983 3679 3064 colloquen-

2037 3066 2200 3130 dum.
2237 3067 2410 3129 Solus
2438 3076 2659 3142 autem,
2696 3087 2829 3148 quae
2881 3070 2986 3131 tibi
3043 3081 3220 3132 erunt
3251 3071 3404 3134 usui.
3440 3073 3677 3135 submi-

1997 3155 2315 3244 znistrabit
2345 3157 2628 3237 Agapius.
2666 3158 2842 3234 Dixit,
2874 3167 2933 3220 et
2987 3160 3185 3221 statim
3221 3161 3491 3242 praecipit
3519 3163 3674 3242 Aga-

2039 3245 2158 3323 pio,
2190 3254 2252 3306 ut
2282 3243 2614 3326 Smaragdi,
2642 3265 2815 3325 quam
2852 3257 3104 3329 oportet,
3129 3268 3330 3312 curam
3363 3260 3677 3329 gerat,non

2035 3335 2228 3394 solum
2281 3335 2342 3396 in
2403 3335 2800 3414 spiritalibus,
2863 3338 2966 3397 sed
3003 3339 3180 3399 etiam
3212 3341 3270 3400 in
3326 3340 3396 3400 iis
3441 3360 3573 3420 qum
3601 3343 3675 3404 ad

2036 3442 2258 3502 corpus
2283 3424 2604 3502 pertinent,
2635 3426 2830 3505 quoad
2863 3427 2998 3506 ejus
3025 3427 3150 3489 ﬁeri
3185 3431 3493 3508 poterit,ut
3515 3431 3679 3492 nulla

2035 3530 2102 3572 re
2135 3515 2474 3574 necessaria
2504 3514 2795 3592 indigeat.
2823 3517 3028 3594 Itaque
3065 3517 3235 3577 beata
3265 3517 3459 3590 illa,ut
3481 3520 3531 3579 ei
3552 3529 3678 3581 erat

2035 3609 2288 3679 gratum,
2330 3601 2582 3664 liberata
2631 3622 2664 3664 a
2713 3604 3028 3675 molestiis,
3065 3605 3122 3666 in
3156 3605 3454 3668 Christum
3489 3609 3678 3686 magis

2035 3690 2197 3751 auxit
2225 3709 2514 3764 amorem,
2545 3692 2853 3754 laboribus
2882 3693 3125 3773 quidem
3159 3695 3384 3756 addens
3413 3696 3672 3770 labores,

2029 3780 2277 3858 jejuniis
2306 3789 2500 3842 autem
2527 3782 2854 3861 jejunium,
2890 3792 2949 3844 et
2977 3783 3274 3864 prioribus
3319 3786 3532 3864 vigiliis
3563 3786 3674 3849 ad-

2029 3869 2288 3948 jungens
2323 3871 2608 3948 majorem
2661 3871 2952 3934 adversus
3003 3891 3276 3936 somnum
3310 3875 3674 3940 decertatio-

2033 3975 2194 4030 nem,
2225 3959 2374 4020 adeo
2406 3968 2468 4019 ut
2497 3969 2555 4020 et
2605 3961 2734 4038 ipse
2790 3961 2998 4023 videns
3031 3964 3348 4027 miraretur
3377 3967 3672 4047 Agapius,

2032 4055 2090 4108 et
2114 4047 2241 4109 haec
2269 4048 2400 4110 aliis
2432 4049 2744 4112 manifesta
2785 4052 3090 4117 redderet.
3124 4055 3240 4117 Sed
3272 4055 3398 4118 hinc
3429 4057 3671 4137 quidem

2032 4152 2258 4218 postea.

2111 4227 2358 4300 lX.Quae
2379 4237 2574 4291 autem
2601 4231 3093 4310 prtetennisimus
3117 4233 3344 4305 dicere,
3381 4255 3538 4299 nunc
3563 4255 3666 4299 re-

2028 4317 2559 4380 censeamus.Cum
2585 4320 2715 4399 ejus
2732 4329 2899 4402 pater
2923 4323 3161 4407 tandem
3185 4324 3346 4385 domi
3369 4344 3484 4386 non
3503 4329 3669 4388 ades-

2027 4425 2092 4467 se
2115 4408 2523 4470 charissimam
2547 4410 2724 4471 filiam
2752 4413 3400 4493 cognovisset.primum
3425 4417 3665 4496 quidem

2027 4496 2296 4557 adductis
2322 4498 2556 4560 famulis
2580 4508 2636 4560 et
2657 4501 3163 4580 ancillis,rogabat
3185 4502 3326 4583 quid
3352 4504 3465 4565 hoc
3485 4516 3663 4577 esset,

2027 4595 2088 4648 et
2111 4586 2626 4662 sciscitabatur,ad
2652 4609 2827 4670 quem
2853 4609 2982 4652 eam
3005 4611 3075 4654 ex
3100 4591 3365 4671 cognatis
3389 4603 3486 4655 aut
3507 4595 3668 4656 fami-

2026 4675 2273 4736 liaribus
2296 4677 2559 4756 profecta
2584 4687 2741 4740 esset
2777 4679 2916 4741 tilia.
2950 4680 3092 4741 Cum
3118 4695 3314 4742 autem
3349 4683 3387 4744 ii
3421 4685 3663 4764 quidem

2027 4765 2314 4826 dixissent
2333 4785 2461 4828 eam
2489 4785 2757 4849 vespere,
2795 4778 3128 4851 postquam,
3157 4781 3217 4832 ut
3246 4782 3662 4848 consueverat,

2026 4854 2240 4914 ostium
2275 4854 2956 4931 clausissetcubiculi,in
2983 4859 3139 4920 lecto
3164 4861 3507 4938 dormiisse;
3535 4883 3664 4925 ma-

2027 4962 2101 5003 ne
2131 4952 2353 5015 autem,
2380 4964 2449 5005 ea
2479 4965 2595 5006 non
2628 4949 3014 5029 procedente,
3039 4967 3142 5010 eos
3171 4968 3304 5011 esse
3334 4956 3657 5031 ingressos,

2025 5044 2082 5096 et
2117 5037 2413 5097 invenisse
2447 5056 2690 5098 vacuum
2725 5040 2856 5119 ejus
2889 5041 3105 5100 lectum
3134 5048 3192 5101 et
3222 5041 3662 5118 domum,arbi-

2027 5124 2292 5185 trabatur
2351 5144 2478 5186 eam
2527 5126 2749 5188 abiisse
2805 5129 2877 5188 ad
2941 5147 3274 5208 sponsum:
3337 5141 3396 5192 et
3424 5132 3495 5192 ad
3526 5151 3664 5196 eum

2026 5214 2296 5291 mittens,
2323 5216 2571 5293 rogavit,
2596 5236 2670 5278 an
2703 5218 2772 5278 ad
2810 5217 3002 5296 ipsum
3035 5218 3297 5281 venisset
3320 5220 3665 5304 Euphrosy-

2027 5321 2122 5364 ne.
2149 5305 2467 5384 Postquam
2501 5316 2697 5366 autem
2734 5307 2861 5386 ipso
2891 5325 3132 5387 quoque
3159 5312 3549 5392 sponsus,qui
3577 5314 3668 5374 ni-

2023 5391 2104 5453 hil
2141 5403 2450 5473 acceperat
2507 5412 2712 5455 eorum
2774 5414 2906 5476 quae
2953 5395 3313 5473 acciderant,
3347 5391 3664 5480 repentino

2023 5483 2234 5542 nuntio
2269 5482 2648 5561 perturbatus
2670 5483 2740 5544 ad
2775 5502 2910 5545 eum
2933 5486 3664 5571 accessit,invenitPaph-

2017 5573 2249 5631 nutium
2289 5571 2507 5633 victum
2568 5591 2602 5633 a
2653 5575 2917 5652 paternis
2967 5573 3322 5648 visceribus,
3379 5577 3662 5640 barbam-

269 5667 524 5732 τίλλοντά
574 5686 634 5721 τε
678 5665 742 5720 τὸ
786 5664 1012 5746 γένειον,
1074 5665 1161 5722 καὶ
1207 5677 1330 5729 τοῖς
1392 5661 1529 5729 ὄνυξι
1579 5659 1677 5728 τήν
1708 5661 1930 5734 παρειὰν

2033 5678 2132 5746 lue
2159 5659 2512 5739 vellentem,
2548 5673 2608 5726 et
2636 5680 2818 5745 genas
2848 5663 3210 5728 lacerantem
3241 5666 3561 5753 unguibus,
3598 5677 3655 5734 et
