4004 6138
297 289 412 364 315

296 523 416 586 Cur
445 542 541 584 me
574 534 740 584 tuum
774 531 1108 603 parentem,
1143 521 1446 601 lugentem
1479 531 1536 584 et
1575 523 1800 586 tristem
1837 544 1940 586 re-

292 614 572 696 liquisti?
600 612 729 674 Non
761 622 823 674 te
847 611 916 674 ad
950 613 1104 672 hanc
1135 630 1300 691 spem
1335 611 1702 687 alebam,sed
1739 624 1800 676 ut
1831 617 1908 676 ha
1929 650 1942 664 -

298 701 508 766 berem
541 702 816 765 baculum
849 701 1205 772 senectutis,
1228 709 1284 762 et
1307 702 1582 763 solatium
1617 702 1941 766 imbecilli-

298 797 459 857 tatis.
493 793 602 856 Hei
635 793 804 866 mihi,
835 792 974 867 ﬁlia,
1010 811 1127 871 quo
1164 791 1339 852 modo
1373 792 1557 853 feram
1593 795 1676 854 tui
1715 793 1940 855 orbita-

301 884 474 948 tem?
503 881 814 956 Quomodo
847 881 1035 961 patiar
1058 879 1468 960 solitudinem,
1497 900 1630 942 cum
1661 882 1720 942 in
1746 889 1800 942 te
1819 882 1944 943 sola

300 993 469 1054 Spem
503 974 843 1034 deﬁxissem
868 978 896 1034 ?
945 969 1071 1032 Non
1107 977 1194 1032 est
1225 969 1369 1031 mihi
1401 970 1658 1050 amplius
1688 971 1846 1033 ullus
1869 973 1942 1033 ti-

298 1065 436 1139 lius,
471 1071 534 1124 ut
563 1062 634 1123 ad
669 1080 804 1122 eum
837 1060 1146 1140 aspiciam,
1183 1067 1243 1121 et
1272 1078 1449 1140 quem
1484 1069 1730 1140 propter
1764 1070 1822 1124 te
1855 1079 1946 1123 ca-

303 1154 421 1234 pio,
457 1151 681 1214 doloris
714 1168 781 1212 ex
811 1169 880 1212 eo
916 1151 1210 1211 inveniam
1237 1148 1948 1213 solatium.Nihilominus

301 1241 565 1318 dolebat,
593 1259 771 1322 quam
805 1249 994 1319 pater,
1019 1247 1364 1318 sponsus,et
1388 1238 1790 1302 contendebat
1813 1259 1946 1301 cum

303 1332 464 1394 illius
496 1328 1270 1408 lamentationibus,praeler
1299 1345 1464 1406 spem
1501 1328 1600 1390 tali
1632 1328 1950 1390 bonot'rus-

305 1432 515 1485 tratus.
551 1419 909 1483 Consulebat
942 1427 1162 1498 tamen,
1197 1427 1262 1478 ut
1319 1417 1642 1480 viriliorem
1677 1419 1952 1498 suscipe-

303 1521 442 1577 rent
471 1511 918 1590 cogitationem,
954 1517 1012 1570 et
1038 1509 1235 1570 missis
1267 1508 1954 1584 lamentationibus,sur-

304 1608 516 1683 gerent
545 1600 616 1662 ad
651 1618 782 1660 eam
841 1597 1246 1680 quaerendam.
1306 1599 1540 1660 Mittunt
1589 1617 1727 1677 ergo
1777 1617 1950 1679 quam

306 1691 565 1771 primum
601 1690 662 1750 in
694 1706 930 1750 onmem
966 1699 1224 1769 partem,
1261 1687 1367 1764 qui
1400 1688 1558 1749 illam
1608 1696 1952 1750 scrutaren-

305 1790 440 1842 tur:
477 1787 536 1840 et
568 1777 1029 1859 proficiscuntur
1049 1777 1283 1858 equites
1306 1778 1364 1838 in
1391 1777 1724 1858 Libyam,et
1747 1778 1956 1858 IEgyp-

308 1878 460 1945 tum,
495 1877 552 1931 et
583 1869 772 1949 ipsam
808 1867 1200 1930 Palaestinam.
1235 1867 1424 1930 Porta:
1457 1877 1956 1946 prmoccupantur
1979 1860 2014 1910 Β

308 1959 636 2031 civitatum,
700 1965 1070 2037 occupantur
1130 1963 1360 2037 portus,
1399 1957 1524 2031 tiae,
1585 1956 1781 2031 trivia,
1817 1957 1955 2018 etsi

309 2048 453 2130 quid
488 2055 638 2128 erat,
672 2047 830 2127 quod
864 2047 1104 2122 latebat,
1137 2054 1195 2108 et
1222 2055 1456 2127 poterat
1477 2047 1823 2108 celare.Sed
1848 2046 1956 2109 Dei

306 2156 478 2218 agna,
514 2155 647 2218 quae
665 2139 746 2198 ab
775 2136 904 2218 ipso
937 2137 1268 2216 celabatur,
1303 2154 1422 2198 non
1458 2146 1689 2216 poterat
1721 2135 1854 2217 capi
1883 2135 1954 2197 ab

308 2228 384 2290 iis
414 2226 515 2309 qui
546 2245 675 2288 eam
737 2226 1056 2306 cupiebant
1103 2243 1342 2308 capere.
1407 2225 1718 2299 Quomodo
1768 2225 1952 2302 enim,

309 2335 445 2379 cum
479 2315 582 2379 ille
614 2315 858 2378 nollet?

394 2406 445 2468 Χ
499 2405 675 2470 Omni
698 2423 841 2484 ergo
865 2423 935 2466 ex
963 2414 1128 2485 parte
1149 2404 1366 2467 dubius
1393 2412 1520 2466 erat
1551 2413 1608 2466 et
1639 2406 1959 2486 perplexus

315 2495 703 2577 Paphnutius,
742 2515 860 2556 non
889 2494 1139 2569 habens,
1174 2493 1274 2574 qui
1319 2512 1456 2555 eum
1489 2494 1904 2556 consolaretur
1939 2514 1954 2553 :

316 2604 452 2647 nam
485 2594 544 2648 et
566 2585 778 2647 domus
805 2583 1330 2645 lamentationibus
1363 2582 1536 2662 plena
1567 2593 1693 2644 erat
1741 2591 1800 2644 et
1846 2585 1958 2644 tle-

315 2675 560 2748 tibus,et
582 2673 872 2754 quidquid
898 2674 952 2734 ei
973 2672 1325 2734 occurrebat
1349 2671 1958 2751 spectandum,duce-

317 2764 416 2825 bat
444 2762 516 2824 ad
553 2763 842 2842 majorem
890 2763 1029 2823 mali
1061 2760 1597 2824 reminiscentiam.
1633 2759 1769 2822 Sive
1803 2760 1959 2821 enim

314 2852 503 2916 vestis
536 2851 689 2931 ejus,
726 2869 830 2912 seu
861 2857 1280 2912 ornamentum
1309 2849 1575 2930 aliquod,
1609 2857 1709 2910 aut
1738 2849 1959 2931 aliquid

314 2941 473 3004 aliud
507 2941 662 3004 ferte
695 2940 998 3002 videretur
1029 2957 1312 3020 praesens,
1341 2938 1397 3001 id
1423 2947 1549 3000 erat
1581 2940 1814 3002 occasio
1846 2941 1959 3002 tle-

318 3039 508 3102 tuum,
543 3039 602 3092 et
632 3029 779 3092 illud
813 3029 1132 3108 imponens
1183 3028 1394 3102 oculis,
1444 3036 1668 3089 etcum
1704 3029 1960 3090 maximo

320 3139 564 3183 versans
592 3118 920 3194 desiderio,
951 3117 1332 3180 humectabat
1379 3118 1673 3198 Iacrymis.
1708 3120 1962 3182 Μαι-ονε

1583 299 1864 364 MENSIS
1918 300 2368 364 JANUARIUS.

296 430 722 495 miserabiliter
779 430 1080 494 dicentem
1113 453 1124 490 :
1160 430 1290 503 Quo
1325 430 1587 512 profecta
1637 451 1724 509 ee,
1763 434 1958 497 tilia?,

2051 434 2387 501 αταξαίνοντα
2424 453 2438 471 ⁸

3547 297 3666 368 316

2505 437 2612 509 καὶ,
2649 443 2752 494 Ποῖ
2810 434 3155 516 πεπόρευσαι,
3192 435 3377 496 τέκνον
3413 456 3428 514 ς
3490 437 3663 495 ἐλεει-

2027 529 2129 589 νῶς
2181 523 2498 602 ἐπιλέγοντα
2535 547 2548 562 ⁸
2581 528 2632 583 τί
2661 549 2727 603 με
2754 529 2843 584 τὸν
2875 530 2968 584 σὸν
3022 551 3087 584 πε
3102 531 3232 585 ιθεῖν
3288 530 3377 584 καὶ
3422 533 3661 606 σκυθρω-

2028 615 2211 685 πάζειν
2268 616 2558 693 γεννήτορα
2621 615 3060 691 καταλέλοιπαςς
3115 620 3208 674 οὒκ
3265 617 3350 674 ἐπὶ
3395 621 3663 684 τοιαύταις

2027 702 2228 760 ἐλπίσιν
2288 704 2590 785 ἀνέτρεφον,
2645 703 2766 760 ἀλλ’
2815 706 2952 763 ὥστε
3002 708 3292 785 βακτηρίαν
3335 714 3426 764 τοῦ
3484 709 3666 786 γήρως

2027 791 2196 871 ἔχειν,
2232 795 2318 850 καὶ
2376 799 2473 862 τῆς
2526 795 2794 861 ἀσθενείας
2850 795 3208 874 παράκλησιν.
3245 796 3312 854 0ῖῖ
3365 796 3510 871 μοιί
3573 796 3668 853 τὲ-

2025 903 2146 938 κνον
2178 883 2328 959 ἐμὸν,
2375 889 2489 948 πῶς
2550 887 2646 952 τὴν
2675 886 2776 952 σὴν
2821 885 2957 942 οἴσω
2994 886 3242 963 στέρησιν
3276 904 3292 961 ;
3327 887 3440 944 πῶς
3468 885 3672 962 ἐνέγκω

2027 973 2124 1038 τὴν
2184 974 2414 1046 μόνωσιν
2454 994 2468 1048 ;
2526 973 2611 1030 ἐπὶ
2665 975 2747 1030 σοὶ
2791 976 2928 1052 μόνῃ
2980 976 3071 1038 τὰς
3119 974 3333 1040 ἐλπίδας
3377 975 3618 1035 σαλεύων
3653 992 3666 1006 ’

2029 1065 2122 1120 οὒκ
2149 1061 2258 1118 ἔστι
2290 1084 2378 1137 μοι
2409 1063 2589 1119 τέκνον
2648 1063 2824 1142 ἕτερον
2879 1066 2952 1128 ὡς
2996 1063 3079 1120 ἐπ’
3113 1065 3254 1138 αὒτῷ
3298 1065 3517 1142 βλέψαι,
3580 1065 3665 1121 καὶ

2029 1155 2126 1217 τῆς
2172 1150 2265 1207 ἐπὶ
2313 1153 2395 1209 σοὶ
2438 1152 2607 1220 λύπης
2652 1154 2940 1233 ἀναψυχὴν
2987 1154 3248 1233 ἐφευρεῖν,
3306 1154 3366 1212 Ὀ
3419 1156 3667 1230 μνηστηρ

2031 1238 2086 1295 δὲ
2129 1242 2216 1297 καὶ
2261 1243 2416 1305 αὐτὸς
2463 1241 2606 1301 οὐδέν
2656 1244 2810 1311 ἧττον
2848 1247 2942 1301 τοῦ
2970 1246 3167 1322 πατρὸς
3198 1244 3375 1321 ἤλγει,
3411 1249 3496 1301 καὶ
3537 1245 3669 1322 πρὸς

2033 1331 2151 1394 τοὺς
2183 1329 2381 1387 ἐκείνου
2413 1335 2628 1410 θρήνους
2663 1330 3034 1410 ἁμιλλώμενος
3083 1336 3170 1415 ἧν,
3232 1335 3470 1393 τοιούτου
3528 1355 3672 1406 παρ-

2034 1418 2220 1476 ελπίδα
2283 1423 2520 1496 ψευσθεὶς
2580 1422 2794 1499 ἀγαθοῦ,
2859 1423 3205 1480 Συνεϐοῧλεδε
3257 1423 3311 1478 δὲ
3365 1423 3512 1497 ὅμως
3574 1423 3673 1479 ἆν-

2036 1507 2345 1588 δρικώτερον
2405 1534 2453 1566 τι
2505 1517 2789 1592 φρονῆσαι,
2841 1515 2930 1569 καὶ
2971 1520 3076 1572 τῶν
3124 1513 3326 1592 θρήνων
3378 1512 3672 1592 ἀφεμένους

2035 1600 2121 1656 ἐπὶ
2198 1615 2296 1667 την
2381 1601 2587 1668 ἐκείνης
2649 1599 2988 1669 διαναστῆναι
3066 1604 3316 1674 ζήτησιν.
3400 1602 3673 1676 Πέμπουσι

2037 1697 2123 1746 οὖν
2181 1692 2240 1745 τὸ
2283 1691 2451 1770 τάχος
2514 1693 2805 1771 ἀπανταχῆ
2856 1693 2973 1756 τοὺς
3034 1694 3230 1760 ταύτην
3302 1691 3672 1769 ἀνερευνήσον·

2037 1803 2156 1858 τας,
2203 1781 2290 1836 καὶ
2370 1783 2553 1844 ἱππεῖς
2613 1781 2927 1838 στέλλονται
3018 1783 3152 1839 κατά
3209 1804 3266 1838 τε
3324 1779 3519 1846 Λιϐύην
3577 1779 3674 1836 καί

2041 1868 2110 1926 Αν
2434 1873 2449 1892 ‘
2771 1873 2781 1890 '
2979 1872 2992 1892 ’
3139 1893 3151 1905 .
3323 1893 3332 1902 .
3626 1870 3639 1890 '

2091 1892 2312 1948 ιγυπτοδ
2365 1893 2451 1926 και
2524 1870 2880 1938 Παλαιστινην
2940 1873 3104 1942 αυτήν
3218 1868 3679 1949 προκαταλαμϐα-

2039 1981 2216 2016 νονται
2276 1960 2511 2034 λιμένες,
2559 1959 2722 2017 πύλαι
2777 1960 2985 2017 πόλεων
3021 1976 3035 1992 ⁹
3075 1956 3680 2037 προκαταλαμϐάνονται

2039 2049 2167 2122 ὁδοὶ,
2230 2048 2476 2128 ἄμφοδοι,
2525 2053 2883 2129 μοναστήρια,
2944 2052 3032 2107 καὶ
3083 2050 3131 2106 ε“ί
3188 2073 3239 2106 τι
3271 2049 3525 2106 λανθάνον
3585 2048 3679 2119 ἦν,

2040 2139 2124 2194 καὶ
2184 2139 2426 2213 κρύπτειν
2483 2137 2791 2200 δυνάμενον.
2854 2139 3003 2197 Ἀλλ’
3063 2143 3096 2208 ἡ
3169 2150 3259 2199 τοῦ
3331 2145 3462 2194 Θεοῦ
3506 2135 3683 2211 ἀμνᾶς

2042 2225 2128 2282 ὑπ’
2174 2227 2328 2284 αὖτιιῦ
2359 2230 2699 2307 κρυπτομένη
2758 2243 2872 2294 τοῖς
2931 2228 3118 2286 λαϐεῖν
3147 2236 3408 2302 ζητοῦσαν
3438 2225 3684 2294 ἄληπτος

2040 2317 2105 2383 ἦν
2140 2334 2155 2351 ⁹
2189 2325 2300 2383 πῶς
2329 2319 2450 2395 γὰρ,
2486 2318 2686 2376 ἐκείνου
2716 2321 2792 2394 μὴ
2822 2319 3146 2396 βουλομένου
3180 2337 3195 2394 ;

2124 2407 2184 2468 ι’.
2242 2409 2498 2464 Πάντοθεν
2559 2416 2647 2465 οὖν
2691 2409 3051 2488 ἀπορούμενος
3099 2411 3126 2465 ὁ
3188 2405 3536 2487 Παφνούτιος,
3585 2405 3684 2462 καὶ

2042 2498 2119 2570 μὴ
2168 2497 2311 2577 ἔχων
2366 2500 2461 2554 τὸν
2536 2500 3049 2578 παραμυθησόμενον
3087 2519 3099 2532 °
3163 2498 3197 2565 ἥ
3260 2518 3316 2554 τε
3383 2497 3483 2574 γὰρ
3541 2495 3683 2552 οἰκία

2041 2589 2244 2666 θρήνων
2289 2591 2375 2644 καὶ
2435 2587 2673 2666 ὀδυρμῶν
2717 2587 3064 2668 πεπλήρωτο,
3117 2591 3204 2644 καὶ
3264 2592 3368 2643 πᾶν
3413 2587 3473 2641 τὸ
3503 2605 3680 2661 προσ-

2046 2679 2235 2735 πίπτον
2267 2680 2338 2740 εἷς
2383 2678 2504 2734 θέαν
2535 2680 2663 2755 πρὸς
2721 2677 2937 2735 πλείονα
2994 2685 3085 2734 τοῦ
3127 2678 3324 2739 πάθους
3379 2675 3688 2750 ἀνάμνησιν

2044 2768 2198 2845 ἦγεν,
2263 2767 2388 2824 Εἴτε
2445 2770 2509 2824 τὰ
2551 2769 2737 2844 ἱμάτια
2781 2767 3013 2841 ἐκείνης,
3074 2766 3185 2823 εἴτε
3233 2789 3283 2822 τι
3339 2765 3583 2840 κόσμιον,
3645 2765 3681 2829 ἢ

2045 2857 2224 2936 ἕτερον
2259 2880 2308 2913 τι
2373 2876 2509 2913 κατα
2562 2859 2735 2938 τύχην
2783 2857 2962 2936 ὡράθη
3017 2858 3205 2935 παρὸν,
3251 2855 3469 2936 ἀφορμὴ
3525 2853 3684 2910 τοῦτο

2045 2947 2110 3012 ἦν
2169 2945 2409 3024 ὀδυρμῶν
2445 2965 2456 2978 '
2521 2949 2608 3002 καὶ
2683 2945 2919 3024 ὄμμασιν
2994 2946 3177 3004 ἐκεῖνα
3235 2945 3539 3024 περιτιθεὶς,
3593 2943 3682 2998 καὶ

2045 3036 2391 3092 ποθεινότατα
2478 3035 2835 3114 περιστρέφων
2922 3034 3259 3114 κατάϐροχον
3327 3034 3494 3090 ἐποίει
3563 3043 3683 3094 τοῖς

2046 3124 2280 3203 δάκρυσι,
2318 3126 2660 3204 Πανταχόθεν
2715 3133 2803 3182 οὖν
2859 3131 2928 3201 τῇ
2983 3124 3124 3201 λύπῃ
3173 3122 3506 3199 βαλλόμενος
3549 3121 3688 3176 ἀνα-

317 3228 459 3290 ergo
491 3210 652 3271 omni
689 3228 760 3271 ex
786 3216 949 3289 parte
973 3209 1356 3288 appetitus.et
1386 3226 1505 3268 non
1531 3207 1734 3268 valens
1768 3209 1958 3270 medi-

2046 3217 2229 3294 ψυχὴν
2284 3216 2456 3292 εὑρεῖν
2501 3217 2579 3289 μὴ
2639 3213 2948 3294 δυνάμενος,
3002 3215 3132 3288 πρὸς
3184 3215 3277 3269 τὸν
3325 3211 3490 3290 μέγαν
3541 3213 3689 3273 αὖθις

317 3308 656 3362 camentum
703 3297 977 3360 invenire
1035 3297 1107 3357 ad
1155 3295 1454 3371 solatium,
1493 3298 1696 3357 statuit
1753 3315 1962 3358 rursus

317 3391 522 3452 venire
546 3388 620 3450 ad
647 3407 924 3467 magnum
956 3386 1120 3448 illum
1145 3404 1376 3458 senem,
1408 3405 1513 3466 per
1541 3404 1716 3466 quem
1746 3386 1960 3464 dignus

316 3489 444 3543 erat
467 3479 703 3540 habitus
721 3477 914 3540 vocari
935 3477 1063 3557 ejus
1093 3484 1347 3557 pater,et
1376 3494 1622 3536 narrare
1644 3475 1800 3554 quod
1830 3494 1957 3537 eve-

315 3568 616 3650 nerat._Sic
648 3568 806 3630 enim
842 3566 1157 3640 statuebat,
1190 3565 1352 3644 quod
1385 3565 1485 3645 qui
1517 3583 1812 3645 eam,qnaa
1844 3583 1958 3627 non

318 3663 749 3738 erat,potuerat
774 3659 898 3717 suis
925 3654 1196 3736 prazbere
1220 3653 1580 3734 precibus,is
1611 3671 1739 3716 eam
1766 3653 1960 3715 laten-

317 3759 439 3808 tem
475 3746 690 3826 poterit
714 3744 974 3807 reddere
1008 3743 1408 3806 manifestam.
1445 3744 1623 3804 Venit
1663 3744 1862 3824 ilaque
1888 3744 1962 3807 ad

317 3853 478 3909 eum,
507 3844 567 3896 et
611 3834 684 3896 ad
719 3834 880 3896 illius
934 3835 1119 3914 pedes
1179 3833 1499 3913 procidens
1536 3854 1548 3895 :
1583 3831 1694 3894 Hei
1728 3835 1894 3909 mihi,
1931 3853 1963 3896 ο

319 3925 516 3999 Pater,
552 3923 865 3986 clamavit:
904 3923 1137 4004 perdidi
1189 3922 1441 3982 fructum
1479 3929 1708 3983 tuarum
1740 3925 1964 3985 oratio-

320 4033 492 4089 num,
529 4021 589 4075 et
633 4031 766 4076 eum
801 4011 987 4074 orbus
1037 4011 1266 4085 liberis,
1299 4010 1400 4091 qui
1435 4028 1541 4090 per
1573 4019 1625 4071 te
1657 4011 1964 4092 pulchram

320 4103 619 4167 habebam
652 4101 905 4180 prolem.
934 4100 1158 4162 Invidia
1197 4100 1452 4180 alicujus
1473 4100 1760 4162 dmmonis
1793 4104 1969 4182 periit

319 4194 710 4274 Euphrosyne
735 4192 945 4254 domus
970 4189 1962 4272 meaelaetitiazperiitpraeterspem,

321 4283 491 4344 nullo
529 4283 756 4344 sciente
788 4298 860 4343 ex
901 4280 1270 4353 domesticis,
1304 4277 1407 4341 ubi
1438 4281 1537 4354 sit,
1579 4280 1667 4342 vel
1701 4300 1963 4357 quonam

321 4371 400 4434 sit
431 4371 720 4452 profecta.
748 4372 831 4434 Te
871 4388 1010 4449 ergo
1073 4369 1214 4430 mihi
1251 4369 1553 4449 paululum
1587 4371 1874 4448 concede,
1910 4381 1968 4433 et

322 4460 560 4542 eos,qui
583 4470 721 4522 sunt
751 4467 972 4534 tecum;
996 4466 1054 4520 et
1086 4458 1225 4520 huic
1257 4458 1343 4520 rei
1378 4475 1591 4520 vacans
1619 4458 1964 4539 aliquantu-

2041 3305 2216 3361 ἐλθεῖν
2273 3302 2619 3360 ἐϐουλεύσατο
2663 3304 2907 3381 γέροντα,
2965 3302 3036 3359 δι’
3083 3309 3143 3359 οὗ
3195 3302 3373 3378 πατὴρ
3423 3298 3688 3368 κληθῆναι

2042 3395 2238 3460 ταύτης
2271 3393 2514 3464 ἠξίωται,
2551 3395 2726 3449 καὶτὸ
2780 3393 2998 3470 γεγονὸς
3049 3390 3428 3470 διηγήσασθαι.
3477 3388 3689 3466 ’Ἔκρι-

2044 3505 2097 3538 νε
2137 3484 2237 3561 γὰρ
2291 3482 2456 3542 οὕτως
2520 3482 2598 3538 ὅτι
2659 3503 2757 3560 περ
2818 3484 2845 3538 ὁ
2899 3481 2978 3557 μὴ
3033 3490 3191 3540 οὖσαν
3250 3480 3414 3547 αὒτὴν
3465 3477 3688 3541 δυνατὸς

2045 3573 2328 3650 γενόμενος
2387 3571 2471 3628 διὰ
2529 3577 2636 3627 τῶν
2695 3576 2856 3631 αὐτοῦ
2908 3571 3085 3651 εὐχῶν
3146 3582 3477 3650 παρασχεῖν,
3533 3578 3687 3633 οὗτος

2045 3662 2108 3727 δὴ
2168 3663 2256 3719 καὶ
2313 3660 2670 3718 λανθάνουσαν
2749 3661 2930 3722 ἱκανὸς
3006 3659 3179 3716 ἔσεται
3251 3659 3478 3737 φανερὰν
3523 3657 3690 3724 αὗτὴν

2050 3755 2181 3828 ημῖν
2240 3751 2596 3818 καταστῆσαι.
2638 3749 2912 3829 ’Ἔρχεται
2973 3756 3098 3827 γοῦν
3155 3749 3288 3826 πρὸς
3359 3749 3538 3820 αὐτὸν,
3600 3747 3694 3803 καὶ

2047 3855 2167 3904 τοῖς
2199 3840 2403 3898 ἐκείνου
2433 3841 2553 3895 ποσὶ
2612 3839 2952 3916 προσπεσὼν,
2986 3837 3054 3897 Οἵ
3085 3859 3201 3911 μοι,
3238 3838 3432 3914 Πάτερ,
3468 3834 3686 3910 ἐϐόησε,

2046 3933 2137 3987 τὸν
2190 3931 2390 4007 καρπὸν
2443 3932 2548 3985 τῶν
2593 3934 2698 3985 σῶν
2750 3932 2930 4008 εὐχῶν
2988 3925 3334 3999 ἀπολώλεκα,
3397 3927 3486 3982 καὶ
3528 3925 3692 3992 ἄπαις

2048 4023 2074 4078 ὀ
2119 4019 2202 4076 διὰ
2248 4025 2340 4075 σου
2384 4017 2668 4082 καλλίπαις
2725 4019 2984 4094 βασκανίᾳ
3040 4018 3182 4080 τινὸς
3212 4015 3509 4094 γεγένημαι
3570 4014 3687 4071 δαίς

2051 4131 2230 4185 μονος,
2287 4108 2516 4188 Οἴχεται
2563 4109 2658 4176 τῆς
2691 4108 2828 4184 ἐμῆς
2874 4109 3042 4173 οἰκίας
3073 4111 3108 4179 ἡ
3145 4106 3473 4185 Εὗφροσύνη,
3521 4103 3693 4184 οἴχε-

2049 4223 2134 4256 ται
2179 4200 2302 4271 παρ’
2347 4196 2554 4277 ἐλπίδα,
2590 4197 2817 4274 μηδενὸς
2862 4205 2967 4255 τῶν
3011 4196 3154 4254 οἴκοι
3192 4195 3550 4274 γινώσκοντος
3593 4202 3693 4252 ποῦ

2047 4292 2132 4346 καὶ
2175 4290 2317 4361 παρά
2374 4289 2488 4344 τίλα
2535 4292 2856 4366 πεπόρευται
2893 4304 2907 4318 ⁸
2968 4285 3196 4366 χάρισόν
3241 4308 3333 4359 μοι
3366 4287 3454 4340 οὖν
3484 4305 3542 4340 σε
3607 4285 3694 4340 καὶ

2047 4380 2168 4443 τοὺς
2226 4379 2362 4454 μετά
2405 4385 2523 4455 σοῦ,
2569 4379 2656 4434 καὶ
2701 4377 2894 4455 μικρόν
2957 4398 3007 4432 τι
3077 4374 3357 4454 σχολάσας
3415 4374 3506 4430 τὸν
3567 4373 3689 4449 παρ’

2048 4470 2194 4541 ὑμῶν
2238 4468 2660 4545 θεραπευόμενον
2731 4466 2980 4540 αἴτησαι,
3025 4465 3278 4543 γνωρίσαι
3323 4486 3438 4538 μοι,
3482 4465 3585 4520 ποῦ
3631 4461 3694 4518 ἂν

330 4551 476 4627 lum,
512 4559 645 4630 pete
674 4551 746 4611 ab
770 4568 864 4624 eo,
895 4548 996 4628 qui
1027 4566 1058 4610 a
1091 4548 1207 4629 piis
1237 4548 1474 4623 colitur,
1509 4556 1568 4638 ut
1605 4549 1749 4610 mihi
1773 4551 1958 4629 signi-

2051 4559 2138 4614 καὶ
2181 4556 2273 4623 εἴη
2333 4559 2391 4614 τὸ
2449 4557 2642 4637 φέγγος
2700 4563 2805 4613 τῶν
2850 4555 2995 4630 ἐμῶν
3055 4553 3366 4634 ὀφθαλμῶν.
3429 4554 3691 4632 Καμφθεὶς

329 4641 492 4715 ﬁcet,
527 4639 769 4701 ubinam
804 4640 879 4699 sit
913 4639 1007 4700 lux
1066 4655 1334 4700 meorum
1392 4637 1721 4702 oculorum.
1755 4638 1969 4703 Flexus

327 4731 532 4808 itaque
561 4737 832 4802 senex,et
862 4729 1061 4791 animo
1099 4726 1648 4808 perturbatus,cum
1684 4730 1968 4808 Paphnu-

327 4820 395 4882 tii
427 4819 707 4900 lacrymis
756 4826 914 4882 esset
969 4818 1391 4897 illacrymatus,
1445 4819 1698 4880 accersit
1731 4837 1968 4882 omnem

327 4909 847 4983 fraternitatem,et
871 4905 1587 4988 eorum,quaePaphnutio
1603 4908 1968 4986 acciderant,

326 5000 609 5082 proponit
640 4998 1042 5061 narrationem
1079 4995 1405 5078 :jubetque
1439 5004 1501 5058 ut
1530 5005 1708 5058 totam
1737 4997 1971 5060 hebdo-

329 5089 563 5157 madam
595 5107 660 5150 se
683 5089 914 5168 jejunio
968 5087 1214 5166 dedant,
1271 5095 1329 5148 et
1375 5087 1656 5161 orationi,
1715 5090 1764 5150 si
1821 5089 1972 5150 forte

327 5178 507 5241 alicui
535 5175 1152 5259 apparuerit,ubinam
1181 5185 1470 5238 terrarum
1499 5175 1678 5239 lateat
1704 5176 1973 5258 Euphro-

406 5354 638 5416 XI.Hoc
659 5355 1044 5429 tamenfacto,
1079 5355 1149 5416 ad
1176 5355 1433 5422 nihilum
1457 5351 1734 5415 redibant
1761 5373 1966 5419 eorum

325 5442 935 5525 precesBesistebant
947 5443 1107 5506 enim
1123 5443 1206 5504 Eu
1218 5445 1528 5525 phrosynae
1545 5443 1860 5513 orationes,
1869 5467 1967 5528 pe-

324 5533 508 5595 tentis
539 5541 601 5594 ut
623 5533 1024 5611 ignoraretur.
1062 5531 1371 5594 Stati-iebat
1399 5550 1656 5612 namque
1687 5534 1846 5597 Deus
1877 5538 1964 5599 si-

323 5640 473 5686 nere
531 5621 698 5684 illum
762 5621 956 5701 potius
1007 5638 1217 5701 parum
1278 5623 1500 5700 lugere,
1537 5639 1715 5701 quam
1768 5625 1964 5706 ipsum

2053 4655 2142 4705 οὖν
2200 4650 2226 4703 ὁ
2285 4650 2453 4724 γέρων
2521 4647 2607 4701 καὶ
2665 4646 2978 4725 συγχύσεως
3036 4643 3292 4710 πλησθεὶς
3349 4643 3448 4710 τὴν
3510 4642 3692 4720 ψυχὴν

2052 4750 2168 4800 τοῖς
2227 4743 2317 4792 τοῦ
2377 4735 2700 4814 Παφνουτίου
2751 4757 2809 4791 τε
2884 4733 3098 4812 δάκρυσι
3181 4731 3535 4812 ἐπιδακρύσας
3593 4735 3692 4789 αὒ-

2053 4829 2168 4906 τὸς,
2229 4824 2614 4900 μετακαλεῖται
2666 4831 2842 4880 πᾶσαν
2899 4825 2997 4891 τὴν
3052 4821 3416 4902 ἀδελφότητα,
3479 4821 3577 4879 καί
3630 4823 3698 4878 τὰ

2054 4925 2146 4975 τοῦ
2208 4917 2530 4994 Παφίουτίου
2606 4916 2908 4992 προτίθησιν
2963 4915 3036 4977 εἰς
3107 4910 3385 4990 διήγησιν,
3447 4910 3581 4978 ὅλην
3639 4933 3698 4968 τε

2057 5004 2320 5081 ἑϐδομάδα
2406 5004 2623 5074 νηστείᾳ
2705 5005 2793 5060 καὶ
2879 5006 3160 5082 προσευχῇ
3237 5003 3453 5067 ἑαυτοὺς
3523 4999 3698 5060 δοῦναι

2055 5097 2394 5173 προστάττει,
2447 5092 2593 5158 ὅπως
2654 5091 2837 5171 ὀφθείη
2882 5095 3004 5167 τινὶ,
3043 5098 3146 5148 ποῦ
3189 5090 3289 5168 γῆς
3323 5093 3356 5158 ἡ
3390 5090 3696 5170 Εὖφροσύνη

2055 5188 2366 5266 κρύπτοιτο.

2131 5367 2247 5426 IA'.
2285 5358 2378 5432 Ὠς
2424 5365 2477 5421 δὲ
2522 5365 2706 5421 τούτου
2751 5362 3084 5442 πραχθέντος
3119 5363 3191 5424 εἰς
3225 5358 3373 5418 οὒὸἐν
3405 5359 3601 5438 ἐχώρει
3633 5359 3700 5414 τὰ

2050 5460 2148 5523 τῆς
2194 5461 2365 5535 ειῖιχῆς
2401 5473 2415 5488 ’
2486 5456 2812 5532 ἀντέπραττε
2871 5453 2970 5532 γὰρ
3026 5456 3060 5520 ἡ
3107 5451 3316 5517 ἐκείνης
3382 5450 3698 5524 αἰτευμένης

2049 5546 2376 5624 ἀγνοηθῆναι
2412 5563 2426 5576 '
2484 5544 2654 5622 ἔκρινε
2711 5541 2761 5600 δὲ
2812 5544 2900 5598 καὶ
2945 5544 3076 5607 Θεὸς
3125 5542 3210 5598 ἐπὶ
3253 5540 3442 5617 μικρὸν
3489 5539 3699 5594 ἐκεῖνον

2050 5639 2201 5693 ἐᾶσαι
2250 5638 2484 5711 πενθεῖν,
2533 5635 2566 5702 ἢ
2614 5635 2768 5692 αὺτὸν
2843 5629 3160 5694 ἀπαλάττων
3225 5630 3398 5696 λύπης
3456 5627 3699 5694 λυπῆσαι
