4004 6138
344 300 464 372 319

1626 316 1907 383 MENSIS
1962 312 2424 388 JANUARIUS.

3602 322 3726 396 320

342 445 614 510 inutilem
649 465 782 539 eam
841 464 1071 511 moram
1119 445 1245 539 sibi
1267 447 1417 511 fore.
1454 446 1571 513 Sed
1605 451 1705 512 cui
1732 470 1968 517 summa

2067 455 2228 529 ἀξιοῖ,
2273 461 2369 517 οὐκ
2419 453 2617 536 ἀκερδῆ
2704 457 2850 534 αὒτῷ
2925 457 3135 517 ἔσεσθαι
3208 458 3308 528 τὴν
3368 455 3710 539 προσεδρείαν

339 546 468 598 erat
496 555 657 600 curae
685 536 759 600 de
793 538 1146 602 charissima
1173 538 1404 619 aliquid
1456 539 1614 601 scire
1648 540 1786 616 tilia,
1820 554 1990 623 paler

334 626 553 690 lubens
578 627 826 691 obediit.
863 627 1010 691 Cum
1035 636 1237 692 autem
1256 628 1381 707 jam
1405 627 1647 692 adesset
1679 633 1894 695 tertius
1927 641 1986 695 et

338 716 609 791 ultimus,
669 737 807 781 eum
873 736 1058 799 prope
1100 737 1166 781 se
1194 717 1465 788 advocat,
1501 726 1561 780 et
1589 718 1735 782 dicit
1766 740 1780 785 :
1818 721 1981 796 Quo-

340 807 498 870 niam
530 806 690 870 Deus
717 826 819 870 res
858 825 1043 879 meas,
1099 817 1166 870 ut
1196 807 1401 883 voluit,
1430 807 1891 889 administravit,
1925 823 1984 876 et

338 903 405 958 ut
433 896 495 958 in
527 897 832 978 proposito
859 896 934 959 ab
965 896 1137 959 initio
1167 905 1445 975 suscepto
1477 917 1664 980 usque
1694 900 1768 962 ad
1799 902 1980 965 ﬁnem

344 1004 781 1062 permanerem.
818 988 961 1048 mihi
1019 987 1184 1049 vires
1243 986 1471 1061 tribuit,
1530 989 1661 1052 \olo
1715 999 1771 1054 te
1802 992 1982 1055 hodie

337 1073 597 1140 liberare
654 1076 857 1139 multis
912 1076 1450 1154 sollicitudinibus,
1502 1077 1667 1142 etde
1697 1080 1819 1144 ﬁlia
1851 1093 1975 1160 tua,

339 1166 500 1248 quod
559 1166 709 1243 scio,
766 1165 1021 1229 dicere:
1080 1185 1253 1248 quam
1312 1174 1401 1228 sat
1450 1168 1575 1231 scio
1607 1177 1665 1232 te
1695 1170 1887 1248 sitire,
1921 1181 1982 1236 et

339 1256 469 1335 ejus
497 1256 711 1319 ardere
746 1255 1078 1320 desiderio.
1129 1256 1297 1319 Scias
1353 1274 1519 1337 ergo,
1555 1259 1769 1338 inquit,
1802 1279 1836 1322 ο
1868 1281 1976 1342 pa-

342 1353 455 1421 ter,
489 1364 586 1408 me
614 1364 750 1409 esse
775 1355 933 1409 tuam
962 1346 1142 1408 ﬁliam
1162 1345 1411 1426 (vultum
1445 1348 1769 1411 ostendens
1798 1369 1976 1432 quam

338 1434 470 1498 ﬁeri
523 1436 716 1517 potuit
767 1435 1284 1510 evidentissima):
1350 1446 1410 1498 ut
1466 1436 1717 1500 laterem
1749 1447 1974 1517 autem,

340 1543 435 1588 me
464 1525 526 1588 in
560 1527 719 1589 hunc
751 1534 1181 1589 transmutasse
1213 1525 1509 1603 habitum,
1565 1546 1634 1590 ex
1666 1548 1784 1611 quo
1833 1532 1977 1594 mihi

337 1615 584 1679 omnino
640 1616 747 1679 Dei
800 1615 1169 1695 benignitate
1202 1618 1422 1694 evenit,
1457 1626 1521 1679 ut
1546 1617 1687 1681 licet
1718 1628 1774 1683 te
1805 1621 1976 1684 vide-

337 1707 452 1769 rim
510 1724 620 1788 per
676 1714 856 1771 totam
914 1706 1115 1781 vitam,
1173 1707 1398 1769 nullum
1452 1716 1802 1774 tamenate
1829 1711 1977 1775 mihi

2067 546 2265 615 ταύτην
2317 549 2535 607 εἰποόσα
2569 563 2583 578 ⁸
2639 547 2761 606 ἀλλ’
2808 551 2835 606 6
2896 547 2982 606 διὰ
3025 548 3204 617 πάσης
3265 549 3409 630 ἔχων
3441 550 3717 629 φροντίδος

2067 637 2128 692 τὸ
2184 637 2300 713 περὶ
2356 641 2452 704 τῆς
2510 635 2773 716 φιλτάτης
2832 641 3050 714 μαθεῖν,
3116 638 3426 707 ὑπάκουσεν
3480 638 3716 713 ἅσμενος

2067 726 2095 781 ὁ
2125 728 2321 805 πατήρ.
2355 728 2453 792 Ὠς
2483 725 2538 782 δὲ
2568 730 2601 796 ἡ
2631 729 2784 805 τρίτη
2826 731 2915 786 καὶ
2971 727 3251 787 τελευταία
3304 728 3478 806 παρῆν
3537 750 3714 807 προσ-

2067 813 2314 873 καλεῖται
2368 817 2555 874 τούτου
2597 817 2827 885 πλησίον
2879 820 3067 894 αὐτῆς,
3113 821 3204 876 γαί
3234 835 3416 899 φησιν’
3457 818 3710 897 Ἐπείπερ

2065 905 2132 961 τὰ
2159 905 2277 962 κατ’
2311 904 2407 981 ἐμὲ
2457 908 2485 963 6
2530 908 2659 970 Θεὸς
2716 908 2894 986 ὥσπερ
2931 909 3020 967 καὶ
3082 907 3314 977 ἠθέλησε
3363 908 3703 986 ᾢκονόμησε,

2064 994 2152 1051 καί
2180 1016 2248 1068 με
2276 1001 2344 1072 τῇ
2374 994 2426 1061 ἐξ
2455 995 2634 1075 ἀρχῆς
2664 984 2911 1076 προθέσει
2968 1002 3152 1074 μεῖναι
3201 1000 3291 1055 καὶ
3323 998 3490 1078 μέχρι
3521 984 3706 1061 τέλοος

2062 1080 2332 1164 ἐνίσχυσε,
2363 1084 2629 1161 βούλομαί
2684 1107 2743 1142 σε
2803 1084 3019 1144 πολλῶν
3067 1086 3355 1168 φροντίδων
3408 1084 3709 1154 ἀπαλλάξαι

2061 1170 2160 1239 τὴν
2187 1174 2440 1252 τήμερον,
2491 1176 2579 1235 καὶ
2620 1177 2738 1254 περὶ
2780 1181 2877 1243 τῆς
2929 1182 3030 1245 σῆς
3087 1180 3260 1235 εἰπεῖν
3293 1181 3579 1256 θυγατρὸς,
3640 1175 3707 1246 ἢν

2062 1260 2188 1319 οἶδα
2242 1263 2379 1320 κατὰ
2420 1265 2514 1330 τὰς
2561 1263 2787 1345 ἐλάφους
2820 1262 3003 1341 διψᾷς,
3064 1269 3151 1325 καὶ
3193 1274 3272 1343 τῷ
3326 1268 3474 1341 πόθῳ
3503 1267 3707 1332 ταύτης

2062 1348 2396 1409 ἐκκέγαδσαι.
2446 1351 2583 1410 ’Ἰστι
2625 1361 2932 1432 τοιγαροῦν,
2981 1355 3027 1411 ὦ
3070 1357 3262 1435 πάτερ,
3323 1354 3451 1437 ἔφη,
3492 1356 3555 1437 τὸ
3610 1355 3703 1412 σὸν

2060 1438 2241 1496 τέκνον
2296 1442 2560 1520 ὑπάρχειν
2605 1442 2726 1523 ἐμὲ,
2786 1441 3066 1509 δείξασασα
3100 1447 3187 1503 καὶ
3214 1446 3316 1513 τὴν
3367 1430 3503 1521 ὅψιν³
3534 1443 3702 1519 αὐτῷ,

2059 1528 2177 1584 καθ’
2220 1529 2342 1587 ὅσον
2381 1532 2505 1589 οἷόν
2555 1554 2614 1590 τε
2664 1534 3052 1613 φαδερώτερον.
3086 1542 3191 1593 Τοῦ
3219 1532 3274 1592 δὲ
3306 1533 3492 1597 λαθεῖν
3546 1534 3704 1592 ἕνεκα

2059 1618 2132 1680 εἷς
2161 1617 2279 1675 τόδε
2332 1623 2394 1677 τὸ
2452 1628 2648 1702 σχῆμα
2708 1620 3037 1698 μεταϐαλεῖν
3095 1625 3361 1701 ἐμαυτὴν,
3407 1624 3460 1691 ἐξ
3502 1626 3561 1683 οὗ
3604 1646 3701 1701 μοι

2057 1707 2382 1787 προσγέγονε
2454 1717 2586 1769 Θεοῦ
2642 1712 2855 1776 πάντως
2929 1713 3067 1771 οὕτω
3122 1712 3577 1789 συνευδοκοῦντος,
3638 1714 3704 1771 τὸ

335 1795 578 1859 allatum
608 1795 688 1859 sit
714 1795 1212 1876 impedimentum
1256 1798 1316 1860 in
1363 1797 1747 1879 suscipiendo
1777 1809 1968 1864 certa-

2059 1800 2151 1856 καί
2181 1799 2241 1856 σὲ
2297 1798 2381 1856 διὰ
2427 1801 2542 1878 βίου
2600 1804 2798 1867 παντὸς
2844 1805 2991 1883 ὁρᾷν,
3032 1805 3121 1861 καὶ
3178 1804 3322 1883 παρὰ
3375 1806 3470 1862 σοῦ
3527 1801 3704 1879 μηδὲν

339 1887 502 1949 mine
556 1886 1053 1949 exercitationis:
1115 1894 1173 1948 et
1223 1896 1287 1948 tu
1337 1905 1498 1950 nunc
1525 1887 1710 1961 adsis,
1744 1900 1810 1952 ut
1858 1891 1976 1954 tuis

334 1976 607 2038 manibus
664 1976 989 2056 sepulturae
1046 1994 1195 2039 mea;
1255 1975 1613 2039 mandentur
1677 1979 1969 2062 reliquiae.

334 2062 435 2128 Sic
462 2065 634 2143 dixit,
667 2075 725 2129 et
752 2066 1001 2129 Domino
1031 2065 1233 2130 statim
1265 2065 1510 2129 tradidit
1535 2068 1822 2134 animam.

410 2244 566 2309 XIV.
601 2245 709 2313 Ille
738 2253 936 2308 autem
970 2263 1038 2309 re
1070 2245 1379 2326 inopinata
1425 2247 1820 2328 stupefactus,
1849 2268 1969 2313 non

326 2334 654 2414 respirsns,
690 2335 853 2398 humi
876 2334 1402 2416 cecidit,tanquam
1430 2346 1720 2414 mortuus,
1735 2338 1887 2401 adeo
1909 2350 1971 2403 ut

328 2442 477 2501 aqua
500 2428 703 2486 faciem
725 2429 851 2502 ejus
874 2429 1183 2501 asperserit
1207 2428 1483 2500 Agapius,
1509 2439 1560 2485 nt
1584 2445 1713 2487 cum
1736 2446 1868 2489 eum
1900 2433 1970 2490 ad

327 2528 390 2571 se
412 2523 996 2587 revocassetxogaret
1019 2515 1117 2587 qui
1144 2513 1356 2572 factum
1379 2513 1629 2585 sit.quod
1662 2517 1711 2571 ei
1744 2516 1962 2575 defece-

326 2596 405 2658 rit
422 2599 683 2664 animns.
706 2597 813 2660 ille
832 2608 1028 2660 autem
1053 2597 1202 2661 dixit
1226 2616 1292 2658 se
1309 2597 1524 2658 vidisse
1548 2615 1644 2658 res
1674 2598 1824 2660 adeo
1855 2601 1967 2662 ad-

330 2687 663 2763 mirabiles,
694 2696 758 2750 ut
787 2696 1034 2768 cuperet
1058 2688 1239 2749 etiam
1262 2705 1395 2747 mox
1416 2686 1588 2747 vitam
1614 2702 1749 2749 cum
1777 2697 1966 2750 morte

233 2817 236 2821 ι
325 2776 958 2840 commutare.Deinde
987 2795 1119 2837 cum
1152 2776 1602 2849 surrexisset,et
1632 2774 1962 2839 circumfu-

326 2882 428 2928 sus
457 2867 683 2928 sanctis
740 2866 863 2927 illis
922 2873 1081 2927 esset
1131 2864 1424 2944 reliquiis,
1458 2872 1517 2925 et
1547 2882 1647 2926 eas
1687 2864 1965 2944 irrigaret

326 2955 632 3036 lacrymis,
667 2964 728 3017 et
748 2954 1098 3018 commistos
1128 2954 1346 3034 gaudio
1372 2955 1549 3016 fletus
1577 2955 1965 3029 emitteret,et

325 3044 614 3108 clamaret
645 3063 660 3108 :
695 3045 806 3108 Hei
841 3045 1005 3117 mihi,
1043 3044 1162 3106 lilia
1207 3043 1576 3117 dulcissima,
1621 3062 1728 3105 cur
1756 3065 1875 3109 non
1908 3055 1964 3108 te

2057 1888 2186 1967 πρὸς
2249 1890 2337 1947 τὸν
2393 1896 2490 1958 τῆς
2555 1892 2835 1962 ἆσγήσεως
2893 1892 3100 1971 ἀγῶνα,
3168 1891 3645 1974 παρεμποδίζεσθαι
3681 1906 3700 1925 ⁶

2053 1981 2143 2035 καὶ
2185 1988 2273 2039 νῦν
2327 1980 2578 2060 παρεῖναί
2634 2003 2695 2039 σε
2738 1984 2810 2048 ὼς
2869 1983 2931 2038 ἃν
2983 1983 3077 2040 καί
3139 1985 3295 2063 χερσὶ
3325 1997 3449 2047 ταῖς
3482 1996 3609 2046 σαῖς
3638 1985 3705 2041 τὸ

2055 2065 2183 2142 ἐμὸν
2216 2068 2364 2146 τάφῳ
2394 2067 2693 2149 παραδοθῇς
2724 2069 3004 2147 λείψανον.
3065 2071 3246 2137 Οὕτως
3295 2075 3444 2146 εἶπε,
3478 2072 3567 2129 καὶ
3621 2077 3704 2147 τῷ

2058 2159 2228 2237 Κυρίῳ
2259 2159 2404 2222 εὒθὺς
2433 2163 2689 2239 παρεθετο
2721 2160 2819 2227 τὴν
2851 2162 3063 2241 ψυχήν,

2132 2246 2248 2307 1Δ’.
2307 2250 2368 2306 Ὀ
2412 2246 2468 2304 δὲ
2520 2254 2594 2323 τῷ
2647 2248 3034 2328 ἀπροσδοκήτῳ
3082 2252 3177 2307 τοῦ
3226 2250 3537 2329 πράγματος
3596 2250 3700 2308 ἐκ·-

2051 2335 2271 2415 πλαγεὶς
2299 2337 2498 2402 ἄπνους
2529 2339 2653 2395 ὡσεὶ
2705 2341 2884 2417 νεκρὸς
2936 2339 3226 2397 κατέπεσεν
3283 2340 3368 2397 ἐπὶ
3428 2345 3555 2419 γῆν,
3616 2346 3695 2405 ὡς

2049 2423 2196 2483 ὕδατι
2253 2428 2343 2483 τὸν
2386 2424 2650 2504 Ἀγάπιον
2708 2430 2768 2484 τὸ
2827 2428 3016 2486 τούτου
3072 2427 3461 2507 περιῤῥαντίσαι
3526 2433 3698 2508 πρόσ-

2050 2539 2220 2589 ωπον,
2279 2518 2364 2573 καὶ
2421 2516 2862 2592 ἀνακτησάμενον
2923 2518 3151 2598 ἐρωτᾷν,
3191 2520 3241 2575 τί
3285 2519 3521 2576 παθόντα
3569 2518 3694 2576 λει-

2049 2606 2277 2679 ποθδμίᾳ
2307 2618 2619 2681 περιπεσεῖν
2655 2627 2668 2639 ’
2705 2609 2794 2663 τὸν
2825 2606 2879 2662 δὲ
2910 2609 3072 2687 φάναι
3115 2608 3373 2666 τοιούτων
3435 2610 3509 2672 εἰς
3566 2608 3694 2666 θέαν

2046 2692 2355 2767 παραδόξων
2412 2694 2609 2772 ἐλθεῖν,
2644 2699 2716 2762 ὡς
2759 2696 2989 2776 ἐφίεσθαι
3040 2697 3135 2755 καὶ
3180 2699 3242 2754 τὸ
3270 2704 3369 2774 ζῇν
3411 2700 3486 2764 εἰς
3516 2698 3694 2778 τάχος

2046 2781 2383 2847 ἀποϐαλεῖνι.
2436 2787 2574 2843 Εἶτα
2642 2784 2993 2844 διαναστάντα
3047 2789 3135 2844 καὶ
3198 2788 3274 2863 τῷ
3317 2787 3454 2865 ἁγίῳ
3507 2786 3695 2863 ἐκείνῳ

2047 2871 2285 2949 λειψάνῳ
2339 2874 2692 2954 περιχυθέντα
2743 2875 2958 2953 δάκρυσί
2999 2898 3057 2932 τε
3116 2879 3244 2935 αὐτὸ
3302 2874 3688 2956 καταϐρὲχειν,

2045 2964 2135 3019 καὶ
2176 2961 2431 3039 ὀδυρμοὺς
2488 2965 2697 3043 ἀφιέναι
2743 2962 2911 3042 ἡδονῇ
2954 2978 3271 3044 συμμιγεῖς,
3307 2967 3405 3023 Καὶ
3433 2964 3491 3022 οἵ
3544 2965 3682 3043 μοιέ

2048 3051 2252 3127 τέκνον,
2288 3055 2440 3129 βοᾷν³
2486 3052 2833 3133 γλυκύτατον,
2882 3052 2967 3110 διὰ
3027 3058 3075 3111 τί
3118 3055 3320 3125 σαυτήν
3351 3077 3443 3131 μοι
3476 3056 3553 3132 μὴ
3582 3058 3685 3132 πρὸ

328 3134 476 3197 mihi
508 3135 608 3197 diu
639 3142 776 3196 ante
805 3132 1139 3213 aperuisti?
1164 3135 1286 3195 Cur
1314 3152 1432 3223 non
1482 3152 1578 3194 me
1618 3153 1732 3195 una
1766 3143 1959 3197 tecum

2054 3141 2246 3200 πολλοῦ
2303 3142 2697 3219 ἀπεκέλυψαςς
2758 3141 2843 3200 διὰ
2888 3145 2938 3200 τί
2989 3144 3067 3219 μὴ
3119 3165 3448 3223 συνεργατην
3491 3167 3559 3220 με
3588 3151 3690 3213 τῆς

322 3224 699 3301 assumpsisti
732 3223 959 3285 socium
1018 3224 1078 3285 in
1126 3242 1309 3303 opere
1353 3222 1438 3282 tui
1467 3223 1801 3312 propositi?
1829 3225 1960 3289 Heu

2054 3237 2143 3298 τῆς
2202 3231 2501 3311 προθέσεως
2559 3232 2997 3312 σομε-παρείληφας
3037 3251 3053 3309 ;
3087 3233 3143 3290 οἵ
3187 3222 3358 3310 μοιτί
3404 3235 3691 3312 πέπονθας

326 3330 424 3374 me
452 3313 761 3390 miserum,
820 3315 959 3395 quid
1020 3313 1164 3405 mihi
1225 3312 1482 3405 accidit!
1518 3311 1825 3405 Quomodo
1856 3315 1964 3405 fuit

2054 3328 2160 3385 πῶς
2220 3320 2468 3399 ἀγνόημα
2522 3321 2839 3389 τηλικοῦτον
2895 3311 3190 3401 ἧγνόησαε
3248 3330 3364 3387 πῶς
3419 3324 3516 3381 οὒκ
3542 3311 3691 3405 ᾔδειν

324 3410 486 3465 tanta
511 3421 641 3465 mea
660 3404 992 3482 ignorantia
1022 3402 1049 3467 ἲ
1071 3402 1384 3475 Quomodo
1409 3401 1751 3464 nesciebam
1777 3423 1872 3467 me
1900 3404 1960 3467 in

2054 3411 2192 3490 ἔχων
2234 3411 2289 3467 ἐν
2336 3413 2487 3491 χερσὶ
2531 3414 2591 3468 τὸ
2646 3413 3021 3492 ζητούμενονς
3079 3416 3126 3469 τί
3184 3414 3383 3494 πάθως
3448 3416 3692 3492 ὲορτὰσω

324 3493 604 3555 manibus
635 3494 881 3569 habere,
914 3494 1072 3575 quod
1107 3492 1534 3574 quaerebatur?
1571 3492 1720 3564 Quid
1750 3502 1964 3573 agam?

2054 3501 2243 3567 ταύτην
2298 3501 2396 3567 την
2454 3499 2506 3566 ἐξ
2565 3501 2754 3580 ὀσφύος
2785 3524 2889 3577 μου
2918 3503 3170 3571 τοιαύτην
3208 3505 3384 3583 ὁρῶν;
3431 3504 3468 3572 ἢ
3495 3507 3693 3583 θρηνήο

320 3583 646 3646 Festumne
676 3583 1017 3659 celebrabo,
1050 3585 1204 3646 hanc
1253 3583 1466 3644 videns
1510 3601 1640 3662 quae
1672 3585 1964 3663 processit

2054 3610 2123 3646 σω
2153 3588 2486 3670 σπλάγχνοις
2542 3591 2833 3665 νικώμενος
2895 3605 3227 3670 πατρικοῖςς
3280 3592 3418 3650 ἀλλὰ
3471 3598 3690 3672 θρηνεῖν

323 3689 392 3732 ex
425 3672 574 3732 meis
604 3672 846 3748 lumbis,
880 3693 953 3735 an
985 3673 1202 3753 lugebo
1251 3672 1443 3734 victus
1475 3673 1737 3750 paternis
1768 3676 1959 3737 visce-

2054 3682 2103 3736 οὗ
2160 3678 2324 3737 καλὸν
2382 3681 2499 3742 τοὺς
2559 3681 2694 3755 μετὰ
2746 3682 2844 3748 τὴν
2907 3680 3107 3738 ἐνθένδε
3177 3681 3498 3761 ἀπαλλαγὴν
3554 3687 3690 3763 πρὸς

322 3758 653 3853 ribus"_$ed
682 3780 798 3824 non
824 3770 913 3824 est
937 3764 1253 3853 honestum
1291 3780 1394 3853 eos
1414 3761 1641 3853 lugere,
1668 3763 1772 3853 qui
1797 3774 1961 3843 post-

2054 3771 2317 3846 κρείττονα
2373 3769 2762 3849 πορευομένους
2820 3769 3117 3849 διαγωγὴν,
3165 3770 3263 3827 κᾶν
3292 3771 3327 3839 ἥ
3365 3758 3518 3853 φόσις
3580 3758 3691 3829 τῶν

321 3869 497 3932 quam
523 3850 660 3912 hinc
681 3851 1307 3921 excesserint,vadunt
1325 3851 1397 3912 ad
1427 3849 1597 3911 vitam
1625 3851 1959 3926 meliorem,

2054 3860 2249 3915 niuium
2308 3859 2650 3938 ἀντεχομένη
2713 3862 2869 3917 τοῦτό
2920 3882 2988 3935 με
3043 3863 3424 3939 καταναγκάζῃ
3481 3875 3686 3920 ποιεῖν·

319 3938 554 4002 etiamsi
587 3947 796 4001 natura
824 3939 1189 4002 domesticos
1221 3940 1618 4020 amplectens,
1666 3958 1760 4002 me
1789 3951 1963 4020 cogat

2054 3947 2185 4014 πλὴν
2242 3948 2380 4007 ἀλλὰ
2437 3949 2726 4025 θρηνοῦντα
2779 3971 2847 4025 με
2893 3950 3038 4030 χαρὰ
3086 3938 3395 4031 διαδέχεται
3428 3953 3548 4016 τοὺς
3579 3957 3688 4008 τῶν

316 4031 432 4094 hoc
462 4029 679 4092 facere.
713 4028 1249 4091 Verumenimvero
1274 4030 1577 4107 lugentem
1610 4046 1706 4089 me
1739 4030 1961 4110 exeipit

2054 4035 2279 4113 Ξακριῖων
2350 4040 2593 4116 κρουνοὺς
2649 4028 3066 4113 ἀναστέλλουσα,
3146 4028 3271 4097 καὶ-⁷
3324 4042 3423 4107 τῆθ
3485 4038 3689 4097 ἐνθένδε

313 4118 620 4200 gaudium,
656 4119 851 4182 fontes
878 4118 1217 4199 reprimens
1265 4118 1696 4208 lacrymarum,
1734 4127 1957 4208 etper-

2054 4130 2369 4184 ιετάστασιν
2408 4129 2573 4185 πείθει
2629 4130 2691 4185 τὸ
2728 4129 2901 4208 τάχος
2933 4128 3237 4200 ἐπιζητεῖν.
3270 4128 3408 4187 Οἶδα
3453 4130 3553 4207 γὰρ
3610 4133 3687 4194 ὡς

314 4210 525 4271 suadet
547 4218 611 4271 ut
640 4208 934 4290 postulem
966 4226 1140 4289 quam
1176 4209 1433 4288 primum
1466 4206 1607 4299 hinc
1637 4207 1954 4270 excedere.

2054 4215 2242 4291 ἕψομαί
2299 4238 2356 4273 τε
2387 4217 2553 4284 αὐτὴν
2608 4216 2706 4275 καί
2749 4206 3049 4297 ὀφθήσομαι
3104 4222 3236 4276 Θεοῦ
3292 4206 3686 4299 φιλανθρωπίας

316 4298 454 4361 Scio
484 4300 642 4360 enim
674 4299 803 4360 fore
860 4305 923 4358 ut
977 4315 1105 4358 eam
1142 4297 1403 4368 videam,
1440 4303 1498 4357 et
1520 4294 1594 4357 ab
1627 4314 1696 4357 ea
1729 4296 1954 4370 videar,

2054 4312 2195 4362 τοῦτο
2247 4303 2514 4382 διδούσης,
2548 4308 2638 4364 καὶ
2683 4309 2757 4369 εἰς
2809 4309 2900 4364 τὸν
2934 4309 3097 4364 αἰῶνα
3155 4310 3457 4383 σνζήσομαι
3507 4314 3575 4385 τῇ
3632 4308 3688 4374 ἐξ

317 4389 430 4451 hoc
449 4386 814 4449 concedente
835 4386 1348 4467 Deibenignitate,
1373 4394 1429 4446 et
1465 4385 1639 4447 simul
1674 4386 1863 4448 vivam
1895 4387 1956 4449 in

2054 4394 2170 4470 ἑμοὸ
2219 4394 2319 4470 μὲν
2362 4397 2708 4473 γεννηθείσῃ,
2739 4396 2882 4470 αὒτῷ
2912 4395 2967 4453 δὲ
2999 4398 3233 4477 ζησασῃ,
3266 4400 3355 4455 καὶ
3413 4397 3513 4466 τὴν
3571 4421 3686 4472 μα-

313 4478 534 4541 saecula
563 4495 696 4539 cum
729 4496 819 4547 ea,
853 4496 986 4558 quas
1030 4496 1063 4538 a
1114 4495 1210 4538 me
1240 4476 1483 4556 quidem
1521 4484 1610 4536 est
1640 4474 1864 4555 genita,
1903 4477 1958 4539 ei

312 4577 511 4630 autem
548 4566 712 4641 vixit,
743 4576 801 4629 et
830 4567 1060 4629 beatam
1095 4566 1182 4628 illi
1218 4565 1465 4627 tradidit
1501 4563 1783 4626 animam.

391 4655 515 4720 XV.
550 4654 655 4719 His
695 4656 890 4719 verbis
921 4676 1054 4719 cum
1097 4665 1285 4718 totum
1336 4663 1532 4717 actum
1567 4654 1961 4718 intellexisset

310 4747 657 4826 Agapins,id
689 4746 1004 4808 annuntiat
1033 4764 1166 4806 cum
1200 4746 1462 4808 clamore
1486 4744 1959 4809 etadmiratione

312 4836 592 4917 praefecto
612 4845 668 4898 et
692 4834 1099 4899 fratribuleli
1121 4844 1317 4897 autem
1342 4831 1784 4895 contendebant
1803 4835 1961 4898 alius

311 4927 490 4988 alium
525 4926 873 5006 praevenire,
909 4925 1298 5004 obstupefacti
1337 4942 1488 4984 nova
1531 4931 1588 4984 et
1616 4923 1815 4986 aliena
1845 4944 1957 4988 au-

208 5054 221 5067 ρ
311 5017 558 5089 ditione,
586 5024 647 5076 et
674 5014 949 5077 studebat
978 5014 1393 5094 unusquisque
1426 5011 1653 5092 primus
1672 5031 1961 5076 veneran-

308 5105 415 5167 das
438 5104 715 5185 amplecti
744 5102 1204 5185 reliquias.Cum
1229 5113 1427 5164 autem
1451 5102 1808 5164 accessisset
1827 5107 1954 5185 qui-

308 5195 444 5257 dam
469 5212 538 5255 ex
563 5193 848 5259 fratribus
869 5193 1056 5256 altero
1089 5193 1263 5254 oculo
1288 5192 1694 5271 orbatus,ipse
1715 5210 1953 5274 quoque

308 5283 713 5362 amplexurus,
749 5283 942 5345 lucem
976 5290 1068 5345 est
1124 5290 1433 5344 assecutus
1463 5279 1538 5342 ab
1569 5298 1662 5348 ea.
1692 5300 1825 5361 quae
1854 5283 1951 5345 di-

310 5372 594 5433 vinaluce
617 5371 795 5451 digna
832 5380 962 5433 erat
992 5372 1281 5444 habita,et
1308 5372 1462 5432 duos
1491 5368 1698 5432 habuit
1739 5371 1953 5437 illaesos

310 5459 538 5538 oculos,
571 5471 802 5522 certum
828 5462 1077 5523 ell‘ectus
1107 5460 1514 5523 testimonium
1545 5459 1703 5520 illius
1734 5461 1871 5524 ﬁdei
1894 5472 1954 5527 ct

309 5547 720 5622 beatitudinis,
753 5567 931 5626 quam
966 5549 1063 5612 illa
1086 5550 1280 5612 fuerat
1308 5557 1610 5612 assecuta.
1644 5547 1773 5611 Non
1817 5570 1950 5615 am-

314 5635 470 5726 plius
489 5650 632 5715 ergo
654 5636 977 5717 sepulturae
993 5636 1519 5719 meminerant,qui
1540 5636 1816 5705 aderant:
1842 5645 1951 5708 sed

2040 4484 2224 4563 καρίαν
2254 4484 2595 4562 παραθεμὲνῃ
2621 4486 2835 4565 ψυχήν,

2119 4665 2226 4723 ΙΕ¹.
2282 4663 2494 4726 Τούτοις
2554 4676 2674 4728 τοῖς
2728 4664 2936 4743 ῥήμασι
2993 4666 3056 4720 τὸ
3100 4670 3204 4723 πᾶν
3263 4673 3359 4723 τοῦ
3420 4664 3684 4744 δράματος

2039 4754 2207 4817 συνεὶς
2280 4756 2306 4810 6
2367 4753 2654 4830 Ἀγαπιος,
2703 4755 2796 4811 σὺν
2850 4755 2954 4831 βοῇ
3004 4755 3092 4810 καὶ
3120 4755 3347 4829 θαύματι
3379 4753 3686 4834 διαγγέλλει

2038 4849 2114 4916 τῷ
2156 4841 2440 4919 ἡγοδμένῳ
2495 4865 2551 4900 τε
2606 4845 2694 4901 καὶ
2776 4856 2898 4908 τοῖς
2957 4842 3233 4924 ἀδελφοῖς.
3297 4845 3357 4903 Οἳ
3415 4844 3470 4901 δὲ
3525 4844 3689 4911 ἄλλος

2043 4930 2207 4989 ἄλλον
2258 4934 2470 5011 φθάνειν
2525 4934 2813 5012 ἦπειγοντο
2870 4935 2932 4989 τὸ
3004 4935 3188 4990 καινὸν
3239 4935 3325 4991 καὶ
3381 4931 3527 4999 ξένον
3582 4937 3687 5002 τῆς

2039 5022 2203 5090 ἀκοῆς
2273 5022 2723 5102 ἐκπληττόμενοι,
2783 5025 2871 5079 καὶ
2929 5026 3139 5100 πρῶτος
3198 5023 3422 5087 ἕκαστος
3481 5026 3544 5080 τὸ
3602 5042 3688 5081 τιὸ

2038 5110 2308 5186 μιώτατοο
2367 5110 2583 5172 ἔσπευδε
2654 5112 3063 5189 περιπτύξασθαι
3142 5111 3419 5188 λείψανον.
3477 5115 3571 5176 Ὦς
3630 5112 3688 5170 δέ

2035 5223 2113 5266 τις
2170 5208 2276 5257 τῶν
2348 5200 2587 5282 ἀδελφῶν
2665 5204 2758 5258 τὸν
2835 5201 3013 5281 ἕτερον
3083 5201 3356 5281 ὀφθαλμὸν
3419 5206 3686 5281 πηρωθεὶς

2037 5289 2329 5369 προσῆλθε,
2392 5291 2486 5349 καὶ
2573 5294 2728 5355 αὐτὸς
2817 5291 3218 5367 ἀσπασόμενος,
3293 5293 3471 5372 φωτὸς
3524 5291 3688 5372 ἔτυχε

2036 5379 2178 5457 παρὰ
2207 5383 2305 5445 τῆς
2338 5383 2511 5458 φωτὸς
2569 5390 2663 5441 τοῦ
2704 5382 2851 5439 θείου
2896 5379 3228 5460 ἠξιωμένης,
3276 5383 3366 5439 καὶ
3416 5381 3538 5443 τοὺς
3597 5380 3687 5437 δύο

2035 5469 2195 5548 εἶχεν
2226 5469 2448 5534 ἀπαθεῖς
2503 5470 2830 5553 ὀφθαλμοὺς³
2871 5472 3159 5549 μαρτύριον
3204 5471 3494 5548 γενόμενος
3524 5471 3683 5547 ἀκρι-

2032 5555 2119 5622 ϐὲς
2177 5563 2274 5626 τῆς
2332 5563 2490 5619 αὐτοῦ
2544 5561 2797 5637 πίστεως,
2874 5563 2962 5619 καὶ
3032 5563 3099 5629 ἧς
3153 5560 3331 5627 ἐκείνη
3380 5559 3684 5628 κατηξιὼοη

2035 5650 2458 5728 μακαριότητος.
2518 5648 2709 5710 Οὐκέτι
2771 5650 2860 5708 οὖν
2917 5655 3086 5731 ταφῆς
3148 5650 3195 5709 οἱ
3235 5648 3493 5729 παρόντες
3552 5647 3687 5726 ἐμέ-
