4004 6138
323 287 416 356 321

1360 288 1547 356 VITA
1591 284 1661 354 Β.
1706 291 2220 358 APOLLINARIS
2269 287 2630 359 VIRGINIS.

3562 292 3678 364 322

316 450 514 505 μνηποῖ
574 425 720 482 ἀλλὰ
780 428 986 494 ταύτης
1048 426 1445 502 ἐπιλαθόμενοι,
1505 426 1802 505 δοξολογίφ,
1860 426 1955 482 καΐ

2045 427 2170 505 ejus
2223 427 2415 507 obliti,
2446 429 2877 504 gloriﬁcatione
2935 439 2992 492 et
3049 431 3444 497 admiratione
3505 434 3676 496 divisi

306 517 515 587 Θιᾶματι
563 519 710 591 μετὰ
761 524 943 596 χαρᾶε
997 517 1322 596 ἐμερίζοντο.
1377 518 1512 594 Ὀψὲ
1565 516 1618 574 δὲ
1669 522 1754 575 καὶ
1807 519 1956 593 μόλις

304 611 443 664 αὐτὸν
517 608 672 663 εἶναι
746 609 840 662 τὸν
895 610 1180 684 θησαυρὸν,
1245 609 1328 664 καὶ
1399 609 1534 680 μετὰ
1595 609 1690 675 τὴν
1759 608 1954 686 ταφὴν,

757 710 876 758 τοῖς
948 698 1053 753 τῶν
1137 698 1378 772 πατέρων
1449 698 1692 772 μνήμασι
1759 698 1958 763 ταύτην

294 785 762 861 ἐτκατατῖθενται,
824 785 966 867 φωτί
1041 787 1162 860 θείῳ
1231 789 1292 843 τὸ
1350 790 1632 856 πρόσωπον
1689 786 1952 865 περιλαμ-

295 697 648 772 λεγιτᾶμενοι
662 745 676 769 ,

191 938 202 950 δ
293 874 570 948 πομένην.
620 879 686 932 '0
763 875 946 949 μέντοι
1000 876 1198 942 ταύτης
1255 876 1434 954 πατὴρ
1490 872 1605 932 ουδὲ
1663 875 1957 943 ἀποστῆναι

293 966 432 1041 μετα
490 972 666 1022 ταῦτα
733 972 830 1036 τῆς
893 965 1062 1039 μονῆς
1120 964 1260 1025 ὅλως
1325 965 1516 1040 ἔκρινε·
1591 964 1840 1022 τοσοῦτον
1904 964 1958 1020 δὲ

298 1056 461 1119 μόνον
504 1057 866 1134 ἒκχωρήσας,
902 1053 1024 1110 ὅσον
1081 1054 1352 1128 διανεῖμαι
1394 1055 1460 1110 τὰ
1501 1053 1624 1110 ὄντα
1673 1054 1860 1122 πένησι
1901 1077 1959 1110 τε

304 1147 389 1200 καὶ
447 1143 796 1219 ἐκκλησίαις,
849 1143 943 1200 καῖ
1001 1155 1118 1208 τοῖς
1175 1143 1348 1205 ἄλλως
1382 1142 1606 1208 εὖσεϐὗς
1655 1150 1812 1216 ζῶσι,
1873 1145 1961 1200 καὶ

302 1239 406 1290 τῶν
450 1231 778 1299 ἐπιτηδείων
839 1235 916 1308 μὴ
974 1236 1170 1298 ἱκανῶς
1218 1232 1424 1312 ἔχουσι,
1461 1234 1579 1288 τινὰ
1627 1231 1680 1288 δὲ
1739 1235 1824 1289 καὶ
1884 1241 1959 1307 τῷ

303 1320 556 1397 κοινοϐἔῳ
620 1326 985 1400 καθιερῶσαι,
1058 1325 1119 1378 τὸ
1180 1321 1298 1389 ἐξῆς
1364 1324 1548 1381 ἑαυτὸν
1605 1323 1762 1402 φέρον
1831 1345 1956 1379 συν-

302 1413 482 1468 tritta:
530 1425 653 1474 τοῖς
699 1409 975 1492 ἀδελφοῖς,
1033 1411 1284 1473 κάκεῖνος
1327 1413 1418 1467 τὸν
1484 1411 1776 1468 ὑπόλοιπον
1821 1413 1960 1490 γρό-

308 1524 393 1557 νον
453 1508 548 1556 τοῦ
592 1502 708 1578 βίου
764 1499 999 1557 διατελεῖ
1055 1499 1140 1558 ἐπὶ
1195 1506 1294 1568 τῆς
1339 1502 1530 1576 ψιάθου
1585 1523 1644 1556 τε
1713 1503 1804 1556 καί
1863 1500 1960 1568 τῆς

307 1588 510 1656 κέλλης
582 1595 684 1656 τῆς
748 1591 1082 1668 [εὐφροσύνης
1154 1589 1630 1665 κατακλινόμενος,
1677 1591 1764 1646 καὶ
1822 1590 1961 1668 μέγα

310 1687 460 1735 τοῦτο
491 1681 567 1740 εἷς
602 1680 922 1759 εὖφροσύνην
953 1679 1248 1754 τιθέμενος.

390 1767 476 1842 ις’
478 1767 496 1790 ’
544 1768 687 1833 Ἐτη
743 1770 831 1824 οὗν
877 1765 997 1823 δέκα
1047 1769 1135 1824 καὶ
1183 1769 1340 1830 αὐτὸς
1395 1768 1470 1843 τῷ
1501 1769 1748 1826 γοινοϐίω
1789 1769 1961 1842 τούτῳ

310 1856 612 1935 διαγαγὼν,
645 1859 734 1912 καὶ
790 1858 1060 1914 πολιτείαν
1111 1855 1377 1932 ὰκριϐείας
1436 1856 1618 1936 πλήρη
1670 1857 1954 1931 διηνυκὼς,

312 1946 547 2022 μετέστη
609 1947 741 2022 apd;
804 1951 1010 2023 Κύριον,
1043 1948 1104 2002 τὸ
1147 1947 1332 2003 τούτου
1374 1952 1530 2022 σῶμα
1588 1949 1827 2026 ἐχόμενα
1870 1949 1962 2005 τοῦ

2041 525 2208 578 erant
2237 537 2369 578 cum
2405 517 2624 580 laetitia.
2679 519 2822 582 Cum
2855 529 3049 582 autem
3081 522 3173 582 vix
3205 523 3440 584 tandem
3491 542 3676 604 repu-

2043 616 2244 680 tasset,
2279 608 2453 668 etiam
2487 619 2617 687 post
2642 611 3005 690 sepulturam
3043 611 3317 673 eumdem
3352 623 3509 674 esset
3541 615 3675 676 the-

2041 713 2301 769 saurum,
2335 696 2495 757 illam
2546 697 2851 777 deponunt
2881 699 2941 760 in
2976 703 3377 762 monumentis
3422 710 3676 784 patrum,

2043 787 2175 847 luce
2205 785 2400 847 divina
2432 789 2491 848 in
2523 786 2650 848 face
2681 788 3053 849 illustratam.
3088 789 3229 869 Ejus
3276 799 3474 853 autem
3515 803 3677 873 pater

2041 893 2117 936 ne
2147 875 2416 953 cogitavit
2445 876 2684 956 quidem
2714 878 3028 940 discedere
3057 899 3091 939 a
3124 882 3502 944 monasterio.
3529 882 3672 945 Cum

2042 972 2238 1025 autem
2282 966 2470 1026 solum
2519 976 2746 1028 tantum
2799 969 3163 1040 recessisset,
3196 979 3478 1049 quantum
3536 974 3678 1035 satis

2044 1065 2202 1114 esset
2233 1054 2306 1114 ad
2336 1073 2473 1116 suas
2524 1055 2830 1118 facultates
2861 1056 3208 1119 dividendas
3241 1060 3597 1141 pauperibus
3625 1070 3683 1123 et

2044 1143 2336 1224 ecclesiis,
2370 1153 2428 1204 et
2483 1145 2555 1205 iis
2608 1147 2708 1225 qui
2763 1146 2981 1228 alioqui
3041 1149 3136 1226 pie
3189 1155 3407 1223 vivunt,
3443 1159 3502 1212 et
3559 1170 3679 1214 non

2043 1231 2264 1292 habent
2295 1252 2364 1295 ea
2397 1254 2526 1314 quas
2557 1245 2693 1295 sunt
2731 1239 3065 1297 necessaria
3100 1255 3116 1312 ;
3151 1237 3234 1298 uti
3268 1247 3462 1300 tamen
3485 1241 3682 1320 aliqua

2043 1330 2417 1384 consecraret
2439 1323 2732 1398 coanobio,
2770 1344 2834 1386 se
2868 1325 3154 1406 deinceps
3179 1327 3432 1389 refertin
3465 1347 3678 1391 nume-

2042 1429 2172 1471 rum
2208 1412 2476 1484 lratrum,
2522 1425 2579 1474 et
2613 1413 2728 1474 illic
2759 1414 3050 1494 reliquum
3083 1415 3212 1476 vitae
3239 1424 3470 1496 tempus
3509 1425 3678 1480 tran-

2043 1500 2200 1578 sigit,
2237 1499 2293 1560 in
2329 1512 2522 1563 storea
2554 1516 2604 1564 et
2642 1503 2790 1564 cella
2840 1505 3264 1584 Euplirosynes
3295 1507 3675 1583 recumbens,

2045 1598 2102 1650 et
2130 1590 2184 1651 id
2218 1609 2349 1652 esse
2382 1610 2660 1669 magnum
2694 1593 2920 1656 ducens
2949 1595 3020 1656 ad
3055 1595 3338 1660 laetitiam.

2121 1767 2270 1832 XVI.
2306 1767 2447 1832 Cum
2473 1788 2611 1850 ergo
2635 1770 2763 1852 ipse
2786 1791 3020 1854 quoque
3044 1775 3248 1836 decem
3273 1793 3460 1838 annos
3479 1785 3677 1840 trans-

2044 1857 2341 1936 egissetin
2378 1861 2758 1936 monasterio,
2793 1869 2850 1921 et
2881 1862 3052 1923 vitam
3077 1864 3402 1944 peregisset
3430 1884 3677 1929 accura-

2046 1955 2160 2008 tam
2215 1955 2273 2007 et
2329 1949 2672 2028 perfectam,
2724 1949 2989 2029 migravit
3043 1952 3115 2013 ad
3166 1955 3508 2028 Dominum,
3543 1975 3677 2018 cum

302 2042 401 2102 τῆς
460 2037 721 2114 θυγατρὸς
763 2037 922 2094 αὖτοῦ
970 2037 1145 2110 τιμίου
1190 2037 1440 2110 σώματος
1499 2036 1806 2112 ἐπισκήψας
1853 2060 1956 2094 κα-

2045 2035 2318 2116 iussisset
2367 2056 2537 2099 suum
2574 2057 2788 2118 corpus
2839 2039 3059 2120 deponi
3092 2060 3276 2123 prope
3327 2044 3532 2122 ﬁliam,
3568 2045 3681 2107 hoc

301 2129 620 2192 ταταθῆναν
674 2126 857 2181 ἱκανὸν
907 2131 1060 2182 τοῦτο
1116 2125 1211 2180 καῖ
1269 2126 1404 2199 μετὰ
1460 2127 1682 2184 Θάνατον
1739 2126 1960 2203 λογισάο

304 2236 464 2290 μενος
526 2215 861 2294 παραμύθιον
935 2220 1088 2292 κωφῇ
1145 2215 1288 2270 κόνει
1334 2216 1646 2295 χαρὲζεσθαι
1711 2217 1959 2291 σώματος

302 2305 570 2383 ἐγγύτητα
628 2305 982 2378 ποθουμένου,
1037 2306 1110 2368 εἷς
1170 2307 1392 2378 μνήμην
1459 2304 1676 2372 διηνεκῆ
1732 2307 1820 2361 καὶ
1863 2304 1958 2362 δό-

300 2393 388 2458 ξαν
439 2403 532 2453 τοῦ
574 2401 740 2450 ταῦτα
784 2394 956 2460 οὕτως
1015 2395 1434 2468 οἰκονομηκότος
1480 2395 1631 2450 Θεοῦ’
1680 2397 1726 2468 ᾧ
1773 2397 1956 2472 πρέπει

299 2489 443 2540 πᾶσα
486 2482 628 2552 δόξα,
685 2484 849 2563 τιμὴ,
885 2485 969 2539 καὶ
1025 2483 1402 2560 προτκύνησις,
1440 2492 1530 2541 νῦν
1589 2485 1677 2540 ui
1732 2481 1834 2558 ἅεὶ,
1869 2487 1956 2541 καὶ

302 2575 373 2636 εἷς
416 2574 534 2636 τοὺς
567 2575 768 2637 αἰῶνας
798 2579 908 2629 τῶν
945 2573 1166 2631 αἰώνων.
1202 2571 1404 2647 Ἀμήν.

2045 2125 2220 2186 etiam
2283 2134 2412 2202 post
2467 2136 2712 2188 mortem
2773 2129 3000 2191 ducens
3059 2149 3193 2193 esse
3255 2133 3392 2194 satis
3452 2134 3675 2211 solatii,

2045 2215 2223 2275 surdo
2282 2216 2506 2296 pulveri
2565 2218 2834 2297 corporis
2917 2219 3116 2298 largiri
3183 2221 3677 2303 propinquitatem

2043 2305 2197 2384 ejus,
2231 2305 2385 2385 quod
2417 2306 2736 2381 desiderat,
2767 2308 2836 2368 ad
2871 2319 3210 2390 perpetuam
3247 2314 3593 2374 memoriam
3625 2323 3682 2376 et

2041 2393 2288 2471 gloriam
2328 2395 2454 2469 Dei,
2491 2397 2589 2476 qui
2640 2397 2764 2458 haec
2795 2400 2879 2460 sic
2905 2397 3286 2479 dispensavit.
3329 2401 3513 2474 Quem
3561 2403 3677 2465 de-

2041 2490 2136 2543 cet
2193 2485 2383 2544 omuis
2413 2485 2622 2566 gloria,
2659 2487 2846 2549 honor
2883 2495 2941 2550 et
2995 2489 3286 2566 adoratio,
3320 2509 3478 2552 nunc
3510 2501 3568 2554 et
3617 2493 3678 2555 in

2041 2573 2256 2634 saecula
2284 2574 2658 2636 saiculorum.
2691 2581 2899 2639 Amen.

1796 2992 2207 3123 VITA

974 3267 1421 3365 BEAT/E
1509 3265 2332 3366 APOLLINARIS
2415 3269 3011 3366 VIRGINIS.

1790 3488 1986 3564 (Anno
2028 3487 2193 3561 400.)

726 3666 902 3745 [Apud
931 3664 1136 3723 Surium
1165 3664 1226 3722 ad
1253 3665 1384 3723 diem
1417 3667 1452 3723 5
1479 3665 1726 3734 Januarii,
1756 3671 1881 3724 tom.
1915 3665 1960 3738 Ι,
1994 3681 2108 3739 pag.
2146 3666 2232 3722 41.
2262 3664 2480 3722 Textum
2512 3665 2748 3722 Graecum
2780 3681 2879 3723 non
2912 3665 3248 3740 invenimus]

1943 3807 2040 3824 Α-

378 3957 429 4022 Ι.
461 3962 809 4041 lmperante
838 3956 900 4017 in
937 3954 1146 4036 primis
1177 3955 1272 4037 pio
1327 3955 1686 4034 imperatore
1714 3955 1950 4034 Anthe-
1970 3965 2010 4016 C
2035 3955 2228 4031 testia,
2264 3956 2419 4038 quod
2449 3974 2577 4018 eam
2611 3955 2784 4018 vellet
2805 3955 3055 4036 jungere
3087 3956 3494 4024 matrimonio.
3526 3956 3671 4021 Cum

303 4049 421 4112 mio
447 4045 960 4130 (2),imperatoris
979 4045 1122 4120 ﬁlio,
1149 4045 1252 4126 qui
1274 4043 1476 4106 habuit
1497 4044 1641 4106 duas
1662 4045 1813 4107 ﬁlias
1843 4064 1856 4108 :
1887 4064 1960 4110 ex

303 4139 522 4221 quibus
574 4156 697 4200 una
729 4135 987 4199 habebat
1034 4135 1309 4216 spiritum
1341 4135 1743 4216 immundum,
1776 4136 1960 4200 altera

301 4238 500 4292 autem
528 4227 604 4290 ab
629 4229 876 4289 ineunte
898 4233 1071 4287 aetate
1086 4223 1337 4287 vacabat
1360 4223 1957 4307 ecclesiis,martyriis

307 4327 368 4382 et
395 4315 789 4380 orationibus.
815 4314 954 4376 Erat
983 4331 1127 4376 vero
1157 4315 1286 4395 ejus
1329 4333 1548 4376 nomen
1575 4315 1954 4396 Apollinaris.

304 4410 449 4474 Cum
510 4426 582 4470 ea
611 4414 807 4470 autem
861 4413 1018 4468 esset
1047 4405 1237 4468 aetatis
1293 4403 1594 4484 legitimae,
1631 4406 1958 4486 querebant

309 4505 431 4576 ejus
453 4513 728 4576 parentes
761 4515 884 4560 eam
910 4502 1116 4559 marito
1148 4500 1524 4574 conjungere,
1546 4516 1608 4558 ea
1631 4515 1766 4560 vero
1796 4502 1960 4560 nole-

305 4587 426 4651 bat.
463 4586 624 4651 Dicit
648 4603 785 4650 vero
811 4584 1068 4666 quodem
1097 4584 1195 4647 die
1223 4591 1345 4647 suis
1371 4583 1738 4666 parentibus:
1771 4584 1957 4668 Cupio

304 4684 390 4742 tre
420 4680 864 4741 monasterium.
899 4678 964 4736 Ei
989 4688 1179 4737 autem
1211 4679 1413 4738 dicunt
1445 4688 1749 4751 parentes:
1782 4679 1958 4738 Volu-

302 4786 435 4830 mus
458 4776 519 4830 te
545 4766 758 4828 marito
783 4763 1263 4846 conjungere.Ea
1287 4783 1427 4828 vero
1458 4764 1599 4828 dicit
1637 4766 1723 4828 eis
1759 4786 1774 4829 :
1807 4766 1956 4829 Nolo

302 4854 589 4936 conjungi
613 4853 844 4928 marito,
874 4851 979 4914 sed
1011 4870 1186 4933 spero
1216 4852 1346 4916 fore
1377 4861 1439 4915 ut
1473 4853 1769 4934 quomodo
1798 4853 1957 4917 Deus

303 4953 540 5009 sanctas
563 4961 703 5006 suas
723 4941 984 5018 virgines
1001 4941 1287 5006 custodiit
1307 4943 1664 5024 impollutus,
1686 4961 1782 5006 me
1803 4963 1954 5022 quo-

299 5053 413 5112 que
434 5041 494 5096 in
519 5053 627 5097 suo
652 5038 858 5094 timore
880 5037 1164 5094 custodiat
1186 5036 1566 5108 impollutam.
1591 5036 1813 5094 Novum
1843 5053 1954 5096 au-

298 5131 419 5186 tem
454 5133 518 5187 et
547 5119 901 5184 admirabile
931 5118 1239 5184 videbatur
1271 5120 1612 5203 parentibus
1641 5121 1800 5204 quod
1820 5142 1952 5185 cum

299 5223 458 5277 esset
512 5211 574 5275 id
627 5210 839 5286 aetatis,
878 5209 1013 5273 talia
1059 5209 1310 5288 diceret,
1344 5213 1535 5275 Deum
1577 5211 1953 5278 desiderans.

300 5303 534 5368 Rursus
564 5318 671 5364 eos
718 5298 982 5379 rogabat,
1019 5307 1084 5362 ut
1109 5319 1288 5365 unam
1343 5301 1710 5365 adducerent
1741 5322 1953 5367 mona-

299 5393 496 5476 cham,
532 5399 596 5454 ut
628 5407 761 5451 eam
793 5390 1038 5452 doceret
1067 5391 1416 5472 psalterium
1453 5399 1511 5454 et
1541 5389 1768 5471 legere.

376 5482 451 5548 Il.
476 5485 816 5562 Imperator
845 5487 1040 5544 autem
1074 5498 1193 5545 non
1225 5499 1400 5563 parva
1427 5481 1673 5546 affectus
1695 5491 1784 5546 est
1816 5501 1948 5546 mo-

1975 5353 2023 5406 D

2042 4065 2112 4109 ea
2149 4055 2341 4109 autem
2376 4047 2725 4128 persisteret
2755 4056 2813 4107 et
2840 4048 3046 4110 arrhas
3090 4047 3272 4111 nollet
3299 4051 3596 4131 accipere,
3622 4048 3679 4110 ei

2041 4137 2244 4200 dicunt
2264 4136 2395 4216 ejus
2419 4144 2690 4216 parentes
2717 4157 2728 4197 :
2759 4134 2909 4208 Quid
2935 4135 3041 4212 vis,
3067 4137 3234 4200 ﬁlia?
3262 4139 3344 4202 Ea
3374 4157 3509 4202 vero
3534 4136 3678 4198 dicit

2041 4227 2148 4288 eis:
2184 4225 2346 4305 Rogo
2379 4243 2500 4300 vos,
2531 4233 2594 4286 ut
2625 4243 2721 4286 me
2750 4225 2822 4287 ad
2857 4224 3042 4288 Deum
3072 4227 3404 4310 adducatis,
3437 4235 3500 4291 ut
3530 4245 3681 4290 mem

2040 4313 2391 4395 virginitatis
2416 4315 2754 4377 mercedem
2779 4315 3197 4396 accipiatis.llli
3218 4327 3413 4381 autem
3443 4337 3575 4379 cum
3595 4317 3678 4379 vi-

2041 4405 2268 4466 dissent
2291 4405 2418 4485 ejus
2441 4412 2699 4465 mentem
2722 4423 2852 4466 esse
2876 4405 3027 4467 adeo
3051 4406 3280 4469 ﬁrmam
3317 4416 3374 4470 et
3395 4404 3680 4469 immobi-

2041 4496 2181 4571 lem,
2212 4502 2320 4555 eta
2343 4495 2463 4557 Deo
2489 4494 2638 4554 adeo
2658 4492 2838 4555 fuisse
2867 4502 3150 4575 amatam,
3170 4496 3376 4559 dicunt
3404 4495 3460 4560 ei
3488 4514 3501 4558 :
3533 4494 3682 4576 Spe-

2037 4603 2260 4660 ramus,
2289 4583 2430 4664 ﬁlia,
2464 4583 2588 4645 fore
2614 4589 2678 4643 ut
2709 4582 2808 4644 ﬁat
2835 4581 2940 4644 Dei
2969 4584 3263 4648 voluntas.
3299 4586 3516 4649 Paucis
3543 4603 3679 4647 vero

2039 4681 2170 4755 post
2219 4671 2430 4735 diebus
2459 4672 2837 4734 adduxerunt
2884 4671 2955 4733 ad
2989 4691 3117 4735 eam
3176 4676 3512 4750 monachas,
3549 4693 3680 4755 quae

2038 4782 2170 4826 eam
2225 4763 2556 4824 docuerunt
2586 4760 2938 4824 Psalterium
2971 4771 3030 4825 et
3073 4756 3281 4844 legere
3313 4765 3676 4846 Scripturas.

2097 4850 2474 4925 IIl.Quodam
2493 4859 2688 4913 autem
2719 4851 2816 4912 die
2839 4871 2973 4914 cum
2997 4864 3248 4933 uterque
3270 4854 3675 4927 considerent,

2040 4960 2110 5006 ea
2142 4942 2284 5004 dicit
2337 4940 2713 5021 parentibus:
2747 4941 2910 5020 Rogo
2943 4961 3042 5005 vos
3087 4952 3147 5005 ut
3179 4962 3275 5007 me
3304 4943 3586 5005 dimitatis
3618 4942 3679 5004 in

2041 5031 2172 5094 loca
2197 5039 2489 5106 sancta,ut
2519 5048 2686 5092 orem
2721 5039 2778 5092 et
2806 5031 3048 5094 adorem
3083 5043 3346 5096 sanctam
3379 5050 3683 5095 resurrec-

2043 5123 2262 5185 tionem
2284 5129 2341 5182 et
2360 5139 2598 5183 crucem
2625 5121 3050 5187 venerabilem.
3085 5122 3175 5184 Illi
3197 5142 3335 5186 vero
3361 5141 3478 5184 non
3505 5121 3681 5185 habe-

2041 5212 2186 5274 bant
2237 5211 2602 5292 propositum
2635 5211 2972 5273 dimittendi
3031 5230 3181 5290 eam,
3217 5212 3495 5294 quoniam
3545 5229 3678 5275 eam

2042 5301 2227 5381 magis
2274 5300 2574 5371 amabant,
2611 5317 2784 5380 quam
2836 5317 3100 5362 sororem
3153 5302 3304 5382 ejus,
3339 5318 3469 5382 quae
3499 5319 3677 5365 vexa-

2038 5393 2234 5457 batur.
2269 5391 2414 5456 Cum
2448 5399 2643 5453 autem
2677 5388 2992 5468 interjecto
3029 5389 3230 5472 aliquo
3261 5391 3495 5473 spation
3525 5401 3679 5455 tem-

2035 5482 2196 5564 poris
2255 5499 2324 5542 ea
2355 5481 2438 5543 eis
2497 5485 2654 5542 esset
2706 5477 2978 5555 molesta,
3006 5481 3188 5558 jussit
3219 5482 3562 5564 imperator,
3620 5492 3683 5545 ut

371 5665 450 5750 (2)
479 5659 623 5726 Fuit
660 5655 764 5722 hic
791 5658 1149 5724 Anthemius
1178 5659 1486 5724 Anthemii
1513 5659 1661 5743 imp,
1693 5677 1861 5739 avus,
1894 5661 2220 5729 Theodosii
2247 5658 2509 5740 junioris
2547 5657 2610 5720 in
2644 5656 2897 5740 pueritia
2926 5656 3287 5726 moderator.
