4004 6138
361 247 475 315 393
1650 253 1930 318 MENSIS
1989 253 2444 322 IANUARIUS.
3633 246 3756 315 324

366 385 440 446 ad
465 403 595 447 eam
629 384 1012 448 deferrentur
1039 385 1208 465 pueri
1243 392 1300 448 et
1328 385 1583 460 ancillae,
1622 395 1677 448 et
1716 404 1924 448 aurum
1956 396 2018 448 et
2040 399 2073 445 Α
2101 389 2353 454 tabat.ln
2381 409 2451 453 eo
2479 398 2676 452 autem
2701 388 2922 461 loco,in
2950 404 3069 467 quo
3101 384 3356 448 habebat
3379 385 3758 460 domum,in-

366 482 702 555 argentum,
730 484 787 537 et
819 476 870 536 ei
907 475 1154 538 dicunt:
1189 476 1442 553 Accipe,
1478 475 1619 555 ﬁlia,
1655 484 1712 536 et
1743 477 1960 538 recede
1995 495 2009 540 2
2097 480 2254 541 venit
2287 499 2463 542 unam
2495 479 2773 553 vetulam,
2806 476 2900 538 cui
2958 474 3208 554 praebuit
3239 474 3530 538 modicam
3567 475 3757 538 bene-

367 565 551 646 imple
591 572 789 626 votum
823 575 1010 626 tuum.
1045 565 1202 627 Deus
1233 564 1393 626 enim
1440 565 1561 625 vult
1595 573 1650 624 te
1681 583 1846 625 suam
1882 584 2016 628 esse
2099 568 2448 645 dictionem,
2485 577 2542 631 et
2594 568 2740 630 dixit
2771 567 2821 628 ei
2859 584 2873 628 :
2935 565 3183 644 Accipe,
3219 582 3413 637 soror,
3448 573 3508 625 et
3558 563 3654 625 abi
3687 565 3752 627 in

367 673 620 718 servam:
655 673 842 735 eaque
864 657 922 716 in
947 672 1157 716 navem
1191 654 1493 734 imposita,
1515 654 1610 716 his
1635 656 1834 734 pueris
1864 675 2014 718 con-
2099 658 2444 732 ecclesiam,
2477 667 2535 720 et
2565 676 2699 718 eme
2750 655 2894 717 mihi
2925 673 3106 716 unum
3141 653 3582 716 lebetonarium
3615 671 3752 716 mo-

369 743 1164 826 sequentibus,dixeruntei:
1201 741 1372 817 Filia,
1409 753 1711 806 memento
1737 747 1923 808 nostri
1953 747 2013 807 in
2100 748 2417 821 nasticum,
2453 758 2510 810 et
2554 746 2828 808 similiter
2857 744 3190 818 humerale,
3225 751 3284 804 et
3335 743 3655 821 cucullam,
3688 751 3752 806 et

367 835 591 896 sanctis
623 834 786 895 locis.
821 831 902 894 Ea
923 851 1061 894 vero
1087 831 1580 904 dicit:Quomodo
1609 833 1754 896 mihi
1776 837 2012 897 satisfe-
2097 837 2304 918 accipe
2335 838 2512 899 etiam
2546 836 2874 914 cingulum.
2911 833 3136 896 Abiens
3163 851 3300 894 vero
3333 831 3612 906 vetula,ei
3636 833 3749 895 hac

370 925 554 1000 cistis,
578 942 678 985 vos
706 941 944 1004 quoque
976 923 1035 984 in
1062 922 1160 984 die
1189 923 1341 984 malo
1372 921 1656 985 liberabit
1701 924 2010 1007 Dominus,
2096 926 2157 987 in
2190 946 2255 989 re
2286 927 2552 988 inservit.
2590 927 2734 989 Cum
2769 944 2835 987 ea
2867 931 3064 986 autem
3111 923 3428 1002 attulisset,
3463 922 3515 984 ei
3548 940 3750 1001 preca-

369 1023 425 1075 et
457 1011 805 1094 parentibus
833 1011 1029 1075 valere
1057 1012 1268 1092 jussis,
1299 1013 1479 1094 coepit
1518 1015 1807 1093 navigare.
2099 1025 2154 1077 ta
2184 1025 2273 1078 est
2300 1017 2508 1079 dicens
2537 1036 2550 1076 :
2587 1015 2745 1077 Deus
2777 1023 2836 1076 tu
2891 1013 3150 1092 adjuvet,
3184 1009 3458 1073 Mamilia.
3482 1010 3748 1092 Cumque

431 1101 680 1167 lV.Cum
705 1110 902 1165 autem
931 1102 1136 1183 paucis
1161 1102 1375 1164 diebus
1407 1103 1814 1182 pervenissent
1838 1107 2015 1166 Asca—
2099 1107 2454 1186 accepisset,
2476 1107 2788 1167 occultavit
2813 1113 3058 1184 propter
3090 1120 3331 1183 pueros.
3359 1099 3605 1173 Quando
3638 1118 3749 1161 au-

365 1193 589 1273 lonem,
611 1209 830 1274 paucos
863 1193 990 1254 dies
1020 1191 1140 1253 illic
1173 1203 1522 1253 manserunt
1557 1203 1798 1274 propter
1837 1195 2016 1256 maris
2103 1203 2220 1257 tem
2271 1195 2458 1259 voluit
2488 1194 2693 1274 egredi
2724 1194 2795 1256 ad
2828 1200 3098 1254 sanctum
3154 1191 3409 1270 Menam,
3441 1190 3512 1251 iis
3543 1189 3750 1251 omni-

361 1282 771 1362 jactationem.
807 1280 940 1361 Ipsa
975 1300 1111 1342 vero
1133 1300 1311 1342 orans
1337 1287 1394 1342 in
1427 1282 1708 1344 omnibus
1741 1283 2017 1346 ecclesiis
2105 1283 2214 1346 bus
2248 1284 2648 1360 manumissis,
2676 1282 2840 1344 dedit
2869 1283 2954 1343 eis
2986 1280 3043 1342 id
3077 1280 3230 1360 quod
3267 1288 3392 1341 erat
3423 1281 3496 1340 ad
3532 1278 3752 1340 victum

367 1381 428 1434 et
478 1370 875 1445 monasteriis,
911 1371 1000 1431 eis
1029 1390 1268 1450 quoque
1311 1369 1648 1445 exhibebat,
1685 1389 1817 1448 qua:
1848 1381 2018 1434 erant
2104 1375 2540 1447 necessarium,
2565 1383 2623 1434 et
2653 1391 2756 1434 eos
2786 1370 3034 1434 dimisit.
3065 1369 3152 1432 Illi
3186 1387 3325 1430 vero
3357 1367 3412 1430 ei
3446 1368 3600 1430 bene
3617 1383 3754 1449 pre-

367 1459 728 1524 necessaria.
765 1459 1010 1540 Aliquot
1039 1470 1233 1520 autem
1273 1470 1407 1540 post
1431 1459 1662 1531 diebus,
1694 1479 1827 1522 cum
1851 1463 2019 1524 inve-
2103 1463 2216 1525 cati
2247 1471 2652 1526 recesserunt.

369 1551 668 1612 nissemus
699 1549 972 1624 comites,
997 1549 1269 1610 venimus
1304 1550 1362 1608 in
1395 1556 1658 1611 sanctam
1695 1551 2014 1613 civitatem.
2184 1551 2332 1615 VIII.
2369 1551 2512 1616 Cum
2559 1560 2755 1612 autem
2787 1568 2989 1612 secum
3039 1548 3375 1629 accepisset
3406 1546 3750 1608 eunuchum

367 1637 714 1720 Cumquein
741 1638 1062 1718 quemdam
1087 1637 1282 1699 locum
1303 1637 1757 1700 divertissemus
1777 1649 2020 1720 propter
2102 1661 2315 1720 unum,
2351 1650 2409 1703 et
2457 1660 2636 1702 unum
2677 1657 2909 1713 senem,
2936 1638 3066 1700 navi
3117 1641 3277 1699 venit
3325 1637 3383 1697 in
3439 1635 3751 1698 Lemnam.

363 1737 602 1792 nostras
652 1731 935 1818 sarcinas,
973 1745 1312 1818 puerosque
1351 1735 1410 1818 et
1465 1728 1736 1799 ancillas,
1770 1731 1867 1808 qui
1902 1749 2017 1793 una
2045 1769 2078 1818 Β
2104 1731 2370 1812 Cumque
2395 1731 2805 1811 pervenissent
2836 1729 2908 1790 ad
2937 1727 3092 1789 aedes
3125 1724 3678 1799 Philoxeni,didicit
3698 1724 3754 1785 is

364 1816 871 1898 erant,paululum
896 1817 1438 1897 requievimus.Eis
1459 1826 1654 1879 autem
1683 1819 1827 1879 dixit
1849 1818 2019 1882 beata
2045 1816 2070 1818 “
2103 1821 2352 1902 quierat
2391 1821 2511 1882 illic
2537 1817 3019 1894 Paramonarius;
3057 1817 3338 1896 venitque
3367 1833 3502 1876 cum
3533 1829 3755 1893 magno

363 1903 753 1988 Apollinaris:
781 1904 970 1984 Agite,
1006 1905 1328 1966 adoremus
1360 1904 1590 1966 beatam
1625 1907 2015 1970 resurrectio-
2101 1920 2409 1990 apparatu,
2445 1909 2712 1990 dicitque
2763 1908 2820 1968 ei
2869 1907 3226 1988 procidens:
3289 1903 3541 1966 Domina
3592 1919 3750 1976 mea,

366 2014 502 2059 nem
559 2003 616 2058 et
646 1995 1047 2059 venerandam
1104 2012 1374 2057 crucem.
1429 1997 1617 2057 Porro
1670 2003 1871 2057 autem
1935 2003 2021 2058 eis
2103 2000 2203 2062 ubi
2223 1999 2403 2078 jubes
2458 2018 2551 2059 me
2586 2015 2828 2060 manere
2858 1997 3050 2058 donec
3083 1992 3458 2066 ascenderis,
3494 2003 3556 2056 et
3588 1999 3754 2054 tuam

368 2085 785 2159 orantibus,ea
815 2083 1026 2146 orabat
1045 2101 1152 2163 pro
1179 2089 1302 2144 suis
1331 2085 2022 2167 parentibus.Cuapitque
2105 2090 2317 2152 feceris
2341 2091 2722 2152 orationem?
2753 2087 2882 2168 Ipsa
2906 2104 3042 2148 vero
3075 2102 3210 2146 eum
3243 2082 3474 2162 rogavit
3494 2099 3630 2144 cum
3659 2097 3756 2144 sa-

366 2174 726 2238 benefaeere
755 2172 853 2248 iis,
888 2173 988 2254 qui
1019 2191 1171 2253 opus
1203 2171 1519 2234 habebant.
1559 2173 1727 2236 Ibant
1755 2193 1894 2238 vero
1927 2195 2020 2237 as-
2106 2177 2672 2255 cramento,utnihil
2695 2177 2766 2239 ad
2803 2195 2868 2238 se
2883 2177 3219 2238 afferretur.
3252 2173 3406 2236 Dicit
3435 2179 3634 2234 autem
3663 2171 3744 2233 ei:

363 2265 539 2327 sidue
568 2265 642 2326 ad
694 2263 1057 2325 monasteria
1111 2262 1401 2341 virginum
1437 2265 1812 2342 perennium,
1847 2274 1904 2326 et
1949 2269 2020 2326 ad
2105 2267 2220 2330 Fac
2251 2269 2509 2330 ofﬁcium
2542 2267 2866 2330 charitatis.
2898 2267 3063 2328 Atl‘er
3093 2265 3163 2326 ad
3191 2280 3286 2324 me
3316 2273 3570 2343 quatuor
3610 2260 3748 2322 aui-

361 2372 489 2431 eos,
517 2355 616 2435 qui
641 2353 819 2414 vitam
862 2351 1114 2431 agebant
1147 2352 1556 2425 monasticam,
1587 2362 1644 2414 et
1673 2354 2021 2434 suppedita-
2106 2357 2379 2434 malia,ut
2407 2359 2738 2421 ascendens
2767 2356 3008 2418 adorem
3054 2360 3323 2415 sanctum
3357 2351 3610 2413 Menam.
3641 2349 3746 2411 llle

363 2443 463 2506 bat
500 2443 609 2525 eis,
651 2462 787 2520 quae
816 2451 985 2504 erant
1017 2443 1380 2507 necessaria.
2105 2457 2300 2510 autem
2335 2447 2431 2508 die
2453 2445 2727 2526 sequenti
2747 2440 3390 2507 adduxitanimaliaEa
3407 2458 3547 2504 vero
3571 2439 3746 2517 dixit;

447 2533 518 2595 V.
548 2533 814 2606 Quodam
840 2540 1037 2594 autem
1064 2532 1160 2593 die
1185 2533 1329 2594 dicit
1353 2533 1452 2594 uni
1478 2551 1547 2594 ex
1571 2530 1646 2593 iis
1670 2534 1917 2613 qni‘cum
1954 2553 2023 2597 ea
2104 2535 2294 2599 Crede
2327 2536 2604 2610 Domino,
2641 2537 2727 2596 eis
2759 2552 2874 2596 non
2906 2530 3326 2606 insidebo,nisi
3355 2547 3563 2592 eorum
3591 2546 3750 2592 mer-

365 2621 776 2685 versabantur:
817 2619 961 2684 Volo
993 2640 1116 2698 vos,
1143 2620 1194 2682 si
1225 2620 1382 2683 Deus
1415 2622 1553 2690 velt,
1584 2619 1860 2686 liberare.
1897 2622 2022 2686 Hoc
2105 2626 2313 2687 cedem
2347 2626 2596 2687 dedero.
2631 2627 2779 2686 Cum
2811 2623 3072 2684 dedisset
3104 2620 3414 2700 plusquam
3449 2619 3577 2681 dari
3607 2636 3752 2681 con-

358 2721 556 2775 antem
582 2711 1020 2788 audito,affecti
1044 2719 1181 2772 sunt
1203 2711 1500 2774 molestia.
1520 2711 1624 2773 Illa
1651 2711 1848 2794 itaque
1873 2713 2021 2774 dixit
2103 2716 2425 2796 suevisset,
2453 2712 2733 2776 valedixit
2761 2729 3097 2774 oeconomo.
3151 2711 3282 2790 Ipse
3312 2716 3507 2770 autem
3539 2725 3751 2772 reces-

359 2801 487 2865 eis:
511 2802 604 2864 Ne
627 2799 756 2862 sitis
774 2800 976 2862 animo
1007 2800 1189 2863 anxii.
1227 2799 1286 2862 Si
1312 2798 1470 2862 Deus
1499 2799 1658 2860 enim
1685 2802 1824 2882 quid
1850 2822 2016 2864 com—
2101 2805 2196 2879 sit,
2230 2812 2473 2884 accepta
2501 2803 2575 2865 ab
2606 2821 2675 2865 ea
2707 2799 3148 2864 benedictione.

361 2911 505 2973 pun,
527 2892 567 2950 it
601 2908 793 2952 meam
844 2889 1268 2961 humilitatem,
1299 2889 1576 2969 praebebo
1608 2892 1678 2950 ad
1715 2910 1816 2952 vos
1847 2893 2018 2954 alen-
2182 2893 2280 2955 IX.
2328 2893 2472 2956 Cum
2507 2911 2576 2955 ea
2604 2900 2803 2954 autem
2858 2888 3249 2963 ascendisset,
3284 2887 3424 2950 fecit
3475 2893 3536 2948 ut
3567 2903 3746 2966 agaso

364 2981 498 3045 dos.
537 2978 807 3061 Cumque
859 2981 894 3040 ii
929 2979 1290 3058 accipissent
1322 2979 1451 3058 ejus
1509 2978 2015 3059 benedictionem,

363 3071 418 3133 ei
472 3071 745 3150 ingentes
774 3069 990 3148 gratias
1047 3069 1318 3149 agebant.
1361 3071 1505 3133 Cum
1555 3088 1694 3132 vero
1727 3073 2014 3135 recessis-

363 3170 521 3236 sent,
559 3159 703 3222 abiit
732 3179 866 3222 cum
915 3159 1009 3231 iis,
1045 3161 1144 3240 qui
1197 3160 1251 3221 ei
1283 3171 1723 3242 remanserant,
1755 3163 1825 3223 ad
1877 3164 2009 3225 Jor-

366 3249 606 3312 danem:
643 3256 699 3310 et
721 3247 846 3310 illic
877 3266 1084 3312 rursus
1117 3248 1370 3329 praebuit
1395 3250 1484 3324 iis,
1524 3249 1623 3330 qui
1658 3269 1806 3330 opus
1837 3251 2017 3314 habe-

366 3339 528 3402 bant.
563 3340 833 3420 Cumque
884 3338 1052 3401 illinc
1097 3338 1346 3419 profecti
1399 3348 1620 3419 essent,
1657 3358 1868 3403 rursus
1908 3361 2013 3403 ve-

367 3429 542 3491 niunt
570 3427 630 3489 in
666 3438 932 3490 sanctam
967 3428 1284 3489 civitatem.

2101 2983 2276 3045 etiam
2299 2983 2550 3045 alterum
2576 2981 2796 3044 animal
2827 2978 3202 3042 ascenderet.
3236 2977 3505 3057 Cumque
3526 2994 3744 3056 perve-

2100 3073 2417 3134 nissentad
2445 3079 2712 3134 sanctum
2737 3068 3218 3148 Menam,(3)ejus
3247 3064 3590 3127 venerabile
3611 3083 3744 3126 mo-

2102 3163 2435 3224 nimentum
2461 3161 2784 3223 adoravere
2817 3157 3052 3220 Audivit
3081 3165 3278 3218 autem
3311 3162 3750 3231 oeconomus,et

2098 3252 2258 3313 venit
2279 3251 2340 3313 in
2363 3251 2524 3313 clero
2547 3252 2620 3312 ad
2669 3267 2796 3311 eam
2834 3246 3221 3310 adorandum.
3277 3244 3379 3308 Illa
3406 3261 3544 3306 vero
3571 3261 3642 3306 ex
3672 3261 3746 3306 eo

2098 3343 2307 3404 affecta
2333 3350 2420 3404 est
2453 3341 2746 3403 molestia.
2781 3337 3032 3402 Nolebat
3062 3336 3220 3398 enim
3252 3335 3553 3411 cognosci,
3591 3351 3748 3396 oeco-

2098 3451 2313 3493 nomus
2373 3441 2573 3492 autem
2635 3447 2764 3492 eam
2825 3427 3091 3506 rogabat,
3147 3425 3405 3491 dicens:
3468 3421 3742 3498 Domina,

435 3523 758 3594 VI.Elapsis
782 3532 970 3580 autem
1002 3521 1216 3594 aliquot
1250 3525 1470 3592 diebus,
1499 3541 1624 3583 cum
1659 3542 1820 3585 suam
1857 3543 2014 3586 com~
2089 3518 2237 3598 jube
2285 3520 2347 3580 in
2380 3519 2558 3581 domo
2613 3537 2764 3580 mea.
2804 3518 2888 3578 Ea
2917 3533 3054 3576 vero
3106 3512 3254 3574 dicit
3297 3512 3353 3573 ei
3388 3533 3400 3572 :
3438 3514 3559 3591 ligo
3611 3512 3744 3573 volo

355 3609 576 3689 ple-sset
597 3607 957 3688 orationem,
984 3607 1125 3668 dicit
1157 3615 1243 3670 eis
1265 3613 1364 3686 qui
1391 3629 1509 3673 una
1544 3631 1678 3673 cum
1710 3631 1778 3674 ea
1813 3620 2006 3675 erant:

353 3696 592 3760 Fratres
624 3696 764 3770 mei,
804 3695 939 3758 volo
968 3715 1071 3758 vos
1105 3716 1348 3778 quoque
1381 3701 1661 3764 liberare.
1698 3701 1812 3766 Sed
1856 3721 2014 3766 nunc

359 3804 568 3849 eamus
595 3787 667 3848 ad
702 3785 1127 3848 Alexandriam
1164 3807 1352 3868 usque
1386 3797 1442 3851 et
1472 3800 1742 3853 sanctum
1779 3795 2010 3855 Menam

353 3873 802 3938 adoremus.llli
828 3893 967 3936 vero
995 3875 2014 3959 dixeruntzUtjubes,domina.Cum

355 3966 778 4028 descendisset
799 3973 998 4027 autem
1024 3966 1720 4043 Asealonem,distribuit
1736 3971 1898 4032 invia
1918 3973 2013 4047 iis,

365 4055 466 4138 qui
490 4074 638 4137 opus
663 4054 997 4118 habebant:
1037 4055 1400 4135 inventoque
1423 4059 1675 4139 navigio,
1708 4061 1863 4140 quod
1897 4061 2014 4122 ibat

364 4146 890 4221 Alexandriam,eo
926 4144 1297 4224 navigarunt.
1336 4148 1798 4212 Audivitautem
1837 4152 2022 4234 is,qui

362 4243 493 4300 erat
521 4254 738 4318 praeses
770 4253 839 4297 eo
894 4245 1188 4315 tempore,
1217 4244 1276 4296 et
1310 4237 1465 4298 misit
1497 4238 1568 4299 ad
1604 4259 1731 4301 eam
1759 4241 2017 4303 adoran-

361 4329 522 4388 dam.
575 4327 656 4389 Ea
687 4343 825 4387 vero
857 4344 975 4385 non
1033 4344 1205 4404 passa
1235 4339 1350 4403 est,
1383 4329 1488 4388 sed
1531 4339 1710 4392 noctu
1743 4331 1902 4392 venit
1956 4331 2016 4392 in

365 4417 731 4498 praetorium,
761 4425 816 4477 et
847 4415 1106 4477 adoravit
1137 4418 1447 4498 praesidem
1497 4429 1553 4480 et
1585 4422 1714 4500 ejus
1743 4441 2011 4486 uxorein.

361 4505 451 4568 llli
486 4523 622 4567 vero
655 4505 726 4567 ad
765 4505 947 4586 pedes
979 4507 1110 4585 ejus
1141 4507 1480 4586 procidunt,
1505 4509 1798 4573 dicentes:
1835 4513 2012 4584 Quaa-

361 4614 593 4677 sumus,
628 4596 889 4669 domina,
929 4615 1031 4656 cur
1079 4596 1164 4656 sic
1192 4597 1429 4659 fecisti?
1458 4599 1580 4661 Nos
1612 4600 1882 4663 misimus
1915 4604 2013 4681 qui

361 4685 724 4747 venirentad
756 4694 885 4745 tuos
919 4684 1122 4764 pedes,
1147 4695 1206 4746 et
1229 4695 1311 4766 tu,
1341 4687 1584 4750 domina
1615 4693 2009 4761 nostra,veni-

363 4775 436 4837 sti
489 4776 560 4837 ad
594 4784 829 4836 nostros
860 4776 1044 4856 pedes
1077 4775 1100 4837 ?
1159 4776 1238 4836 Ea
1269 4795 1407 4838 vero
1453 4778 1600 4839 dicit
1653 4780 1738 4840 eis
1777 4802 1788 4838 :
1827 4781 2016 4842 Vultis

363 4866 507 4927 mihi
534 4884 657 4927 rem
682 4873 908 4944 gratam
939 4865 1164 4926 facere?
1195 4864 1410 4928 Dicunt
1433 4870 1716 4943 eizCerte,
1744 4870 2010 4934 domina.

358 4957 442 5018 Ea
473 4973 613 5016 vero
646 4954 793 5016 dicit
827 4954 946 5016 eis:
983 4952 1272 5017 Dimittite
1307 4974 1421 5029 me,
1452 4958 1726 5037 quoniam
1764 4959 1896 5020 volo
1929 4963 2014 5021 ire

357 5053 591 5106 oratum
627 5043 699 5106 ad
733 5052 1002 5106 sanctum
1046 5043 1300 5106 Menam.
1341 5045 1430 5108 Illi
1461 5055 1656 5108 autem
1694 5068 1825 5109 cum
1861 5067 2013 5129 prae-

359 5133 536 5196 claris
568 5133 740 5195 donis
793 5150 921 5194 eam
957 5133 1341 5195 dimiserunt.
1378 5133 1456 5195 Ea
1506 5154 1644 5197 vero
1681 5138 2002 5218 accipiens,

355 5223 554 5282 omnia
586 5223 890 5285 distribuit
922 5223 1307 5303 pauperibus.

417 5310 691 5374 VlLCum
717 5320 912 5373 autem
930 5311 990 5372 in
1017 5311 1251 5374 civitate
1277 5313 1594 5375 mansisset
1617 5333 1835 5394 paucos
1852 5316 2003 5397 dies,

356 5395 717 5480 ibatubique
740 5399 799 5462 in
827 5402 1212 5480 monasteria,
1239 5412 1296 5465 et
1326 5404 1563 5465 assidue
1595 5404 1681 5465 eis
1712 5395 2001 5486 suppedié

2097 3628 2282 3670 unum
2337 3608 2496 3670 diem
2531 3626 2772 3670 manere
2803 3607 2863 3667 in
2916 3603 3191 3684 ecclesia,
3227 3603 3422 3665 donec
3455 3619 3550 3663 me
3581 3600 3747 3665 Deus

2099 3700 2392 3762 dimiserit
2439 3718 2533 3774 eo,
2571 3718 2684 3780 quo
2734 3715 2832 3758 um
2878 3695 3130 3767 abitura,
3167 3692 3447 3770 misitque
3495 3691 3567 3754 ad
3606 3709 3744 3754 eam

2099 3791 2286 3851 sancti
2305 3783 3132 3851 benedictionem.Distribuit
3152 3789 3350 3844 autem
3369 3780 3576 3863 iis,qui
3594 3800 3746 3862 opus

2101 3878 2419 3942 habebant.
2457 3882 2594 3939 Post
2651 3887 2768 3938 tres
2815 3893 2954 3937 vero
3005 3873 3134 3935 dies
3181 3871 3324 3934 dicit
3373 3887 3738 3935 (Bconomo:

2100 3966 2373 4047 Fungere
2401 3966 2596 4028 ofﬁcio
2616 3961 3158 4032 charitatis.Praebe
3189 3960 3339 4023 mihi
3359 3979 3540 4022 unam
3569 3960 3746 4026 lecti-

2102 4076 2254 4134 cam,
2290 4056 2581 4118 utabeam
2616 4066 2675 4118 et
2705 4055 2947 4116 adorem
2983 4052 3184 4114 Patres
3215 4050 3429 4115 Scetis.
3463 4050 3518 4112 Is
3547 4058 3744 4114 autem

2103 4147 2395 4211 accersito
2427 4165 2546 4208 uno
2583 4144 2911 4218 lecticario,
2947 4142 3089 4204 dixit
3121 4143 3214 4203 ei:
3264 4140 3331 4202 In
3363 4141 3610 4202 nomine
3639 4138 3748 4203 Dei

2102 4239 2247 4300 all‘er
2303 4237 2374 4300 ad
2411 4255 2503 4298 me
2564 4237 2856 4298 lecticam.
2920 4231 3022 4294 Ille
3053 4249 3190 4293 vero
3235 4231 3430 4293 dixit:
3479 4229 3741 4294 Iussisti.

2101 4332 2278 4391 Beata
2309 4336 2504 4390 autem
2537 4323 2867 4388 adducitad
2899 4341 2962 4384 se
2994 4340 3267 4403 puerum,
3293 4321 3395 4403 qui
3427 4320 3483 4383 ei
3505 4337 3744 4382 reman-

2100 4429 2280 4495 serat,
2315 4426 2373 4480 et
2402 4415 2820 4478 benedictione
2851 4413 2904 4476 ei
2939 4413 3092 4490 data,
3127 4429 3265 4474 eum
3298 4429 3534 4492 quoque
3560 4410 3743 4472 dimi-

2038 4487 2194 4582 L)sit,
2223 4487 2458 4570 dicens:
2492 4507 2610 4570 Ora
2645 4524 2749 4585 pro
2785 4523 2896 4567 me.

2178 4601 2254 4662 X.
2284 4597 2425 4662 Cum
2447 4597 2717 4677 sequenti
2745 4605 2943 4658 autem
2968 4595 3065 4657 die
3097 4591 3738 4667 venissetlecticarius,

2100 4688 2316 4750 mansit
2365 4688 2554 4749 donec
2606 4685 2714 4746 fuit
2751 4704 3016 4766 vespera.
3053 4684 3320 4762 Cumque
3369 4681 3742 4744 valedixisset

2099 4796 2410 4840 meonomo
2432 4783 2490 4839 et
2517 4793 2724 4857 puero,
2748 4777 3018 4838 ascendit
3048 4776 3106 4836 in
3132 4773 3488 4846 lecticulam,
3518 4770 3746 4833 habens

2100 4869 2258 4930 intus
2280 4877 2470 4930 vestes
2495 4866 2895 4941 monachicas,
2925 4874 2982 4927 et
3008 4865 3145 4926 fecit
3176 4871 3238 4925 ut
3265 4880 3417 4944 pone
3449 4861 3743 4924 ascende-

2097 4970 2191 5020 ret
2222 4957 2559 5037 eunuchus,
2594 4965 2730 5018 ante
2781 4965 2977 5018 autem
3012 4952 3376 5016 lecticarius.
3431 4950 3743 5032 Coepitque

2098 5046 2269 5108 beata
2289 5064 2630 5110 orareeum
2654 5054 2813 5107 esset
2828 5048 3118 5126 intus,eta
3138 5042 3526 5105 DominoDeo
3540 5049 3743 5122 petere

2095 5137 2403 5199 auxilium.
2423 5136 2592 5200 Circa
2618 5137 2868 5198 mediam
2895 5145 3089 5198 autem
3116 5142 3350 5196 noctem
3376 5131 3648 5213 pervenit
3667 5132 3740 5192 ad

2093 5227 2365 5308 paludem
2424 5243 2606 5308 prope
2649 5227 2899 5303 fontem,
2934 5229 3038 5304 qui
3074 5241 3263 5306 usque
3289 5226 3347 5283 in
3379 5221 3742 5284 hodiernum

2091 5318 2250 5379 diem
2304 5317 2518 5379 dicitur
2564 5317 2717 5378 Fons
2769 5316 3150 5398 Apollinaris.
3195 5313 3464 5391 Cumque
3512 5312 3741 5375 lecticae

2091 5407 2278 5488 pelles
2307 5405 2663 5488 aperuisset,
2697 5404 2802 5469 Dei
2839 5406 3206 5488 providentia
3261 5403 3490 5465 invenit
3529 5401 3740 5465 ambos

435 5574 525 5655 (3)
555 5571 702 5638 Nota
732 5575 1041 5682 antiquum
1077 5595 1307 5643 morem
1343 5582 1666 5646 venerandi
1699 5584 1976 5669 sepulcra
2010 5593 2373 5657 sanctorum.
