4004 6138
355 237 469 302 327
1432 234 1436 238 ’
1635 234 1916 302 MENSIS
1972 233 2431 302 JANUAItIUS.
3602 228 3721 298 398

353 373 556 435 ﬁliam.
607 371 741 446 Qui,
775 370 1036 433 adoratis
1070 368 1349 431 omnibus
1410 368 1698 441 Patribus,
1736 370 1982 449 profecti
2004 380 2046 428 A
2068 371 2459 433 Adduxerunt
2488 379 2684 435 autem
2718 390 2885 434 suam
2919 379 3280 444 sororem,et
3303 372 3584 432 dixerunt
3613 373 3715 432 ei:

351 472 491 526 sunt
511 462 582 523 ad
614 462 1061 541 imperatorem.
1098 458 1354 538 Fuitque
1396 477 1670 538 magnum
1703 461 1985 538 gaudium
2072 459 2318 524 Nostine
2351 463 2509 524 hunc
2531 469 2559 524 ‘?
2608 462 2713 522 Illa
2741 479 2878 522 vero
2913 462 3310 542 respondens,
3360 461 3512 522 dixit
3545 482 3559 520 :
3592 461 3717 522 Ite-

349 552 412 612 in
446 551 680 613 civitate
714 559 956 631 propter
1011 549 1190 609 ﬁliam
1241 549 1646 628 imperatoris,
1684 548 1990 630 Deumque
2074 569 2212 612 vera
2240 552 2337 614 hic
2369 560 2460 613 est
2485 552 2588 614 ille
2619 552 2956 624 eunuchus,
2992 552 3092 632 qui
3128 564 3265 632 post
3293 555 3481 614 Deum
3510 569 3606 611 me
3630 570 3721 612 sa-

349 641 855 722 gloriﬁcaverunt,
890 637 1160 699 videntes
1196 655 1466 714 magnam
1515 637 1729 716 puellae
1759 639 1989 699 modes-
2075 641 2252 716 navit,
2289 651 2350 704 et
2379 640 2700 722 procidens
2731 641 2802 702 ad
2836 641 2969 719 ejus
2995 641 3442 720 pedes,rogavit
3471 659 3607 702 eum
3642 641 3718 703 de

349 730 515 792 tiam.
580 733 790 793 Beatus
847 736 1044 790 autem
1100 727 1436 788 Dorotheus
1466 745 1532 788 se
1569 726 1753 805 magis
1787 727 1987 790 humi-
2074 747 2180 790 suo
2210 739 2404 792 utero.
2435 729 2545 802 Qui
2578 748 2714 790 cum
2775 748 2905 790 eam
2943 732 3253 802 erexisset,
3292 739 3346 790 et
3382 729 3515 807 ejus
3545 737 3714 790 utero

347 820 531 894 liavit,
566 837 742 899 supra
779 817 1015 878 modum
1050 833 1362 879 exerceas.
1400 816 1656 893 Fuitque
1689 817 1989 894 perfectus
2071 837 2282 880 manus
2314 818 2854 898 imposuisset,eam
2893 836 3097 880 sanam
3130 818 3569 880 reddidit.Cum
3603 818 3713 880 hoc
3816 815 3828 830 '

348 908 619 989 signifer.
2070 917 2265 971 autem
2298 908 2902 988 vidissent,admirati
2935 916 3166 979 sunt,et
3191 907 3378 969 Deum
3413 908 3712 986 gloriﬁca-

426 997 606 1062 XVII.
643 997 922 1060 Diabolus
944 1007 1140 1058 autem
1167 1013 1373 1058 rursus
1396 994 1556 1056 subit
1586 995 1767 1057 ﬁliam
1801 997 1986 1076 impe-
2071 1000 2603 1061 verunt.Dixerunt
2629 997 2831 1074 itaque
2863 1018 2875 1060 :
2904 996 3060 1059 Vere
3087 998 3218 1058 haec
3241 1007 3330 1058 est
3365 998 3486 1058 ﬁlia
3515 1009 3714 1058 nostra

341 1089 578 1150 ratoris.
617 1098 675 1150 et
703 1087 841 1150 facit
873 1096 933 1148 ut
969 1104 1284 1167 praegnans
1315 1095 1618 1164 appareat.
1674 1084 1988 1166 Cmpitque
2069 1087 2455 1170 Apollinaris.
2483 1087 2619 1150 Fuit
2640 1096 2838 1149 autem
2871 1087 3049 1148 ﬂetus
3081 1106 3212 1148 cum
3248 1087 3465 1164 gaudio
3497 1087 3556 1147 in
3581 1086 3718 1147 aula

342 1175 667 1256 imperator
690 1177 843 1239 affici
863 1195 1074 1256 magno
1103 1175 1402 1244 dolore,et
1425 1193 1552 1235 eam
1576 1175 1983 1255 interrogavit,
2072 1178 2472 1257 imperatoris.

343 1267 550 1329 dicens
583 1286 597 1330 :
636 1269 719 1330 Ex
745 1286 862 1348 quo
895 1285 958 1327 es
993 1267 1356 1344 praegnans?
1391 1266 1472 1325 Ea
1505 1283 1643 1325 vero
1681 1266 1804 1326 illic
1839 1264 1986 1326 nihil
2148 1265 2298 1328 XIX.
2330 1265 2472 1329 Cum
2494 1277 2690 1328 autem
2724 1285 2944 1346 paucos
2969 1267 3098 1328 dies
3121 1274 3349 1326 versata
3373 1275 3532 1329 esset
3553 1265 3710 1344 apud

342 1357 504 1419 aliud
555 1357 887 1438 respondit,
947 1355 1060 1416 nisi
1114 1357 1225 1414 hoc
1257 1355 1450 1416 solum
1489 1373 1501 1416 :
1539 1353 1753 1416 Nescio
1790 1355 1986 1416 unde--
2070 1357 2581 1436 parentes,omnia
2612 1357 2700 1418 eis
2733 1358 3005 1419 narravit.
3038 1357 3180 1429 Quae
3210 1374 3343 1416 cum
3376 1356 3705 1428 audissent,

342 1465 478 1508 nam
514 1445 625 1509 hoc
649 1447 796 1508 mihi
823 1444 1134 1507 acciderit.
1172 1447 1503 1524 Imperator
1529 1461 1674 1505 vero
1702 1463 1829 1505 eam
1867 1463 1984 1505 ma-
2066 1445 2251 1508 Deum
2287 1446 2630 1508 laudarunt.
2665 1446 2970 1526 Rogarunt
2999 1463 3138 1507 vero
3172 1463 3322 1517 eam,
3362 1453 3426 1504 ut
3453 1464 3588 1506 cum
3621 1445 3711 1505 eis

341 1535 432 1616 gis
460 1534 858 1598 examinabat.
919 1533 1088 1595 Tunc
1152 1533 1207 1594 ei
1257 1534 1507 1595 Satanas
1539 1535 1690 1595 hanc
1722 1533 1986 1615 suggerit
2067 1545 2358 1607 maneret,
2392 1536 2496 1597 sed
2559 1555 2674 1596 non
2725 1545 2862 1597 tunc
2895 1544 3347 1615 persuaserunt.
3387 1538 3708 1614 Propterea

342 1625 783 1704 cogitationem,
820 1624 980 1704 quod
1041 1624 1393 1697 monachus,
1424 1623 1529 1704 qui
1555 1641 1683 1685 eam
1718 1623 1983 1686 circum-
2008 1695 2040 1706 ἢ
2065 1634 2263 1687 autem
2297 1625 2457 1702 quod
2490 1628 2544 1688 ei
2577 1627 2998 1706 promiserant,
3037 1644 3163 1686 eam
3215 1643 3350 1686 cum
3387 1625 3585 1686 multis
3614 1625 3708 1685 Ia-

340 1695 620 1794 ducebat,
659 1695 788 1795 ipse
820 1695 948 1775 eam
983 1695 1385 1795 praegnantem
1430 1695 1779 1775 reddiderit.
1816 1715 1980 1775 Tunc
2008 1695 2042 1742 Β
2065 1716 2283 1796 crymis
2310 1695 2659 1778 emiserunt.
2701 1717 2947 1794 Rogavit
2985 1695 3194 1777 autem
3233 1722 3509 1794 parentes
3539 1731 3703 1789 suos,

340 1820 552 1884 magna
582 1805 669 1866 ira
701 1805 964 1885 repletus
1013 1805 1361 1883 imperator,
1418 1803 1579 1863 misit
1608 1803 1679 1863 ad
1717 1803 1978 1882 perden-
2065 1812 2128 1864 ut
2159 1823 2264 1884 pro
2298 1823 2362 1865 se
2415 1813 2679 1867 orarent.
2733 1807 2820 1865 IIII
2863 1823 3000 1867 vero
3051 1803 3105 1866 ei
3135 1805 3343 1865 dicunt
3375 1823 3387 1866 :
3423 1803 3582 1866 Deus
3611 1803 3710 1864 cui

338 1893 479 1956 dum
513 1913 650 1956 eum
681 1893 901 1958 locum.
928 1894 1073 1956 Cum
1103 1902 1304 1954 autem
1339 1892 1642 1972 principes
1673 1911 1850 1972 quam
1885 1911 1982 1954 ce-
2063 1893 2222 1954 fuisti
2253 1894 2573 1974 desponsa,
2610 1895 2740 1973 ipse
2789 1895 3062 1974 perﬁciet
3121 1903 3315 1954 tecum
3353 1893 3706 1955 misericor-

337 1982 583 2045 lerrime
611 1983 901 2045 abiissent
934 1985 994 2043 in
1057 1981 1306 2056 Scetim,
1342 1993 1614 2062 quierunt
1645 1981 1980 2061 intelligere
2063 1982 2248 2045 diam.
2285 1982 2577 2044 Memento
2611 1992 2810 2045 autem
2848 1983 3060 2058 nostri,
3085 1982 3228 2057 ﬁlia,
3255 1983 3315 2043 in
3350 1983 3570 2044 sanctis
3595 1984 3712 2044 tuis

339 2089 430 2148 ea,
465 2091 598 2155 quas
649 2072 770 2134 illic
830 2071 1075 2153 fiebant,
1109 2073 1378 2134 dicrntes
1411 2088 1426 2132 ξ
1461 2070 1610 2132 Date
1639 2071 1808 2133 nobis
1844 2089 1977 2132 mo-
2063 2071 2366 2152 precibus.
2400 2074 2587 2144 Quam
2641 2091 2775 2134 cum
2827 2073 3088 2152 amplexi
3134 2081 3357 2144 essent,
3391 2073 3580 2152 ipsam
3612 2071 3706 2132 di-

335 2163 620 2242 nachum,
653 2162 751 2239 qui
781 2168 1180 2242 praegnantem
1215 2160 1478 2222 reddidit
1509 2159 1688 2221 ﬁliam
1724 2160 1979 2241 impera-
2065 2160 2378 2223 miserunt.
2414 2160 2752 2223 Voluerunt
2782 2171 2980 2223 autem
3015 2161 3074 2224 ei
3121 2162 3264 2223 dare
3291 2167 3600 2241 pecuniam
3631 2160 3708 2222 ad

333 2251 500 2316 toris.
538 2252 642 2314 Dei
676 2269 814 2313 vero
849 2260 1088 2313 sanctus
1148 2251 1477 2312 Dorotheus
1520 2249 1614 2310 his
1639 2251 1840 2312 verbis
1865 2267 1977 2311 au—
2061 2268 2206 2313 usus
2238 2250 2504 2323 Patrum,
2533 2251 2637 2312 sed
2671 2269 2772 2313 eas
2804 2269 2921 2312 non
2954 2251 3462 2330 accepit,dicens:
3498 2253 3707 2314 Patres

333 2339 494 2410 ditis,
537 2340 596 2400 in
656 2339 918 2402 medium
981 2338 1298 2420 processit,
1355 2338 1561 2400 dicens
1597 2359 1609 2400 :
1665 2339 1786 2417 Ego
1820 2356 1971 2402 sum.
2062 2341 2176 2400 mei
2207 2359 2324 2401 non
2357 2340 2576 2402 habent
2609 2359 2759 2419 Opus
2793 2341 3065 2420 pecuniis
3093 2341 3272 2420 hujus
3307 2339 3536 2413 mundi,
3563 2358 3642 2401 ne
3671 2358 3707 2401 a

327 2429 546 2493 Afflicti
606 2440 750 2491 sunt
808 2438 1006 2491 autem
1038 2427 1232 2490 sancti
1268 2431 1494 2508 Patres,
1553 2436 1612 2489 et
1642 2427 1922 2489 dixerunt
1957 2451 1969 2486 :
2061 2428 2234 2490 bonis
2263 2429 2608 2491 cxcidamus
2637 2429 3008 2492 caelestibus.
3049 2430 3366 2509 Factisque
3399 2429 3700 2507 precibus,

327 2518 452 2582 Nos
483 2537 720 2602 quoque
777 2528 974 2581 tecum
1037 2519 1282 2580 ibimus.
1345 2516 1422 2578 Ea
1474 2534 1614 2578 vero
1647 2517 1796 2578 dixit
1832 2518 1920 2578 eis
1952 2535 1966 2580 :
2055 2517 2420 2580 dimiserunt
2448 2537 2613 2580 suam
2649 2520 2826 2581 tiliam
2860 2518 3156 2581 laetantem
3192 2529 3250 2580 et
3277 2519 3697 2580 exsultantem.

326 2605 564 2671 Domini
598 2609 739 2683 mei,
773 2608 1152 2670 solummodo
1183 2615 1348 2669 orate
1383 2624 1487 2686 pro
1523 2624 1642 2679 me,
1675 2624 1973 2687 speroque
2055 2607 2201 2670 Cum
2235 2626 2305 2670 ea
2356 2618 2553 2670 autem
2615 2609 2873 2670 venisset
2929 2611 2991 2669 in
3022 2608 3267 2685 Scetim,
3303 2617 3705 2689 susceperunt

333 2697 398 2759 in
427 2696 574 2773 Deo,
611 2709 673 2760 et
723 2699 785 2759 in
835 2699 1046 2760 vestris
1110 2695 1413 2777 precibus,
1464 2694 1595 2757 fore
1628 2704 1691 2757 ut
1720 2696 1839 2757 cito
1869 2714 1972 2757 vos
2053 2715 2184 2758 eam
2217 2696 2429 2759 fratres
2462 2705 2522 2759 et
2552 2709 2771 2780 patres,
2807 2708 2869 2759 et
2898 2697 3085 2760 Deum
3115 2697 3701 2778 laudaverunt,quod

331 2786 602 2862 adorem,
637 2795 694 2849 et
723 2787 1014 2850 abeuntes
1047 2787 1108 2847 in
1136 2785 1478 2860 ecclesiam,
1511 2795 1805 2847 venerunt
1834 2803 1967 2847 cum
2055 2785 2341 2848 rediisset
2371 2787 2555 2849 frater
2605 2805 2814 2850 eorum
2864 2805 3069 2861 sanus,
3103 2795 3162 2848 et
3194 2785 3354 2848 diem
3390 2786 3611 2849 festum
3646 2787 3702 2848 ei

329 2885 455 2939 toto
502 2885 799 2938 conventu
847 2877 1122 2952 fratrum,
1160 2875 1450 2954 lactisque
1483 2875 1763 2954 precibus
1793 2874 2031 2936 simulc
2055 2876 2354 2942 fecerunt.

329 2967 561 3048 egressi
617 2975 775 3042 sunt,
837 2967 1211 3030 deducentes
1269 2964 1545 3026 abbatem
1576 2962 1968 3048 Dorotheum.

330 3044 572 3118 sciebat
616 3057 772 3118 enim
823 3054 1007 3118 abbas
1055 3054 1377 3130 Macarius,
1431 3054 1491 3116 in
1541 3044 1646 3117 illo
1697 3054 1778 3116 nil
1839 3073 1972 3118 esse

331 3145 496 3208 mali.

407 3233 888 3317 XVIII.Cumque
909 3235 949 3297 ii
970 3235 1388 3318 pervenissent
1409 3234 1484 3296 ad
1516 3235 1966 3316 imperatorem,

329 3325 588 3405 procidit
615 3326 688 3388 ad
723 3327 854 3407 ejus
885 3326 1071 3408 pedes
1103 3324 1288 3387 abbas
1319 3324 1678 3398 Dorotheus,
1706 3324 1916 3386 dicens
1947 3346 1961 3387 :

324 3415 492 3495 Rogo
519 3425 678 3478 tuam
713 3417 998 3497 pietatem
1019 3423 1080 3477 ut
1107 3433 1243 3477 cum
1273 3414 1514 3477 silentio
1545 3414 1748 3476 audiat
1771 3413 1847 3475 de
1868 3421 1967 3475 tua

323 3504 697 3569 ﬁlia.Eamus
727 3514 1097 3582 seorsum,et
1123 3523 1231 3584 ego
1257 3505 1428 3567 vobis
1456 3502 1712 3566 narrabo
1738 3503 1961 3564 omnia.

323 3591 456 3655 Non
483 3603 573 3657 est
603 3594 760 3656 enim
791 3594 848 3656 ei
878 3595 1122 3658 allatum
1168 3594 1400 3670 vitium,
1433 3611 1546 3655 nec
1575 3592 1754 3654 habet
1784 3591 1966 3671 quid-

326 3701 502 3763 quam
531 3683 694 3757 mali,
727 3683 922 3746 absitl
960 3686 1279 3764 Postquam
1308 3694 1511 3746 autem
1543 3684 1779 3745 iverunt
1806 3699 1970 3744 seor-

324 3790 458 3833 sum
494 3774 622 3854 ipsa
659 3781 717 3835 et
750 3783 1031 3854 parentes
1074 3775 1226 3852 ejus,
1263 3773 1408 3834 dixit
1438 3772 1526 3833 eis
1559 3792 1574 3832 :
1611 3771 1722 3834 Per
1755 3772 1966 3833 Domi-

324 3879 468 3923 num
503 3862 829 3942 promittite
859 3862 1029 3939 mihi,
1084 3861 1240 3942 quod
1295 3865 1341 3923 si
1377 3862 1774 3938 cognoveritis
1803 3862 1964 3923 veri-

325 3958 528 4026 tatem,
555 3951 872 4016 dimittetis
904 3971 998 4014 me
1044 3952 1103 4013 in
1139 3952 1333 4012 locum
1370 3968 1596 4012 meum.
1628 3949 1794 4021 Quod
1828 3969 1962 4012 cum

2135 2967 2494 3032 XX.Paucis
2514 2977 2713 3032 autem
2741 2977 2871 3050 post
2902 2967 3386 3049 diebus,quamlo
3425 2969 3704 3047 cognovit

2055 3074 2119 3119 se
2149 3074 2288 3119 esse
2319 3077 2351 3119 e
2379 3059 2601 3120 mundo
2633 3057 2948 3132 exituram,
2984 3057 3128 3121 dicit
3157 3057 3359 3121 abbati
3393 3057 3651 3120 Macario
3683 3075 3698 3120 :

2053 3147 2170 3208 Fac
2229 3146 2489 3209 officium
2549 3147 2877 3209 charitatis.
2939 3146 2999 3210 Si
3045 3145 3364 3226 contigerit
3395 3164 3550 3209 mea
3586 3147 3703 3208 vita

2053 3235 2457 3313 excedere,ne
2479 3254 2575 3298 me
2591 3245 2956 3318 componant
2976 3236 3278 3298 monachi.
3301 3234 3359 3298 Is
3388 3255 3528 3300 vero
3559 3236 3705 3299 dicit

2052 3325 2132 3387 ei:
2156 3323 2468 3396 Quomodo
2491 3335 2687 3407 potest
2718 3327 2832 3389 hoc
2856 3325 3041 3388 ﬁeri?
3065 3327 3148 3388 Ea
3177 3335 3376 3388 autem
3415 3343 3703 3389 consum-

2053 3422 2535 3486 mata,venerunt
2558 3417 2751 3478 sancti
2778 3419 3004 3492 Patres,
3030 3425 3095 3477 ut
3114 3423 3387 3477 sanctum
3410 3416 3542 3497 ejus
3571 3434 3702 3479 cor-

2051 3521 2162 3585 pus
2186 3504 2780 3569 lavarent.Viderunt
2810 3515 3005 3568 autem
3040 3523 3170 3568 eam
3195 3523 3329 3567 esse
3351 3525 3495 3568 sexu
3521 3507 3698 3568 femi-

2049 3603 2280 3669 nam,et
2301 3595 3041 3673 exclamarunt,dicentes:
3067 3594 3269 3658 Gloria
3295 3594 3696 3671 tibi,Christe,

2050 3683 2151 3763 qui
2183 3685 2399 3746 multos
2431 3684 2617 3746 habes
2646 3693 2886 3748 sanctos
2918 3683 3207 3748 occultos.
3245 3685 3586 3747 Admiratus
3606 3693 3700 3748 est

2049 3781 2245 3835 autem
2277 3773 2461 3836 abbas
2515 3775 2824 3850 Macarius,
2852 3774 3010 3856 quod
3044 3774 3156 3837 hoc
3189 3774 3306 3836 sibi
3336 3793 3454 3836 non
3488 3775 3700 3837 fuisset

2047 3862 2536 3926 revelatum.Una
2566 3882 2709 3928 vero
2741 3874 2915 3928 nocte
2949 3863 3106 3926 videt
3139 3863 3608 3942 visionem,quaa
3639 3865 3697 3927 ei

2048 3951 2196 4011 dicit
2231 3973 2244 4013 :
2272 3954 2361 4016 Ne
2396 3955 2638 4034 angaris
2671 3963 3005 4036 propterea.
3034 3958 3280 4036 Oportet
3313 3955 3473 4016 enim
3509 3965 3568 4019 te
3598 3975 3697 4018 co-

325 4042 377 4105 ei
411 4040 828 4122 promisissent
857 4043 1182 4124 imperator
1214 4049 1268 4102 et
1302 4040 1434 4120 ejus
1466 4039 1793 4117 uxor,dixit
1823 4040 1910 4101 eis
1944 4061 1957 4100 :
2046 4041 2248 4102 ronari
2280 4061 2414 4105 cum
2449 4045 2674 4106 sanctis
2723 4044 3025 4118 Patribus,
3062 4045 3162 4125 qui
3218 4053 3354 4106 sunt
3385 4063 3417 4106 a
3448 4047 3693 4108 swrulo.

325 4133 439 4207 Qui
473 4141 608 4214 post
662 4132 851 4226 Deum
911 4150 1114 4226 sanam
1165 4131 1305 4212 fecit
1339 4130 1520 4193 ﬁliam
1554 4138 1841 4226 vestram,
1871 4129 2297 4226 estD'I'uncei
2322 4135 2583 4198 narravit
2606 4135 3114 4213 vitam,etnomen
3143 4135 3696 4217 beata3.Allatisque

325 4239 461 4284 mea
491 4221 794 4285 humilitas
857 4238 962 4302 per
1022 4220 1255 4282 Patrum
1311 4239 1541 4301 preces.
1575 4218 1666 4280 Illi
1696 4239 1835 4282 vero
1871 4221 1963 4283 his
1986 4218 2268 4284 'sanctis
2298 4223 2428 4303 ejus
2457 4225 2889 4305 reliquiiseam
2924 4234 3255 4304 posuerunt
3284 4225 3356 4287 ad
3393 4225 3690 4288 orientem

321 4311 540 4372 auditis
571 4310 986 4392 obstupefacti,
1022 4329 1295 4372 mansere
1353 4314 1527 4384 muti,
1584 4317 1642 4370 et
1702 4311 1956 4376 attoniti.
2045 4320 2264 4374 sancta:
2285 4313 2649 4389 ecclesiae,in
2675 4323 2842 4374 antro
2868 4314 3094 4375 abbatis
3120 4315 3354 4376 Macarii
3378 4332 3512 4376 cum
3543 4334 3694 4394 gau-

322 4399 424 4462 Eis
449 4407 649 4462 autem
703 4400 851 4462 dixit
881 4418 894 4463 :
950 4399 1069 4480 Ego
1102 4419 1202 4462 vos
1234 4401 1310 4462 de
1345 4402 1453 4462 hac
1481 4418 1547 4462 re
1578 4400 1786 4462 faciam
1821 4420 1959 4463 cer-
2043 4401 2141 4464 dio
2174 4411 2231 4462 et
2260 4401 2448 4480 gloria
2481 4421 2670 4482 usque
2702 4403 2759 4463 in
2794 4403 3152 4465 hodiernum
3185 4404 3688 4484 diem,perDeum

324 4491 526 4565 tiores,
561 4498 854 4572 etaperto
913 4490 1068 4552 collo
1123 4491 1214 4551 sui
1249 4489 1495 4568 colobii,
1531 4491 1796 4552 ostendit
1821 4510 1958 4552 suas
2044 4501 2102 4554 et
2127 4500 2364 4554 sanctos
2421 4494 2666 4556 Patres:
2702 4503 2762 4556 et
2815 4502 2946 4572 post
3002 4501 3225 4555 sanctae
3257 4493 3688 4558 dormitionem

326 4597 633 4652 mammas,
667 4590 727 4643 et
757 4580 905 4642 dixit
935 4599 948 4644 :
987 4579 1300 4659 Pater,ego
1335 4599 1464 4642 sum
1502 4590 1595 4642 tua
1631 4582 1748 4642 ﬁlia
1779 4581 1957 4661 Apol-
2041 4591 2410 4662 peraguntur
2434 4582 2800 4657 curationes,
2830 4584 3018 4661 gratia
3050 4591 3108 4644 et
3130 4583 3451 4645 clementia
3487 4585 3688 4646 Domi~

321 4670 554 4736 linaris.
583 4671 752 4745 Quod
773 4691 908 4734 cum
940 4669 1242 4733 audissent
1274 4671 1404 4752 ejus
1439 4672 1956 4751 parentes,obstu-
2042 4673 2102 4732 ni
2137 4673 2323 4733 nostri
2376 4674 2516 4735 .lesu
2564 4672 2810 4736 Christi.
2875 4673 2981 4737 Cui
3012 4672 3202 4756 gloria
3237 4683 3296 4735 et
3329 4674 3591 4754 potentia
3626 4674 3687 4735 in

316 4771 602 4848 puerunt,
639 4771 698 4824 et
729 4763 932 4825 multae
963 4760 1104 4823 fusae
1133 4769 1274 4822 sunt
1304 4763 1363 4822 in
1398 4761 1501 4822 illo
1533 4761 1632 4823 die
1663 4763 1954 4842 lacrymze.
2045 4761 2284 4826 saecula.
2319 4762 2540 4825 Amen.
