4004 6138
311 301 426 369 335

1595 285 1755 352 ΜΕΝ
1765 289 1874 352 SIS
1935 282 2387 351 JANUARIUS.

3560 269 3683 342 336

305 437 497 499 derus
522 440 686 514 parte
707 448 769 494 ιιι
791 427 1080 492 Viridarii
1102 423 1718 514 SS.,cap.4;Mola_nus
1741 423 1800 482 in
1829 425 1950 514 An-
1973 434 2010 484 Δ
2034 420 2248 514 Graeco
2297 416 2455 514 regis
2514 413 2736 514 Galliae,
2775 411 2980 514 Latine
3021 431 3265 514 .versam
3330 410 3403 512 ab
3437 411 3681 514 “eodem

302 534 430 586 not.
464 501 539 584 ad
572 519 874 600 Martyrol.
906 515 1183 592 Usuardi;
1216 501 1564 578 Heribe'rtus
1593 510 1952 593 Rosweydns
2035 506 2354 600 Guilielmo
2395 503 2618 600 gratio
2650 513 2879 600 nostro.
2932 503 3142 600 Priora
3203 502 3411 600 omnia
3433 501 3572 600 fere.
3605 502 3676 560 ad

303 621 364 675 in
393 616 537 672 Vitis
563 591 910 679 PP.;ISetrns
929 609 1298 668 Ribadineira
1322 607 1380 664 in
1403 606 1570 663 Flore
1589 591 1954 664 SS.scribunt
2037 597 2281 660 verbum
2331 611 2365 654 θ
2395 592 2756 654 Theodoreti
2815 591 3128 654 Philotheo
3161 611 3214 654 c.
3248 591 3328 655 26
3379 591 3680 670 descripta

305 720 426 766 non
472 705 732 762 exstare.
773 695 893 758 Nos
939 693 1118 776 primi
1161 710 1292 757 eam
1324 690 1678 774 proferimus
1711 709 1779 752 ex
1839 710 1947 753 ms.

1420 913 1678 928 —————‘

1064 1060 1762 1190 ΣΥΝΕΩΝ

2036 695 2195 762 sunt,
2233 692 2298 745 ut
2328 681 2657 745 conferenti
2683 680 2921 763 patebit.

1683 912 2060 928 ᾗ

1908 1053 2910 1186 ΜΑΓΙΣΓΡΟΥ

1710 1311 1818 1358 ΚΑΙ
1875 1307 2267 1361 ΛΟΓΟΘΕΤΟΥ

1001 1499 1362 1585 ΛΟΓΟΣ

1459 1497 1632 1581 ΕΙΣ
1733 1496 1956 1581 TON
2069 1495 2408 1581 ΟΣΙΟΝ
2514 1490 2964 1579 ΣΥΜΕΟΝ

1651 1725 1780 1775 TON
1829 1725 1908 1774 EN
1957 1726 2042 1795 Τῼ
2089 1723 2316 1796 manu

628 2011 1330 2127 SYMEONIS
1417 2005 2080 2119 MAGISTRI
2199 2004 2374 2112 ET
2459 1997 3339 2112 LOGOTHETzE

1167 2263 1426 2348 VITA
1495 2260 1585 2346 S.
1678 2255 2233 2344 SYMEONIS
2319 2253 2818 2339 STYLITZE

298 2487 530 2558 (Graecus
559 2491 730 2543 textus
759 2498 893 2542 nunc
920 2483 1134 2554 primum
1166 2481 1329 2553 prodit
1357 2497 1420 2537 ex
1448 2478 1646 2538 duobus
1681 2475 1940 2558 codicibus
1966 2473 2305 2558 mssiiRegiis
2339 2473 2504 2532 Paris.
2546 2490 2594 2529 ιι.
2632 2472 2734 2529 136
2777 2487 2904 2527 saec.
2940 2481 3042 2526 xm
3067 2473 3117 2522 et
3145 2481 3197 2520 ιι.
3237 2464 3666 2530 1607.9:ec.x1v

1752 2547 1960 2604 notatis.

2012 2544 2203 2615 Em'r.)

1822 2748 2055 2807 CAPUT
2095 2749 2139 2806 Ι.

881 2881 938 2938 S.
979 2878 1252 2953 Symeonis
1290 2884 1464 2943 ortus,
1498 2885 1547 2935 at
1577 2877 1701 2934 vita
1727 2873 2002 2946 retigiosae
2040 2872 2355 2930 rudimenta
2389 2873 2450 2930 in
2478 2871 2682 2930 duobus
2712 2871 3065 2929 monasteriis.

380 3052 439 3117 1.
474 3055 824 3132 Symeonem
857 3049 1045 3111 virum
1077 3047 1229 3108 fama
1258 3044 1740 3114 celeberrimum,
1771 3062 1936 3122 mag-
1962 3052 1997 3100 Β

299 3160 558 3217 numque
579 3142 817 3201 habitati
842 3141 995 3198 orbis
1017 3139 1362 3196 miraculum
1385 3145 1596 3196 norunt
1615 3149 1814 3194 omnes
1837 3135 1940 3193 Ro-

303 3245 616 3292 manorum
667 3224 915 3306 imperio
947 3222 1202 3285 subditi:
1241 3223 1370 3301 ejus
1400 3239 1619 3281 nomen
1651 3237 1837 3299 usque
1867 3219 1936 3279 ad

300 3318 549 3398 Scythas
581 3324 641 3378 et
669 3313 964 3375 Nomades
1019 3311 1344 3392 pervolavit
1376 3328 1390 3372 :
1441 3309 1660 3398 Persae,
1697 3316 1754 3369 et
1783 3307 1935 3398 Indi,

297 3395 765 3486 Eihiopumque
823 3403 1005 3477 natio,
1040 3412 1100 3462 et
1161 3406 1500 3480 quicunque
1554 3397 1727 3458 aliam
1782 3395 1940 3456 orbis

299 3496 527 3576 plagam
560 3491 952 3564 incolunt,alii
971 3489 1155 3552 oculis
1189 3488 1639 3569 perspicientes,
1667 3486 1940 3576 nonnulli

299 3574 504 3644 auditu
530 3588 659 3659 ejus
681 3599 778 3641 res
803 3590 1005 3660 gestas
1029 3585 1477 3656 cognoscentes,
1507 3594 1642 3637 eum
1665 3574 1938 3636 laudibus

300 3671 721 3750 praedicarunt.
754 3669 995 3744 Magnus
1020 3668 1197 3746 igitur
1222 3667 1371 3727 adeo
1399 3684 1530 3728 cum
1566 3673 1722 3726 esset
1741 3682 1810 3725 ac
1830 3682 1934 3725 ce-

300 3759 506 3831 lebris,
543 3756 758 3817 multos
802 3756 1042 3831 quidem
1093 3755 1411 3833 scriptores
1442 3761 1794 3815 consecutus
1825 3759 1938 3826 est;

303 3845 404 3926 qui
429 3853 627 3905 tamen
652 3843 1034 3922 ejusvirtules
1051 3843 1333 3903 hactenus
1355 3841 1691 3918 singulatim
1718 3839 1938 3920 scripto

304 3931 829 4012 complecteretur,
850 3930 1070 3991 exstitit
1103 3946 1512 4008 nemo,neque
1542 3928 1696 3988 ullus
1719 3928 1790 3988 ad
1809 3929 1936 3988 sin-

301 4021 469 4100 gulas
500 4027 774 4082 accurate
825 4017 1262 4098 percensendas
1312 4015 1573 4077 animum
1623 4015 1931 4095 applicuit.

300 4108 523 4172 Verum
546 4108 648 4187 qui
666 4105 1079 4185 superioribus
1101 4102 1470 4183 temporibus
1483 4103 1934 4183 brevicompen-

301 4200 397 4257 dio
419 4200 487 4256 de
511 4199 636 4270 ejus
657 4199 769 4255 vita
802 4198 1218 4259 disseruerunt.
1253 4194 1511 4266 quaedam
1533 4207 1659 4264 quas
1689 4194 1933 4250 mediam

301 4283 431 4362 ejus
453 4292 683 4343 aetatem
708 4280 1016 4342 continent
1039 4279 1258 4340 cursim
1291 4278 1784 4358 perstrinxerunt,
1819 4296 1932 4340 ne-

2110 3032 2180 3106 ἀ,
2242 3043 2458 3118 Σύμεὼν
2489 3043 2581 3099 τὸν
2640 3043 2797 3123 πάνυ,
2829 3045 2889 3099 τὸ
2928 3042 3067 3120 μέγα
3123 3045 3296 3116 θαῦμα
3325 3043 3421 3108 τῆς
3480 3041 3663 3095 οἴκου-

2023 3130 2216 3210 μένης³
2273 3131 2424 3187 ἴσασι
2481 3133 2578 3206 μὲν
2620 3122 2812 3194 πάντες
2868 3135 2912 3188 οἱ
2956 3137 3054 3198 τῆς
3115 3122 3389 3204 Ῥωμαίων
3447 3131 3663 3207 ἡγεμο-

2024 3223 2133 3283 νίας
2196 3219 2448 3289 ὑπήκοοι,
2515 3219 2704 3296 ἔδραμε
2762 3219 2816 3276 δὲ
2878 3222 2967 3277 καὶ
3039 3220 3201 3299 μέχρι
3277 3221 3484 3274 Σκυθῶν
3555 3225 3664 3273 τῶν

2024 3307 2266 3383 νομάδων
2324 3309 2392 3376 τῆ
2437 3311 2616 3388 γήμῃ·
2659 3309 2762 3376 ἤδη
2819 3309 2873 3364 δὲ
2918 3311 3004 3366 καὶ
3065 3309 3279 3386 Πέρσαι²
3327 3309 3411 3363 καὶ
3470 3304 3656 3380 Ἰνδοὶ,

2025 3399 2114 3453 καὶ
2172 3399 2432 3454 Αἰθιόπων
2489 3398 2634 3478 ἔθνη,
2668 3401 2752 3454 καὶ
2797 3398 2908 3454 ὅσοι
2963 3402 3059 3466 τῆς
3091 3400 3192 3475 γῆς
3243 3395 3374 3452 ἄλλο
3403 3418 3454 3452 τι
3499 3396 3660 3472 μέρος

2026 3487 2196 3543 οἶκεῖν
2255 3485 2477 3565 ἔλαχον,
2531 3489 2577 3544 οἱ
2621 3487 2717 3554 μὲν
2762 3487 2881 3562 ὄψει
2939 3487 3004 3542 τοὶ
3059 3488 3280 3558 ἐκείνου,
3317 3487 3362 3541 οἱ
3424 3483 3478 3540 δὲ
3523 3487 3662 3560 ἀκοῇ

2022 3572 2443 3654 παραλαϐόντες,
2520 3575 2773 3652 γλώττης
2853 3576 3053 3654 τρυφὴν
3138 3577 3226 3631 τὸν
3310 3571 3469 3650 ἄνδρα
3555 3595 3659 3628 πε-

2019 3664 2287 3730 ποίηνται.
2348 3663 2524 3742 Μέγας
2594 3664 2765 3720 τοίνυν
2821 3664 2970 3728 οὖτος
3039 3664 3137 3740 ὢν,
3195 3665 3282 3719 καὶ
3329 3661 3490 3726 πολὺς
3559 3663 3658 3730 τὴν

2021 3753 2206 3830 φήμην
2263 3752 2570 3829 γενόμενος,
2630 3752 2841 3809 πολλῶν
2903 3752 3062 3833 ἔτυχε
3109 3754 3196 3810 καὶ
3249 3759 3354 3809 τῶν
3415 3774 3653 3831 συγγρα-

2021 3841 2182 3919 φέων
2244 3839 2364 3896 ἀλλ’
2408 3839 2571 3902 οὐδεὶς
2629 3839 2832 3898 οὐδέπω
2876 3843 3008 3897 κατὰ
3065 3841 3223 3916 μέρος
3276 3842 3340 3898 τὰ
3385 3841 3504 3897 κατ’
3550 3843 3649 3897 αὖ·

2019 3930 2108 3985 τὸν
2165 3928 2452 4008 διεξῆλθεν,
2506 3928 2669 3994 οὐδεὶς
2721 3929 2929 3986 ἅπαντα
2976 3934 3205 3998 καθῆκεν
3264 3931 3472 4005 ἑαυτὸν,
3529 3928 3644 3987 οὗδὲ

2018 4015 2271 4094 ἀκριϐῶς,
2305 4018 2451 4082 ὅπως
2508 4017 2704 4074 ἕκαστα
2763 4020 2942 4098 εἶχειν
2991 4019 3272 4097 ἀνέγραψε.
3307 4019 3474 4076 Ἀλλὰ
3529 4022 3650 4082 τοὺς

2016 4104 2126 4161 ἄνω
2169 4105 2393 4184 χρόνους
2459 4105 2511 4160 ἐν
2564 4105 2980 4184 κεφαλαιώδεσιν
3048 4108 3334 4177 ἐπιτομαϊς
3387 4109 3648 4180 εἰπόντες,

2016 4192 2126 4249 ἕνιά
2185 4215 2240 4248 τε
2296 4200 2402 4250 τῶν
2459 4194 2514 4250 ἐν
2585 4194 2734 4269 μέσῳ
2791 4194 3146 4273 παρέδραμον,
3207 4197 3294 4251 καὶ
3337 4195 3454 4252 οὒδέ
3519 4199 3648 4275 πρὸς

2015 4281 2142 4337 αὒτὸ
2193 4283 2254 4338 τὸ
2283 4281 2432 4345 τέλος
2489 4290 2594 4338 τῶν
2636 4283 2818 4339 τούτου
2871 4283 3107 4362 πράξεων
3162 4283 3343 4350 ἦλθον,
3383 4275 3546 4358 Ἠμτν
3593 4283 3648 4340 δὲ

302 4387 418 4449 que
442 4377 557 4430 tam
581 4367 850 4429 celebres
881 4368 1010 4446 ejus
1040 4366 1305 4428 actiones
1328 4365 1403 4427 ad
1437 4366 1614 4426 linem
1649 4365 1992 4445 perduxe-c

2021 4371 2285 4449 χρήσιμος
2344 4369 2573 4446 μάλιστα
2604 4373 2630 4427 ὁ
2687 4373 2805 4449 περὶ
2855 4375 3015 4430 αὐτοῦ
3045 4371 3203 4448 λόγος
3255 4371 3425 4451 ἔσται,
3459 4372 3650 4428 ἄνωθέν

300 4464 461 4519 runt.
496 4454 864 4534 Quapropter
887 4453 1047 4516 utilis
1079 4454 1335 4516 maxime
1366 4452 1440 4514 de
1463 4453 1576 4514 hoc
1607 4453 1728 4513 viro
1763 4454 1935 4516 nobis

301 4561 498 4605 sermo
517 4543 1028 4620 futuruszremque
1050 4561 1084 4604 a
1107 4542 1303 4622 capite
1333 4540 1840 4620 ordiemur,atque
1859 4543 1934 4604 ad

306 4632 488 4693 finem
514 4646 963 4712 prosequemur.
1003 4628 1118 4692 Sed
1148 4647 1360 4692 vereor
1381 4647 1456 4690 ne
1479 4629 1730 4708 posteris
1759 4629 1932 4690 fabu-

307 4718 497 4780 larum
515 4719 856 4796 similior,et
869 4717 1026 4780 nuda
1041 4737 1074 4780 a
1089 4719 1334 4780 veritate
1355 4717 1616 4779 narratio
1639 4717 1927 4781 videatur.

305 4809 760 4868 Consuevernnt
805 4805 962 4867 enim
1016 4806 1289 4867 homines
1347 4816 1556 4866 natura
1601 4804 1794 4866 metiri
1835 4823 1933 4867 res

306 4892 768 4975 praateritaszubi
786 4911 928 4956 vero
951 4894 1250 4974 quippiam
1273 4901 1495 4955 naturae
1519 4894 1800 4955 terminos
1823 4913 1929 4954 ex-

305 4983 574 5057 cesserit,
610 4981 804 5043 omnis
835 4982 909 5043 de
942 5000 1012 5042 eo
1043 4999 1241 5044 rerum
1274 4979 1604 5043 divinarum
1639 4980 1932 5060 imperitis

302 5070 486 5133 falsus
515 5087 650 5131 esse
682 5087 879 5132 sermo
912 5068 1307 5131 existimatur.
1341 5069 1632 5141 Quoniam
1665 5086 1802 5130 vero
1834 5069 1930 5131 hic

300 5159 390 5219 vir
412 5166 632 5219 natura;
655 5156 884 5236 legibus
911 5176 1028 5219 non
1053 5156 1283 5230 cesssit,
1310 5175 1377 5218 ac
1409 5175 1483 5218 ne
1513 5159 1772 5218 humana
1793 5160 1927 5234 qui-

303 5245 439 5306 dem
482 5245 687 5324 passus
718 5254 1033 5321 est,verum
1065 5245 1124 5305 id
1143 5259 1569 5324 corporeorum
1599 5245 1660 5303 in
1697 5245 1928 5306 mortali

305 5349 556 5412 corpore
611 5331 870 5394 ostendit
925 5332 1362 5410 constantiam;
1411 5350 1543 5392 cum
1599 5332 1927 5412 praesertim

301 5419 378 5481 iis
407 5420 508 5498 qui
559 5418 631 5480 ab
664 5437 733 5479 eo
765 5419 966 5480 divina
1012 5419 1206 5480 edocti
1237 5429 1392 5494 sunt,
1427 5428 1584 5481 terra
1637 5419 1833 5481 omnis
1861 5437 1930 5482 ac

306 5509 492 5568 maria
519 5506 648 5585 ipsa
694 5508 919 5585 repleta
948 5506 1105 5582 sint;
1160 5507 1299 5568 hinc
1328 5507 1502 5585 igitur
1531 5507 1929 5572 narrationem

307 5611 498 5660 meam
527 5591 845 5656 inchoabo.

2016 4479 2072 4513 τε
2123 4458 2476 4536 ἀρχομένοις,
2503 4460 2590 4514 καὶ
2634 4459 2719 4514 ἐπὶ
2761 4460 2826 4514 τὰ
2853 4459 3138 4517 τελευταῖα
3193 4467 3286 4517 τοῦ
3310 4459 3494 4539 ἀνδρὸς
3545 4483 3648 4518 κα-

2018 4543 2346 4617 ναϐιϐἀζοοσι
2404 4548 2501 4613 τὴν
2569 4545 2840 4625 διήγησιν.
2907 4547 3073 4606 Ἀλλὰ
3143 4547 3346 4604 δέδοικα
3416 4549 3492 4623 μὴ
3530 4563 3646 4613 τοῖς

2017 4637 2150 4710 μετὰ
2179 4634 2342 4693 ταῦτα
2386 4640 2546 4710 μῦθος
2577 4648 2715 4692 εῖναι
2760 4635 2883 4712 δόξῃ
2942 4643 3036 4713 τῇς
3065 4636 3315 4704 ἆληθείάς
3365 4660 3642 4717 γεγυμνω-

2016 4721 2198 4796 μένος.
2253 4721 2472 4779 Φιλοῦσι
2514 4725 2613 4800 γὰρ
2673 4726 2719 4780 οἱ
2777 4723 3038 4802 ἅνθρωποι
3083 4727 3148 4800 τῇ
3211 4727 3359 4804 φύσει
3429 4739 3641 4802 μετρεῖν

2011 4811 2077 4865 τὰ
2120 4811 2394 4886 γινὸμενα’
2430 4812 2473 4866 εἶ
2529 4809 2584 4865 δέ
2627 4832 2678 4866 τι
2721 4818 2825 4866 τῶν
2884 4811 3042 4879 αὐτῆς
3103 4811 3236 4890 ὅρων
3265 4813 3513 4870 ὶπέκεινα
3555 4814 3644 4870 λέ-

2012 4907 2182 4974 γοιτό,
2245 4897 2443 4972 ψευδὴς
2473 4911 2589 4962 τοῖς
2636 4906 2742 4956 τῶν
2770 4901 2920 4954 θείων
2963 4901 3221 4974 ἀμυήτοις
3276 4905 3302 4957 ὁ
3332 4901 3488 4979 λόγος
3547 4925 3643 4958 νο-

2012 4984 2236 5058 μίζετᾶι.
2299 4983 2516 5053 Ἐπειδὴ
2571 4985 2626 5042 δὲ
2679 4987 2830 5050 οὗτος
2891 4992 3052 5054 αὐτῆς
3085 4989 3288 5055 φύσεως
3334 4991 3448 5054 εἶξε
3508 4994 3637 5048 θεσ-

2012 5085 2159 5148 μοτς,
2196 5071 2311 5128 οὐδὲ
2367 5072 2666 5151 ἀνθρώπινα
2715 5088 2900 5132 πονεῖν
2949 5075 3294 5152 είλετο,ὰλλὰ
3337 5078 3644 5154 ἆσωμάτων
3696 5130 3698 5132 ,

2011 5159 2066 5216 ἑν
2113 5161 2320 5233 σώματι
2373 5165 2547 5236 θνητῷ
2616 5161 2909 5226 ἐπεδείξατο
2961 5165 3257 5242 καρτερίαν
3329 5164 3506 5231 ἄλλως
3583 5191 3642 5225 τε

2008 5249 2097 5305 καὶ
2149 5251 2252 5306 τῶν
2283 5251 2347 5307 τὰ
2402 5253 2522 5306 θεῖα
2552 5249 2981 5326 πεπαιδευμένων
3019 5257 3091 5327 γῆ
3124 5274 3179 5309 τε
3223 5260 3371 5311 πᾶσα
3425 5256 3640 5334 πλήρης

2010 5337 2096 5392 καὶ
2165 5335 2424 5417 θάλασσα,
2487 5337 2686 5395 ἔνθενδέ
2756 5361 2848 5414 μοι
2916 5339 3133 5418 ἀρκτέον
3201 5363 3293 5398 του
3365 5341 3639 5422 διηγήμα-

2008 5444 2119 5490 τος.
