4004 6138
357 319 436 386 337

1463 328 1650 391 ἮΤΑ
1694 326 1754 389 S.
1802 325 2182 391 SYMEONIS
2224 328 2595 392 STYLITE.

3600 329 3715 396 338

390 458 453 532 β’.
503 457 697 530 Κώμη
778 465 870 528 τίς
946 463 1060 519 ἐστι
1122 461 1314 537 μεταξὺ
1373 461 1549 538 Σύρων
1606 459 1700 516 καί
1763 458 1990 517 Κιλίκων

2155 468 2212 522 2.
2247 463 2430 524 Vicus
2460 463 2700 542 quidam
2726 465 2881 526 inter
2911 463 3146 544 Syriam
3179 471 3236 527 et
3267 463 3532 527 Ciliciam
3566 465 3715 527 situs

331 542 657 627 διακειμένη,
715 554 904 609 Σισὰν
949 551 1007 607 δὲ
1063 551 1223 618 αὐτὴν
1267 552 1605 626 ὀνομάζουσι,
1655 547 1748 606 Ἐκ
1793 549 1992 616 ταύτης

313 638 695 709 ὁθαυμαατὸς
775 642 1009 714 Συμεὼν
1079 640 1225 704 οὗτος
1289 641 1624 716 ὁρμώμενος.
1688 637 1992 712 Ποιμαίνειν

306 723 580 796 θρέμματα
667 730 746 784 τὸ
817 738 1030 803 πρῶτον
1099 730 1200 784 ὑπὸ
1272 731 1378 784 τὼν
1436 729 1836 806 γεγεννηκότων
1906 726 1991 782 δι-

297 811 576 889 δὶακεται,
647 817 769 874 ’ἕνα
845 821 934 875 καὶ
991 819 1124 874 κατὰ
1190 827 1342 876 τοῦτο
1390 831 1508 878 τοῖς
1581 815 1834 892 μεγάλοις
1893 818 1991 882 την

296 903 488 978 ἀρετὴν
585 906 850 970 ἐκείνοις
935 910 1380 985 συναριθμεῖται·
1459 904 1652 964 Ἰακὼϐ
1734 912 1809 976 τῷ
1881 929 1991 962 πα-

293 990 562 1072 τριάρχῃ,
619 998 814 1073 φημὶ,
863 997 951 1052 καὶ
995 993 1194 1073 most?
1238 996 1315 1070 τῷ
1372 994 1618 1073 σώφρονι,
1679 1001 1865 1051 Mum!
1935 1016 1990 1050 τε

293 1084 364 1153 τῷ
418 1085 762 1162 νομοθέτῃ,
828 1087 915 1142 καὶ
977 1083 1135 1140 Δαϐὶδ
1188 1092 1264 1158 τῷ
1325 1083 1541 1160 βασιλεῖ
1585 1085 1670 1140 καὶ
1717 1085 1990 1163 προφήτῃ,

288 1173 374 1227 καῖ
436 1174 685 1253 Μιχαίᾳ
720 1220 736 1248 ,
805 1178 896 1230 καὶ
999 1187 1116 1239 τοῖς
1192 1171 1310 1230 κατ’
1371 1173 1599 1238 ἐκείνους
1666 1175 1823 1236 θείοις
1895 1172 1993 1228 ἁν-

292 1257 442 1336 again
453 1308 469 1322 ,

370 1355 460 1426 γ’,
504 1361 776 1430 Νιτρετοῦ
833 1350 887 1407 δέ
949 1373 1078 1408 ποτε
1131 1350 1333 1409 πολλοῦ
1389 1351 1697 1428 γενομένου,
1749 1353 1832 1409 καὶ
1888 1355 1993 1407 τῶν

283 1437 606 1516 «pagith
645 1440 806 1497 ἔνδον
857 1441 1034 1514 μένειν
1086 1440 1529 1520 ἠναγκασμένων,
1580 1439 1788 1520 σχολῆς
1848 1440 1989 1495 ἀπο-

281 1527 534 1603 λαύαας,
611 1533 700 1596 εἷς
746 1532 837 1588 τὸν
881 1534 1024 1587 θεῖον
1071 1531 1202 1585 νεὼν
1237 1531 1370 1603 μετὰ
1413 1536 1517 1586 τῶν
1561 1530 1823 1586 τεκόντων
1882 1529 1990 1607 ἀφ-

279 1620 468 1680 ίκετο,
543 1625 678 1686 Τῆς
743 1618 1097 1698 εὒαγγελικῆς
1130 1619 1297 1674 τοίνυν
1352 1623 1533 1697 φωνῆς
1580 1619 1830 1690 ἀκούσας,
1879 1640 1989 1692 μα-

277 1710 659 1782 καριζούπης
749 1710 846 1784 μὲν
940 1709 1060 1771 τοὺς
1136 1706 1418 1771 κλαίοντας
1501 1709 1590 1763 καὶ
1649 1710 1988 1778 πενθοῦντας,

2077 551 2407 623 est,incolae
2430 552 2617 614 Sisam
2655 552 2734 632 (ι)
2769 553 3080 614 nominant
3113 573 3127 614 :
3166 571 3237 615 ex
3267 553 3370 614 illo
3405 552 3713 615 admiran-

2077 638 2188 700 dus
2219 641 2314 701 hic
2344 642 2599 720 Symeon
2633 641 2920 704 oriundus
2960 643 3096 705 fuit.
3144 643 3232 704 Ac
3284 643 3540 723 primum
3574 641 3714 722 qui-

2077 729 2211 790 dem
2245 747 2278 789 a
2310 729 2654 809 parentibus
2702 749 2839 792 oves
2872 750 3121 812 pascere
3151 731 3420 807 docetur,
3455 737 3520 792 ut
3551 731 3610 792 in
3641 749 3714 793 eo

2078 834 2423 896 magnarum
2454 819 2754 900 quondam
2779 821 3057 883 virtutum
3090 821 3229 883 viris
3259 821 3710 894 adnumeratur,

2075 907 2276 982 Jacob,
2333 908 2600 989 inquam,
2638 910 3006 989 patriarchae,
3071 910 3291 989 Joseph
3355 909 3710 985 continenti,

2075 996 2260 1074 Moysi
2293 998 2637 1077 legislatori,
2672 998 2877 1060 Davidi
2908 999 3033 1079 regi
3066 1007 3125 1062 et
3177 999 3504 1079 prophetae,
3535 1007 3600 1060 ut
3654 1007 3715 1062 et

2074 1085 2336 1159 Micheae,
2378 1088 2728 1168 caeterisque
2761 1088 3002 1151 demum
3036 1087 3431 1152 sanctissimis
3463 1089 3593 1168 ejus
3614 1107 3709 1151 or-

2078 1175 2235 1237 dinis
2265 1176 2430 1240 viris.

2156 1357 2214 1414 3.
2249 1355 2396 1416 Cum
2429 1371 2567 1416 vero
2599 1355 2916 1436 aliquando
2948 1356 3024 1418 ob
3066 1356 3308 1418 nimiam
3339 1357 3457 1418 vim
3488 1356 3712 1420 nivium

2079 1460 2111 1503 e
2137 1444 2284 1504 coelo
2317 1443 2614 1504 labentem
2663 1463 2802 1507 oves
2851 1446 3013 1507 domi
3047 1463 3290 1508 manere
3326 1455 3707 1525 cogerentur,

2075 1532 2257 1592 otium
2295 1541 2501 1594 nactus
2531 1533 2604 1594 ad
2636 1553 2862 1596 sacram
2909 1535 3221 1598 ecclesiam
3274 1554 3408 1597 cum
3441 1537 3712 1614 parenti-

2076 1619 2185 1682 bus
2243 1623 2538 1683 concessit
2588 1642 2602 1683 :
2668 1623 2789 1685 illic
2848 1643 2983 1686 cum
3043 1643 3248 1686 vocem
3313 1623 3711 1704 evangelicam

2074 1710 2448 1784 inaudiisset,
2478 1729 2609 1791 qua}
2639 1712 2910 1791 lugentes
2941 1721 2998 1775 et
3027 1714 3238 1775 ﬂentes
3293 1712 3501 1776 beatos
3555 1731 3711 1795 prae-

281 1796 525 1862 ἀθλίους
589 1796 659 1853 δὲ
718 1799 836 1861 τοὺς
899 1797 1170 1874 γελῶντας
1217 1796 1613 1872 ἀποκαλούσης,
1663 1798 1751 1852 καὶ
1807 1795 1989 1866 ζηλω-

2084 1799 2250 1872 dicat,
2284 1800 2554 1862 infelices
2585 1819 2722 1862 vero
2753 1802 3023 1865 ridentes
3081 1803 3412 1878 denuntiat,
3446 1803 3713 1884 itemque

279 1887 418 1948 τοὺς
477 1888 877 1962 ὀνομαζούσης
949 1887 1068 1947 τοὺς
1114 1885 1212 1953 τήν
1258 1886 1442 1964 ψυχὴν
1504 1885 1733 1963 καθαρὰν
1785 1905 1991 1950 κεντη-

286 1975 550 2054 μένους,
607 1978 700 2032 καὶ
759 1977 824 2031 τὰ
881 1974 1013 2030 ἄλλα
1073 1973 1169 2030 ὅσα
1200 1975 1406 2038 τούτοις
1442 1975 1797 2046 συνέζευκται,
1833 1972 1990 2048 ἤρετό

287 2087 425 2120 τινα.
505 2073 637 2121 τῶν
694 2066 1018 2141 παρόντων’
1091 2065 1139 2120 τί
1197 2063 1258 2119 ἄν
1314 2085 1393 2126 τις
1462 2064 1720 2134 ποιήσας,
1788 2062 1990 2118 τούτων

289 2153 563 2210 ἕκαστον
613 2155 928 2226 surint-co;
978 2155 1078 2211 Τὸν
1140 2151 1218 2226 δὲ,
1278 2154 1368 2227 (ἡν
1417 2153 1517 2231 γὰρ
1564 2153 1647 2207 καὶ
1705 2153 1880 2222 οὗτος,
1915 2152 1988 2212 ὡς

299 2241 509 2297 ἔοικεν
572 2243 809 2320 ἐργατης
840 2247 937 2308 τῆς
970 2243 1182 2317 ἀρετῆς)
1224 2243 1316 2298 τὸν
1364 2238 1652 2314 μοναδικὸν
1711 2243 1853 2312 αὐτῷ
1883 2238 1996 2313 βίον

305 2331 738 2410 ὕπτια-τορεῦσαι,
791 2333 878 2387 καὶ
925 2330 1020 2398 τὴν
1091 2329 1254 2409 ἄκραν
1311 2331 1521 2396 εκείνην
1573 2325 1846 2392 ὅποδεϊξαι
1900 2349 1994 2404 φι-

309 2417 632 2500 λοσονρίαν,

410 2507 495 2568 δ’.
553 2506 852 2581 Δεξάμενος
884 2510 1055 2566 τοίνυν
1085 2515 1175 2565 τοῦ
1227 2508 1365 2563 θείου
1405 2505 1565 2582 λόγου
1595 2505 1661 2560 τὰ
1691 2503 1992 2583 σπέρματα,

319 2602 432 2654 καὶ
471 2611 604 2656 ταῖς
637 2601 872 2675 βαθείαις
902 2603 1000 2665 τῆς
1033 2602 1218 2676 ψυχῆς
1252 2593 1435 2660 αῧλαξι
1467 2597 1629 2650 ταῦτα
1648 2594 1875 2672 κρύψας,
1911 2592 1997 2648 ἐπὶ

324 2689 428 2742 τὸν
481 2687 717 2753 πλητίον
765 2693 872 2744 τῶν
929 2691 1082 2765 ἰερῶν
1147 2685 1422 2763 μαρτύρων
1481 2682 1773 2761 ἀποτρέχει
1845 2681 1991 2743 ναόν.

329 2775 432 2832 Ἐν
471 2779 651 2849 τούτῳ
684 2775 738 2831 δὲ
769 2783 838 2851 τῇ
869 2783 941 2853 γῇ
970 2778 1031 2832 τὸ
1063 2774 1309 2849 μέτωπον
1339 2774 1427 2829 καὶ
1471 2773 1536 2827 τὰ
1580 2771 1778 2849 γόνατα
1822 2793 1994 2847 πρεσ-

334 2868 551 2942 ερείσας
631 2866 856 2921 ἱκετεύει
941 2868 1032 2921 τὸν
1123 2864 1326 2926 πάντας
1410 2860 1715 2932 ἀνθρώπους
1807 2860 1994 2929 σώζειν

338 2953 616 3029 ἐθέλοντα,
683 2953 950 3032 ὁδηγῇσαι
1021 2955 1176 3012 αὐτὸν
1251 2953 1379 3028 πρὸς
1449 2949 1548 3011 τὴν
1632 2946 1838 3004 τελείαν
1894 2953 1994 3014 τῆς

343 3041 614 3104 εὒσεϐείας
663 3041 782 3098 ὁῖόν
818 3059 831 3072 ⁸
894 3042 978 3099 ἐπὶ
1034 3041 1168 3098 πολὺ
1240 3037 1292 3094 δὲ
1357 3045 1540 3096 τοῦτον
1583 3034 1860 3112 διατρίψας
1903 3038 1995 3092 τὸν

349 3133 568 3208 τρόπον,
601 3130 960 3188 ὑπολισθαίνει
1006 3129 1107 3198 ἤδη
1165 3129 1295 3206 πρὸς
1352 3127 1540 3204 ὕπνον,
1586 3123 1711 3203 ὄναρ
1742 3123 1796 3179 δὲ
1847 3124 1995 3181 τόνδε

357 3221 464 3296 ὁρᾷ.
528 3221 800 3300 Ὀρύττειν
859 3219 1029 3276 ἐδόκει
1086 3217 1328 3290 θεμέλια,
1392 3218 1514 3273 εἶτα
1563 3240 1706 3282 τινος
1763 3221 1993 3280 ἒστῶτος

370 3310 583 3382 ἆκούειν,
638 3312 711 3375 ὡς
765 3309 841 3365 ἔτι
903 3311 1141 3386 βαθύνειν
1188 3309 1249 3362 τὸ
1297 3307 1503 3384 ὄρυγμα
1533 3306 1640 3368 δεῖ.
1677 3310 1992 3385 Προστεθει-

378 3400 472 3461 κὼς
513 3399 678 3454 τοίνυν
725 3399 796 3462 ὡς
853 3397 1098 3454 ἐκέλευσε
1147 3397 1329 3472 βάθος,
1391 3394 1552 3451 πάλιν
1608 3396 1854 3472 ἐπειρᾶτο
1910 3391 1996 3450 δι-

375 3489 716 3544 αναπαύεσθαι
752 3506 764 3519 ⁸
801 3485 938 3542 ἀλλὰ
967 3487 1055 3542 καὶ
1088 3485 1232 3548 αὖθις
1265 3484 1503 3562 ὀρύττειν
1536 3483 1678 3558 αὐτῷ
1711 3483 1995 3560 προσέτατο

364 3599 442 3632 τεν
484 3580 512 3633 ὁ
557 3577 763 3656 φανεὶς,
811 3577 897 3632 καὶ
941 3576 1020 3650 μὴ
1063 3575 1247 3650 λήγειν
1291 3579 1384 3629 τοῦ
1430 3573 1614 3634 πόνου.
1650 3575 1768 3652 Τρὶς
1825 3570 1880 3628 δὲ
1909 3573 1998 3627 γαὶ

358 3667 597 3744 τετράκις
657 3673 812 3723 τοῦτο
879 3665 1284 3743 παρεγγυήσας,
1347 3662 1500 3726 τέλος
1590 3660 1774 3728 ἐπειδὴ
1856 3660 1998 3738 παρὰ

355 3756 450 3821 τὴν
506 3762 603 3812 τοῦ
673 3755 861 3830 βάθους
908 3749 1206 3834 ὑπερϐολὴν
1277 3750 1376 3828 οὔχ
1431 3750 1552 3807 οἶόν
1609 3772 1664 3806 τε
1728 3751 1792 3818 ἦν
1836 3747 1996 3806 πλέον

357 3846 626 3924 ὀρύττειν,
683 3844 1046 3922 ἀποχρώντως
1089 3839 1207 3920 εἶχ’
1255 3839 1354 3917 ἔφη
1398 3841 1460 3895 τὸ
1517 3840 1697 3917 βάθος,
1731 3840 1819 3894 καὶ
1848 3840 1998 3894 οἷκο-

350 3933 543 4008 δομεῖν
601 3931 842 3989 ἐκέλευσε
899 3938 990 3987 τού
1048 3930 1256 4004 λοιποῦ,
1322 3931 1395 3992 ὡς
1459 3927 1718 3998 λήξαντός
1768 3949 1824 3983 τε
1857 3929 1998 4000 αὒτῷ

350 4029 447 4080 τοῦ
499 4025 664 4079 πόνου
721 4025 808 4078 καὶ
877 4027 977 4088 τῆς
1054 4017 1353 4092 οἰκοδομίας
1415 4017 1682 4092 ἑπομένης
1741 4015 1996 4079 εὗκόλως.

356 4114 536 4189 Ταύτῃ
595 4119 664 4186 τῇ
725 4109 1008 4189 προῤῥήσει
1052 4110 1118 4164 τὰ
1163 4108 1448 4185 πράγματα
1491 4119 1748 4184 μαρτυρεῖ
1783 4123 1798 4138 '
1847 4106 2000 4162 τοῦτο

360 4203 461 4280 γὰρ
504 4202 594 4257 καὶ
626 4203 660 4268 ἡ
693 4198 816 4276 ὄψις
847 4198 1036 4267 ἐδήλου
1075 4197 1156 4253 ὅτι
1212 4195 1346 4272 πέρα
1396 4217 1453 4251 τε
1505 4199 1604 4260 τῆς
1635 4195 1839 4272 φύσεώς
1882 4197 1999 4251 ἔστι

361 4292 426 4346 τα
478 4289 760 4366 γινόμενα,
807 4290 899 4345 καὶ
940 4287 1019 4342 ὅτι
1063 4286 1197 4360 μετὰ
1249 4285 1369 4347 τοὺς
1429 4285 1716 4361 ὑπερφυεῖς
1776 4283 2005 4346 ἐκείνους

2077 1887 2404 1952 imitatione
2435 1889 2645 1968 dignos
2695 1909 2904 1953 omnes
2935 1893 3039 1972 qui
3087 1891 3306 1954 mundo
3339 1900 3477 1954 sunt
3505 1892 3710 1969 corde,

2077 1985 2137 2038 et
2166 1996 2539 2058 quaecunque
2567 1978 2662 2041 his
2693 1979 2912 2042 similia
2941 1981 3220 2061 adjuncta
3248 1991 3428 2057 sunt;
3462 1999 3648 2043 unum
3679 1999 3715 2043 e

2077 2067 2473 2146 praesentibus
2531 2068 2934 2147 interrogavit,
3007 2071 3219 2152 ecquid
3269 2071 3408 2150 quis
3438 2071 3711 2134 faciendo

2077 2156 2291 2217 horum
2325 2155 2557 2236 singula
2581 2167 3090 2240 consequeretur;
3126 2169 3250 2221 tum
3304 2159 3472 2234 alter,
3505 2161 3601 2240 qui
3653 2169 3714 2222 et

2077 2244 2336 2318 virtutis,
2389 2254 2452 2306 ut
2479 2255 2746 2326 apparet,
2783 2247 2974 2309 cultor
3033 2255 3182 2322 erat,
3239 2254 3623 2310 monasticam
3656 2247 3714 2310 ei

2080 2333 2257 2394 vitam
2293 2333 2525 2410 suadet,
2588 2336 2838 2416 ejusque
2894 2336 3208 2400 sublimem
3273 2336 3709 2418 philosophiam

2079 2422 2360 2485 ostendit.

2138 2510 2672 2592 4.Symeon,igitur
2691 2515 2951 2596 acceptis
2975 2515 3154 2577 divini
3172 2514 3333 2578 verbi
3350 2513 3712 2589 seminibus,

2080 2601 2273 2681 iisque
2302 2601 2363 2661 in
2395 2601 2618 2665 intimis
2665 2604 2846 2666 animi
2895 2605 3241 2667 recessibus
3271 2604 3603 2679 absconsis,
3636 2604 3712 2666 ad

2083 2695 2414 2771 proximum
2445 2710 2746 2753 sacrorum
2802 2702 3128 2776 martyrum
3183 2694 3468 2776 templum
3497 2692 3712 2756 confu-

2080 2781 2186 2860 git,
2219 2779 2342 2841 illic
2373 2780 2524 2841 facie
2555 2791 2614 2842 et
2643 2781 2895 2860 genibus
2928 2783 2986 2844 in
3024 2791 3240 2846 terram
3274 2783 3713 2856 deﬁxis,Deum

2079 2869 2181 2949 qui
2212 2887 2420 2932 omnes
2451 2869 2724 2933 homines
2754 2872 2980 2934 salvare
3009 2873 3171 2954 cupit
3203 2880 3502 2953 precatur,
3547 2879 3613 2933 ut
3641 2871 3716 2933 ad

2078 2965 2302 3020 rectam
2328 2959 2560 3038 pietatis
2581 2959 2733 3021 viam
2759 2959 3152 3042 dirigat.Huic
3173 2961 3264 3024 rei
3279 2961 3420 3023 dum
3443 2961 3714 3042 aliquan-

2079 3048 2180 3110 diu
2203 3049 2770 3130 intendit,paulatim
2800 3053 2860 3112 in
2884 3069 3157 3114 somnum
3183 3050 3575 3126 delabitur,ac
3599 3051 3716 3112 tale

2079 3137 2319 3198 demum
2335 3137 2521 3198 visum
2547 3140 3290 3218 cognoscit.Fundamenta
3309 3140 3579 3222 quaedam
3597 3139 3712 3201 sibi

2081 3226 2344 3287 effodere
2373 3225 2532 3286 visus
2562 3235 2672 3301 est,
2690 3226 2909 3288 deinde
2939 3227 3016 3290 ab
3043 3237 3272 3290 astante
3307 3228 3562 3308 quodam
3599 3245 3711 3289 au-

2081 3314 2230 3387 dire,
2263 3322 2326 3376 ut
2361 3314 2576 3376 fossam
2607 3316 2800 3377 adhuc
2831 3317 3005 3378 altius
3057 3317 3317 3380 eﬂ‘odiat.
3353 3317 3499 3379 Cum
3533 3315 3716 3395 igitur

2074 3403 2221 3483 jam,
2257 3404 2341 3463 uti
2366 3405 2597 3482 jussum
2632 3404 3159 3478 fuerat,effossioni
3189 3403 3716 3483 institisset,caepit

2079 3490 2152 3552 ab
2176 3509 2357 3570 opere
2379 3491 2867 3572 quiescere.Cum
2895 3511 3034 3556 ecce
3057 3495 3394 3574 rursus,qui
3425 3509 3717 3572 apparue-

2079 3588 2188 3656 rat,
2225 3580 2474 3642 ulterius
2504 3581 2768 3645 etfodere
2791 3582 2986 3661 jubet,
3022 3601 3215 3663 neque
3243 3581 3316 3644 ab
3365 3599 3545 3660 opere
3575 3598 3713 3643 ces-

2080 3687 2233 3731 sare.
2263 3667 2406 3732 Cum
2441 3671 2615 3732 tertio
2648 3687 2717 3733 ac
2739 3677 2949 3748 quarto
2969 3671 3081 3734 hoc
3098 3671 3228 3733 fieri
3251 3669 3613 3744 mandasset,
3646 3687 3718 3731 ac

2081 3757 2318 3820 tandem
2347 3758 2422 3820 ob
2465 3759 2711 3822 nimiam
2743 3760 2917 3823 fossae
2948 3761 3409 3841 profunditatem
3461 3759 3718 3840 amplius

2083 3847 2285 3909 fodere
2311 3866 2424 3909 non
2457 3849 2703 3920 valeret,
2731 3850 2872 3910 satis
2889 3851 3014 3930 jam
3041 3849 3321 3912 effossum
3347 3866 3480 3912 esse
3507 3847 3718 3910 decla-

2079 3945 2272 4008 rat,ac
2303 3937 2618 4000 aediﬁcium
2654 3938 2801 3999 strui
2827 3938 3103 4017 imperat,
3126 3949 3324 4020 neque
3358 3956 3428 4000 eo
3459 3957 3492 3999 a
3515 3936 3719 4000 labore

2072 4027 2196 4106 jam
2233 4036 2500 4088 cessante
2530 4026 2834 4088 difficilem
2865 4026 3153 4108 deinceps
3207 4027 3333 4088 fore
3361 4035 3717 4088 structuram

2084 4113 2466 4178 monet.Huic
2499 4115 2774 4178 vaticinio
2799 4115 3112 4194 respondit
3138 4114 3720 4194 eventus.Signiﬁca-

2086 4203 2188 4265 bat
2221 4203 2377 4265 enim
2439 4204 2606 4279 visio,
2669 4203 2827 4285 quod
2887 4223 3020 4284 quae
3072 4204 3359 4285 deinceps
3406 4203 3479 4266 ab
3511 4221 3582 4265 eo
3611 4221 3718 4282 ge—

2090 4300 2178 4353 sta
2208 4300 2345 4354 sunt
2397 4303 2626 4356 natura:
2685 4295 2905 4356 limites
2956 4293 3333 4358 excederent.
3392 4293 3720 4358 Monastica

366 4379 557 4442 πόνους
590 4378 678 4441 οὒς
711 4378 806 4445 τὴν
840 4375 1016 4454 ἀρχὴν
1051 4377 1075 4430 ὁ
1107 4375 1326 4448 Συμεὼν
1367 4374 1690 4449 ἠγωνίσατο,
1725 4372 1857 4428 κατὰ
1888 4372 1998 4448 ρουν

2091 4382 2250 4443 enim
2281 4382 2394 4442 vita
2427 4391 2559 4462 post
2587 4382 2838 4444 eximios
2867 4383 3002 4444 illos
3036 4383 3452 4460 labores,quos
3476 4383 3536 4444 in
3557 4384 3720 4464 prin-

369 4471 398 4524 ὃ
427 4467 717 4533 ἁπκητικὸς
752 4467 892 4540 αὒτῴ
921 4464 1318 4532 διανυσθήσεται
1353 4461 1489 4537 βίος,

451 4655 524 4712 ε’.
557 4654 795 4711 Ἐκεῖθεν
849 4654 877 4707 ὃ
935 4651 1153 4726 Συμεὼν
1183 4647 1437 4719 ἀναστὰς,
1472 4645 1562 4703 ἐπὶ
1596 4649 1656 4703 τὸ
1686 4647 2003 4725 ἑκγειτόνων

375 4747 622 4812 ἀσκητῶν
678 4764 842 4798 τινων
898 4740 1236 4816 καταγώγιον
1282 4733 1607 4813 μεταϐαίνει,
1646 4737 1748 4792 Δύο
1794 4735 1849 4792 δὲ
1880 4759 2006 4792 συν-

378 4836 589 4910 αγαγὼν
647 4833 850 4894 τούτοις
917 4829 1012 4895 ’ἐτη
1071 4830 1156 4884 καὶ
1241 4825 1567 4904 τελεωτέρας
1625 4825 1817 4904 ἀρετῆς
1877 4826 2003 4902 ἐρα-

377 4925 532 5000 σθεὶς,
591 4918 816 4978 Τελεδαν
870 4918 1074 4984 ἐκείνην
1145 4918 1244 4983 τὴν
1316 4915 1508 4990 κώμην
1578 4912 2001 4990 καταλαμϐάνει,

377 5010 490 5067 καθ’
533 5009 598 5076 ἢν
643 5011 669 5063 ὁ
726 5007 1020 5078 θαυμαστὸς
1076 5002 1397 5080 Ἠλιόδωρος
1437 5002 1534 5069 τὴν
1578 5003 1684 5059 τῶν
1728 5002 1818 5057 σὺν
1863 5002 2006 5077 αὒτῴ

457 5177 535 5258 (Ι)
566 5173 974 5237 Theodoretus
1006 5172 1192 5236 Sesan
1223 5169 1625 5232 vocat.Graece
1653 5169 1750 5231 hic
1783 5175 1874 5231 est
1904 5177 2005 5226 Σι-

379 5280 493 5318 σαν.

449 5337 588 5405 (2-3)
619 5335 768 5392 Fuse
791 5331 1143 5405 describitur
1162 5329 1552 5405 Teledaesitus
1574 5327 1644 5405 23
1662 5329 1858 5405 lania
1891 5330 2003 5405 vita

381 5407 433 5465 S.
458 5399 717 5466 Eusebii.
757 5405 818 5461 In
852 5405 962 5460 vita
991 5402 1047 5459 S.
1102 5401 1358 5459 Danielis
1386 5399 1597 5472 Stylitre
1629 5403 1688 5456 tt
1730 5401 2003 5459 Dccemb.

383 5481 624 5556 Telada,
656 5475 922 5556 Τελλαδαν
949 5473 1187 5556 dicitur.

451 5560 534 5629 (Α)
566 5550 1150 5629 Theodoretus_addi_t
1185 5565 1302 5629 no_n
1345 5550 1668 5629 ingressum
1702 5563 1849 5629 __esa_e
1904 5551 2006 5629 Sy:

388 5620 644 5688 meonem
677 5625 1092 5685 monasterium
1119 5621 1175 5679 S.
1247 5621 1499 5692 Eusebii,
1533 5620 1634 5678 sed
1667 5621 1823 5678 aliud
1854 5620 2008 5693 quoa

2093 4470 2248 4550 cipio
2282 4471 2548 4533 exercuit
2603 4471 2882 4553 Symeon,
2939 4471 3025 4533 illi
3081 4490 3151 4534 ex
3209 4472 3392 4534 animi
3424 4472 3719 4536 sententia

2025 4545 2070 4596 ο
2087 4545 2398 4622 successit.

2127 4649 2336 4712 5.lnde
2361 4669 2493 4711 cum
2519 4651 2977 4725 surrexisset,ad
3000 4652 3256 4714 vicinum
3287 4653 3716 4714 monachorum

2089 4747 2304 4800 cretum
2330 4737 2587 4815 divertit;
2612 4741 2978 4802 ubibiennio
3014 4750 3439 4821 commoratus,
3477 4741 3718 4822 perfec-

2089 4827 2258 4889 tioris
2279 4828 2508 4890 virtutis
2527 4831 2778 4910 cupidus
2800 4829 2861 4890 in
2877 4831 3154 4893 Teledam
3183 4831 3548 4909 t2-3)pagum
3573 4847 3718 4889 con-

2090 4915 2292 4986 cessit;
2325 4917 2386 4977 in
2409 4937 2526 4997 quo
2547 4918 2880 4980 admirabili
2903 4919 3027 4980 viro
3044 4919 3369 4982 Heliodoro
3395 4919 3472 4998 (41
3501 4935 3716 4978 mona-

2088 5006 2337 5066 chorum
2398 5024 2540 5067 cura
2585 5016 2715 5071 erat
2765 5007 3128 5082 concredita,
3163 5008 3264 5087 qui
3295 5026 3327 5068 e
3358 5007 3626 5087 quinque
3657 5013 3717 5068 et

2088 5187 2159 5230 ex
2190 5188 2254 5230 eo
2285 5173 2641 5244 germinavit,
2674 5174 3007 5232 aedificatum
3039 5175 3107 5230 ab
3141 5173 3432 5230 Eusebona
3481 5181 3534 5231 et
3570 5172 3712 5230 Abi-

2091 5253 2245 5314 Ione,
2277 5243 2488 5316 quibus
2519 5246 2626 5316 vita
2685 5246 2891 5302 functis
2926 5247 3202 5316 successit
3233 5243 3602 5316 Heliodorus.
3635 5245 3718 5300 Dc

2090 5316 2198 5372 hoc
2240 5315 2428 5373 autem
2485 5315 2790 5372 Heliodoro
2846 5330 3018 5385 agere
3084 5315 3328 5385 videtur,
3367 5315 3718 5372 Sozomenus

2086 5385 2188 5442 lib.
2220 5398 2299 5451 v1,
2331 5401 2454 5456 cap.
2487 5385 2556 5442 33
2588 5393 2642 5443 et
2682 5387 2771 5457 3t,
2804 5383 2908 5442 ubi
2933 5385 3190 5444 celebres
3221 5383 3542 5457 leesyriaa
3594 5399 3721 5442 mo-

2086 5458 2304 5514 nachos
2354 5465 2629 5514 recenset.
2689 5456 3080 5527 Theodoretus
3114 5471 3247 5514 cum
3298 5471 3365 5512 eo
3409 5456 3603 5527 egisse
3630 5470 3710 5520 se,

2087 5527 2777 5656 ejusqueigimplicitatem
2827 5535 2882 5586 et
2910 5526 3092 5585 animi
3125 5531 3426 5600 puritatem
3460 5525 3719 5586 admira-

2114 5613 2210 5656 um
2242 5612 2353 5655 sort
2402 5613 2418 5654 ι
2450 5640 2462 5656 .

2089 5605 2210 5658 tum
2242 5599 2462 5656 scribit.
