4004 6138
277 306 393 375 339

1555 316 1834 379 MENSIS
1889 311 2342 378 JANUARIUS.

3514 312 3641 378 340

279 451 581 529 sexaginta
633 446 855 531 quibus
913 448 1137 512 vixerat
1194 454 1388 531 annis,
1445 449 1687 513 totidem
1722 452 1910 513 tribus

2017 452 2308 507 ιεπίστευτο
2353 450 2696 527 προστασίαν,
2730 448 2788 514 ὅς
2844 448 2938 516 ἔτη
2984 449 3080 523 μὲν
3143 446 3300 504 πέντε
3359 448 3444 503 καὶ
3503 445 3637 517 ἐξή-

275 537 556 620 demptis,
592 556 658 600 se
717 539 779 600 in
841 538 992 600 cella
1048 540 1451 612 concluserat,
1512 549 1634 602 tres
1664 541 1822 602 enim
1856 539 1920 601 in

276 629 430 691 lacte
460 635 519 689 et
562 627 819 689 infantili
877 628 1244 690 institutione
1272 629 1645 709 consumpsit
1673 648 1688 705 ;
1722 648 1855 691 nam
1887 648 1922 690 a

275 719 454 780 tertio
485 717 673 778 aetatis
706 735 860 777 anno
893 735 926 778 a
956 716 1298 796 parentibus
1329 717 1452 779 Deo
1478 731 1569 778 est
1598 736 1919 780 consecra-

284 814 402 881 tus,
436 815 493 868 et
546 806 706 867 hunc
761 804 1179 867 admirabilem
1222 808 1648 869 monachorum
1680 826 1918 887 gregem

277 896 584 975 ingressus
617 901 725 955 est.
759 892 861 954 Vir
911 895 1007 957 hic
1059 895 1330 975 exemplo
1391 897 1589 974 magni
1619 896 1782 959 illius
1813 894 1918 957 Ja-

284 983 395 1046 cob
427 982 682 1064 simplex
742 991 889 1058 erat,
923 1001 991 1045 ac
1049 1002 1119 1044 eo
1180 984 1418 1045 demum
1456 985 1923 1047 mansuetudinis

280 1091 350 1135 ac
403 1071 640 1151 pietatis
699 1080 1073 1151 pervenerat,
1106 1079 1169 1133 ut
1198 1073 1486 1136 asceticas
1515 1074 1678 1152 leges
1703 1091 1919 1154 super;

281 1178 541 1241 gressus,
604 1160 878 1222 homines
930 1179 1137 1222 omnes
1191 1163 1355 1222 omni
1384 1162 1665 1225 virtutum
1698 1181 1921 1242 genere

281 1257 613 1330 superaret,
669 1267 736 1311 ac
784 1248 901 1329 ipsi
950 1249 1071 1311 Dcu
1116 1250 1355 1311 demum
1412 1252 1777 1332 propinquus
1810 1252 1919 1311 tie-

283 1347 398 1402 ret.

362 1432 423 1491 6.
459 1428 550 1491 Ad
585 1430 742 1491 hunc
765 1429 1141 1509 quinquertio
1173 1435 1373 1490 noster
1406 1428 1782 1508 perveniens,
1818 1428 1921 1490 ille

285 1518 520 1599 pietatis
545 1525 798 1578 certatur
819 1516 1023 1578 decem
1051 1536 1108 1577 In
1143 1516 1252 1577 hoc
1280 1516 1574 1597 spirituali
1596 1517 1922 1578 certamine

288 1607 575 1686 transegit
604 1624 789 1683 annos
821 1626 838 1666 :
873 1606 971 1686 qui
999 1625 1130 1667 cum
1160 1606 1456 1684 octoginta
1489 1606 1922 1668 commilitones

284 1695 772 1768 haberet,omnes
786 1695 1049 1772 anteivit;
1075 1695 1326 1775 aliisque
1345 1704 1475 1775 post
1495 1695 1739 1757 biduum
1759 1714 1921 1757 sem-

2001 561 2162 596 κοντα
2204 536 2404 611 διεϐίω,
2451 537 2679 594 τοσαῦτα
2745 536 2799 593 δέ
2843 540 3000 614 τριῶν
3057 535 3283 593 δεόντων
3329 538 3383 592 ἓν
3418 537 3641 608 οἰκίσκῳ

2002 631 2283 705 καθεῖρκτο
2322 646 2334 660 ·
2373 629 2535 683 ταῦτα
2562 627 2661 704 γὰρ
2691 629 2833 700 αὒτῷ
2862 626 2929 682 τᾶ.
2958 626 3074 703 τρία
3105 625 3159 681 ὲν
3190 625 3415 703 γάλακτι
3449 623 3645 703 ἐτρίϐη

2004 719 2089 773 καὶ
2149 715 2429 779 παιδικαῖς
2486 716 2729 794 ἀγωγαῖς
2767 736 2781 753 ·
2829 718 2962 789 ὁμοῦ
3003 736 3060 770 τε
3092 717 3190 793 γὰρ
3222 714 3395 791 τρέτον
3425 714 3538 779 ἔτος
3576 715 3646 781 ἦν

2003 807 2262 883 γεγονὼς,
2309 809 2393 862 καὶ
2455 803 2617 881 δῶρον
2665 806 2808 865 εὐθὺς
2842 806 2983 881 παρὰ
3013 811 3118 860 τῶν
3160 803 3422 859 τεκόντων
3479 804 3643 869 ἀνέθη

2005 901 2142 969 Θεῷ,
2205 893 2298 950 καὶ
2358 894 2457 961 τὴν
2515 895 2807 967 θαυμασίαν
2836 892 3040 971 ἀγέλην
3081 891 3384 960 εἰσελήλυθε
3415 893 3641 958 ταύτην.

2004 983 2169 1062 Ἀνὴρ
2228 986 2377 1047 οὗτος
2412 981 2681 1045 ἄπλαστος
2727 983 2846 1057 μὲν,
2882 983 3019 1038 κατὰ
3076 983 3165 1038 τὸν
3212 981 3395 1058 μέγαν.
3436 981 3646 1039 ἐκεῖνον

2002 1075 2096 1130 καί
2147 1073 2431 1147 θαυμάσιον
2488 1068 2702 1146 Ἰακὼϐ,
2739 1072 3043 1149 πρᾳότητος
3106 1069 3162 1126 δὲ
3215 1072 3302 1126 καὶ
3332 1073 3646 1147 καθαρότη-

2003 1185 2094 1226 τος
2151 1163 2224 1226 εἷς
2279 1161 2433 1218 τοῦτο
2492 1160 2710 1233 ἐλάσας,
2744 1163 2817 1222 ὡς
2850 1162 2970 1223 τοὺς
3002 1159 3328 1226 ἀσκητικούς
3357 1180 3413 1214 τε
3446 1159 3641 1232 νόμους

2002 1248 2416 1329 ὕπεραναϐἧναι,
2464 1251 2550 1306 καὶ
2612 1250 2815 1311 πάντας
2886 1248 3022 1304 κατὰ
3085 1254 3187 1303 πᾶν
3243 1247 3435 1325 ἀρετῆς
3493 1247 3639 1312 εἶδος

2004 1339 2308 1414 ἀνθρώπους
2339 1351 2711 1417 παρενεγκεῖν,
2744 1340 2830 1393 καὶ
2862 1341 2978 1409 Θεῷ
3009 1334 3326 1403 πλησιάσαι,

2082 1426 2184 1502 ς’.
2218 1430 2355 1506 Πρὸς
2400 1435 2583 1484 τοῦτον
2629 1430 2653 1481 ὁ
2687 1425 2975 1488 πένταθλος
3006 1425 3327 1505 ἀφικόμενος
3361 1424 3512 1489 οὗτος
3541 1431 3644 1492 τῆς

2034 1522 2048 1542 9
2321 1519 2333 1531 ι
2530 1516 2538 1533 ν
2741 1516 2750 1533 ο
2922 1516 2943 1547 λ
3032 1513 3054 1533 κ
3142 1514 3162 1545 _r
3381 1515 3394 1535 9
3593 1517 3602 1534 ι

2002 1516 2265 1581 ευσεϐείας
2310 1521 2643 1594 αγωνοθετης
2701 1515 2826 1573 δεκα
2879 1539 2975 1587 μιν
3028 1512 3319 1570 οιετελεσεν
3372 1523 3642 1592 αγωνιζο-

2004 1629 2163 1683 μενος
2209 1606 2304 1673 ’ἐτη
2335 1624 2348 1635 ’
2403 1604 2733 1682 ὀγδοήκοντα
2762 1602 2817 1660 δὲ
2848 1605 3241 1681 συναγωνιστὰς
3273 1603 3441 1682 ἔχων,
3475 1606 3646 1683 ὕπερο

2004 1697 2253 1764 ηκόντισε
2311 1696 2540 1773 πάντας,
2598 1693 2695 1749 καῖ
2752 1700 2856 1750 τῶν
2914 1692 3090 1749 ἄλλων
3143 1693 3285 1768 παρᾶ
3329 1692 3415 1749 δύο
3450 1715 3647 1772 τρεφο-

285 1801 392 1863 per
421 1783 618 1847 cibum
672 1784 1062 1858 sumentibus,
1099 1785 1226 1865 ipse
1256 1794 1433 1846 totam
1487 1784 1919 1846 hebdomadam

2017 1787 2179 1856 αένων
2229 1783 2451 1861 ἡμέρας,
2513 1787 2668 1846 αὒτὸς
2730 1789 2902 1839 πᾶσαν
2956 1780 3133 1847 ἄσιτος
3193 1781 3293 1858 ἦγε
3352 1782 3444 1849 civ
3504 1781 3651 1838 ἑϐδο-

286 1873 420 1934 sine
451 1872 586 1935 cibo
614 1872 867 1935 ducebat
900 1892 914 1935 :
950 1875 1105 1953 quod
1135 1874 1364 1955 reliqua
1394 1872 1804 1935 consodalium
1831 1873 1919 1953 (5)

291 1960 467 2024 turba
494 1980 649 2041 aegre
675 1961 994 2024 admodum
1029 1962 1274 2042 ferebat,
1295 1962 1516 2042 quippe
1546 1962 1644 2042 qui
1675 1961 1921 2041 Symeo-

292 2067 430 2111 nem
486 2050 707 2111 imitari
757 2051 1036 2131 nequivit,
1074 2051 1320 2131 ejusque
1351 2051 1657 2131 spirituale
1688 2050 1922 2112 excrci-

290 2137 435 2199 tium
467 2138 873 2202 confusionem
912 2158 980 2203 ac
1012 2141 1411 2201 temeritatem
1444 2138 1763 2220 quamdam
1795 2157 1925 2200 esse

291 2225 593 2290 dicebant.

2010 1872 2171 1946 μσὶδα.
2237 1871 2643 1951 Ἐδυσχέραινον
2687 1871 2773 1927 οὖν
2817 1869 3075 1931 πολλάκις
3108 1872 3134 1925 ὃ
3183 1868 3435 1934 σύναολος
3497 1871 3652 1933 οὗτος

2009 1964 2200 2040 χορὸς,
2262 1960 2354 2017 ἅτε
2387 1964 2665 2035 μιμεῖσθαι
2701 1961 2792 2017 τὸν
2826 1962 3046 2034 Συμεὼν
3101 1959 3158 2015 οὒ
3216 1957 3516 2035 δυνάμενοι,
3552 1961 3648 2016 καί

2008 2052 2303 2115 ἁσκητικῆς
2336 2047 2606 2111 πολιτείας
2666 2053 2927 2128 σύγχυσιν
2975 2050 3035 2103 τί)
3068 2054 3287 2125 πρᾶγμα
3318 2049 3404 2103 καὶ
3437 2047 3650 2114 ἀταξίαν

2007 2139 2245 2197 ἐκάλουν.

1790 2332 2027 2392 CAPUT
2066 2333 2139 2390 ΙΙ.

1412 2459 1762 2525 Pwnitentia,
1795 2464 1846 2515 et
1880 2458 2206 2514 abstinentia
2240 2457 2527 2515 mirabilis.

368 2586 662 2647 7.Verum
697 2601 814 2647 non
846 2584 920 2646 iis
952 2584 1135 2647 rebus
1157 2586 1542 2663 stetit,neque
1571 2583 1927 2665 promptitu-

293 2675 490 2737 dinem
516 2675 671 2735 hanc
692 2673 1076 2748 irenavit,sed
1093 2673 1387 2735 occultum
1412 2674 1782 2735 occultorum
1809 2690 1932 2732 om-

292 2762 458 2825 nium
489 2762 806 2823 scrutatori
838 2760 959 2823 Deo
990 2773 1293 2823 certamen
1327 2760 1762 2823 obtulit.Nostis
1796 2779 1929 2821 om-

294 2868 403 2912 nes
431 2853 511 2926 (6)
536 2867 712 2929 quam
740 2850 1273 2930 asperi,quamque
1304 2850 1392 2910 vel
1425 2852 1628 2911 leviter
1659 2848 1932 2910 manibus

291 2937 490 3001 attacti
521 2937 753 2999 molesti
794 2938 912 2997 sint
943 2938 1118 2998 funes
1150 2956 1222 2999 ex
1255 2938 1448 3018 palma
1479 2937 1769 2999 contexti.
1806 2936 1930 2999 Tali

295 3025 434 3088 fune
448 3026 703 3104 Symeon
720 3024 951 3087 lumbos
967 3026 1388 3104 ciugebat,nun
1407 3033 1628 3086 tantum
1648 3025 1927 3093 exterius,

2091 2583 2140 2653 ξ’
2206 2574 2346 2640 'oa=
2431 2584 2449 2616 ι’
2566 2588 2573 2600 ν
2781 2583 2825 2616 ι-
2934 2581 2958 2603 ν
3210 2583 3275 2602 τ’
3399 2581 3549 2637 ἐ-

2156 2630 2167 2641 .
2327 2617 2348 2638 ε
2402 2606 2459 2639 ο)
2512 2605 2892 2662 μεχριτουιου
2939 2603 3122 2638 ιστατο
3151 2605 3335 2662 μονον,
3368 2600 3455 2640 om
3537 2606 3649 2662 λία-

2012 2672 2156 2728 λίνου
2213 2674 2312 2739 τὴν
2369 2674 2659 2748 προθυμίαν
2690 2687 2704 2702 ⁸
2760 2670 2898 2727 ἀλλά
2952 2693 3002 2726 τι
3047 2672 3142 2727 καῖ
3191 2672 3405 2751 κρύφιον
3435 2678 3513 2744 τῷ
3547 2676 3653 2729 τῶν

2014 2761 2240 2838 κρυιξοίων
2324 2761 2575 2836 ἐξεταστῇ
2654 2761 2933 2839 ἀγώνισμα
2993 2759 3198 2838 ἔφερεν,
3262 2751 3325 2815 Ἠ
3384 2762 3484 2838 γὰρ
3544 2764 3651 2820 απὸ

2013 2849 2261 2927 φοινίκων
2319 2849 2665 2925 πεπλεγμένη
2750 2862 3000 2929 σχοῖνος,
3060 2849 3179 2904 ἴστε
3236 2850 3453 2928 πάντες,
3506 2850 3651 2913 ὅπως

2013 2938 2245 3017 τραχεῖα
2302 2938 2360 2993 τὲ
2413 2938 2523 2994 ἐστι
2577 2941 2664 2995 καὶ
2718 2939 3009 3013 ψαυούσαις
3042 2941 3202 3013 μόνον
3234 2940 3649 3018 χερσὶλυπηρά·

2013 3026 2133 3083 ἀλλ’
2189 3030 2216 3082 ὁ
2273 3028 2493 3101 Συμεὼν
2536 3029 2624 3083 καὶ
2672 3028 2841 3104 ταύτῃ
2887 3027 3100 3099 διέζωσε
3159 3028 3254 3094 τὴν
3299 3029 3456 3107 ὀσφύν
3494 3047 3508 3061 ⁹
3558 3034 3652 3088 οὖοι

298 3114 403 3176 sed
427 3123 485 3174 et
515 3113 636 3175 cuti
668 3114 835 3194 quasi
865 3115 1103 3193 agnasci
1133 3114 1483 3189 faciebat,ac
1508 3116 1585 3176 ita
1608 3116 1928 3176 vehemen-

2017 3115 2202 3181 ἔξωθεν
2260 3118 2516 3197 περιθεὶς,
2592 3115 2709 3173 ἀλλ’
2767 3118 2909 3190 αὐτῷ
2948 3118 3248 3195 προσφύσας
3294 3125 3368 3191 τῷ
3410 3116 3649 3198 δέρματι,

295 3210 387 3264 ter
401 3201 1024 3281 stringebat,utomnis
1047 3204 1150 3265 illa
1171 3204 1442 3284 corporis
1466 3221 1599 3284 pars
1620 3203 1678 3263 in
1705 3204 1928 3264 saniem

296 3290 689 3372 undequaque
720 3291 1262 3369 diﬂluerct.Decem
1296 3293 1425 3355 dies
1449 3292 1825 3373 autamplius
1851 3293 1932 3353 ita

299 3388 689 3458 transegerat,
710 3399 843 3442 cum
876 3400 1038 3455 ecce,
1076 3381 1277 3445 ulcere
1300 3384 1423 3462 jam
1456 3381 1925 3460 ingravescente,

297 3468 493 3530 sanies
523 3487 643 3530 una
671 3488 804 3531 cum
835 3471 1122 3549 sanguine
1160 3469 1302 3533 inde
1328 3471 1625 3551 proﬂuens
1648 3469 1927 3531 latentem

298 3556 460 3619 intus
484 3557 710 3637 plagam
735 3558 1140 3621 denuntiabat.
1164 3563 1310 3621 Tum
1328 3578 1484 3621 unus
1510 3577 1576 3620 ex
1601 3560 1927 3639 spectanti-

298 3644 576 3726 bus,quas
605 3648 755 3707 tanti
794 3648 1099 3727 sanguinis
1131 3668 1309 3711 causa
1332 3650 1925 3726 esset,interrugavit.

292 3733 446 3795 Dum
478 3732 729 3812 Symeon
760 3737 905 3798 nihil
936 3737 1177 3799 omnino
1231 3738 1454 3799 doloris
1483 3737 1728 3798 subesse
1760 3736 1923 3812 dicit,

291 3821 633 3900 neutiquam
660 3824 1271 3903 persuasit,sanguine
1292 3825 1349 3884 in
1367 3826 1633 3886 omnium
1650 3843 1932 3903 conspec-

293 3916 357 3969 tu
405 3908 728 3983 defluente,
761 3928 829 3972 ac
888 3929 1067 3994 supra
1098 3931 1337 3973 omnem
1374 3912 1483 3974 viri
1519 3912 1840 3974 clamorem
1875 3921 1932 3973 et

297 3996 642 4078 patientiam
704 4000 1169 4075 contradicente,
1223 4009 1285 4063 et
1330 4001 1498 4080 quasi
1547 4000 1621 4060 dc
1655 4000 1931 4079 mysterio

296 4085 938 4168 triumphante.Itaque
962 4107 1096 4151 cum
1115 4090 1356 4166 quidam
1380 4109 1413 4151 e
1431 4088 1934 4151 commilitonibus

299 4192 536 4236 manum
572 4176 866 4239 violenter
893 4177 951 4237 in
984 4178 1138 4239 latus
1168 4177 1494 4250 intulisset,
1533 4176 1766 4237 tandem
1801 4196 1939 4238 cau-

296 4281 422 4326 sam
454 4263 685 4342 didicit,
718 4283 967 4345 remque
1000 4286 1238 4328 omnem
1281 4266 1565 4346 praelecto
1599 4265 1885 4327 nuntiavit
1916 4285 1932 4325 :

298 4351 403 4431 qui
435 4369 567 4413 cum
603 4373 737 4415 eum
800 4355 1057 4434 graviter
1107 4355 1600 4436 reprehenderet,
1637 4373 1704 4415 ac
1726 4355 1939 4433 jurgiis

2015 3207 2100 3261 καὶ
2134 3207 2272 3261 οὕτω
2304 3204 2420 3261 λίαν
2452 3205 2810 3286 συνὲσφιγξεν,
2846 3210 2918 3270 ὡς
2948 3207 3086 3262 ἅπαν
3131 3207 3306 3263 ἐκεῖνο
3354 3208 3535 3281 κύκλῳ
3586 3211 3650 3267 τὸ

2016 3294 2173 3373 μέρος
2227 3292 2460 3351 ἐλκῶσαι
2520 3297 2547 3351 ὃ
2601 3309 2924 3374 περιεκεῖτο.
2972 3298 3066 3359 Ὠς
3111 3295 3165 3351 δὲ
3213 3295 3424 3361 πλείους
3453 3298 3488 3365 ἢ
3521 3296 3649 3355 δέκα

2012 3383 2215 3460 ἡμέρας
2272 3390 2456 3439 τοῦτον
2508 3383 2768 3440 διετέλεσε
2823 3385 2916 3440 τὸν
2964 3383 3183 3462 τρόπον,
3230 3386 3312 3440 καὶ
3341 3395 3432 3444 τοῦ
3460 3385 3649 3451 ἕλκους

2013 3470 2392 3550 χαλεπωτέρου
2434 3473 2736 3551 γινομένου,
2760 3475 2900 3552 ἰχὼρ
2949 3474 3181 3548 α”ματος
3226 3473 3428 3530 ἐκεῖθεν
3474 3473 3648 3555 ἄπορ-

2010 3559 2141 3636 ῥέων
2171 3565 2268 3626 τῆς
2299 3562 2432 3625 τέως
2479 3562 2844 3629 λανθανούσης
2887 3560 3101 3639 πληγῆς
3151 3562 3351 3639 ἐγίνετο
3381 3568 3646 3637 μηνυτής·

2011 3648 2171 3726 ἤρετο
2202 3672 2280 3712 τις
2313 3652 2470 3708 αὖτὸν
2502 3652 2825 3726 θεασάμενος
2879 3652 2958 3714 τίς
3001 3654 3035 3719 ἡ
3082 3653 3218 3707 αἰτία
3267 3660 3359 3709 τοῦ
3389 3653 3645 3727 αἵματος.

2017 3730 2073 3795 Ὀ
2132 3737 2187 3793 δὲ
2247 3738 2415 3812 μηδὲν
2472 3741 2622 3820 ἔχειν
2679 3742 2894 3817 ἀνιαρὸν
2951 3739 3122 3818 λέγων
3177 3740 3271 3797 οὔκ
3325 3740 3523 3821 ἔπειθε,
3556 3751 3650 3800 τοῦ

2014 3828 2066 3882 ἒν
2127 3827 2421 3907 ὀφθαλμοῖς
2476 3830 2852 3907 καταῤῥέοντος
2894 3830 3151 3909 αἵματος,
3212 3831 3404 3904 μεῖζον
3432 3833 3650 3900 καὶτῆς

2011 3923 2104 3973 τοῦ
2133 3918 2439 3996 πάσχοντος
2492 3920 2668 3996 φωνῆς
2713 3921 2798 3980 καὶ
2854 3924 2952 3986 τῆς
2985 3920 3259 3991 ὅπομονῆς
3288 3921 3647 4000 ἀντιφθεγγο-

2014 4005 2171 4076 μένου
2231 4007 2319 4061 καὶ
2375 4006 2780 4085 θριαμϐεύοντος
2838 4009 2898 4063 τὸ
2942 4009 3254 4085 μυστήριον,
3320 4011 3651 4085 Βιασάμενος

2013 4094 2184 4149 τοίνυν
2245 4096 2272 4149 ὁ
2334 4097 2754 4175 συναγωνιστὴς,
2785 4097 2874 4153 καὶ
2925 4098 3023 4155 τὴν
3061 4110 3227 4177 χεῖρα
3283 4097 3519 4175 ἐνέϐαλε,
3553 4106 3650 4157 καὶ

2018 4182 2115 4248 τὴν
2178 4184 2345 4238 αἰτίαν
2405 4182 2688 4262 κατέμαθε,
2748 4187 2835 4242 καὶ
2894 4188 3087 4252 ταύτην
3153 4194 3229 4260 τῷ
3277 4189 3655 4266 προστάττοντι

2019 4270 2368 4347 κατεμάνυεν.
2420 4275 2480 4330 Ὀ
2551 4272 2606 4328 δὲ
2657 4274 2841 4330 αὐτίκα
2891 4276 2978 4330 καὶ
3022 4275 3283 4350 ἐπιτιμῶν
3342 4279 3429 4333 καὶ
3477 4301 3656 4355 παρα-

2019 4364 2223 4438 καλῶν,
2269 4362 2359 4416 κιαὶ
2419 4369 2510 4418 τοῦ
2567 4363 2877 4440 πράγματος
2908 4364 3006 4430 τὴν
3044 4364 3302 4438 ὠμότητα
3331 4364 3650 4440 διαϐάλλων,

300 4447 527 4545 tantam
550 4442 639 4504 rei
664 4444 1083 4506 crudelitatem
1115 4445 1510 4522 argueret,vix
1538 4444 1772 4505 tandem
1804 4444 1928 4503 vin-

2020 4447 2175 4523 μόλις
2234 4449 2439 4506 ἐκεῖνον
2479 4450 2633 4506 ἔλυσε
2675 4457 2782 4507 τῶν
2825 4450 3055 4532 δεσμῶν,
3089 4452 3209 4510 ἀλλ’
3249 4455 3314 4522 ἧν
3347 4457 3374 4510 ὁ
3403 4455 3653 4532 γεννάδας

298 4526 432 4597 culo
465 4528 765 4606 liberavit,
805 4552 922 4613 quo
952 4552 1016 4595 se
1047 4534 1198 4594 solvi
1228 4533 1471 4614 quidem
1517 4532 1807 4612 patienter
1839 4543 1931 4592 tu-

300 4616 393 4697 lit;
427 4635 627 4680 verum
660 4628 724 4681 ut
758 4622 949 4683 ulceri
981 4622 1221 4703 aliquod
1255 4621 1582 4684 remedium
1617 4618 1933 4683 adhibere-

298 4712 418 4777 tur,
448 4706 831 4785 pertinaciter
861 4707 1090 4771 obstitit
1120 4710 1233 4788 (7).

383 4794 441 4858 8.
478 4793 671 4865 Quare
691 4814 826 4857 cum
857 4797 1101 4859 ascetici
1129 4798 1365 4861 sodales
1397 4799 1525 4859 haec
1552 4805 1610 4859 et
1641 4797 1934 4878 ejusmodi

301 4884 416 4945 alia
463 4881 825 4964 Symeunem
884 4894 1324 4965 perpetrantem
1367 4886 1658 4958 viderent,
1694 4895 1752 4948 et
1797 4885 1935 4947 hinc

300 4971 542 5052 quidem
565 4989 761 5053 neque
782 4991 847 5034 se
864 4992 999 5036 cum
1027 4975 1289 5036 minimis
1312 4976 1443 5054 ejus
1463 4974 1780 5037 virtutibus
1799 4992 1936 5038 cou-

303 5067 533 5122 certare
565 5061 908 5140 posse,inde
936 5063 1209 5143 superari
1230 5082 1295 5125 se
1321 5082 1440 5125 non
1461 5063 1940 5142 ferentes,jusse-

303 5155 444 5208 runt
464 5156 527 5209 ut
556 5166 590 5209 a
620 5167 766 5229 pago
796 5151 1129 5227 recederet,
1165 5171 1239 5214 ne
1269 5152 1412 5225 fors,
1441 5159 1502 5211 ut
1530 5152 1787 5227 aiebant,
1821 5156 1939 5213 im-

306 5234 712 5298 becillioribus
738 5237 937 5299 damni
975 5240 1229 5319 alicujus
1257 5258 1437 5302 causa
1461 5240 1794 5303 exstiteret.
1827 5239 1936 5321 Sy-

314 5338 490 5383 meon
510 5323 585 5385 ad
602 5327 1214 5391 montissolitudinem
1241 5347 1496 5410 pergens
1510 5328 1733 5389 invenit
1748 5329 1938 5392 lacum

310 5477 667 5603 ᾱοςέξιξέξδω
694 5482 846 5552 ipsos
875 5485 1148 5555 praesides
1174 5502 1324 5559 aegre
1352 5488 1410 5544 id
1439 5486 1640 5545 tulisse
1659 5487 1731 5545 ait
1750 5487 1941 5547 Theo-

383 5615 463 5688 (6)
497 5617 890 5681 Theodoretus
920 5624 1039 5689 haec
1058 5640 1120 5683 se
1149 5629 1219 5686 ab
1250 5642 1338 5693 eo,
1374 5628 1471 5705 qui
1496 5641 1629 5686 cum
1659 5628 1777 5685 haec
1797 5630 1941 5687 scri-

2022 4535 2186 4616 μέχρι
2246 4538 2345 4610 μὲν
2403 4544 2494 4594 τοῦ
2551 4537 2769 4606 λυθῆναι
2829 4539 2922 4606 τῆς
2979 4541 3194 4620 σχοίνου
3223 4542 3481 4611 ὑπήκοος·
3515 4542 3650 4598 ὥστε

2015 4623 2072 4681 δὲ
2127 4629 2441 4703 θεραπεῦσαι
2500 4629 2561 4683 τὸ
2612 4626 2800 4702 ἕλκος,
2866 4629 3172 4695 ἐνστατικὸς
3204 4631 3292 4687 καὶ
3322 4631 3438 4688 λίαν
3489 4633 3649 4710 ἰσχυ-

2016 4713 2330 4790 ρογνώμων,

2098 4804 2183 4869 η’.
2233 4807 2292 4861 Οἱ
2342 4807 2397 4860 ὲν
2439 4812 2505 4881 τῇ
2551 4805 2819 4882 ἀσκητικῇ
2852 4807 3019 4862 τοίνυν
3049 4805 3368 4886 παλαίστρᾳ,
3396 4810 3487 4865 καί
3518 4809 3654 4866 ἄλλα

2016 4898 2236 4948 τοιαῦτα
2295 4890 2496 4968 δρῶντα
2544 4894 2793 4973 ὁρώντες,
2826 4895 2914 4950 καὶ
2957 4894 3094 4951 ὥστε
3146 4897 3244 4969 μὲν
3291 4896 3656 4971 ἁμιλληθῆναι

2021 4978 2159 5054 μηδὲ
2217 4993 2334 5045 τοῖς
2406 4996 2627 5060 μικροῖς
2685 4985 2792 5038 τῶν
2850 4983 3052 5039 ἐκείνου
3121 4988 3298 5041 πόνων
3350 4985 3655 5061 δυνάμενοι,

2022 5068 2160 5125 ὥστε
2246 5067 2299 5124 δὲ
2357 5069 2518 5126 πάλιν
2584 5072 2800 5135 ἑαυτοὺς
2862 5074 2985 5150 ὁρᾷν
3063 5071 3515 5149 ἀπολειπομένους
3579 5076 3658 5151 μὴ

2024 5158 2420 5237 ἀνασχόμενοι,
2486 5160 2792 5239 ἀναχωρεῖν
2849 5160 2939 5216 τὸν
3012 5164 3230 5236 Συμεὼν
3303 5168 3400 5229 τῆς
3469 5164 3660 5241 κώμης

2023 5244 2291 5319 ἐκέλευον,
2339 5247 2485 5312 ὅπως
2532 5250 2610 5325 μὴ
2654 5263 2773 5313 τοῖς
2825 5249 3220 5329 ἀσθενέστερον,
3269 5250 3545 5329 λέγοντας,
3601 5256 3663 5309 τὸ

2023 5339 2182 5410 σῶμα
2246 5334 2648 5415 διακειμένοις,
2712 5338 2799 5395 καὶ
2868 5337 3066 5409 ζηλοῦν
3142 5340 3206 5395 τὰ
3259 5340 3388 5419 ὑπὲρ
3448 5339 3665 5418 δύναμιν

2021 5493 2180 5565 heret
2211 5495 2557 5553 monasterio
2593 5507 2853 5565 praeerat.
2886 5496 3024 5553 dicit
3052 5497 3363 5565 accepisse.

2024 5563 2170 5691 vita?
2202 5565 2394 5637 Longe
2452 5563 2616 5624 alitei'
2657 5579 2969 5626 narrantur
3001 5567 3124 5624 hac
3181 5563 3239 5625 in
3271 5568 3393 5629 aliis
3428 5570 3657 5637 duabus
