4004 6138
339 280 455 359 343

1619 277 1903 345 MENSIS
1960 277 2414 343 JANUARIUS.

3655 267 3782 337 344

339 435 482 480 num
514 415 759 493 invenit;
784 415 857 479 ad
877 415 1007 478 haec
1031 414 1288 495 pugilem
1313 431 1485 477 suum
1509 413 1676 476 humi
1709 422 1993 492 prostra»

2094 414 2356 488 γωνιστὴν
2411 414 2548 471 κατά
2605 421 2707 494 γῆς
2751 415 3087 495 ἐρριμμένον,
3123 413 3225 473 καὶ
3284 413 3446 490 μόνῃ
3503 415 3582 487 τῇ
3629 408 3779 465 am"

340 514 466 568 tum
496 506 786 586 videt,qui
813 505 940 566 solo
957 504 1370 585 respirationis
1390 503 1561 583 signo
1583 521 1648 565 se
1672 509 1975 564 mortuum

340 614 460 658 non
484 614 617 657 esse
637 593 1002 671 declarabat;
1021 610 1216 675 neque
1239 591 1396 654 enim
1425 608 1666 655 movere
1687 608 1979 671 se.neque

339 685 505 767 loqui
534 685 657 748 ullo
691 684 867 747 modo
898 690 1149 763 poterat,
1207 680 1482 743 vitalibus
1528 679 1838 761 spiritibus
1873 698 1980 761 per

340 775 577 855 longam
607 775 866 838 inediam
897 774 1021 836 fere
1052 772 1380 835 exstinctis.
1414 771 1792 851 Quapropter
1817 770 1977 832 divi-

344 881 457 927 nus
486 864 588 927 ille
641 863 849 926 Blasus
896 879 1064 944 aquae
1092 860 1338 941 spongia
1371 878 1477 921 ore
1505 858 1805 922 Simeonis
1832 859 1977 921 irri-

345 960 502 1033 gato,
560 952 856 1033 simulque
910 950 1139 1024 abluto,
1200 965 1507 1010 sacrorum
1561 950 1980 1029 mysteriorum

344 1041 611 1123 symbola
641 1042 728 1103 illi
760 1039 1039 1122 porrexit.

428 1134 520 1194 tt.
553 1130 780 1205 Quibus
810 1129 1064 1204 sumptis
1094 1126 1473 1191 corroborari
1503 1129 1682 1206 coepit
1715 1145 1729 1187 :
1789 1133 1911 1186 tum
1948 1142 1983 1187 e

347 1221 476 1283 solo
508 1220 789 1301 paulatim
849 1234 1187 1298 assurgens,
1223 1216 1341 1278 levi
1392 1215 1701 1295 alimento,
1737 1214 1985 1276 lactucis

349 1328 570 1391 nempe
598 1307 941 1387 agrestibus
971 1326 1041 1370 ac
1075 1305 1516 1387 intybo,corpus
1538 1302 1986 1367 reficiebat.Ita-

352 1419 469 1481 que
496 1401 706 1462 Blasus
738 1417 860 1481 pra;
887 1396 1089 1459 inedia
1120 1396 1244 1457 fere
1284 1401 1702 1475 consumptum
1735 1392 1987 1455 ulterius

351 1489 800 1570 reprehendere
822 1486 1212 1565 desiit,magis
1236 1502 1376 1546 vero
1401 1484 1508 1544 viri
1529 1483 1984 1564 temperantiam

353 1582 772 1647 admiratus,ad
792 1581 1093 1655 proprium
1125 1592 1358 1651 gregem
1379 1575 1988 1648 revertitur.magnum

353 1667 502 1730 illud
535 1667 887 1730 miraculum
912 1664 1190 1727 fratribus
1218 1661 1342 1723 suis
1355 1670 1555 1743 (supra
1577 1662 1867 1723 ducentos
1888 1660 1989 1721 ha-

2060 502 2199 576 πνοῇ
2254 503 2314 558 τὸ
2359 503 2435 578 μὴ
2484 506 2663 581 νεκρὸς
2719 506 2864 563 εἶναι
2908 506 3281 564 ἀναπείθοντα
3331 520 3345 533 ⁸
3425 500 3780 581 φθέγγεσθαι

2059 588 2160 667 γὰρ
2188 589 2224 657 ἢ
2271 595 2533 649 κινεῖσθαι
2578 595 2754 662 πάντη
2796 592 3055 658 ἀδύνατος
3089 595 3183 674 ἦν,
3236 591 3316 660 τῆ
3350 588 3557 668 μακρᾷ
3589 587 3782 663 ἐκείνῃ

2060 677 2233 751 ἀσιτίᾳ
2287 680 2382 749 τῆς
2460 683 2690 754 ζωτικῆς
2751 687 2895 757 αύτῴ
2958 682 3244 759 δυνάμεως
3324 676 3780 738 ἐναποσϐεσθεί-

2060 787 2186 834 σης.
2246 772 2516 848 Σπογγίαν
2561 782 2838 851 τοιγαροῦν
2881 770 3065 834 ὕδατος
3126 776 3154 829 6
3191 776 3364 835 θεῖος
3416 767 3648 831 Βλάσος
3684 768 3779 822 αἷ-

2061 857 2253 930 τήσας,
2286 860 2374 915 καὶ
2418 861 2582 938 ταύτῃ
2614 867 2689 935 τῷ
2720 864 2946 935 στόματι
3003 864 3095 918 τοῦ
3152 862 3409 936 Συμεὼν
3474 854 3779 935 διαϐρέξας

2062 946 2151 1003 καὶ
2193 945 2522 1022 ἀποκλύσας,
2569 951 2634 1006 τὰ
2676 948 2917 1027 σύμϐολα
2975 957 3081 1010 τῶν
3135 952 3308 1008 θείων
3345 953 3512 1022 αξιτῷ
3547 944 3777 1025 προσή-

2065 1055 2219 1112 νεγκε
2248 1038 2576 1115 μυστηρίων.

2147 1122 2223 1179 ια’
2236 1170 2252 1185 .
2295 1117 2353 1182 Ὀ
2412 1123 2467 1181 δὲ
2520 1126 2815 1205 ἀνερῥώσθη
2874 1149 2930 1183 τε
2993 1130 3330 1208 μετασχὼν,
3402 1126 3499 1182 καὶ
3547 1125 3775 1182 ὑπανα-

2067 1212 2195 1275 στάς
2225 1215 2359 1270 κατᾶ
2384 1216 2561 1296 βραχὺ
2619 1223 2710 1273 τοῦ
2752 1215 2998 1296 ἐδάφους,
3044 1216 3369 1295 θριδακίνας
3438 1217 3541 1273 καὶ
3588 1214 3775 1294 σέρεις

2068 1300 2271 1373 λεπτήν
2330 1326 2449 1360 τινα
2517 1306 2716 1385 τροφὴν
2808 1308 2897 1362 καὶ
2972 1307 3246 1387 βραχεῖαν
3324 1307 3630 1382 προσίετο.
3698 1304 3773 1362 Τὸ

2070 1390 2322 1468 ἐγκαλεῖν
2355 1393 2497 1467 αύτῷ
2528 1404 2804 1473 τοιγαροῦν
2856 1398 2884 1452 ὁ
2925 1399 3233 1470 θαυμαστὸς
3294 1395 3530 1459 Βλάσος
3579 1394 3771 1474 ἀξεὶς,

2070 1483 2162 1536 οἶα
2190 1489 2380 1559 μικροῦ
2411 1481 2495 1538 διὰ
2522 1483 2621 1550 τὴν
2652 1483 2853 1540 ἀσιτίαν
2889 1484 3505 1565 έκλελοιπὸτι,μᾶλλον
3533 1483 3641 1556 μὲν
3678 1482 3772 1538 οὖν

2071 1569 2158 1624 καὶ
2214 1571 2592 1648 ὕπεραγασθεὶς
2637 1573 2727 1631 τὸν
2759 1571 2917 1650 ἄνδρα
2945 1576 3045 1641 τῆς
3102 1574 3434 1653 καρτερίας,
3506 1576 3615 1639 τήν
3680 1574 3771 1627 ci-

2072 1658 2218 1714 κείαν
2289 1658 2489 1736 ἀγέλην
2548 1659 2699 1741 (ὑπὲρ
2755 1660 3050 1727 διακοσίους
3109 1664 3199 1719 τὸν
3246 1662 3502 1741 ἀριθμὸν
3565 1657 3768 1739 ὄντας)

356 1756 564 1835 bebat)
581 1764 927 1819 narraturus
958 1753 1107 1835 (11).
1137 1750 1391 1834 Symeon
1420 1768 1560 1812 vero
1592 1769 1662 1812 ex
1693 1750 1797 1811 illo
1831 1757 1987 1810 tem-

2094 1746 2493 1835 ιαταλαμᾷοίνει,
2551 1752 2637 1807 καὶ
2694 1752 2756 1808 τὸ
2807 1751 2945 1830 μέγα
2987 1759 3143 1809 τοῦτο
3193 1755 3403 1816 αὖτοτς
3470 1748 3772 1827 διηγεῖται

356 1864 507 1928 pore
551 1846 613 1907 in
636 1844 800 1908 omni
822 1844 940 1905 vita
966 1841 1088 1923 (ιε)
1122 1841 1331 1903 eadem
1363 1839 1566 1901 inedia
1594 1858 1737 1928 usus
1761 1837 1892 1918 fuit,
1924 1855 1992 1902 ac

357 1927 567 1998 novem
593 1934 839 1996 omnino
862 1939 921 1995 et
940 1931 1180 2010 triginta
1207 1928 1337 2003 dies
1353 1928 1485 1990 sine
1501 1928 1634 1990 cibo
1659 1927 1781 1989 ullo
1806 1935 1994 1988 trans-

357 2024 578 2106 igebat;
612 2021 1066 2104 quadragesima
1093 2018 1247 2099 dies,
1275 2017 1588 2098 praesentis
1615 2016 1994 2078 abstinentiae

357 2112 756 2189 ﬁnis,initium
791 2111 965 2173 dabat
997 2108 1571 2188 futurae,corpusque
1605 2106 1986 2176 exhaustum,

360 2221 558 2285 neque
586 2220 693 2282 per
714 2206 1017 2282 perpetuat
1047 2195 1418 2271 stationi,sed
1445 2196 1570 2275 jam
1590 2196 1804 2285 jacens
1834 2194 1995 2257 velut

361 2283 576 2354 manus
605 2287 970 2353 sublevabat.
1004 2285 1304 2366 Jejunium
1340 2302 1475 2347 cum
1502 2286 1626 2362 jam
1664 2283 1864 2346 denuo
1897 2286 1994 2345 in-

361 2381 628 2453 choaret,
662 2383 1008 2442 consuetam
1067 2374 1407 2454 stationem,
1443 2372 1717 2436 caelestes
1747 2374 1996 2453 hymnos

355 2473 650 2533 cantando
671 2468 1518 2544 usurpabat,"losqueerectus
1533 2464 1651 2523 Deo
1672 2465 1996 2523 dedicabat.

362 2560 510 2622 Cum
542 2557 614 2620 ad
647 2556 908 2619 medium
933 2551 1401 2635 quadragesimae
1419 2548 1998 2630 pervenisset,nimia

365 2646 704 2725 defatigatio
727 2645 906 2707 etiam
939 2642 1238 2703 nolentem
1270 2637 1485 2700 sedere
1504 2636 1999 2716 cogebat,corpo-

365 2737 451 2801 ris
478 2732 852 2797 facultatibus
884 2748 1003 2812 prae
1058 2727 1259 2790 inedia
1288 2726 1569 2807 paulatim
1602 2726 1996 2805 consumptis.

366 2823 609 2885 Evoluto
640 2821 857 2883 deinde
913 2826 1076 2880 certo
1128 2816 1362 2877 dierum
1394 2813 1622 2876 circulo
1654 2812 1861 2876 vitales
1892 2832 1999 2875 ac-

369 2912 564 2974 tiones
590 2909 922 2979 cessabant,
952 2915 1077 2967 tum
1137 2911 1197 2965 et
1250 2903 1411 2964 hunc
1440 2901 1679 2983 quidem
1714 2902 1773 2961 in
1806 2902 1999 2964 solum

2071 1839 2265 1910 θαῦμα.
2333 1827 2388 1894 Ὀ
2467 1838 2650 1914 μέντοι
2718 1827 2937 1915 Συμεὼν
3012 1839 3062 1907 ἐξ
3120 1840 3335 1897 ἐκείνου
3384 1846 3461 1917 τῇ
3531 1840 3772 1915 τοιαύτῃ

2073 1923 2157 1980 διὰ
2223 1925 2402 1992 πάσης
2462 1931 2619 1986 αὒτοῦ
2673 1933 2772 1997 τῆς
2830 1935 2974 1999 ζωῆς
3034 1930 3317 2009 ἐπέχρητο
3391 1930 3614 2007 ἀσιτίᾳ,
3679 1929 3773 1983 καὶ

2073 2013 2355 2092 τριάκοντα
2412 2016 2508 2090 μὲν
2565 2018 2694 2096 πρὸς
2722 2030 2850 2082 ταῖς
2880 2017 3027 2075 ἐννέα
3058 2017 3186 2081 ὅλας
3244 2018 3479 2095 ἡμέρας
3516 2019 3583 2075 τὸ
3647 2038 3769 2073 πα-

2076 2103 2244 2180 ράπαν
2286 2101 2466 2168 ἄσιτος
2519 2105 2702 2163 εἷλκεν
2735 2122 2749 2137 °
2815 2109 2849 2176 ἡ
2896 2110 3296 2187 τεσσαρακοστὴ
3364 2106 3426 2164 δὲ
3492 2104 3769 2183 διαγενο-

2077 2190 2212 2267 μένη
2269 2192 2421 2256 τέλος
2452 2195 2593 2270 αὕτῷ
2637 2200 2734 2263 τῆς
2793 2198 3064 2274 παρούσης
3108 2197 3350 2270 ἀσιτίας,
3405 2197 3503 2252 καὶ
3572 2195 3766 2271 ἀπαρ-

2077 2280 2190 2361 χὴν
2242 2284 2340 2348 τῆς
2407 2282 2712 2358 μελλούσης
2770 2287 3059 2362 εἷργαζετο,
3118 2288 3447 2352 πεπονηκός
3510 2306 3572 2340 τε
3620 2285 3765 2340 ἀνα·-

2079 2368 2421 2446 λαμϐάνουσα
2450 2374 2511 2428 τὸ
2536 2376 2713 2452 σῶμα,
2775 2377 2861 2429 καὶ
2917 2372 3051 2448 μηδέ
3111 2376 3243 2451 πρὸς
3306 2374 3416 2441 τὴν
3469 2374 3765 2451 πάννυχον

2080 2459 2287 2527 ἐκείνην
2371 2461 2982 2541 στάσινεῦπηρετεῐσθαι
3065 2462 3372 2543 δυναμένῳ,
3440 2459 3576 2519 ἀλλ’
3653 2459 3760 2529 ἤδη

2081 2548 2310 2623 κειμένῳ
2352 2552 2510 2605 οἱονεί
2537 2555 2653 2607 τινα
2695 2563 2861 2631 χεῖρα
2917 2552 3197 2630 ὀρέγουσα,
3246 2551 3616 2632 Ἀρχόμενος
3652 2552 3755 2624 μὲν

2083 2637 2180 2715 γὰρ
2222 2639 2320 2704 τῆς
2365 2639 2611 2704 νηστείας
2657 2646 2723 2716 τῇ
2788 2642 2996 2711 συνήθει
3029 2641 3210 2698 στάσει
3240 2641 3379 2717 περὶ
3412 2641 3547 2700 τοὺς
3581 2641 3760 2701 θείους

2081 2725 2275 2795 ὕμνους
2330 2725 2559 2808 ἐχρῆτο,
2618 2730 2706 2785 καὶ
2748 2730 2898 2806 ὀρθὸς
2945 2730 3159 2794 τούτους
3202 2729 3339 2786 ἀνίει
3376 2737 3504 2805 Θεῷ
3541 2746 3555 2759 ⁶
3593 2731 3761 2797 ἡδίκα

2081 2813 2136 2871 δὲ
2193 2817 2312 2893 περὶ
2369 2816 2531 2889 μέσας
2588 2818 2683 2882 τὰς
2740 2818 3133 2895 τεσσαράκοντα
3190 2820 3479 2900 φθάσειεν,
3539 2818 3760 2875 ἐκάθισε

2081 2907 2169 2961 καὶ
2227 2903 2422 2961 ἄκοντα
2477 2912 2660 2962 τοῦτον
2732 2910 2760 2962 6
2816 2908 3008 2981 κόπος,
3070 2912 3165 2976 τῆς
3225 2910 3568 2982 σωματικῆς
3602 2905 3760 2962 δυνά-

370 2999 830 3083 prosternebant
862 3014 875 3059 :
911 2995 1038 3090 ipse
1069 3010 1208 3090 vero
1240 3009 1434 3072 neque
1468 2990 1556 3090 sic
1583 2990 1938 3053 constitutus
1967 3010 1993 3054 a

2094 3015 2226 3056 αεως
2263 2999 2331 3069 τῇ
2387 2993 2560 3066 ἀσιτίᾳ
2602 2996 2739 3052 κατά
2785 2998 2973 3075 μικρὸν
3030 2994 3461 3063 ὕποδεδωκυίας,
3527 2999 3614 3067 Λή
3631 3018 3755 3073 γον-

370 3078 562 3154 sacris
592 3086 825 3170 hymnis
854 3081 1209 3162 abstinebat;
1246 3098 1449 3142 verum
1485 3078 1993 3170 laborumremis-

2094 3104 2173 3142 τος
2231 3080 2283 3137 δὲ
2344 3080 2447 3150 ἤδη
2505 3086 2599 3140 τοῦ
2639 3085 2887 3142 τοιούτου
2918 3091 3024 3142 τῶν
3053 3087 3268 3164 ἡμερῶν
3299 3086 3543 3166 κυκλου,
3585 3107 3752 3145 συνα-

370 3180 486 3256 sio,
519 3167 650 3241 imo
670 3177 1042 3247 alimentum,
1072 3171 1333 3250 denique
1364 3175 1422 3230 et
1451 3167 1807 3256 somnusilli
1830 3182 2001 3231 erant

372 3255 568 3331 divina
598 3266 855 3347 eloquia.
883 3263 1022 3326 Haec
1056 3259 1330 3341 Symeoni
1355 3258 1479 3337 jam
1512 3256 1663 3319 coelo
1686 3255 1888 3336 digno,
1924 3258 2001 3321 li-

368 3366 467 3421 cet
495 3365 712 3421 terram
745 3351 1053 3425 incolenti,
1087 3349 1218 3412 vitae
1246 3347 1402 3410 ratio
1431 3354 1576 3407 erat.

370 3449 546 3506 πόνων
597 3450 739 3519 αὒτῷ
769 3445 855 3502 καὶ
909 3442 1078 3522 τροφὴ
1122 3440 1207 3495 καὶ
1236 3437 1397 3502 ὕπνος
1454 3437 1520 3493 τὰ
1569 3439 1689 3495 θεῖα
1746 3436 1902 3516 λόγια
1931 3438 2019 3508 ἧν.

370 3535 496 3609 ἀξίῳ
526 3536 745 3609 Συμεὼν
774 3537 811 3604 ἦ
836 3530 1100 3609 διαγωγή,
1682 3602 1683 3605 η

449 3626 551 3686 42.
573 3622 961 3701 Posteaquam
995 3634 1133 3679 vero
1164 3633 1302 3678 eum
1329 3614 1391 3676 in
1423 3613 1680 3677 sublime
1713 3614 2000 3678 elevatum

369 3712 644 3776 columna
658 3705 1143 3783 tenuit,omnium
1169 3723 1306 3782 quae
1324 3704 1388 3765 in
1409 3721 1610 3765 rerum
1635 3711 1844 3766 natura
1867 3711 2005 3766 sunt

369 3800 587 3864 oblitus
617 3815 749 3860 esse
782 3794 1116 3869 videbatur,
1137 3810 1373 3855 omnem
1406 3792 1611 3854 sedem
1644 3810 1712 3854 ac
1748 3793 2004 3855 cubandi

369 3887 866 3969 opportunitatem
883 3880 1321 3945 recusabat.Ad
1341 3880 1466 3942 haec
1491 3881 1717 3969 trabem
1742 3890 2002 3943 erectam

368 3968 548 4056 super
567 3973 903 4037 columnam
929 3968 1349 4044 statuebat,cui
1372 3986 1437 4030 se
1466 3968 1612 4030 adeo
1638 3968 1873 4032 fortiter
1903 3971 1998 4032 al-

369 4064 683 4143 ligabat,ut
712 4079 789 4124 ne
817 4058 1035 4121 volenti
1065 4056 1305 4139 quidem
1336 4068 1438 4118 aut
1466 4056 1678 4118 sedere
1701 4058 2001 4119 autiucli-

371 4171 516 4218 nare
541 4170 606 4215 se
635 4149 984 4225 liceret,hac
1012 4146 1244 4208 ratione
1272 4144 1418 4206 illud
1450 4144 1838 4226 quadraginta
1867 4146 1997 4207 die-

2082 3170 2287 3249 πέληγε
2343 3173 2427 3228 καὶ
2483 3174 2548 3228 τὰ
2603 3174 2699 3241 τῆς
2756 3180 2988 3245 ζωτικῆς
3039 3175 3328 3253 ἐνεργείας,
3392 3175 3496 3232 καί
3560 3174 3752 3230 τοῦτον

2085 3262 2182 3335 μὲν
2238 3262 2324 3317 ὶπὶ
2371 3267 2463 3318 τοῦ
2520 3259 2738 3343 ἐδάφους
2769 3263 3077 3321 κατέκλινεν
3110 3283 3127 3301 ⁸
3161 3268 3187 3321 6
3218 3263 3273 3320 δὲ
3307 3264 3432 3322 οὐδὲ
3466 3265 3613 3322 οὕτω
3643 3263 3751 3320 τῶν

2084 3353 2239 3428 ἱερῶν
2288 3350 2502 3407 ἐκείνων
2530 3350 2708 3427 ὕμνων
2753 3354 3030 3433 ἀφίστατο,
3067 3352 3204 3409 ἀλλά
3251 3356 3338 3409 καὶ
3402 3353 3594 3417 ἄνεσις
3641 3353 3749 3409 τῶν

2080 3437 2223 3506 Αὕτη
2281 3439 2377 3515 μὲν
2408 3438 2473 3506 δὴ
2514 3447 2613 3509 τῆς
2673 3444 2775 3521 γῆς
2807 3441 2883 3499 ἔτι
2929 3443 3148 3517 ψαύοντι
3204 3445 3281 3504 τῶ
3309 3449 3421 3500 τῶν
3485 3443 3749 3519 οὐρανίων

2169 3618 2242 3696 ιβ’
2254 3665 2268 3680 .
2323 3615 2547 3686 Ἐπειδὴ
2605 3616 2660 3674 δὲ
2715 3619 3001 3699 μετάρσιον
3060 3621 3214 3677 αὐτὸν
3276 3621 3411 3700 εἶχε
3482 3623 3512 3677 6
3586 3619 3744 3697 κίων,

2087 3707 2486 3765 ἐπιλανθάνεται
2552 3708 2649 3783 μὲν
2721 3714 2819 3776 τῆς
2898 3711 3085 3776 κοινῆς
3162 3710 3413 3766 ἁπάντων
3474 3709 3689 3788 φύσεως
3727 3722 3742 3737 ⁸

2084 3797 2354 3876 ἠρνήσατο
2396 3796 2450 3853 δὲ
2507 3799 2597 3854 καὶ
2639 3798 2737 3865 τὴν
2776 3797 3033 3877 καθέδραν
3077 3799 3165 3855 καὶ
3222 3801 3322 3864 τὴν
3389 3796 3739 3875 κατάκλισιν,

2087 3888 2174 3944 καὶ
2216 3883 2369 3943 δοκὸν
2399 3886 2497 3960 μὲν
2525 3886 2695 3964 ὄρθιον
2722 3888 2807 3943 επὶ
2873 3894 2965 3945 τοῦ
3014 3889 3189 3951 κίονος
3249 3888 3482 3960 στήσας,
3548 3886 3741 3944 ἑαυτὸν

2084 3974 2139 4031 δὲ
2196 3981 2266 4051 τῇ
2322 3972 2462 4047 δοκῷ
2511 3973 2841 4055 προσδήσας,
2874 3977 2948 4039 ὡς
3005 3978 3069 4031 ἂν
3110 3974 3248 4051 μηδὲ
3278 3975 3597 4053 βουλομένῳ
3628 3996 3733 4030 κα-

2081 4061 2378 4120 τακλίνεθαι
2426 4061 2562 4137 μηδὲ
2610 4064 2836 4134 καθίζειν
2867 4063 3015 4141 ἐξην,
3047 4063 3190 4121 οὕτω
3218 4066 3279 4121 τὸ
3329 4065 3735 4144 τεσσαράκοντα

2080 4152 2297 4228 ἡμερῶν
2354 4152 2531 4207 ἐκεῖνο
2592 4156 2691 4217 τῆς
2755 4152 3004 4219 νηστείας
3060 4151 3186 4220 ἤνυε
3244 4151 3482 4216 στάδιον,
3549 4150 3735 4229 Χρόνῳ

368 4261 502 4306 rum
528 4241 745 4322 jejunii
776 4237 1026 4301 stadium
1060 4234 1427 4316 perﬁciebat.
1456 4234 1834 4296 Postmodum
1859 4253 1993 4297 vero

2094 4238 2137 4295 δὲ
2190 4238 2404 4319 ὕστερον
2489 4236 2870 4314 δαψιλεστέρας
2956 4240 3264 4306 ἀπολαύσας
3349 4246 3441 4309 τῆς
3531 4240 3730 4295 ἄνωθεν

371 4329 712 4392 uberiorem
746 4345 780 4390 e
829 4326 981 4388 caelo
1037 4324 1286 4405 adeptus
1335 4324 1604 4406 gratiam,
1665 4342 1860 4405 neque
1886 4324 2001 4386 hoc

370 4416 592 4480 auxilio
620 4413 923 4494 indigebat
954 4431 970 4476 :
1006 4430 1208 4475 verum
1260 4412 1652 4494 quadraginta
1689 4422 1840 4476 totos
1870 4412 2001 4474 dies

368 4505 622 4567 vinculis
642 4504 1033 4577 solutus,sine
1055 4509 1629 4579 tecto,erectus,non
1660 4501 1998 4575 inclinatus,

372 4594 685 4676 impastus,
718 4592 837 4655 imo
869 4591 995 4654 fere
1024 4591 1156 4653 sine
1201 4609 1378 4654 carne
1426 4591 1702 4654 columna
1730 4589 1999 4672 quaedam

371 4685 499 4747 viva
528 4691 589 4747 et
615 4684 875 4746 animata
903 4680 1286 4747 consistebat.

2021 4302 2068 4354 D

2084 4329 2328 4409 χάριτος,
2360 4327 2477 4384 οὐδὲ
2522 4328 2720 4394 ταύτης
2763 4326 2938 4386 έδεῖτο
2995 4332 3095 4397 τῆς
3150 4332 3419 4407 βοηθείας,
3474 4329 3613 4386 ἀλλά
3644 4327 3730 4383 καὶ

2082 4419 2177 4484 τὰς
2232 4417 2625 4495 τεσσαράκοντα
2678 4416 2807 4483 ὅλας
2843 4417 3041 4498 ἡμέρας
3085 4417 3292 4493 ἄδετος,
3326 4419 3578 4498 ἅστεγος,
3628 4415 3725 4492 ὄρ-

2083 4509 2217 4581 θιος,
2278 4505 2525 4586 ἀκλινὴς,
2585 4505 2788 4578 ἄσιτος,
2846 4515 3035 4587 μικροῦ
3094 4510 3183 4565 καὶ
3248 4506 3476 4588 ἄσαρκος
3536 4506 3724 4563 ἵστατο

2086 4594 2260 4664 στήλη
2291 4616 2371 4660 τις
2401 4595 2548 4667 ζῶσα
2570 4596 2658 4652 καὶ
2690 4593 2962 4678 ἔμψυχος.

1842 4778 2079 4840 CAPUT
2133 4780 2226 4838 Ill.

1444 4895 1674 4957 Maximi
1703 4895 1773 4951 ad
1810 4911 1935 4954 eum
1962 4897 2283 4969 populorum
2310 4912 2635 4957 concursus.

448 5047 778 5113 t3.Vertim
793 5047 1060 5111 ordinem
1084 5063 1283 5110 rerum
1306 5056 1603 5128 gestarum
1625 5056 1828 5112 nostra
1851 5065 1998 5128 pra;-

367 5137 545 5199 vertit
570 5137 920 5218 oratio,quae
940 5138 1128 5199 instar
1145 5139 1359 5201 ﬂorum
1373 5137 1527 5200 bene
1541 5137 1828 5200 olentium
1858 5156 1995 5199 om-

365 5228 468 5289 nia
485 5226 557 5288 ad
592 5243 657 5289 se
685 5227 949 5289 trahunt.
979 5225 1163 5289 Nobis
1188 5244 1328 5289 vero
1362 5225 1663 5307 prioribus
1692 5227 1997 5291 inhaerens

433 5393 546 5460 (tt)
578 5391 838 5463 Exponit
864 5394 962 5451 hic
1010 5394 1404 5455 Theodoretus
1460 5404 1753 5456 austeram
1786 5412 1992 5460 eorum

362 5461 487 5519 vita
514 5461 828 5520 rationem.

434 5531 548 5614 (12)
575 5531 943 5614 Ribadineira
974 5536 1054 5593 ait
1099 5539 1418 5608 quotannis
1447 5538 1627 5596 semel
1665 5538 1993 5614 idASymeo-

361 5616 495 5663 nem
521 5602 831 5672 factitasse,
864 5614 1063 5676 postea
1089 5602 1223 5665 v‘ero
1253 5618 1491 5682 propter
1520 5612 1782 5686 corporis
1797 5602 1993 5673 'imbe-

2160 5051 2257 5130 ιγ’.
2291 5048 2460 5109 Ἀλλὰ
2492 5054 2772 5132 προφθιὶνει
2816 5052 2913 5120 τὴν
2965 5057 3071 5108 τῶν
3122 5054 3452 5132 πραγμάτων
3483 5048 3710 5109 ἀκολου-

2076 5142 2190 5197 θίαν
2238 5143 2267 5197 6
2324 5138 2506 5220 λόγος,
2560 5141 2774 5207 πάντως
2827 5140 3174 5220 ἱπαγομένων
3219 5144 3348 5220 πρὸς
3406 5142 3562 5198 ἑαυτὸ
3618 5158 3710 5193 κα-

2076 5230 2242 5310 θάπερ
2294 5230 2360 5287 τὰ
2417 5227 2588 5300 εὺώδη
2632 5237 2736 5288 τῶν
2780 5230 3000 5307 ἀνθέων,
3053 5233 3186 5308 ἡμῖν
3216 5230 3270 5288 δὲ
3305 5236 3411 5288 τῶν
3443 5227 3708 5309 προτέρων

2077 5395 2369 5457 cillitatem
2445 5407 2709 5457 coactum
2758 5398 3151 5458 austeritatem
3208 5399 3518 5456 moderari.
3580 5393 3718 5451 Citat

2075 5467 2500 5526 Theodoretum
2535 5487 2548 5526 :
2581 5484 2782 5528 verum
2822 5469 2879 5527 id
2938 5469 3331 5527 Theodoretus
3382 5484 3499 5526 non
3540 5463 3713 5524 dicit;

2074 5540 2242 5611 cujus
2271 5540 2395 5596 haec
2429 5541 2599 5598 verba
2632 5551 2767 5598 sunt
2801 5558 2816 5599 :
2856 5562 2878 5593 ι
2905 5540 3155 5610 Tempus
3178 5550 3368 5601 autem
3392 5549 3448 5598 et
3468 5532 3718 5599 assuefa-

2075 5612 2187 5670 ctio
2218 5611 2462 5673 multum
2493 5611 2741 5672 detraxit
2771 5611 2841 5670 de
2874 5611 3092 5669 labore.
3127 5631 3150 5662 ι
