4004 6138
280 356 362 426 345

1375 361 1564 427 VITA.
1603 361 1666 425 S.
1712 354 2100 423 SYMEONIS
2142 348 2528 419 STYLIT/E.

3516 337 3635 408 346

277 495 355 562 ἤτω
394 493 704 574 ἐχόμενος.
788 494 882 557 Ἐν
944 502 1021 571 τῷ
1064 493 1437 574 προειρημένῳ
1478 495 1647 551 τοίνυν
1690 493 1911 566 οἰκίσκῳ

1999 488 2402 570 progrediatur
2456 485 2739 550 narratio.
2797 481 2865 548 In
2930 480 3215 574 praedicta
3268 476 3634 574 domuncula

267 584 410 663 τρίτον
490 582 948 667 διακαρτερήσας
1014 584 1250 643 ἐνιαυτὸν
1308 584 1393 642 ἐπὶ
1459 584 1555 652 τὴν
1613 580 1905 662 πολυθρύλ-

258 673 400 741 λητον
468 674 701 744 ἐκείνην
785 684 882 735 τοῦ
946 674 1096 753 ὄρους
1167 675 1399 755 κορυφὴν
1456 671 1747 753 ἀναϐαίνει,
1825 671 1911 727 καὶ

253 762 413 838 κύκλῳ
452 765 688 846 τειχίον
740 764 1163 844 περιϐαλόμενος
1218 763 1477 842 ὕπαιθρον
1527 763 1626 839 μὲν
1678 763 1774 831 τὴν
1821 760 1911 818 οἵ·

248 876 390 921 κησιν
432 855 600 936 εἶχε,
654 858 903 914 καύσωνι
944 857 1031 914 καὶ
1075 856 1243 936 ψύχει
1291 852 1556 916 παλαίων,
1588 850 1812 910 ’Ἃλυσιν
1854 850 1910 907 δὲ

247 940 451 1021 σιδηρᾶν
511 951 774 1027 πῆγεων
849 944 1024 1004 εἴκοσι
1084 944 1467 1024 κατεσκεύασε,
1550 943 1640 1000 καὶ
1694 942 1911 1019 θάτερον

243 1033 330 1107 μὲν
368 1038 475 1090 τῶν
524 1033 731 1114 ἅιιρων
776 1037 943 1102 αὐτῆς
1005 1035 1173 1114 πέτρᾳ
1243 1037 1345 1091 τινὶ
1400 1034 1625 1113 μεγίστῃ
1683 1031 1908 1111 ἐνείρας,

243 1122 443 1200 θάτερον
489 1121 551 1180 δὲ
617 1124 720 1182 διά
776 1147 922 1190 τινος
977 1124 1152 1201 κρίνου
1179 1127 1256 1197 τῷ
1287 1123 1462 1196 οἰκείῳ
1510 1121 1630 1179 ποδὶ
1671 1120 1908 1197 ἐνήρμο-

244 1231 345 1291 etv,
396 1213 474 1278 ὡς
544 1212 617 1268 ἂν
686 1213 831 1289 μηδὲ
882 1211 1079 1294 σφόδρα
1108 1211 1299 1271 ἐθέλων
1333 1210 1433 1278 ἔξω
1461 1218 1565 1268 τῶν
1596 1209 1733 1291 ὅρων
1766 1209 1909 1267 ὲκεί-

250 1320 339 1355 νων
392 1300 582 1361 ἀπίοι.
642 1301 925 1382 Διέτριϐεν
982 1302 1127 1360 ἔνδον
1179 1303 1270 1359 ἀεὶ
1325 1309 1401 1375 τῷ
1449 1302 1671 1381 οὐρανίῳ
1727 1299 1911 1357 κάλλει

247 1386 388 1463 μόνῳ
433 1389 801 1467 ἐνατενίζων,
848 1406 965 1450 τοῖς
1006 1391 1060 1448 ἐν
1103 1395 1248 1466 αὐτῷ
1278 1413 1334 1449 τε
1380 1391 1638 1466 θεάμασιν
1681 1388 1912 1468 ἐμφιλο-

247 1484 465 1555 χωρῶν,
524 1482 629 1538 καὶ
701 1480 907 1538 πλείονι
958 1488 1036 1556 τῷ
1086 1481 1233 1554 πόθῳ
1287 1482 1375 1539 καὶ
1426 1479 1727 1558 θερμοτέρῳ
1780 1479 1910 1557 πρὸς

242 1565 442 1626 ἐκείνου
504 1568 856 1648 δημιουργὸν
906 1571 1259 1650 ἀναγόμενος.
1307 1568 1563 1634 Μελέτιος
1621 1567 1699 1642 δὲ,
1750 1571 1795 1643 ᾧ
1849 1568 1915 1626 τὰ

241 1658 336 1722 τῆς
393 1657 697 1726 εὗσεϐείας
754 1667 1047 1728 τηνικαῦτα
1100 1659 1391 1739 ἐνίδραστο,
1441 1662 1534 1717 τὸν
1596 1659 1910 1738 ἀρχιερατι-

241 1747 332 1805 κὸν
384 1748 594 1824 θρόνον
656 1749 757 1818 τῆς
815 1749 1099 1829 Ἀντιόχου
1156 1747 1374 1824 διέπων,
1434 1749 1572 1824 μετὰ
1630 1749 1754 1805 θέαν
1823 1754 1914 1804 τοῦ

1995 569 2305 663 postquam
2337 579 2594 642 triennio
2627 576 3028 659 perdurasset,
3065 571 3432 663 celebratum
3462 569 3632 631 illum

1996 661 2212 731 montis
2242 669 2523 732 verticem
2556 668 2849 742 ascendit,
2902 666 3005 730 ubi
3035 661 3426 762 circumcirca
3461 677 3629 762 muro

1994 759 2223 821 cinctus
2250 777 2445 820 casam
2477 757 2809 820 subdialem
2843 758 3070 833 habuit,
3103 754 3165 815 in
3194 771 3312 831 qua
3343 769 3478 813 cum
3514 749 3626 810 fri-

1994 867 2135 928 gore
2168 857 2225 910 et
2253 849 2453 910 calore
2482 848 2835 910 luctabatur.
2873 846 2963 909 Ad
2995 847 3122 908 haec
3155 852 3426 906 catenam
3461 859 3493 902 e
3518 841 3631 901 l’er-

1992 956 2059 999 ro
2089 937 2461 1015 longitudine
2508 938 2846 1001 cubitorum
2902 936 3103 1016 viginti
3147 932 3262 997 sibi
3296 936 3626 1011 comparat,

1993 1028 2161 1108 cujus
2190 1046 2368 1089 unam
2427 1028 2862 1090 extremitatem
2908 1024 3134 1105 ingenti
3165 1041 3303 1086 saxo
3335 1024 3626 1108 annectit,

1991 1117 2240 1211 alteram
2274 1117 2692 1211 perannulum
2742 1117 2981 1211 proprio
3031 1112 3168 1196 pedi
3200 1113 3438 1211 adaptat
3475 1107 3629 1211 (Ιβ),

1991 1212 2160 1267 utne
2191 1205 2242 1267 si
2297 1206 2473 1269 vellet
2531 1206 2774 1288 quidem
2833 1204 3052 1267 limites
3100 1210 3347 1267 statutos
3372 1204 3629 1288 transire

1993 1293 2439 1376 posset.Verum
2461 1287 2618 1357 intus
2650 1302 2936 1376 perpetuo
2973 1288 3451 1371 morabatur,uni
3482 1287 3631 1350 ctelo

1992 1383 2333 1461 intendens;
2358 1385 2538 1467 inque
2562 1387 2692 1464 ejus
2722 1385 2801 1446 ita
2821 1383 3083 1446 hmrebat
3105 1382 3337 1443 deﬁxus
3355 1385 3629 1458 aspectu,

1996 1473 2166 1551 quasi
2188 1474 2311 1554 jam
2343 1474 2542 1536 animo
2573 1473 2910 1536 inhabitare
2939 1472 3262 1553 videretur;
3296 1467 3505 1548 majori
3537 1474 3630 1528 ta-

1998 1580 2132 1622 men
2165 1580 2231 1624 ac
2274 1560 2617 1625 ferventiori
2649 1562 2943 1625 desiderio
2975 1562 3034 1623 in
3068 1559 3403 1623 caelestium
3430 1574 3632 1618 rerum

1997 1651 2367 1714 conditorem
2401 1652 2729 1716 ferebatur.
2761 1651 2928 1714 Tunc
2960 1650 3231 1712 Meletius
3258 1649 3413 1729 (l4),
3450 1646 3538 1707 vir
3570 1646 3633 1706 in

1996 1758 2112 1820 quo
2142 1740 2351 1820 religio
2382 1743 2587 1804 sedem
2621 1741 2960 1822 [ἰδίει-δι,ᾳυί
2990 1739 3397 1821 patriarchalis
3428 1735 3633 1799 Antio-

239 1831 431 1912 ἀνδρὸς
495 1837 924 1916 παραγεγονὼς,
970 1828 1068 1894 οἶα
1107 1842 1207 1905 τῆς
1249 1835 1374 1915 περῖ
1425 1840 1583 1895 αὐτού
1611 1836 1798 1917 φήμης
1829 1835 1911 1892 διὰ

1999 1828 2149 1891 cbiae
2178 1830 2375 1892 throni
2403 1830 2804 1910 gubernacula
2822 1829 3161 1903 tenebat,ad
3188 1828 3295 1891 viri
3322 1834 3631 1908 spectacu-

241 1920 465 1978 πάντων
525 1922 855 2005 χωρούσης.
910 1923 1132 1992 Ἐπειδὴ
1211 1930 1396 1981 τοῦτον
1452 1923 1615 1985 οὕτως
1676 1924 1911 2002 ὑπαίθρῳ

1999 1920 2117 1980 lum
2146 1921 2394 1991 excitus,
2431 1921 2586 1982 fama
2635 1922 2761 2000 jam
2823 1920 2999 2000 longe
3056 1920 3289 1997 lateque
3320 1926 3628 1997 currente,

240 2015 307 2086 τῇ
363 2008 638 2093 διαγωγῇ
694 2015 977 2096 χρώμενον
1020 2014 1159 2088 εἶδε,
1216 2016 1349 2092 πρὸς
1413 2012 1467 2069 δὲ
1523 2012 1616 2069 καῗ
1675 2020 1752 2088 τῷ
1804 2014 1909 2069 ἀπὸ

1999 2017 2300 2090 postquam
2335 2009 2502 2072 illum
2536 2010 2647 2071 sub
2679 2010 2776 2072 dio
2802 2009 3075 2072 habitare
3104 2007 3352 2088 vidit,ad
3385 2008 3633 2096 haecca-

239 2098 469 2179 σιδήρου
532 2094 733 2179 δεσμῷ⁷
775 2106 866 2162 τὸν
923 2102 1100 2183 ἕτερον
1150 2109 1257 2159 τῶν
1301 2101 1479 2161 ποδῶν
1511 2101 1906 2179 πεπεδημένον,

1999 2104 2189 2158 tenam
2220 2097 2474 2160 ferream
2506 2098 2678 2161 alteri
2711 2097 2848 2177 pedi
2880 2096 3210 2175 alligatam;
3243 2096 3359 2157 alia
3389 2094 3632 2176 quidem

239 2189 306 2245 τὰ
342 2191 448 2264 μὲν
480 2192 635 2250 ἅλλα
664 2195 719 2250 ἐν
746 2195 1009 2270 θαύματος
1040 2191 1185 2270 λόγῳ
1214 2193 1454 2249 ἐποιεῖτο
1487 2207 1502 2223 ‘
1536 2194 1628 2248 τὸν
1656 2191 1712 2248 δὲ
1751 2191 1907 2259 σίδη-

1999 2185 2400 2248 admirationis
2430 2187 2558 2250 loco
2590 2187 2821 2263 habuit,
2856 2188 3111 2249 ferream
3143 2194 3338 2248 autem
3363 2189 3631 2247 catenam

220 2302 332 2356 ορον
362 2282 470 2339 οὒκ
501 2282 723 2360 ἐπῄνει,
769 2284 1016 2355 περιττὸν
1076 2283 1236 2341 αὐτὸν
1275 2283 1425 2338 εἶναι
1470 2280 1669 2361 λέγων,
1714 2282 1911 2360 ἀρκού-

1999 2273 2243 2336 minime
2271 2274 2558 2354 probavit,
2588 2277 2949 2354 superﬂuam
2976 2294 3106 2338 esse
3129 2272 3633 2354 dicens,quando-

244 2391 349 2437 σης
380 2377 491 2439 τῆς
529 2372 760 2451 γνώμης
803 2370 997 2450 λογικᾶ
1025 2377 1103 2445 τῷ
1133 2371 1341 2446 σώματι
1372 2376 1665 2450 περιθεῖναι
1716 2369 1909 2446 δεσμά,

1999 2365 2236 2439 quidem
2272 2382 2441 2425 mens
2496 2365 2798 2427 sufﬁceret
2846 2365 2919 2427 ad
2948 2364 3368 2446 apponeudum
3402 2361 3632 2451 vincula

248 2461 506 2519 Πείθεται
547 2450 770 2528 τούτοις
823 2464 852 2518 ὁ
907 2462 1211 2536 θαυμαστὸς
1271 2468 1517 2540 Συμεων,
1563 2462 1650 2517 καὶ
1700 2460 1911 2541 χαλκέα

1999 2452 2371 2514 rationabilia
2400 2454 2659 2535 corpori.
2719 2454 2824 2517 His
2870 2454 3001 2516 sine
3052 2472 3218 2515 mora
3246 2450 3630 2515 admirandus

251 2549 533 2620 κληθῆναι
578 2551 861 2626 κελεύσας,
921 2549 1073 2611 λῦσαι
1117 2551 1215 2627 μὲν
1271 2550 1542 2629 ἐπιτρέπει
1571 2557 1666 2608 τοῦ
1697 2548 1911 2627 σιδήρου

1999 2542 2098 2603 ille
2123 2544 2377 2622 Symeon
2406 2543 2876 2625 obtemperat,ac
2908 2543 3074 2605 fabro
3097 2543 3293 2606 vocari
3318 2542 3629 2623 jusso,pe-

255 2640 352 2695 τὸν
395 2639 545 2699 πόδα
579 2661 596 2676 °
632 2644 660 2699 ὁ
688 2640 743 2698 δὲ
781 2642 873 2718 καὶ
915 2639 1109 2719 λυθεὶς,
1165 2640 1313 2716 ὅμως
1345 2638 1462 2697 οὐδὲ
1491 2639 1632 2698 οὕτω
1660 2641 1783 2705 τοὺς
1813 2641 1911 2708 τῆς

1999 2631 2131 2693 dem
2168 2630 2364 2695 ferreo
2399 2633 2633 2695 vinculo
2678 2632 2830 2694 solvi
2886 2634 3140 2714 imperat
3173 2654 3187 2697 :
3223 2651 3427 2697 verum
3463 2633 3632 2694 solu-

264 2725 511 2796 ἆλύσεως
566 2711 907 2808 ὑπερέϐαινεν
985 2711 1137 2807 ὄρούς
1172 2711 1211 2760 ⁸-
1276 2741 1498 2809 συνεῖχε
1552 2729 1652 2808 γὰρ
1710 2727 1911 2804 μᾶλλον

1999 2730 2115 2796 tus,
2146 2740 2341 2802 neque
2371 2723 2458 2785 sic
2488 2739 2713 2785 catenae
2745 2711 3031 2786 terminos
3062 2722 3324 2785 excessit
3361 2744 3374 2785 :
3412 2722 3633 2805 quippe

268 2820 427 2876 αὖτὸν
487 2822 519 2876 ὁ
571 2820 668 2878 τοῖ’)
726 2827 952 2897 Χριστοῦ
1007 2820 1168 2885 πόθος
1223 2825 1329 2875 τῶν
1386 2818 1493 2876 ἀπὸ
1548 2826 1643 2876 τοὺ
1699 2817 1911 2898 σιδήρου

1999 2829 2168 2873 amor
2217 2812 2432 2874 Christi
2492 2812 2658 2876 illum
2718 2813 2882 2874 omni
2938 2812 3172 2875 vinculo
3220 2812 3418 2875 ferreo
3448 2813 3634 2894 magis

269 2903 503 2983 δεσμῶν,

1999 2899 2260 2963 strictum
2294 2901 2550 2966 tenebat.

352 2995 443 3056 ιδ’.
483 2999 627 3058 Καθῦ
669 2997 725 3054 δὲ
767 2998 927 3077 μέρος
959 3000 1052 3055 τοῦ
1097 2997 1319 3063 σκέλους
1368 3000 1396 3055 ὁ
1455 2995 1666 3076 σίδηρος
1726 3005 1911 3056 τοῦτον

2076 2989 2371 3053 44.Ροιίὀ
2402 2992 2458 3054 ei
2483 2993 2644 3055 libita
2674 2994 2985 3077 parti,quaa
3011 2994 3173 3056 ferro
3190 2992 3633 3073 circumcinge-

276 3087 690 3164 περιελάμϐανε,
777 3086 904 3166 δορὰ
960 3085 1226 3168 προϐάτου
1306 3085 1769 3162 προϋποϐέϐλητο,
1826 3090 1911 3145 τὸν

1999 3077 2190 3155 batur,
2226 3079 2397 3160 pellis
2429 3090 2554 3145 erat
2587 3085 2757 3146 ovina
2780 3084 3105 3165 supposita,
3141 3102 3274 3165 quae
3302 3082 3461 3145 idem
3495 3103 3632 3146 cum

280 3174 395 3235 ἴσον
447 3180 532 3235 ιαὶ
587 3179 723 3246 αύτὴ
751 3170 829 3251 τῷ
859 3176 1060 3252 σιδήρῳ
1088 3187 1181 3236 τοῦ
1209 3176 1433 3242 σκέλους
1490 3176 1768 3257 ἐπέχουσα
1821 3176 1907 3234 τό·

1999 3168 2154 3232 ferro
2185 3170 2343 3233 tibiae
2372 3172 2631 3251 spatium
2662 3173 3012 3255 occupabat,
3030 3193 3107 3236 ne
3135 3175 3287 3236 forte
3318 3174 3379 3236 in
3411 3174 3631 3235 nudam

287 3286 406 3339 πον,
458 3268 603 3331 ὅπως
636 3268 714 3342 μὴ
745 3271 922 3345 γυμνῇ
938 3265 1293 3346 επροσομιλῶν
1352 3272 1421 3342 τῇ
1474 3268 1626 3343 σαρκὶ
1667 3289 1911 3342 τραυμα-

298 3355 704 3435 τίζοιτεαῦτὴν,
739 3358 827 3413 καὶ
870 3355 1041 3435 φέρων
1084 3358 1158 3422 εἷς
1214 3355 1430 3432 πληγὰς
1489 3354 1634 3427 ἀνιᾷ.
1690 3354 1911 3424 Ἐπειδὴ

302 3440 404 3523 οὖν,
451 3443 528 3501 ὅτε
564 3447 661 3502 τοῦ
703 3443 921 3522 σιδήρου
975 3442 1163 3512 λυθείη
1208 3442 1426 3519 δεσμὸς,
1476 3447 1567 3502 καὶ
1605 3445 1638 3512 ἡ
1686 3445 1909 3501 ὑποκει-

292 3532 419 3606 μένη
467 3534 776 3614 ἀφαιρεθείη
819 3533 967 3612 δορὰ,
1032 3533 1207 3613 κόρεις
1269 3532 1482 3600 πλείους
1542 3538 1650 3591 τῶν
1705 3531 1910 3591 εἴκοσιν

286 3620 677 3703 ἐμφωλεύοντες
718 3631 796 3698 τῷ
851 3622 1032 3681 σκέλει
1070 3625 1321 3702 ὁρῶνται,
1366 3624 1455 3680 καὶ
1511 3623 1610 3690 τὴν
1640 3623 1809 3703 σάρκα
1835 3624 1913 3698 τῷ

282 3712 412 3791 ἆγίῳ
464 3715 868 3791 ἐπινεμόμενοι.
931 3715 1031 3772 Καί
1094 3733 1161 3788 με
1244 3710 1430 3788 μηδεὶς
1514 3712 1914 3793 ἐπιχλευαζέτω

280 3808 376 3870 τῆς
416 3804 651 3882 ἱστορίας
703 3806 775 3869 ὡς
828 3801 1078 3881 μεγάλων
1133 3801 1300 3879 ἔργων
1334 3803 1421 3858 καὶ
1450 3802 1729 3881 ὑπερφυῶν
1772 3824 1913 3858 παν-

278 3894 506 3972 ταχόθεν
535 3889 915 3970 περιῤῥεόντων
955 3908 970 3924 ⁸
1004 3890 1112 3968 ἑγὼ
1140 3888 1219 3966 δὲ,
1248 3888 1362 3947 οὸδὲ
1418 3895 1523 3947 τῶν
1575 3889 1913 3949 λεπτοτάτων

277 3982 599 4063 ἀφίσταμαι,
671 3980 787 4038 οὸδέ
847 3982 943 4060 γὰρ
1000 3981 1080 4038 ὅτι
1158 3982 1326 4056 μικρὰ
1380 3989 1568 4055 ταῦτα,
1641 3983 1688 4037 οἱ
1745 3981 1915 4059 κόρεις

279 4072 447 4151 φημί,
494 4074 661 4151 μικρὰ
700 4074 789 4128 καὶ
836 4073 869 4139 ἡ
919 4070 1051 4149 πρὸς
1107 4071 1203 4130 τὰς
1233 4068 1448 4147 πληγὰς
1487 4076 1593 4126 τῶν
1628 4068 1914 4147 δηγμάτων

277 4159 459 4243 ὀδύνη,
523 4162 619 4219 καῖ
678 4168 933 4219 τοσοῦτον
990 4159 1242 4234 ἐμποιεῖν
1297 4157 1562 4234 δυναμένη
1617 4159 1677 4214 τὸ
1724 4157 1911 4237 ἄλγος·

277 4250 457 4308 ἴσασιν
498 4253 547 4308 οἱ
601 4248 1016 4329 πεπειρωμένοι.
1049 4248 1301 4328 Ἀπόχρη
1336 4247 1433 4323 μὲν
1485 4248 1586 4326 γὰρ
1638 4249 1785 4304 καὶὸ
1826 4247 1912 4303 σί-

276 4339 433 4420 δηρος
491 4343 567 4405 εἷς
622 4342 859 4417 μείζονος
923 4336 1188 4403 ἀπόδειξιν
1245 4338 1548 4415 καρτερίας,
1597 4339 1659 4393 τὸ
1715 4335 1769 4393 δὲ
1825 4338 1914 4394 καὶ

272 4433 393 4495 τοὺς
451 4430 630 4507 κόρεις
685 4434 971 4503 προσῆναι,
1008 4429 1095 4484 καὶ
1127 4426 1326 4506 χρόνον
1370 4433 1621 4483 τοσοῦτον
1662 4431 1736 4500 τῷ
1764 4433 1915 4500 κακῷ

272 4522 443 4594 τούτῳ
486 4521 845 4599 εὖκαρτερεϊν,
892 4517 1068 4581 ἄλλως
1097 4538 1154 4573 τε
1186 4517 1247 4572 τὸ
1299 4517 1387 4572 καὶ
1430 4516 1553 4592 ῥᾷον
1586 4515 1645 4572 ὅν
1673 4521 1742 4593 τῇ
1773 4516 1915 4596 χειρὶ

271 4610 487 4676 τούτους
543 4607 796 4680 πατάξαι,
856 4611 944 4663 καὶ
996 4612 1103 4663 τῶν
1147 4603 1343 4663 ὀδυνῶν
1384 4604 1789 4682 ἀπαλλαγῆναι,
1851 4605 1913 4661 τὸ

268 4698 326 4757 δὲ
354 4698 567 4779 τρέφειν
595 4719 653 4754 τε
684 4695 889 4774 μᾶλλον
910 4697 1009 4753 καὶ
1037 4694 1404 4752 καταπιαίνειν
1432 4693 1618 4758 αὐτοὺς
1643 4692 1710 4770 τῇ
1735 4694 1910 4772 σαρκὶ,

267 4791 387 4846 τίνα
415 4788 691 4868 καρτερίας
721 4783 1023 4864 ὑπερϐολὴν
1052 4781 1365 4841 καταλείπει
1401 4798 1417 4857 ;

351 4966 442 5030 ιε’,
475 4971 587 5034 Τῆς
631 4972 723 5023 τοῦ
765 4969 987 5040 Συμεὼν
1019 4962 1192 5020 τοίνυν
1236 4963 1425 5042 φήμης
1471 4962 1565 5018 οὒκ
1592 4958 1734 5018 ἔστιν
1764 4959 1911 5025 ὅπως

266 5058 348 5133 μὴ
408 5055 743 5129 διαθεούσης,
804 5051 1113 5132 συρρέοντας
1193 5050 1325 5128 πρὸς
1397 5051 1553 5106 αὑτὸν
1639 5048 1800 5125 ἴσμεν
1858 5050 1916 5105 οὑ

263 5148 391 5210 τοὺς
447 5148 511 5203 ὲκ
567 5142 821 5223 γειτόνων
881 5143 1069 5219 μόνον,
1127 5137 1265 5197 ἀλλὰ
1313 5138 1434 5204 τοὺς
1467 5139 1563 5214 μὲν
1606 5137 1913 5219 ἀπέχοντας

265 5233 483 5295 πολλῶν
537 5233 760 5311 ἡμερῶν
812 5229 954 5310 ὁδὸν,
1016 5231 1138 5294 τοὺς
1197 5226 1253 5284 δὲ
1310 5230 1398 5286 καὶ
1460 5232 1672 5305 μηνῶν,
1725 5229 1812 5285 καὶ
1839 5229 1911 5295 ὡς

266 5323 492 5383 ἕκαστον
552 5322 684 5400 εἶχε
740 5321 935 5383 πάθους
993 5324 1089 5388 τὴν
1141 5319 1420 5394 θεραπείαν
1477 5319 1776 5382 αἰτοῦντας.
1838 5320 1909 5377 Ob

332 5490 447 5562 (t3)
474 5487 826 5562 Theodoret.
854 5490 1058 5562 dextro,
1073 5484 1226 5562 pedi.

335 5557 450 5632 (14)
479 5561 625 5630 Quis
648 5561 740 5632 hic
762 5559 939 5618 fuerit
958 5557 1719 5632 Meletiusauaasivimusin
1742 5557 1902 5632 priet.

1997 3277 2234 3321 carnem
2268 3261 2609 3341 impingens
2638 3282 2766 3325 eam
2799 3264 3055 3344 graviter
3084 3262 3629 3326 vulneraret.Post—

1996 3367 2173 3430 quam
2207 3350 2389 3430 igitur
2421 3351 2615 3414 ferrea
2640 3362 2849 3415 catena
2876 3353 3067 3414 soluta
3096 3362 3207 3428 est,
3230 3371 3299 3415 ac
3328 3352 3636 3434 supposita

1995 3438 2170 3519 pellis
2186 3438 2654 3514 ablata,cimices
2675 3441 2875 3521 plures
2890 3441 3125 3523 (15-16)
3145 3461 3321 3523 quam
3344 3442 3552 3522 viginti
3570 3443 3633 3505 in

1994 3526 2141 3589 tibia
2171 3528 2223 3608 ej
2234 3547 2302 3589 us
2324 3528 3010 3612 latitantes,carnemque
3033 3532 3422 3613 depascentes
3443 3549 3629 3613 appa-

1995 3619 2413 3699 ruere.Neque
2446 3637 2541 3681 me
2571 3620 2666 3682 hic
2698 3621 3007 3701 quisquam
3032 3622 3171 3702 jure
3204 3621 3627 3701 reprehendat,

1995 3706 2099 3788 qui
2124 3707 2239 3769 ista
2261 3725 2667 3784 narrem,cum
2689 3709 2804 3772 alia
2831 3727 3040 3790 magna
3071 3720 3130 3774 et
3159 3710 3635 3792 supernaturalia

1996 3815 2062 3858 su
2075 3806 2473 3879 ppetant,quaa
2493 3802 3414 3882 commemorenturopera.Nam
3437 3820 3635 3883 neque

1996 3886 2122 3948 ιιωο
2145 3888 2494 3950 tenuissima
2518 3891 3365 3972 praetermittammequequod
3388 3892 3634 3955 cimices

1996 3976 2203 4054 exigua
2224 3987 2362 4039 sunt
2391 3979 2771 4053 animalcula,
2806 3979 3031 4043 idcirco
3064 3990 3122 4043 et
3152 3982 3398 4060 exiguos
3427 3981 3487 4042 in
3519 3982 3633 4044 hu-

1998 4084 2173 4127 mano
2205 4086 2459 4148 corpore
2491 4069 2788 4130 morsibus
2836 4071 2960 4132 suis
3009 4071 3247 4134 dolores
3277 4081 3502 4146 creant,
3534 4080 3636 4133 aut

1999 4155 2195 4217 minus
2245 4156 2462 4218 indunt
2519 4158 2832 4221 molestiae.
2892 4159 3121 4223 Norant
3166 4161 3226 4222 id
3272 4161 3373 4242 qui
3403 4161 3634 4242 experti

1999 4262 2157 4308 sunt.
2191 4244 2534 4309 Sufﬁciebat
2563 4249 2838 4328 equidem
2871 4264 3081 4314 catena
3109 4250 3181 4312 ad
3211 4251 3449 4330 majoris
3477 4250 3632 4312 tole-

1997 4335 2205 4397 rantiae
2235 4336 2568 4416 specimen,
2589 4356 2791 4399 verum
2823 4338 3251 4403 accedentibus
3274 4341 3517 4420 insuper
3545 4343 3635 4404 cia

2001 4422 2277 4498 micibus,
2311 4432 2472 4486 tanto
2506 4436 2775 4505 tempore
2804 4427 2866 4489 in
2903 4430 3015 4491 hoc
3074 4430 3231 4493 malo
3280 4432 3629 4509 perdurare,

1939 4513 2496 4612 Dpraesertim-cum
2525 4514 2695 4612 facile
2727 4526 2889 4580 esset
2931 4527 2989 4580 et
3041 4537 3215 4580 manu
3242 4520 3543 4595 occidere,
3578 4532 3636 4584 et

1997 4601 2085 4663 sic
2107 4620 2142 4662 a
2170 4601 2480 4665 doloribus
2525 4603 2793 4685 liberari,
2854 4625 3003 4688 quos
3024 4609 3150 4688 jam
3184 4618 3390 4672 contra
3420 4623 3479 4671 et
3509 4632 3625 4674 nu-

1999 4690 2143 4752 trire
2175 4691 2478 4782 pergebat,
2530 4703 2589 4756 et
2637 4696 2878 4775 propria
2909 4715 3089 4760 carne
3117 4698 3410 4780 saginare,
3448 4720 3625 4782 quam

1996 4798 2114 4841 non
2146 4779 2381 4844 tandem
2417 4784 2793 4864 quantumvis
2821 4785 3069 4849 illustris
3123 4779 3628 4852 tolerantiznlma-

1995 4870 2366 4948 gnitudinem
2397 4874 2716 4952 alaequat?

2078 4961 2174 5021 15.
2213 4958 2526 5042 Symeonis
2549 4963 2729 5042 igitur
2756 4964 2913 5027 fama
2936 4967 3060 5046 jam
3097 4968 3300 5030 nescio
3329 4987 3473 5049 quas
3508 4987 3630 5030 non

1998 5048 2165 5111 orbis
2182 5050 2380 5130 plagas
2395 5051 2567 5131 longe
2587 5053 2822 5135 lateque
2834 5058 3324 5135 percurrente,ad
3339 5048 3476 5119 eum
3493 5077 3636 5123 con-

1994 5139 2234 5202 ﬂuxisse
2257 5141 2525 5204 novimus
2547 5162 2663 5205 non
2688 5151 2913 5207 tantum
2936 5146 3185 5224 vicinos,
3216 5165 3418 5209 verum
3450 5148 3630 5211 etiam

1996 5228 2316 5291 multorum
2342 5230 2730 5308 dierum,imo
2761 5236 3055 5297 mensium
3079 5235 3295 5300 itinere
3317 5237 3629 5315 distantes,

1992 5336 2108 5401 qua
2127 5320 2380 5400 quisque
2396 5322 2784 5400 torquebatur
2807 5324 3235 5407 molestia,ejus
3256 5327 3629 5391 curationem

1988 5487 2234 5560 ebenum
2270 5488 2599 5560 episcopum
2634 5491 2874 5549 faciunt.

2058 5559 2269 5641 (1.5:16)
2310 5559 2441 5641 Non
2468 5559 2642 5641 recte
2690 5564 2862 5641 venit
2911 5562 3155 5641 Yillegas
3187 5565 3475 5641 mosquitos
3505 5568 3622 5630 sive

264 5628 356 5708 $3
382 5628 638 5699 Heraeus,
670 5630 929 5701 Grasius,
989 5630 1408 5701 Metapnrastes
1459 5637 1514 5688 et
1563 5628 1660 5688 alii
1693 5628 1905 5696 Antio-
1986 5631 2299 5709 cyniphes;
2337 5631 2585 5691 chinclm
2617 5634 2793 5693 voluit
2827 5628 3108 5697 scribere.
