4004 6138
347 359 462 429 347

1626 370 1904 435 MENSIS
1961 371 2416 436 JANUARIUS.

3584 371 3703 437 348

351 502 705 583 ﬂagitantes.
764 498 969 585 Neque
1025 502 1236 584 quales
1287 503 1360 566 ad
1392 522 1528 566 eum
1559 502 1977 583 adventabant,

2083 508 2247 566 ιέντοι
2303 514 2371 586 τῇ
2403 510 2535 588 πρὸς
2580 510 2736 566 αὑτὸν
2793 506 2960 589 ἀφίξει
3018 507 3395 587 παραπλησίαν
3423 509 3703 566 ἐποιοῦντο

350 592 498 654 tales
546 590 1001 655 revertebantur
1031 613 1051 653 :
1109 592 1215 656 sed
1277 612 1409 655 cum
1471 592 1671 656 tristes
1703 604 1761 656 et
1791 595 1987 658 mcesti

346 690 646 763 venirent,
682 685 798 749 laeti
830 695 889 750 et
919 686 1141 749 hilares
1170 686 1555 767 recedebant,
1582 706 1821 749 suarum
1855 687 1987 750 sin-

347 779 470 860 guli
528 777 946 854 aegritudinum
1020 785 1257 857 reperta
1313 777 1665 853 curatione;
1725 776 1989 859 denique

348 868 512 930 omni
543 867 846 930 vexatione
878 875 934 927 et
965 865 1296 928 calamitate
1346 866 1644 945 deposita,
1679 867 1809 930 laeta
1840 885 1987 931 voce

348 967 406 1020 et
435 958 637 1034 lingua
667 956 885 1036 gratias
920 957 1041 1019 Deo
1082 964 1141 1017 et
1170 954 1450 1036 Symeoni
1483 964 1748 1034 agentes.
1778 954 1989 1020 Omnis

346 1047 531 1127 igitur
559 1047 671 1125 via,
708 1065 840 1126 quae
869 1045 942 1106 ad
977 1046 1136 1107 hunc
1197 1046 1496 1108 medicum
1558 1044 1812 1121 ferebat,
1869 1047 1984 1109 fori

350 1136 612 1216 speciem
649 1135 1017 1209 imitabatur;
1052 1134 1217 1197 locus
1253 1153 1414 1209 vero,
1450 1134 1507 1194 iu
1533 1152 1708 1215 quem
1741 1135 1987 1199 aﬁluens

349 1225 665 1288 multitudo
697 1223 1194 1302 congregabatur,
1229 1222 1477 1285 civitatis
1532 1224 1778 1286 formam
1813 1226 1985 1286 exhi-

345 1313 543 1389 bebat,
579 1313 671 1375 his
702 1313 973 1375 morbum
1034 1311 1455 1373 miserabiliter
1502 1312 1982 1392 deplorantibus,

348 1403 483 1466 aliis
541 1401 816 1482 adeptam
879 1401 1197 1462 sanitatem
1252 1400 1718 1463 celebrantibus.
1782 1402 1986 1484 Neque

346 1492 464 1554 hoc
492 1491 679 1554 semel
713 1499 965 1562 tantum,
1000 1491 1104 1552 sed
1132 1491 1349 1570 saapius
1380 1490 1617 1559 accidit.
1656 1499 1722 1554 ut
1752 1492 1854 1569 qui
1886 1512 1985 1574 po-

350 1583 477 1664 puli
537 1578 772 1643 tuibam
833 1579 1069 1641 eminus
1129 1579 1441 1653 cernebat,
1505 1579 1801 1641 civitatem
1857 1599 1989 1641 esse

352 1670 722 1750 conjiceret;
782 1668 1055 1731 cominus
1115 1675 1312 1730 autem
1374 1668 1686 1731 accedenti
1722 1688 1837 1729 non
1864 1670 1988 1749 jam

2070 599 2155 654 καὶ
2211 598 2308 667 τὴν
2360 595 2612 657 ἐπάνοδον
2647 615 2662 630 ⁸
2717 596 2855 654 ἀλλὰ
2887 598 3094 675 στυγνοῖ
3127 598 3212 655 καὶ
3243 611 3503 677 κατηφεῖς
3533 599 3703 678 ὲρχόο·

2070 709 2244 762 μενοι,
2302 685 2507 767 φαιδροὶ
2566 688 2654 749 καὶ
2711 700 3029 768 περιχαρεῖς
3104 686 3540 761 ἀπηλλάττοντο,
3596 694 3701 745 τῶν

2070 776 2431 857 ἐνοχλούντων
2487 777 2710 842 ἕκαστος
2771 775 2918 834 λύσιν
2972 777 3236 854 εὓρόντες,
3301 779 3388 833 καὶ
3444 779 3540 845 τὴν
3595 779 3695 834 ἐπ-

2070 864 2249 943 ήρειαν
2306 870 2422 924 ἐκεῖ
2478 873 2653 923 πᾶσαν
2726 868 2814 923 καὶ
2869 868 2969 934 τὴν
3031 888 3304 947 συμφοραν
3359 867 3696 947 ἀποθέμενοι,

2070 957 2155 1012 καὶ
2206 957 2299 1020 τὰς
2357 957 2697 1035 εὸχαριστίας
2750 958 2975 1037 εὕυρήμῳ
3031 956 3125 1013 καί
3183 962 3335 1037 φωνῇ
3367 961 3455 1014 καὶ
3487 957 3701 1036 γλώττῃ

2071 1050 2188 1118 Θεῷ
2244 1047 2330 1102 καὶ
2381 1054 2457 1120 τῷ
2496 1048 2717 1121 Συμεὼν
2771 1046 3199 1120 ἀναπέμποντες,
3259 1053 3425 1103 Πᾶσα
3460 1048 3560 1121 μὲν
3617 1055 3706 1106 οὖν

2073 1133 2190 1200 ὁδὸς
2242 1133 2328 1191 διὰ
2382 1143 2539 1194 τοΰτο
2598 1137 2729 1215 πρὸς
2785 1138 2874 1192 τὸν
2937 1136 3117 1213 ἰατρδν
3173 1135 3405 1214 πέρουσα
3463 1135 3699 1206 πλήθους

2068 1224 2265 1301 ἀγορὰν
2322 1224 2573 1299 ἐμιμεῖτο
2607 1245 2622 1260 ⁸
2682 1227 2744 1284 τὸ
2814 1224 2869 1282 δὲ
2925 1226 3125 1305 χωρίον
3182 1225 3237 1281 ἐν
3296 1230 3341 1299 ᾧ
3396 1226 3459 1281 τὸ
3512 1224 3700 1302 περιρο

2067 1313 2182 1393 ῥέον
2240 1313 2549 1392 συνελέγετο
2632 1315 2861 1390 πλῆθος,
2934 1315 3144 1378 πόλεως
3203 1314 3327 1389 ὄψιν
3383 1315 3702 1392 παρείχετο,

2066 1404 2154 1462 καὶ
2213 1401 2423 1465 πόλεως
2479 1410 2568 1459 νῦν
2646 1405 2742 1478 μὲν
2817 1405 2918 1471 τὴν
2994 1404 3149 1461 νόσον
3216 1402 3460 1466 ἐλεεινῶς
3517 1400 3706 1477 ὀδυρο⁹

2071 1493 2270 1571 μένων,
2301 1500 2388 1549 νῦν
2424 1490 2474 1548 δὲ
2505 1493 2972 1571 πανηγυριζόντων
3002 1495 3114 1559 τὴν
3174 1491 3343 1551 ἴασιν.
3401 1492 3497 1549 Καὶ
3552 1493 3709 1546 τοῦτο

2070 1584 2175 1662 οὑχ
2231 1582 2393 1655 ἅπαξ,
2454 1581 2593 1638 ἀλλὰ
2641 1584 2729 1639 καὶ
2781 1581 3039 1648 πολλάκις
3098 1582 3330 1660 ἐγένετο,
3391 1582 3479 1636 καὶ
3551 1579 3709 1635 πόλιν

2073 1672 2171 1746 μὲν
2213 1673 2280 1738 ἧν
2312 1672 2518 1728 είκᾶσαι
2550 1670 2813 1749 πόῤῥωθεν
2861 1674 2955 1729 τὸν
3008 1670 3177 1751 ὄχλον
3217 1668 3403 1749 ἰδόντι,
3467 1666 3711 1735 πλησιάο

351 1759 577 1839 civitas,
641 1758 748 1821 sed
808 1757 1123 1819 multarum
1184 1756 1420 1817 urbium
1475 1758 1856 1835 congregatio
1888 1777 1985 1819 se-

2083 1783 2224 1817 παντι
2254 1759 2308 1816 δὲ
2352 1762 2447 1817 οὒκ
2477 1760 2551 1817 ἔτι
2584 1760 2764 1831 πόλις,
2815 1760 2952 1817 ἀλλὰ
3009 1759 3224 1816 πολλῶν
3281 1757 3451 1815 ἐδόκει
3503 1758 3710 1826 συστή-

352 1835 611 1914 cundum
645 1846 1085 1909 multitudinem
1123 1845 1534 1908 distinctarum
1568 1864 1699 1907 esse
1752 1846 1986 1909 videre-

2083 1872 2217 1923 ματα
2247 1849 2457 1906 πόλεων
2485 1850 2620 1906 κατὰ
2663 1848 2861 1918 πλῆθ>ς
2915 1849 3141 1906 ἑκάστου
3192 1854 3261 1925 τῇ
3303 1847 3519 1926 γλώττῃ
3565 1844 3713 1902 διαι-

352 1950 472 2003 tur.

433 2029 532 2093 16.
568 2028 722 2101 Quid
757 2026 931 2088 modo
988 2024 1202 2088 attinet
1259 2023 1432 2105 Syros
1491 2031 1590 2085 aut
1621 2025 1859 2100 Cilices,
1894 2032 1994 2087 aut

352 2118 710 2182 thnicum
744 2133 954 2197 greges
986 2132 1370 2188 enumerare,
1403 2106 1501 2174 aut
1533 2114 1993 2196 quibuscunque

352 2207 748 2270 Romanorum
782 2205 1043 2266 innotuit
1071 2201 1416 2284 sceptrum?
1444 2202 1628 2264 Etiam
1664 2205 1765 2266 lsrr
1780 2204 1992 2266 aelita-

352 2315 483 2359 rum
506 2297 752 2369 natio,et
769 2292 1377 2367 Arabum,Persarum
1403 2295 1990 2373 quoque,Armenio-

352 2405 485 2448 rum
547 2396 606 2446 et
662 2386 999 2466 quicunque
1059 2381 1311 2443 lberiam
1378 2382 1631 2462 populus
1662 2384 1886 2460 incolit,
1922 2404 1993 2447 eo

358 2472 881 2546 conﬁuebat.Quin
913 2473 1034 2534 imo
1068 2480 1124 2533 et
1153 2471 1478 2533 Homeritae
1508 2480 1566 2532 et
1598 2472 1690 2533 his
1720 2476 1993 2536 remotio-

353 2566 662 2645 res,hujus
693 2562 1080 2639 multilinguaa
1113 2561 1506 2623 multitudinis
1539 2580 1851 2624 numerum
1887 2565 1994 2624 im-

358 2656 617 2737 plebant.
652 2652 1061 2715 Adventahanl
1090 2668 1162 2712 ex
1194 2650 1523 2713 Occidente
1558 2670 1674 2711 non
1706 2652 1900 2733 pauci,
1935 2662 1997 2714 ut

356 2743 653 2816 Britanni,
685 2740 929 2821 Hispani
987 2750 1043 2802 et
1103 2740 1275 2812 Galli,
1346 2748 1403 2799 et
1461 2738 1808 2817 quicunque
1840 2742 1998 2803 inter

359 2832 590 2895 medias
618 2830 895 2907 regiones
924 2827 1354 2891 inhabitabant.

442 2922 541 2982 Π.
579 2918 685 2982 Vix
719 2918 917 2979 verbis
946 2916 1757 2998 exprimerelicet,quantum
1783 2920 1842 2981 in
1877 2919 1995 2982 [ta-

2074 1939 2367 2014 ρουμένων,

2158 2028 2254 2100 ιζ’.
2319 2030 2417 2087 Καὶ
2473 2028 2523 2084 τί
2595 2026 2681 2085 δεῖ
2735 2029 2928 2105 Σύρους
2986 2027 3023 2095 ἢ
3087 2026 3305 2087 Κίλικας
3357 2026 3392 2095 ἢ
3439 2025 3715 2105 ,Φοινίκων

2076 2117 2389 2193 καταλέγειν
2450 2116 2669 2195 ἂγέλας,
2702 2116 2738 2185 ἢ
2790 2103 2878 2172 καὶ
2929 2117 3075 2179 ὃσοις
3109 2114 3290 2180 ἄλλοις
3337 2117 3397 2171 τὸ
3435 2103 3716 2189 Ῥωμαίων

2077 2207 2382 2281 ὠνόμασται
2439 2211 2764 2283 σκῆπτρονς
2843 2203 3010 2262 Ἀλλὰ
3067 2206 3156 2262 καὶ
3216 2204 3578 2279 Ἰσμαηλιτῶν
3628 2203 3719 2258 καὶ

2078 2294 2315 2373 Ἀράϐων
2375 2294 2522 2368 ἔθνη,
2583 2297 2797 2372 Περσῶν
2853 2316 2912 2350 τε
2972 2295 3060 2350 καὶ
3116 2292 3434 2372 Ἀρμενίων,
3495 2294 3583 2349 καὶ
3617 2290 3721 2348 ὅσα

2075 2386 2171 2453 τὴν
2229 2383 2460 2461 Ἰϐηρίαν
2504 2384 2720 2459 νέμεται
2778 2384 2931 2460 γένη.
2982 2384 3079 2440 Καὶ
3123 2382 3188 2451 δὴ
3246 2382 3339 2439 καί
3397 2382 3720 2458 οἱὈμηρῖ-

2076 2497 2162 2531 ται
2191 2476 2277 2531 καὶ
2312 2477 2358 2530 οἱ
2386 2474 2588 2530 τούτων
2618 2471 2906 2552 ἑνδότεροι,
2965 2470 3235 2549 πλήρωμα
3275 2475 3367 2528 καὶ
3424 2474 3567 2529 οὗτοι
3625 2480 3721 2529 τοῦ

2078 2562 2465 2639 πολυγλώσσου
2541 2562 2775 2629 πλήθους
2849 2561 3048 2618 ἐκείνου
3118 2560 3379 2639 ἐγίνοντο.
3438 2559 3723 2641 Ἀφίοεοντο

2078 2652 2132 2709 δὲ
2162 2656 2249 2708 καὶ
2290 2658 2396 2708 τῶν
2440 2649 2730 2730 Ἐσπερίων
2776 2653 2870 2709 οὒκ
2901 2650 3095 2729 ὀλίγοι,
3131 2653 3407 2729 Βρεττανοὶ
3438 2650 3581 2728 λέγω
3618 2650 3716 2706 καῖ

2082 2734 2315 2800 Ἰσπανοὶ
2373 2743 2458 2797 καὶ
2492 2739 2748 2814 Γαλάται,
2797 2741 2883 2797 καὶ
2939 2739 3052 2797 ὅσοι
3111 2741 3208 2808 τὴν
3264 2738 3459 2814 μεταξὺ
3513 2740 3719 2795 τούτων

2077 2833 2264 2912 ὠραν
2294 2834 2517 2912 οἰκοῦσι.

2160 2911 2261 2987 ιη’.
2312 2911 2375 2976 Ἠ
2434 2920 2533 2997 γάρ
2591 2916 2790 2976 Ἰταλία
2847 2916 2963 2974 ουδὲ
3015 2926 3071 2975 εὖ
3131 2920 3302 2975 εἰπεῖν
3376 2941 3467 2976 σον
3519 2920 3555 2986 ἡ
3627 2922 3722 2973 τοῦ

360 3010 441 3073 lia
505 3012 678 3087 hujus
733 3007 845 3069 viri
896 3007 1082 3068 virtus
1113 3005 1528 3086 splenduerit:
1559 3011 1778 3072 etenim
1810 3010 1991 3073 Roma

2083 3009 2262 3087 ἀνδρὸς
2311 3009 2474 3088 ἀρετὴ
2536 3009 2589 3065 ἐν
2643 3009 2807 3075 ταύτη
2841 3007 3106 3084 ἐξέλαμψε
3139 3027 3155 3044 ο
3192 3009 3411 3087 καὶγὰρ
3467 3009 3721 3064 τοσοῦτον

357 3101 491 3181 ipsa
521 3106 749 3160 tantum
784 3096 942 3158 hunc
978 3094 1390 3158 admirabilem
1425 3097 1614 3159 virum
1667 3100 1991 3179 obstupuit,

2083 3102 2112 3170 ἡ
2161 3092 2343 3175 Ῥώμη
2386 3101 2479 3156 τὸν
2506 3100 2810 3172 θαυμαστὸν
2841 3098 3180 3175 κατεπλάγη,
3226 3099 3313 3154 καὶ
3360 3097 3500 3154 οὕτω
3541 3095 3718 3165 πολλή

363 3198 714 3268 tantumque
744 3186 797 3248 ei
831 3186 1075 3247 honoris
1103 3193 1161 3245 et
1193 3187 1592 3249 venerationis
1616 3188 1898 3264 exhibuit,
1935 3202 1991 3251 u:

2083 3213 2160 3253 τις
2192 3190 2256 3257 ἧν
2287 3195 2496 3263 τιμῶσα
2523 3193 2709 3244 τοῦτον
2742 3188 2829 3243 καὶ
2860 3186 3149 3262 σεϐομένη,
3203 3189 3276 3251 ὡς
3340 3190 3427 3244 καὶ
3484 3186 3717 3246 πολλαῖς

360 3279 564 3340 multis
600 3276 817 3358 passim
869 3274 1185 3345 columnis,
1221 3276 1568 3353 porticibus,
1604 3277 1994 3339 thalamorum

358 3369 566 3449 septis,
601 3364 862 3445 denique
893 3364 1103 3441 quovis
1134 3363 1257 3425 fere
1291 3364 1421 3426 loco
1453 3366 1585 3445 ejus
1616 3366 1873 3446 efﬁgiem
1910 3369 1998 3429 in-

359 3457 682 3537 sculperet,
714 3454 880 3536 quasi
912 3453 1277 3515 inﬁnitarum
1311 3454 1607 3517 honorum
1652 3456 1993 3519 thesaurum

358 3547 501 3611 inde
532 3552 947 3607 consecutura.

440 3634 629 3697 18.Ea
660 3635 717 3696 in
747 3634 912 3695 vultu
946 3632 1255 3714 Symeonis
1285 3636 1472 3713 gratia
1505 3645 1562 3698 et
1592 3635 1777 3699 decor
1805 3637 1997 3700 eluce-

359 3726 555 3793 bat.ut
583 3726 630 3785 si
663 3724 802 3803 quis
834 3724 1005 3784 alteri
1037 3723 1307 3785 infensus
1339 3732 1396 3785 et
1426 3723 1735 3800 inimicus,
1769 3727 1827 3789 in
1861 3745 1996 3788 cum

360 3814 722 3894 conjecisset
751 3812 1174 3886 oculos,omne
1206 3812 1362 3873 illico
1403 3815 1604 3875 odium
1640 3826 1696 3876 et
1731 3816 1995 3877 inimici-

365 3906 502 3965 tiam
539 3903 592 3964 ei
625 3920 694 3963 ex
724 3902 924 3964 animo
986 3900 1258 3963 eraderet
1287 3902 1373 3963 vel
1408 3922 1559 3963 unus
1590 3903 1749 3965 illius
1780 3924 1995 3986 aspec-

362 4003 482 4068 tus;
514 4003 687 4073 atque
715 3990 1441 4062 ainicitize,consensionis
1471 4011 1540 4053 ac
1573 3993 1999 4057 benevolentiae

361 4083 596 4144 vinculo
630 4081 855 4141 amicos
913 4080 1162 4139 invicem
1197 4080 1615 4160 adstringeret.
1654 4081 1820 4154 Quod
1861 4084 1999 4145 inde

362 4174 601 4254 planum
636 4170 724 4231 ﬁt.
758 4169 951 4231 Varize
983 4188 1051 4230 ex
1084 4169 1156 4229 iis
1185 4168 1481 4247 gentibus,
1542 4191 1674 4251 qua:
1703 4172 1774 4233 ad
1804 4174 1997 4252 ipsum

364 4259 772 4331 conﬂuebant,
840 4259 1005 4332 prius
1064 4268 1272 4319 mutuo
1328 4260 1618 4338 sanguine
1649 4262 1997 4339 gaudentes,

367 4358 676 4431 postquam
708 4348 991 4429 utrinque
1021 4346 1080 4407 iu
1133 4348 1332 4409 Sancti
1380 4361 1764 4430 conspectum
1799 4354 2000 4413 venis-

368 4448 527 4510 sent,
561 4437 903 4498 inimicitias
932 4436 1127 4518 primo
1159 4437 1395 4517 quidem
1437 4438 1856 4513 dissolvebant,
1892 4442 2001 4502 fae-

2080 3278 2145 3348 δὴ
2202 3277 2417 3351 πύλαις,
2472 3279 2558 3334 καὶ
2612 3276 2983 3353 προπυλαίοις,
3041 3279 3129 3333 καὶ
3194 3275 3447 3349 θαλάμων
3477 3277 3716 3356 τοίχοις,

2080 3371 2167 3426 καὶ
2223 3369 2503 3447 πανταχοῦ
2549 3368 2647 3433 τὴν
2703 3367 2882 3423 εἰκόνα
2935 3366 3033 3436 τὴν
3090 3367 3241 3442 ἁγίαν
3297 3366 3498 3423 ἐκείνου
3526 3364 3716 3445 διαχα-

2081 3457 2253 3537 ράξαι,
2310 3458 2489 3534 ὥσπερ
2531 3456 2651 3513 τινὰ
2708 3457 2904 3531 μυρίων
2959 3458 3194 3512 ὶντεῦθεν
3241 3454 3451 3534 ἀγαθῶν
3505 3459 3718 3522 θησαυ-

2078 3549 2168 3625 ρὸν
2200 3546 2589 3621 ἐπισπώμενοι.

2167 3635 2268 3702 ιη’.
2325 3631 2425 3693 Ἦν
2483 3636 2653 3693 τοίνυν
2696 3636 2731 3703 ἡ
2774 3640 2840 3711 τῇ
2889 3634 3011 3710 sua
3054 3641 3148 3691 τοῦ
3204 3635 3427 3709 Συμεὼν
3465 3632 3718 3712 προλάμ-

2080 3748 2253 3783 πουσα
2322 3726 2508 3805 χάρις,
2568 3723 2662 3780 οἵα
2734 3725 2823 3780 καὶ
2893 3722 3056 3781 ἰδόντι
3116 3724 3219 3780 τινὶ
3277 3723 3530 3803 ἀπεχθῶς
3582 3724 3718 3792 πρὸς

2077 3814 2257 3894 ἕτερον
2314 3814 2499 3895 ἔχοντι
2553 3815 2639 3869 καὶ
2698 3812 3015 3891 ἀδιαφόρως,
3081 3810 3229 3869 λύσιν
3274 3813 3372 3888 μὲν
3422 3814 3565 3886 αι’)τῷ
3613 3817 3715 3878 τῆς

2080 3905 2373 3984 ἀπεχθείας
2433 3905 2521 3960 καὶ
2578 3904 2677 3969 τῆς
2737 3900 2990 3981 διαφορᾶς
3040 3901 3359 3978 ἐμποιῆσαι,
3424 3900 3603 3976 δεσμῷ
3664 3899 3720 3956 δὲ

2081 3993 2332 4059 συνδῆσαι
2390 3992 2564 4070 φιλίας
2621 3991 2674 4047 εἴ
2730 4013 2851 4046 τουν
2908 3992 3201 4063 συμπνοίας
3268 3994 3356 4047 καὶ
3414 3994 3663 4064 ὁμονοίας
3695 4007 3710 4021 ⁸

2082 4084 2169 4139 καὶ
2216 4090 2373 4139 τοῦτο
2401 4080 2563 4147 δῆλον
2591 4083 2851 4142 ἐντεῦθεν,
2885 4080 3066 4136 Πολλὰ
3113 4081 3212 4159 γὰρ
3273 4081 3375 4138 τῶν
3418 4082 3558 4152 αἱ)τῷ
3612 4100 3719 4136 πε-

2083 4171 2391 4251 ριῤῥεόντων
2448 4174 2609 4227 ἒθνῶν
2660 4177 2737 4242 τῷ
2792 4170 3149 4238 καταλλήλων
3204 4171 3462 4248 πρότερον
3523 4169 3720 4244 α’ίματι

2084 4264 2365 4341 χαίροντα,
2455 4258 2667 4316 ἐπειδὰν
2733 4258 2932 4315 ἔλθοιεν
3011 4260 3084 4323 είς
3168 4259 3291 4333 ὄψιν
3350 4258 3571 4335 ἑκάτερα
3642 4260 3723 4331 τῷ

2083 4352 2240 4428 ἁγίῳ,
2298 4348 2602 4405 διελύσαντο
2658 4349 2757 4422 μὲν
2804 4351 2866 4405 τὸ
2897 4348 3078 4428 ἔχθος,
3111 4349 3199 4404 καὶ
3233 4346 3489 4417 ἀλλήλοις
3533 4348 3719 4404 ἐσπεί-

2085 4461 2263 4496 σαντο
2334 4443 2467 4496 Εἶτα
2526 4439 2613 4493 καὶ
2664 4440 2738 4499 εἰς
2792 4437 2997 4515 ἀγαθὴν
3051 4437 3161 4514 ἔριν
3215 4436 3503 4515 ἐτρέψαντο
3532 4439 3718 4500 αὑτοῖς

366 4528 478 4590 dus
510 4527 650 4588 dein
705 4526 864 4586 inter
892 4543 957 4587 se
1017 4525 1479 4606 percutiebant;
1538 4529 1598 4588 in
1660 4531 1991 4608 praeclaram

2084 4529 2177 4591 τὰς
2235 4526 2526 4605 διαλλαγὰς
2579 4526 2802 4591 ἕκαστος
2873 4527 3044 4582 αὗτῶν
3100 4529 3415 4605 προφθάναι,
3477 4527 3565 4581 καὶ
3621 4527 3719 4593 τήν

365 4616 651 4697 deinceps
682 4616 1122 4676 contentionem
1158 4616 1402 4696 antiqua
1431 4628 1843 4679 convertentes
1870 4619 2000 4680 dis-

364 4706 542 4787 sidia,
576 4706 715 4766 dum
746 4705 1001 4784 quisque
1033 4704 1180 4765 alios
1243 4715 1617 4767 antevertere
1645 4726 1713 4768 ac
1744 4708 1853 4770 viri
1887 4709 1999 4770 be-

367 4794 765 4857 nedictionem
803 4793 964 4873 prior
990 4793 1277 4872 consequi
1309 4812 1543 4856 summo
1591 4795 1788 4857 studio
1819 4796 2000 4858 eniti-

366 4894 481 4948 tur.
516 4882 716 4946 Sancti
751 4900 987 4962 quoque
1017 4881 1126 4942 viri
1171 4883 1356 4961 pedes
1386 4883 1569 4945 labris
1600 4894 1699 4947 aut
1724 4887 2002 4947 maninus

363 4980 711 5053 contingere
744 4989 1017 5049 magnum
1074 4971 1406 5034 videbatur.
1453 4974 1617 5035 Multi
1649 4976 1748 5055 qui
1784 4976 1999 5056 pellem

364 5071 592 5124 tantum
622 5079 738 5143 qua
768 5061 1132 5122 vestiebatur
1180 5062 1266 5133 (id
1304 5062 1462 5124 enim
1496 5065 1551 5125 ei
1598 5066 1787 5126 solum
1820 5066 1999 5126 indu-

365 5159 633 5214 mentum
666 5153 822 5230 erat)
872 5150 1320 5230 contingebant,
1372 5171 1610 5215 omnem
1665 5158 1907 5216 omnino
1938 5173 2004 5215 se

366 5238 846 5302 benedictionem
906 5238 1155 5317 adeptos
1185 5240 1367 5301 fuisse
1399 5241 1838 5308 existimabant.
1871 5246 1999 5306 Ve-

364 5346 497 5390 rum
530 5344 769 5389 manum
802 5327 935 5407 ejus
956 5337 1328 5392 contrectare
1358 5339 1459 5391 aut
1487 5349 1593 5393 ore
1624 5334 1905 5409 osculari,
1938 5334 1999 5395 id

365 5433 571 5477 eorum
603 5424 732 5477 erat
760 5415 978 5495 quibus
1025 5417 1396 5481 familiaritas
1459 5437 1530 5482 ex
1583 5419 1798 5485 virtute
1847 5441 1997 5485 con-

366 5511 551 5564 tracta
581 5502 923 5565 uberiorem
954 5504 1087 5567 aliis
1115 5505 1446 5570 libertatem
1479 5509 1867 5574 concedebat.

2084 4623 2177 4673 τοῦ
2235 4614 2419 4691 ἀνδρὸς
2476 4614 2721 4692 εὐλογίαν
2771 4614 2980 4692 πρῶτος
3036 4613 3319 4683 άξιωθῆναι
3352 4612 3717 4696 φιλονεικοῦν-

2084 4727 2195 4770 τες.
2232 4706 2300 4763 rb
2341 4703 2516 4761 δὲκαὶ
2572 4709 2678 4759 τῶν
2734 4705 2897 4781 ἁγίων
2958 4704 3160 4759 ἐκείνου
3217 4702 3395 4760 ποδῶν
3427 4706 3630 4784 χείλεσι
3679 4704 3715 4771 ἢ

2084 4798 2172 4851 καὶ
2228 4796 2414 4874 χερσὶν
2468 4793 2706 4868 ἅψασθαι
2758 4792 2897 4870 μέγα
2956 4791 3149 4854 ἐδόκει.
3204 4795 3264 4851 Οἱ
3322 4791 3513 4850 πολλοὶ
3565 4793 3619 4850 δὲ
3676 4795 3721 4850 εἶ

2084 4886 2170 4941 καὶ
2230 4888 2325 4949 τῆς
2382 4881 2560 4958 δορᾶς,
2618 4882 2682 4949 ἣν
2726 4892 2875 4946 οὗτος
2931 4882 3251 4960 περιέκειτο,
3293 4885 3554 4957 ψαύσειαν
3610 4884 3720 4957 μό-

2085 4993 2196 5045 νον,
2228 4973 2382 5051 (αὒτὸ
2414 4972 2511 5048 γὰρ
2560 4975 2627 5039 ἦν
2666 4968 2858 5045 ἔνδυμα
2904 4978 2981 5045 τῷ
3029 4970 3211 5051 ἁγίῳ),
3258 4978 3435 5028 πᾶσαν
3463 4975 3724 5050 τρυγήσαι

2084 5064 2183 5129 τὴν
2214 5061 2453 5139 εὒλογίαν
2502 5059 2765 5134 ἐνόμιζον.
2824 5062 2895 5118 Τὸ
2954 5059 3135 5135 μέντοι
3197 5062 3380 5141 χειρὸς
3424 5063 3621 5137 θίγειν,
3684 5064 3722 5131 ἢ

2084 5151 2221 5207 κατὰ
2298 5152 2471 5225 στόμα
2554 5150 3006 5228 προπτύσσεσθαι,
3065 5151 3123 5207 οὒ
3191 5156 3297 5205 τῶν
3353 5148 3570 5207 πολλῶν
3626 5149 3718 5225 ἦν,

2085 5238 2205 5297 ἄλλ’
2238 5240 2329 5303 οἷς
2357 5240 2393 5306 ἡ
2426 5239 2486 5295 ἐκ
2518 5241 2613 5305 τῆς
2643 5238 2836 5315 ἀρετῆς
2891 5238 3157 5306 οἰκειότης
3198 5236 3586 5319 δαψιλεστὲριιν
3616 5245 3723 5297 τῶν

2085 5327 2259 5387 ἄλλων
2283 5329 2383 5396 τὴν
2411 5327 2704 5407 παῤῥησίαν
2733 5325 2921 5387 ἐδίδου.
