4004 6138
245 360 325 427 349

1323 359 1511 426 VITA
1558 358 1621 422 S.
1668 357 2054 422 SYMEONIS
2097 352 2469 420 STYLIT/E.

3464 349 3583 415 350

1777 489 2010 550 CAPUT
2039 490 2131 548 IV.

1280 619 1627 679 Columna-is
1682 616 1866 687 statio,
1903 617 2131 691 probata
2170 633 2207 674 ιι
2246 615 2521 674 Patribus.

269 730 342 799 ιϐ’.
397 739 631 810 Ἐπειδὴ
707 743 776 801 δὲ
844 745 1067 824 ἀριθμου
1129 745 1397 823 κρείττους
1453 748 1592 811 ἦσαν
1661 750 1709 804 οἱ
1750 748 1859 826 ἀφ-

2027 743 2126 805 19.
2155 744 2299 806 Cum
2324 759 2462 805 vero
2488 739 2844 803 accedentes
2875 756 3112 801 omnem
3136 753 3458 826 numerum
3485 753 3587 826 eit-

204 831 484 905 ικνούμενοι,
547 839 770 910 πρῶτα
835 836 937 911 μὲν
995 833 1250 892 ἒκκλίνων
1292 836 1354 891 τὸ
1413 833 1549 891 πολὺ
1591 836 1690 903 τῆς
1747 842 1866 913 περὶ

199 920 326 977 αὑτόν
372 921 566 999 τιμῆς,
606 922 822 982 ἔπειτα
882 925 974 982 καί
1018 927 1111 982 τοῦ
1166 924 1476 1004 πράγματος
1510 926 1571 982 τὸ
1615 925 1864 984 ἐπίπονον

193 1009 555 1090 δυσχεραίνων,
610 1012 821 1079 ἄλλως
877 1036 934 1071 τε
979 1016 1066 1072 καὶ
1123 1016 1255 1092 πρὸς
1315 1016 1557 1093 οὐρανὸν,
1605 1018 1679 1081 ὡς
1740 1016 1860 1073 οἶόν

192 1121 239 1156 τε
278 1102 349 1175 μή
378 1100 701 1179 λογισμοῖς
772 1104 937 1177 μόνον
966 1105 1054 1161 καὶ
1111 1104 1370 1178 θεωρίαις,
1404 1103 1542 1162 ἀλλὰ
1572 1106 1659 1163 καὶ
1718 1108 1859 1180 αὒτῷ

189 1192 369 1262 σώματι
416 1190 782 1265 πλησιάζειν
840 1193 1201 1268 ἐσπουδακὼς,
1250 1195 1350 1262 τὴν
1407 1196 1492 1251 επὶ
1542 1202 1634 1253 τοῦ
1688 1197 1861 1262 κίονος

189 1278 573 1361 ὶμηχανήσατο
644 1284 874 1347 στάσιν,
926 1284 1021 1342 Καὶ
1057 1284 1244 1362 πρῶτα
1273 1284 1396 1363 μὲν,
1445 1285 1520 1348 είς
1577 1282 1628 1350 ἓξ
1662 1286 1691 1341 6
1732 1286 1862 1342 κίων

186 1370 307 1444 αὖτῷ
357 1370 695 1429 ἂνετείνετο
742 1374 973 1454 πήχεις·
1026 1373 1152 1430 εἶτα
1181 1375 1257 1436 εἷς
1314 1372 1404 1431 δύο
1436 1372 1721 1453 ἀνατρέχει
1773 1375 1860 1431 καὶ

181 1458 313 1524 τέλος
370 1460 427 1526 ἕξ
488 1463 731 1543 πήχεις
791 1465 853 1519 τὸ
904 1469 1008 1520 πᾶν
1068 1462 1208 1540 ἆψος
1264 1462 1354 1520 ἐπὶ
1409 1470 1521 1521 τῶν
1579 1465 1862 1541 τριάκοντα

178 1550 346 1628 ἔσχεν.

247 1638 326 1701 κ’.
377 1642 441 1697 Εἰ
502 1638 567 1696 δὲ
635 1642 734 1698 καὶ
792 1641 927 1709 α’ἶιτὴ
982 1638 1274 1719 παράδοξος
1304 1643 1339 1710 ἡ
1386 1642 1616 1717 ἒπίνοια,
1648 1645 1860 1717 θαυμα-

177 1730 288 1787 στὸν
344 1728 531 1789 οὐδέν·
573 1730 809 1788 πολλῶν
852 1732 952 1809 γὰρ
1011 1729 1305 1807 ἔμπροσθεν
1334 1732 1424 1787 καὶ
1465 1730 1739 1810 μεγάλων,
1774 1735 1860 1795 οἷς

178 1820 262 1877 οὐκ
316 1819 439 1876 ’ἐστι
475 1821 737 1897 μίμησις
780 1819 890 1877 οὔδ’
932 1818 1228 1897 ὑπόδειγμα
1258 1821 1333 1895 τῷ
1396 1819 1603 1897 ἀθλητῇ
1634 1819 1866 1897 προδιη-

175 1908 479 1986 νυσμένων,
515 1912 625 1966 καὶ
657 1913 689 1966 6
735 1911 969 1977 κιονίτης
1006 1912 1159 1973 οὗτος
1207 1910 1320 1984 βίος
1348 1910 1456 1988 οὐχ
1484 1907 1564 1965 ὅτι
1598 1909 1674 1984 μὴ
1720 1908 1864 1990 ἔχων

176 1997 484 2077 ὑπόδειγμα
551 1998 906 2074 περιοπτέος·
966 1996 1088 2054 ἀλλ’
1161 1998 1242 2053 ὅτι
1286 1997 1493 2073 μᾶλλον
1546 2000 1704 2063 αὐτὸς
1763 2000 1864 2055 ὺπ-

1950 837 2257 904 cederent,
2296 831 2552 909 primum
2584 837 2642 891 ut
2667 830 2954 891 honorem
2986 828 3335 901 declinaret,
3367 824 3587 889 deinde

1947 922 2107 1004 quod
2162 921 2434 983 molestia
2476 917 2865 999 gravabatur;
2918 925 3037 979 tum
3083 916 3222 998 quia
3265 915 3436 989 ctelo,
3471 932 3585 996 qua

1945 1023 2196 1097 poterat,
2229 1032 2346 1076 non
2371 1018 2588 1074 tantum
2615 1019 2814 1073 mente
2833 1018 2890 1072 et
2920 1010 3290 1089 cogitatione.
3319 1006 3422 1070 sed
3456 1025 3587 1070 cor-

1943 1123 2088 1186 pore
2107 1121 2346 1185 quoque
2367 1103 2752 1182 ipso,tantum
2779 1118 2911 1162 esse
2932 1099 3182 1161 vicinior
3206 1105 3583 1179 percuperet,

1946 1199 2099 1255 illam
2132 1197 2481 1269 excogitavit
2512 1198 2562 1251 in
2597 1194 2866 1251 columna
2900 1190 3302 1251 stationem.Et
3335 1190 3584 1263 primum

1942 1283 2185 1366 quidem
2221 1283 2499 1346 columna
2528 1279 2597 1342 ad
2630 1298 2731 1342 sex
2764 1287 2964 1342 erecta
2994 1277 3221 1341 cubit'os
3245 1275 3581 1350 est,doinde

1941 1373 2016 1436 ad
2049 1369 2614 1452 duodecim,postad
2643 1368 2848 1448 viginti
2878 1367 3029 1430 duos
3059 1380 3300 1430 extensa
3329 1373 3581 1440 est,tan-

1946 1462 2081 1526 dem
2116 1470 2239 1525 tota
2268 1460 2524 1523 altitudo
2556 1457 2794 1537 triginta
2826 1476 2930 1520 sex
2964 1457 3231 1521 constitit
3260 1456 3493 1519 cubitis.

2022 1552 2125 1614 20.
2157 1552 2216 1614 Si
2238 1549 2585 1632 quibusdam
2623 1566 2834 1609 novum
2869 1548 2981 1610 hoc
3011 1565 3080 1610 ac
3111 1565 3294 1628 prope
3314 1543 3581 1607 incredi-

1944 1640 2066 1704 bile
2088 1641 2356 1703 videatur
2388 1639 2597 1702 mirum
2623 1656 2743 1700 non
2776 1646 2867 1700 est
2893 1656 2906 1700 :
2932 1655 3068 1700 cum
3090 1637 3249 1699 enim
3277 1635 3460 1697 multa
3481 1652 3581 1697 ea-

1948 1750 2064 1813 que
2088 1748 2319 1810 magna,
2345 1745 2590 1810 quorum
2616 1726 2846 1789 nullum
2882 1732 3047 1807 prius
3069 1725 3371 1806 exemplar
3400 1731 3589 1787 exsta-

1948 1819 2071 1892 bat,
2110 1819 2182 1881 ab
2236 1820 2349 1881 hoc
2398 1816 2594 1898 pugile
2644 1816 2900 1897 primum
2947 1822 3226 1896 suscepta
3253 1816 3411 1890 sint;
3465 1822 3585 1875 tum

1948 1904 2111 1972 certe
2141 1909 2502 1971 columnaris
2529 1906 2631 1968 illa
2667 1907 2794 1981 vita,
2831 1925 2949 1967 non
2980 1905 3169 1967 solum
3212 1904 3348 1986 quia
3376 1921 3585 1966 exem-

1950 1998 2044 2078 plo
2077 2008 2244 2060 caret
2273 1995 2709 2059 contemnenda
2733 2014 2850 2056 non
2884 2003 2994 2071 est,
3022 2013 3225 2057 verum
3255 1994 3428 2055 etiam
3450 1992 3592 2074 quia

180 2087 364 2168 ἄρχων
409 2087 773 2150 ἔπαινετέοςο
806 2087 981 2152 ἄλλως
1012 2108 1069 2143 τε
1124 2090 1220 2143 καὶ
1255 2088 1328 2152 ὡς
1385 2092 1480 2147 οὐκ
1512 2085 1634 2144 ἄνευ
1690 2088 1864 2167 κρείτ-

1951 2088 2082 2150 sine
2111 2087 2234 2148 ullo
2284 2084 2555 2167 exemplo
2589 2084 2647 2152 in
2680 2083 3017 2165 exemplum
3066 2084 3260 2165 potius
3288 2082 3595 2165 proposita

179 2199 325 2240 τονος
405 2177 738 2246 ἐπισκοπῆς
800 2178 955 2237 τοῦτὸ
1012 2198 1075 2255 γε
1135 2178 1223 2233 καὶ
1276 2176 1546 2255 θειοτέρας
1617 2177 1682 2233 τὰ
1745 2177 1861 2246 ἑξῆς

181 2269 559 2347 μαρτυρείτω,
614 2268 751 2333 τοὺς
806 2269 906 2345 γὰρ
963 2265 1310 2342 ’[σμαηλίτας
1381 2269 1453 2332 εἰς
1509 2266 1717 2332 πολλὰς
1764 2268 1863 2343 μὲν

183 2356 644 2433 πληθυνομένους
703 2355 978 2435 μυριάδας,
1029 2354 1160 2430 τῷδε
1219 2362 1317 2424 τῆς
1378 2355 1618 2421 ἀσεϐείας
1684 2357 1863 2415 σκότει

185 2445 724 2524 συγκεκλεισμένους
750 2492 769 2523 ,
832 2449 861 2502 6
917 2447 1102 2508 καινὸς
1174 2444 1323 2510 οὗτος
1386 2445 1473 2502 ἐπὶ
1528 2455 1620 2504 τοῦ
1696 2448 1863 2509 κίονος

188 2535 297 2608 βίος
357 2535 590 2592 ἐκεῖθέν
663 2558 722 2591 τε
780 2535 1106 2610 ἀνεσώσατο,
1173 2536 1260 2591 καὶ
1334 2539 1476 2610 αὖτῷ
1546 2538 1652 2594 τῶν
1715 2537 1868 2594 θείων

190 2622 372 2701 λόγων
433 2626 586 2705 φωτὶ
615 2625 711 2688 τὰς
758 2628 929 2684 αὐτῶν
980 2623 1216 2689 διανοίας
1271 2630 1668 2705 περιαστράψας
1727 2626 1865 2689 υἱοὺς

196 2715 372 2791 φωτὶ(
436 2716 537 2771 καὶ
600 2713 806 2793 ἡμέρας
863 2715 987 2780 τοὺς
1050 2714 1164 2791 πρὶν
1229 2714 1328 2783 τῆς
1393 2716 1578 2779 νυκτὸς
1633 2716 1721 2772 καὶ
1775 2721 1867 2771 τοῦ

199 2803 425 2868 σκότους
472 2801 696 2870 ἔδειξεν,
731 2801 948 2879 Ἀμέλει
992 2804 1080 2860 καὶ
1138 2803 1332 2878 νόμους
1378 2805 1520 2880 παρὰ
1575 2809 1674 2871 τῆς
1716 2807 1858 2881 ἱερας

202 2893 408 2960 ὶκείνης
491 2892 785 2973 δεχόμενοι
851 2892 1123 2970 γλώττης,
1184 2893 1291 2949 τῶν
1367 2898 1465 2961 τῆς
1546 2892 1859 2974 Ἀφροδίτης

213 2980 399 3057 ὀργίων
455 2983 710 3063 (πάτριος
761 2983 861 3060 γὰρ
916 2982 1137 3045 ἐκείναις
1168 2984 1202 3050 ἡ
1265 2979 1467 3058 δαίμων
1508 2984 1643 3051 αὐτὴ
1702 2983 1855 3063 Θεὸς)

217 3070 494 3148 προθύμως
554 3073 864 3151 ἀφίσταντο,
934 3071 1134 3130 Πολλοὶ
1198 3068 1254 3128 δὲ
1324 3073 1411 3129 καὶ
1468 3070 1718 3151 Ἰϐήρων,
1783 3074 1858 3136 ὡς

221 3156 372 3237 ἔτην,
403 3165 491 3221 καὶ
538 3168 757 3241 Περσῶν
788 3163 873 3219 καὶ
919 3161 1215 3241 Ἀρμενίων
1255 3163 1457 3241 μακρὸν
1504 3166 1605 3229 τῆς
1663 3163 1859 3226 οίκείας

229 3246 430 3318 ἂπάτης
498 3251 707 3328 γέλωτα
784 3251 1150 3331 καταχέαντες
1221 3256 1290 3327 τῇ
1383 3248 1705 3329 εὐαγγελικῇ
1777 3253 1858 3307 καὶ

240 3338 378 3394 minui.
403 3339 701 3410 διδασκαλίᾳ
741 3341 916 3397 συνέθε
924 3362 1035 3402 ντο,

1947 2177 2183 2239 caeteris
2242 2184 2356 2254 est,
2389 2172 2707 2236 laudanda.
2749 2173 3081 2236 Praesertim
3124 2173 3280 2255 quod
3314 2191 3430 2234 non
3462 2171 3591 2234 sine

1952 2275 2180 2327 matura
2205 2262 2684 2327 consideratione
2712 2282 2782 2326 ac
2813 2262 3014 2325 divino
3048 2263 3327 2325 instinctu
3367 2261 3587 2324 factum

1951 2373 2247 2437 esse,quaa
2269 2354 2550 2433 deinceps
2571 2362 2920 2433 sequuntur,
2950 2360 3220 2413 testatum
3248 2349 3585 2429 facient;Is-

1953 2446 2224 2508 maelitas
2245 2444 2403 2505 enim
2431 2444 2570 2524 (17),
2606 2442 2709 2521 qui
2731 2445 2804 2503 ad
2838 2441 3037 2523 plures
3059 2440 3352 2522 myriadas
3373 2457 3582 2502 excre-

1948 2544 2177 2607 verant,
2198 2553 2269 2597 ac
2301 2532 2620 2613 impietatis
2643 2531 2908 2593 tenebris
2937 2535 3111 2594 erant
3141 2530 3409 2605 involuti,
3436 2549 3584 2593 nova

1948 2626 2081 2689 haec
2102 2622 2348 2705 agendae
2368 2622 2429 2683 in
2446 2621 2725 2683 columna
2753 2620 2884 2682 vita;
2907 2620 3055 2682 ratio
3087 2619 3227 2681 inde
3254 2619 3496 2699 eripuit,
3520 2638 3591 2682 ac

1948 2714 2135 2777 divini
2160 2712 2324 2775 verbi
2344 2710 2576 2772 lumine
2605 2727 2811 2773 eorum
2838 2717 3065 2771 mentes
3086 2708 3410 2783 illustrans,
3436 2709 3589 2771 ﬁlios

1942 2804 2096 2868 lucis
2136 2811 2196 2865 et
2225 2802 2367 2882 diei,
2402 2801 2500 2883 qui
2545 2802 2737 2861 noctis
2769 2801 2932 2881 prius
2974 2809 3034 2861 et
3066 2797 3446 2862 tenebrarum
3480 2796 3589 2860 ﬁlii

1940 2902 2131 2968 erant,
2159 2891 2481 2955 constituit.
2518 2888 2788 2970 Denique
2821 2889 3118 2970 susceptis
3167 2907 3201 2950 a
3233 2886 3434 2951 divino
3485 2887 3589 2949 illo

1941 3003 2046 3049 ore
2064 2979 2586 3063 legibus,Veneris
2612 2979 2775 3058 orgia
2802 2979 2924 3060 (hic
2944 2980 3104 3042 enim
3139 2977 3374 3041 daemon
3395 2979 3591 3061 patria

1941 3075 2022 3137 iis
2060 3074 2173 3134 dea
2201 3081 2332 3135 erat
2357 3071 2513 3153 (t8))
2548 3078 2816 3153 prompte
2848 3067 3225 3131 abdicarunt.
3259 3067 3424 3130 Multi
3448 3085 3588 3131 vero

1940 3163 2273 3234 Iberorum,
2299 3160 2381 3222 uti
2413 3160 2635 3223 dictum
2667 3168 2778 3234 est,
2816 3158 3133 3221 Persarum
3164 3176 3231 3220 ac
3261 3157 3589 3221 Armenio-

1941 3272 2101 3328 rum,
2135 3252 2350 3313 avitum
2399 3268 2661 3312 errorem
2695 3248 2954 3309 ludibrio
2997 3247 3311 3323 habentes,
3346 3265 3592 3327 evange-

1943 3337 2076 3406 licae
2093 3350 2150 3404 et
2169 3341 2286 3417 ipsi
2309 3339 2597 3402 doctrinm
2617 3337 2886 3417 adjuncti
2904 3347 3064 3400 sunt.
3118 3384 3119 3389 η

320 3428 424 3489 κα⁹.
485 3419 658 3486 Ἦνίκα
702 3427 756 3485 δὲ
783 3430 884 3497 τὴν
937 3430 1126 3499 καινὴν
1182 3428 1379 3497 ταύτην
1434 3432 1462 3487 6
1492 3431 1710 3505 Συμεὼν
1767 3429 1859 3487 ἐπί

2026 3438 2091 3494 2t
2111 3478 2126 3493 .
2156 3429 2341 3509 Igitur
2362 3428 2501 3490 dum
2539 3445 2747 3489 noram
2773 3428 2926 3489 hanc
2952 3429 3207 3507 Symeon
3237 3424 3298 3485 in
3314 3424 3593 3486 columna

235 3524 326 3574 τοῦ
353 3520 513 3581 κίονος
555 3518 832 3576 πολινείαν
889 3518 1242 3593 ἐπενοήσατο,
1284 3526 1560 3599 πανταχοῦ
1602 3519 1697 3587 τῆς
1744 3519 1865 3575 κατ’

228 3604 379 3664 αὐτὸν
435 3609 626 3689 φήμης
659 3606 821 3674 ὀξέως
879 3606 1206 3674 διαδοθείσης
1258 3606 1433 3687 (φιλεῖ
1487 3609 1586 3687 γὰρ
1615 3608 1670 3664 ἐν
1726 3606 1865 3666 οὕτω

226 3711 423 3761 καινοῖς
490 3696 800 3777 πράγμασιν
890 3697 1021 3763 αὕτη
1112 3696 1392 3776 ταγυτέρῳ
1472 3696 1705 3773 μάλιστα
1790 3704 1864 3772 τῷ

223 3794 392 3864 πτερῷ
447 3785 801 3866 κεχρῆσθαι),
859 3788 908 3843 οἱ
969 3787 1070 3853 τὴν
1127 3784 1327 3865 ἔρημον
1371 3799 1486 3847 τοῖς
1547 3786 1864 3855 ἂσκητικοϊς

219 3873 395 3938 ἄθλοις
470 3877 561 3932 καὶ
621 3875 806 3937 πόνοις
888 3876 1125 3951 οὐράνιον
1183 3874 1617 3954 ἀπεργασάμενοι
1704 3875 1863 3933 πόλιν

218 3967 349 4024 θεῖοι
412 3963 671 4041 Πατέρες,
732 3968 809 4037 τῷ
849 3976 1163 4045 καινορρανετ
1205 3965 1374 4039 τούτῳ
1431 3964 1864 4043 καταπλαγέντες

218 4058 303 4113 καὶ
390 4053 582 4129 ξενικῷ
674 4061 767 4110 τοῦ
850 4052 1293 4130 ἐπιτηδεύμανος,
1366 4053 1640 4112 στέλλουσί
1719 4076 1865 4118 τινας

220 4146 358 4222 παρὰ
414 4145 510 4199 τὸν
561 4143 844 4221 μετάρσιον
900 4143 1107 4200 ἐκεῖνον
1160 4140 1458 4221 ἅνθρωπονο
1523 4144 1608 4201 καθ
1666 4144 1867 4206 τούτοις

221 4232 554 4290 ἐντέλλονται
610 4237 707 4299 τῆς
741 4230 893 4299 ξένης
947 4231 1045 4307 μὲν
1075 4231 1217 4305 αὖτῷ
1268 4231 1498 4298 ἐπινοίας
1528 4232 1864 4307 ἐπιτιμῆσαι,

219 4320 428 4387 διδάξαι
483 4319 538 4376 δὲ
595 4322 694 4389 τὴν
733 4319 1089 4399 τετριμμένην
1143 4322 1231 4376 καὶ
1278 4322 1479 4389 συνήθη
1523 4333 1643 4385 τοῖς
1697 4321 1867 4398 ἅγίοις

219 4412 561 4490 πορεύεσθαι,
604 4411 693 4466 καὶ
755 4410 833 4484 μὴ
896 4410 1096 4475 ταύτης
1155 4420 1534 4487 καταφρονεῖν,
1588 4409 1654 4477 ἢν
1703 4410 1866 4488 χορὸς

218 4501 490 4558 τοσούτων
538 4500 814 4577 μακαρίων
846 4497 1065 4561 ὁδεύσας
1116 4500 1248 4577 πρὸς
1304 4497 1523 4576 οὐρανόν
1552 4520 1608 4555 τε
1668 4498 1871 4566 ἀνελη-

221 4589 366 4646 λύθει
437 4590 529 4645 καί
592 4591 804 4655 σκηνῶν
877 4587 1092 4644 ἐκείνων
1160 4594 1269 4643 τῶν
1336 4586 1521 4643 ἀϊδίων
1576 4585 1866 4655 ὶπέϐησαν·

221 4681 349 4737 εἶτα
410 4679 672 4744 δείσαντες
733 4682 811 4755 μὴ
869 4682 928 4735 τὸ
987 4678 1222 4754 ἐννόημα
1293 4678 1594 4757 θεάρεστον-
1632 4678 1695 4757 ἧ,
1755 4676 1869 4734 οἵδε

221 4769 562 4838 ἀνθρωπίνως
641 4770 702 4825 τὸ
790 4775 1010 4848 πρᾶγμα
1084 4767 1420 4847 στοχάζονται
1452 4817 1466 4841 ,
1555 4767 1643 4823 καὶ
1714 4775 1870 4825 τοῦτο

222 4857 610 4925 ἐπισκήπτουσι
663 4862 777 4923 τοῖς
835 4855 1286 4931 ἀπεσταλμένοις,
1317 4858 1390 4922 ὡς
1449 4857 1493 4913 εί
1546 4857 1644 4931 μὲν
1705 4854 1870 4914 ἴδοιεν

221 4950 315 5004 τὸν
371 4944 534 5022 ἄνδρα
587 4954 681 5003 τοῦ
751 4946 941 5003 οἰκείου
999 4945 1302 5019 θελήματος
1379 4943 1716 5019 εξιστᾶμενον
1778 4945 1870 5001 καὶ

225 5038 355 5114 πρὸς
398 5035 497 5102 τὴν
554 5034 754 5091 ἐκεῖθεν
809 5034 1025 5092 εἴκοντα
1083 5031 1327 5105 κάθοδον,
1384 5034 1626 5114 ἐπίσχειν
1686 5041 1870 5092 τοῦτον

225 5127 372 5190 εὒθὺς
428 5124 527 5180 καί
594 5124 825 5181 κελεύειν
900 5124 1117 5204 ἔχεσθαι
1174 5127 1273 5188 τῆς
1344 5122 1664 5201 προθέσεως,
1727 5122 1866 5198 μηδὲ

230 5212 454 5292 ἀμελεῖν
512 5220 604 5270 τοῦ
646 5221 869 5275 σκοποῦ,
928 5212 1079 5271 Οῧτω
1136 5213 1236 5290 γὰρ
1284 5213 1347 5268 ἃν
1410 5213 1553 5269 θείαν
1623 5234 1680 5269 τε
1725 5216 1865 5270 εἶναι

296 5384 411 5453 (t7)
444 5382 655 5441 Fusius
684 5382 804 5453 haec
832 5379 1065 5453 deducit
1092 5380 1531 5453 “Theodoretus,
1562 5389 1618 5440 et
1665 5379 1869 5439 Cedre-

231 5451 341 5513 nu's
370 5451 440 5513 ad
472 5468 693 5511 annum
721 5452 792 5508 25
820 5451 1123 5522 Theodosii
1151 5451 1424 5522 iunioris.

302 5527 412 5595 (18)
443 5528 599 5583 Idem
633 5536 854 5580 constat
876 5536 948 5580 ex
983 5521 1229 5594 Evagrio
1259 5522 1470 5595 lib._vt.
1494 5536 1617 5593 cap.
1653 5522 1741 5595 21,
1770 5523 1867 5580 ubi

233 5593 419 5668 refert,
449 5609 690 5668 auream
738 5595 977 5668 Veneris
1006 5593 1252 5668 statuam
1289 5609 1318 5649 a
1359 5593 1651 5668 Naamane
1699 5594 1871 5653 Sara-

1944 3519 2181 3582 vivendi
2205 3519 2498 3581 rationem
2524 3516 3102 3596 excogﬂassetjama
3129 3515 3258 3594 ejus
3279 3532 3454 3595 quam
3485 3531 3593 3576 ce-

1946 3609 2193 3672 lerrime
2214 3624 2683 3689 quaquaversum
2711 3605 2938 3685 vulgata
2963 3605 3117 3686 (ipsa
3142 3604 3299 3665 enim
3322 3603 3382 3664 in
3411 3600 3591 3664 rebus

1946 3699 2096 3762 adeo
2121 3697 2290 3758 novis
2322 3694 2714 3758 celerioribus
2738 3693 3177 3776 quodammodo
3208 3693 3291 3754 uti
3322 3691 3434 3753 alis
3454 3710 3592 3753 con—

1946 3792 2180 3860 suevit),
2208 3785 2413 3848 Patres
2443 3784 2544 3867 qui
2592 3783 3004 3866 spiritualibus
3033 3781 3330 3844 exercitiis
3367 3782 3490 3863 (10)
3524 3800 3592 3844 ac

1946 3876 2255 3941 laboribus
2286 3895 2353 3937 ex
2381 3893 2582 3937 eremo
2613 3874 2917 3937 caelestem
2949 3872 3270 3953 quamdam
3297 3870 3588 3934 civitatem

1946 3965 2265 4039 faciebant,
2293 3965 2406 4027 hoc
2439 3974 2555 4025 tam
2581 3963 2862 4025 inusitato
2886 3982 2955 4025 ac
2978 3961 3294 4043 peregrino
3318 3959 3593 4041 obstupe-

1948 4053 2085 4117 facti
2117 4053 2249 4115 vita:
2281 4054 2574 4133 instituto,
2608 4070 2936 4133 quosquam
2969 4051 3042 4112 ad
3084 4049 3401 4112 sublimem
3434 4049 3594 4110 hunc

1952 4143 2255 4205 hominem
2308 4142 2569 4220 mittunt,
2603 4139 2793 4222 iisque
2843 4140 3211 4221 praecipiunt,
3245 4146 3308 4199 ut
3354 4138 3429 4199 ob
3477 4146 3592 4198 tam

1953 4233 2299 4313 peregrinas
2325 4231 2697 4293 inventiones
2724 4248 2857 4292 eum
2892 4228 3437 4311 reprehendant,ac
3454 4245 3594 4288 con-

1951 4334 2174 4383 suetam
2200 4340 2261 4380 ac
2276 4325 2467 4381 tritam
2483 4324 2751 4381 omnibus
2776 4324 2979 4380 sanctis
2997 4325 3145 4378 viam
3172 4322 3317 4378 inire
3329 4319 3596 4386 doceant,

1951 4429 2147 4491 neque
2186 4478 2189 4483 ,
2226 4428 2354 4471 eam
2390 4416 2798 4479 contemnere,
2831 4427 3005 4489 quam
3058 4415 3255 4470 tantus
3286 4407 3594 4469 beatorum

1953 4503 2176 4562 chorus
2194 4499 2704 4578 calcavit,qnaque
2725 4497 2796 4559 ad
2818 4497 3029 4559 (celum
3055 4496 3600 4576 pervenit.mterna—

1952 4607 2072 4669 que
2096 4588 2197 4649 illa
2230 4587 2447 4649 subivit
2475 4586 2879 4649 tabernacula.
2913 4584 3098 4649 Veriti
3130 4586 3349 4648 deinde
3378 4605 3455 4648 ne
3487 4586 3599 4648 hoc

1955 4679 2083 4759 ejus
2114 4677 2439 4739 institutum
2476 4694 2685 4739 revera
2717 4677 2838 4738 Deo
2860 4676 3143 4757 placeret,
3168 4676 3323 4737 hanc
3352 4676 3485 4756 ejus
3504 4694 3597 4736 ac-

1952 4771 2163 4829 tionem
2188 4770 2506 4842 periclitari
2537 4771 2977 4839 cupientes,hoc
3009 4769 3122 4826 illis
3147 4784 3290 4840 quos
3311 4768 3380 4825 ad
3404 4769 3591 4841 ipsum

1955 4854 2275 4916 mittebant
2299 4853 2675 4929 mandarunt,
2703 4861 2764 4914 ut
2786 4853 2837 4915 si
2859 4856 3052 4916 virum
3077 4854 3598 4933 viderentpropria

1950 4944 2158 5007 relicta
2175 4943 2475 5006 voluntate
2497 4962 2530 5005 e
2556 4943 2799 5005 sublimi
2827 4943 2978 5005 velle
3000 4942 3590 5016 (lescendere,statim

1952 5052 2018 5095 se
2041 5042 2419 5115 opponerent
2454 5053 2523 5095 ac
2548 5033 2738 5114 primo
2763 5034 3065 5114 proposito
3089 5032 3145 5091 in
3173 5032 3403 5093 haerere
3424 5030 3598 5110 jube-

1949 5132 2106 5204 rent,
2141 5140 2334 5203 neque
2364 5141 2610 5199 scarum
2656 5124 2955 5203 negligere
2990 5120 3430 5203 permitterent.
3473 5119 3596 5181 Hac

1949 5212 2111 5275 enim
2137 5212 2368 5275 ratione
2392 5212 2448 5275 id
2474 5212 2604 5276 vita:
2629 5212 2962 5276 institutum
2993 5210 3228 5272 nonnisi
3250 5228 3284 5272 a
3307 5208 3426 5272 Deo
3450 5227 3595 5291 pro-

1951 5394 2143 5523 magis).
2180 5451 2350 5509 DeeSt
2381 5452 2491 5509 hoc
2520 5450 2901 5523 Theodoreto.
2955 5449 3223 5508 Refertur
3251 5458 3307 5507 et
3351 5450 3595 5523 Evagrio

1953 5521 2054 5580 lib.
2089 5537 2129 5582 ι.
2153 5537 2282 5593 cap.
2309 5523 2395 5589 13,
2424 5531 2479 5580 et
2509 5522 2827 5593 Nic-ephoro
2849 5522 2948 5580 lib.
2970 5533 3085 5589 xtv,
3108 5535 3237 5591 cap.
3272 5523 3361 5593 5t.
3385 5521 3594 5580 Suidas

1951 5594 2125 5651 verbo
2152 5592 2373 5664 Syowon
2403 5594 2558 5665 dicit,
2588 5592 2659 5648 ali
2684 5593 2963 5665 Egyptits
2996 5592 3302 5665 monachis
3337 5592 3491 5651 hanc
3522 5594 3594 5652 ad

236 5662 500 5729 canorum
529 5667 697 5730 duce.
732 5667 863 5752 igne
891 5662 1281 5737 liquefactam,
1312 5673 1603 5744 erogatam
1634 5667 1692 5722 in
1726 5679 1874 5737 pau-
1950 5665 2138 5725 virum
2169 5662 2432 5723 Sanctum
2467 5664 2692 5724 missam
2730 5662 2853 5724 esse
2890 5663 3261 5737 legationem.
