4004 6138
435 258 551 328 355

1713 265 1992 329 MENSIS
2043 259 2491 330 JANUARIUS.

3704 259 3835 326 356

433 399 634 472 ἐκείνη,
672 399 759 455 καὶ
817 398 914 466 τὴν
944 398 1125 479 ψυχὴν
1183 403 1264 471 τῷ
1297 401 1405 470 Θεῷ
1459 399 1811 476 προστίθεται,
1847 401 2078 480 μακαρία
2122 401 2213 457 σὸν
2265 402 2377 478 βίοι
2423 403 2496 464 ὠς
2543 399 2780 472 άληθῶς,
2815 400 3000 476 πολλῷ
3052 409 3144 460 τοῦ
3174 401 3356 466 τέλους
3409 402 3830 479 μακαριωτέρα,

433 487 512 543 ὅτι
546 488 784 544 τοιούτου
827 486 1010 549 παιδὸς
1044 491 1242 556 ἢκουσε
1293 489 1490 566 μήτηρ,
1525 490 1612 543 καὶ
1645 489 1719 549 εἰς
1749 496 1903 544 τοῦτο
1934 491 2126 568 ἀρετῆς
2158 490 2382 568 ἐλγόντα
2411 491 2502 547 τὸν
2535 492 2643 546 υἱὸν
2673 489 3081 551 καταλέλοιπεν.

512 577 612 640 25.
647 575 890 638 Divinus
942 593 1085 638 vero
1132 579 1385 656 Symeon
1419 575 1573 636 intra
1608 576 1915 638 mandram
1972 578 2132 657 (ilaA

434 666 729 728 columna:
763 664 1022 726 ambitus
1073 664 1412 744 vocabatur)
1461 664 1590 743 ejus
1619 683 1836 746 corpus
1866 665 2078 729 inferri

430 755 628 836 jussit,
661 763 784 819 erat
816 755 972 816 enim
1009 756 1230 815 circum
1265 755 1599 816 columnam
1647 772 1852 815 murus
1883 756 2072 818 εθιίίίὶ-

432 852 616 914 catus.
649 854 712 905 ut
744 843 1095 904 mulieribus
1129 843 1357 922 ingredi
1389 843 1477 906 fas
1510 862 1626 904 non
1670 852 1849 907 esset.
1899 848 2071 906 Post-

434 951 607 1014 quam
642 932 818 1010 igitur
849 940 1037 994 mater
1085 933 1243 994 illata
1294 941 1489 1007 esset;
1542 932 1685 994 vidit
1713 951 1840 994 eam
1891 934 2068 1010 illius,

433 1020 932 1102 quemadmodum
965 1021 1130 1100 prius
1163 1021 1461 1102 pollicitus
1491 1022 1680 1084 fuerat
1718 1044 1730 1084 :
1781 1021 1876 1084 cui
1910 1033 2069 1102 post-

433 1129 607 1190 quam
640 1118 920 1172 consueta
954 1111 1267 1192 impendit,
1305 1130 1628 1193 precesque
1661 1130 1766 1193 pro
1798 1131 1866 1174 ea
1896 1112 2068 1186 ludit,

424 1201 591 1278 juxta
639 1201 978 1263 columnam
1039 1202 1356 1282 sepulturae
1413 1203 1732 1264 mandavit.
1787 1205 1870 1265 lta
1902 1207 2072 1263 matri

429 1287 697 1350 debitum
738 1291 1027 1351 honorem
1058 1290 1390 1372 impertilus
1423 1301 1533 1367 est,
1585 1300 1642 1353 et
1690 1291 2068 1354 Dominicum

431 1387 794 1458 praeceptum
828 1397 948 1440 non
981 1388 1204 1441 tantum
1241 1381 1575 1457 custodivit,
1609 1380 1711 1442 sed
1749 1389 1806 1442 et
1832 1384 2070 1462 prOprio

431 1467 703 1547 profectu
737 1486 956 1548 augere
988 1476 1269 1551 perrexit.

2241 572 2342 640 κε’.
2385 573 2441 638 ε0
2499 584 2644 643 θεῖος
2674 579 2727 634 δὲ
2774 582 2994 655 Συμεὼν
3026 582 3114 637 τόν
3170 582 3366 647 ταύτης
3413 580 3594 648 νεκρὸν
3641 579 3702 635 ἐν
3739 587 3826 654 τῷ

2158 675 2257 738 τῆς
2331 667 2560 746 μάνδρας
2625 669 2803 747 (τοῦτο
2875 670 2974 749 γὰρ
3046 672 3072 726 ὁ
3142 692 3234 725 του
3289 667 3476 726 στύλου
3531 666 3827 745 περίϐολος

2159 757 2432 838 ἐκαλεῖτο)
2507 760 2877 838 εἰσενεχθῆναι
2957 759 3294 835 προστάττει,
3356 756 3826 837 περιῳκοδομεῖτο

2157 851 2256 928 γάρ
2289 872 2338 906 τι
2383 849 2638 905 πάντοθεν
2684 850 2890 928 τειχίον
2948 853 3024 920 τῷ
3075 848 3239 928 κίονι,
3275 850 3411 904 ὥστε
3443 848 3521 922 μὴ
3577 845 3814 925 γυναιξίν

2155 940 2421 1005 εἰσιτητὸν
2483 938 2650 998 εἶναι.
2735 939 3086 1016 Εἰσαχθείσης
3158 944 3436 1015 τοιγαροῦν
3511 941 3646 1008 αὐτῷ
3702 942 3809 1004 τῆς

2156 1027 2386 1105 μητέρος
2444 1030 2777 1099 τεθνηκυίας,
2813 1027 3066 1082 ἒϐεάσατο
3121 1026 3283 1092 αὖτὴν
3339 1027 3472 1082 κατὰ
3517 1026 3580 1081 τὰ
3622 1025 3810 1101 ἐπηγ-

2155 1116 2410 1194 γελμένα,
2475 1117 2561 1171 καὶ
2619 1117 2684 1171 τὰ
2752 1116 2968 1172 εἰωθότα
3033 1114 3251 1178 τελέσας
3313 1116 3399 1170 καὶ
3463 1115 3594 1190 αὖτῇ
3638 1115 3810 1170 ἐπευ-

2155 1205 2402 1281 ξάμενος,
2442 1205 2598 1262 αὖτοῦ
2655 1228 2755 1262 που
2811 1205 2995 1262 θάπτει
3057 1205 3196 1283 παρὰ
3260 1207 3337 1277 τῷ
3393 1203 3585 1277 στύλῳ.
3650 1202 3815 1260 Οὕτω

2156 1297 2245 1352 καί
2307 1300 2376 1371 κῇ
2409 1296 2573 1371 μητρὶ
2629 1295 2727 1362 τὴν
2759 1294 2920 1368 τιμήν
2979 1292 3245 1372 ἀπεδίδου,
3283 1295 3368 1349 καὶ
3398 1294 3490 1361 τὴν
3533 1303 3813 1350 Δεσποτι-

2154 1385 2252 1452 κὴν
2299 1383 2514 1450 ἐντολὴν
2547 1385 2640 1440 οὒκ
2685 1385 2756 1446 εἰς
2787 1384 2940 1446 τέλος
2984 1383 3084 1462 ἧγε
3117 1384 3303 1459 μόνον,
3355 1381 3489 1438 ἀλλὰ
3520 1383 3608 1438 καὶ
3647 1379 3813 1446 ἰδίαις

2154 1472 2322 1539 αὒξων
2355 1472 2616 1530 ἐδείκνυτο
2647 1487 2970 1552 προκοπαῖς.

1912 1629 2139 1688 CAPUT
2206 1630 2290 1687 VI.

1601 1726 1763 1784 Varia
1803 1728 2096 1786 Ismaelitis
2123 1729 2321 1785 collata
2354 1727 2629 1800 beneﬁcia.

506 1853 608 1917 26.
629 1852 858 1916 Exinde
877 1853 1090 1915 iterum
1112 1854 1280 1936 quasi
1302 1853 1388 1916 fax
1413 1852 1746 1916 clarissima
1769 1854 1931 1915 omni
1956 1853 2068 1915 vir-

427 1949 618 2032 tutum
661 1942 1008 2005 eximiarum
1057 1962 1275 2022 genere
1316 1943 1727 2023 resplenduit:
1764 1943 1979 2023 quibus
2009 1951 2065 2005 et

2155 1945 2428 2023 ὅπερφυέσι
2513 1945 2767 2001 πάντοθεν

2228 1856 2366 1929 κζ’.
2421 1855 2689 1912 Ἐντεῦθεν
2758 1855 2854 1911 οἶά
2926 1877 3006 1920 τις
3069 1858 3262 1934 πυρσὸς
3333 1855 3594 1935 διαφανὴς
3665 1867 3807 1912 ταῖς

2867 1944 3084 2020 ἀρεταῖς
3157 1945 3469 2020 ἐγλάμπων,
3546 1945 3669 2010 τοὺς
3747 1943 3809 1999 ἐν

429 2032 490 2093 in
512 2031 884 2094 densissimis
902 2033 1092 2095 noctis
1114 2033 1397 2109 tenebris,
1423 2038 1714 2114 quasique
1737 2034 1919 2094 maris
1935 2052 2065 2114 pro-

2155 2035 2526 2114 χαλεπωτάτῳ
2556 2036 2741 2098 νυκτὸς
2787 2032 3009 2091 κλύδωνι
3053 2041 3150 2101 τῆς
3209 2033 3446 2098 ἀσεϐείας
3491 2034 3802 2109 κειμένους,

429 2121 621 2197 cellis,
652 2120 973 2198 impietatis
998 2122 1259 2202 inquam,
1278 2122 1577 2202 jacentes,
1603 2120 1672 2182 ad
1699 2139 1903 2184 verum
1931 2122 2064 2184 reli-

428 2209 622 2290 gionis
655 2219 885 2290 portum
918 2211 1282 2291 perducebat
1310 2232 1323 2273 :
1357 2211 1692 2292 multosque
1719 2211 1920 2274 videre
1941 2220 2067 2273 erat

429 2318 536 2373 ope
557 2301 854 2374 Symeonis
874 2303 1180 2360 serenioris
1204 2319 1357 2360 aura
1382 2304 1790 2374 tranquillitate
1823 2307 2060 2375 pertrui,

429 2386 612 2448 Erant
639 2385 959 2468 aliquando
991 2387 1166 2449 simul
1193 2388 1324 2450 dua;
1346 2389 1476 2468 ejus
1507 2387 1650 2466 (23),
1683 2407 1856 2469 quam
1893 2390 2062 2468 paulo

427 2485 568 2537 ante
602 2475 1083 2551 commemoravi,
1135 2480 1325 2556 gentis
1368 2475 1797 2539 Ismaelitarum
1830 2475 2059 2551 tribus;

425 2573 676 2645 utraque
698 2564 942 2645 supplex
975 2583 1043 2628 ex
1075 2567 1201 2645 ejus
1227 2585 1330 2628 ore
1358 2565 1831 2628 benedictionem
1857 2574 2057 2646 postu«

427 2652 604 2729 labat,
640 2661 702 2714 ut
733 2672 862 2714 eam
890 2655 1054 2734 quasi
1087 2655 1306 2716 donum
1326 2655 1757 2734 amplissimum
1781 2673 1887 2715 suo
1912 2656 2060 2736 phy-

425 2741 628 2805 larcho
650 2741 929 2803 deferret:
956 2761 1155 2804 verum
1181 2743 1340 2804 circa
1361 2749 1550 2822 ipsum
1575 2743 1796 2803 donum
1817 2753 2061 2806 conten-

421 2831 504 2892 tio
535 2839 785 2910 repente
815 2848 882 2891 ac
912 2831 1120 2892 seditio
1154 2831 1309 2894 iuter
1353 2851 1452 2892 eos
1494 2851 1608 2892 non
1645 2830 1796 2892 levis
1854 2831 2063 2895 oborta

420 2929 509 2980 est
537 2940 552 3000 ;
581 2938 695 2980 una
720 2937 854 2998 pars
885 2937 990 2980 suo
1020 2921 1276 3000 primum
1310 2919 1545 2982 tribuno
1580 2919 2058 2984 benedictionem

423 3007 808 3071 deferendam
834 3007 1329 3084 censebat,altera
1352 3028 1520 3070 suum
1547 3009 1894 3090 praeferebat
1917 3031 2062 3092 pra:-

420 3097 666 3174 fectum,
715 3115 783 3158 ac
834 3099 1154 3178 praeripere
1210 3098 1687 3160 benedictionem
1740 3101 2058 3164 nitebatur.

421 3187 627 3268 Itaque
661 3185 936 3248 tribubus
968 3188 1125 3250 inter
1154 3206 1218 3249 se
1260 3186 1715 3258 dissidentibus,
1750 3190 1812 3250 in
1842 3189 2057 3252 barba-

2146 2122 2324 2200 ὤσπερ
2403 2123 2486 2180 ἐπὶ
2545 2121 2739 2197 λιμένα
2799 2124 2899 2190 τὴν
2971 2122 3236 2180 εὖσέϐειαν
3311 2121 3630 2200 καθωδήγει,
3709 2124 3807 2178 καὶ

2147 2212 2378 2278 πολλοὺς
2437 2213 2500 2281 ἦν
2564 2210 2631 2267 δι’
2695 2217 2852 2270 αὒτοῠ
2914 2212 3155 2290 γαλήνης
3221 2216 3344 2289 ὁρᾷν
3400 2211 3802 2276 ἀπολαύοντας.

2147 2304 2282 2360 Ilo-:3:
2331 2305 2478 2382 γοῦν⁶
2537 2301 2680 2376 αὒτῷ
2739 2300 2830 2358 δύο
2887 2304 3023 2360 κατὰ
3079 2303 3267 2359 ταύτὸν
3326 2309 3418 2358 τοῦ
3480 2305 3653 2381 μικρῷ
3702 2325 3803 2378 μοι

2145 2392 2368 2468 πρόσθεν
2440 2390 2721 2469 εἰρημένου
2791 2390 2964 2454 ἔθνους
3053 2394 3153 2446 νῶν
3225 2389 3581 2466 Ἰσμαηλιτῶν
3646 2413 3801 2470 παρ-

2147 2482 2280 2550 ῆσαν
2364 2479 2541 2560 φυλαί·
2618 2479 2856 2558 λιπαρῶς
2945 2481 3167 2558 ἑκατέρα
3228 2479 3614 2558 προσκειμένη,
3691 2479 3800 2536 καὶ

2146 2571 2244 2638 τὴν
2303 2570 2386 2625 διὰ
2417 2569 2648 2650 χειλέων
2685 2569 2927 2648 εὖλογίαν
2960 2569 3196 2646 αξτοῦσα,
3235 2569 3370 2626 ὥστε
3427 2567 3592 2646 δῶρον
3624 2566 3796 2636 ἡδέως

2147 2659 2309 2725 αὖνὴν
2339 2659 2415 2733 τῷ
2456 2659 2717 2738 φυλάρχῳ
2751 2659 2986 2732 κομίσαι·
3035 2661 3118 2715 καὶ
3170 2660 3286 2736 περὶ
3345 2661 3404 2715 τὸ
3460 2656 3624 2736 δῶρον
3685 2657 3795 2732 ἔρις

2145 2747 2333 2810 αὖταῖς
2391 2748 2644 2822 ἓμπίπ-ιει
2705 2747 2924 2828 σφόδρα,
2977 2748 3070 2804 καί
3116 2749 3297 2810 στάσις
3356 2748 3624 2826 ἐγγίνεται
3686 2769 3797 2822 μεο

2145 2837 2290 2902 ταξύ.
2350 2839 2414 2892 Ἦ
2449 2838 2548 2911 μὲν
2609 2838 2709 2916 γὰρ
2739 2840 2829 2894 τὸν
2881 2839 3080 2894 “ﬁt”
3125 2836 3275 2914 ἔλεγε
3307 2835 3576 2918 φύλ²ρχ⁰ν
3635 2837 3796 2916 73i-

2144 2949 2225 2983 ναι
2299 2926 2553 3006 πρότερον
2626 2925 2889 2991 ἀξιοῦσθαι
2965 2931 3060 2993 τῆς
3132 2924 3394 3004 εὔλογίαντ
3471 2928 3503 2992 ἦ
3573 2924 3627 2981 δὲ
3701 2929 3796 2982 τὸν

2143 3017 2337 3082 ἑαυτῆς
2395 3017 2674 3094 προετίθει,
2726 3018 2808 3072 καὶ
2867 3017 3219 3095 προαρπάζειν
3281 3018 3421 3089 αὒτῷ
3481 3018 3574 3082 τὴν
3632 3015 3793 3072 εὐλο-

2145 3105 2260 3182 γίαν
2305 3102 2640 3174 ἐσπούδαζεν,
2705 3105 2854 3161 Οὕτω
2924 3106 3051 3182 πρὸς
3107 3103 3371 3174 ἀλλήλους
3437 3111 3542 3160 τῶν
3601 3106 3788 3182 φυλῶν

2142 3192 2530 3273 διαφερομένων
2587 3195 2658 3258 εἰς
2727 3192 3050 3270 βαρϐαρικὴν
3105 3194 3167 3248 ἃν
3227 3195 3484 3267 ὠμότητα
3543 3195 3576 3260 ἡ
3623 3193 3790 3274 φιλο-

418 3278 607 3340 ricam
634 3275 1052 3339 crudelitatem
1068 3296 1164 3340 res
1188 3277 1506 3358 erupisset,
1535 3278 1649 3340 nisi
1673 3280 1950 3360 Symeon.
1977 3281 2062 3341 vir

2155 3285 2312 3339 δεικία
2363 3282 2564 3343 τούτοις
2597 3281 2900 3362 ὶχώρησεν,
2938 3285 2981 3338 εἰ
3035 3283 3112 3357 μὴ
3143 3285 3168 3337 ὁ
3227 3291 3322 3353 τῆς
3355 3283 3565 3360 εἰρήνης
3601 3285 3792 3347 αὐτοῖς

422 3367 584 3448 pacis
613 3373 670 3427 et
699 3366 1033 3429 concordia:
1055 3368 1519 3443 amantissimus,
1545 3369 1704 3446 gravi
1728 3370 2060 3430 commina—

424 3457 582 3519 tione
607 3457 923 3518 tumultum
951 3456 1215 3519 sedasset
1237 3456 1386 3538 (24),
1409 3468 1468 3518 et
1492 3457 1699 3538 aequali
1719 3459 2064 3538 precatione

421 3557 482 3607 et
525 3546 942 3609 benedictione
972 3547 1272 3624 impertita
1302 3545 1361 3608 in
1396 3565 1538 3627 pace
1571 3565 1673 3609 eos
1716 3547 2059 3612 dimisisset.

420 3634 570 3697 Tum
608 3635 851 3697 demum
896 3635 1169 3712 vidisses,
1225 3636 1392 3716 prius
1434 3636 1729 3713 inﬁdeles,
1760 3657 1827 3699 ac
1857 3646 2066 3700 contra

423 3725 700 3805 pietatem
736 3724 994 3802 linguam
1039 3725 1204 3804 quasi
1253 3725 1478 3787 hastam
1530 3726 1854 3802 vibrantes,
1903 3746 2064 3790 nunc

421 3831 527 3894 pro
559 3811 669 3874 viri
698 3814 886 3874 sancti
924 3813 1345 3876 benedictione
1377 3815 1598 3895 quasvis
1628 3815 1826 3878 facere
1857 3825 1915 3877 et
1943 3819 2063 3896 pati

423 3901 741 3981 eligentes.
775 3904 984 3982 Neque
1017 3904 1195 3964 etiam
1229 3904 1286 3964 in
1318 3904 1570 3966 invicem
1606 3906 1686 3966 ita
1712 3907 2061 3983 smviissent,

423 3989 538 4052 nisi
571 3989 756 4051 divini
810 3991 988 4070 hujus
1037 3991 1148 4053 viri
1209 3991 1693 4054 benedictionem
1748 3994 2064 4057 maximam

421 4079 535 4140 vim
574 4077 791 4141 habere
825 4081 998 4159 plane
1043 4079 1458 4144 credidissent.

494 4168 770 4230 27.Nunc
797 4167 950 4230 alius
967 4168 1276 4249 praefectus
1303 4169 1361 4230 in
1389 4170 1649 4232 medium
1674 4171 2062 4254 prodeat,Sa-

419 4277 774 4322 racenorum
823 4265 884 4320 et
925 4259 1052 4339 ipse
1078 4259 1378 4341 princeps.
1413 4259 1466 4322 Is
1496 4262 1790 4324 accedens
1831 4283 2062 4327 sacrum

421 4347 566 4410 illud
586 4347 919 4410 obtestatur
939 4358 1136 4427 caput,
1160 4357 1222 4410 ut
1245 4367 1319 4410 ne
1341 4359 1617 4427 gravetur
1634 4353 1908 4431 opitulari
1938 4355 2061 4416 viro

423 4442 482 4498 in
507 4441 594 4497 via
625 4440 898 4497 membris
921 4443 1182 4511 corporis
1204 4442 1426 4499 soluto:
1453 4442 1676 4501 dicebat
1698 4457 1885 4504 autem
1910 4449 2063 4505 hunc

415 4526 588 4606 juxta
618 4523 970 4587 Callinicum
1007 4527 1156 4606 (hinc
1186 4536 1312 4588 erat
1343 4545 1447 4589 arx
1482 4529 1766 4612 maxima)
1807 4532 2063 4596 subiisse

2144 3375 2231 3428 καὶ
2323 3371 2418 3439 τῆς
2515 3373 2760 3442 ὁμονοίας
2835 3371 3074 3448 ἅνθρωπο
3105 3370 3401 3440 ἀπειλήσας
3486 3369 3792 3428 διεσκέδασε

2145 3462 2363 3540 ταύτας,
2400 3462 2486 3517 καί
2531 3466 2628 3526 τῆς
2683 3460 2872 3536 ὁμοίας
2931 3460 3154 3525 ἀξιώσας
3202 3460 3368 3540 εὖχῆς
3400 3481 3454 3516 τε
3499 3463 3586 3517 καὶ
3631 3461 3794 3520 εὐλο-

2145 3552 2263 3630 γίας
2324 3550 2584 3607 ἀπέλυσεν
2649 3550 2701 3605 ἐν
2761 3551 2967 3627 εἰρήνῃ,
3032 3552 3126 3606 Καὶ
3181 3549 3276 3626 ὅρα
3335 3572 3426 3624 μοι
3493 3551 3611 3615 τοὺς
3671 3553 3795 3626 πρὶν

2145 3641 2418 3712 ἀπίστους,
2477 3642 2564 3696 καὶ
2643 3637 2763 3694 κατ’
2837 3641 2996 3711 αύτῆς
3059 3641 3154 3705 τὴν
3219 3638 3461 3716 γλῶτταν
3517 3641 3610 3696 οἶα
3669 3640 3795 3716 δόρυ

2144 3733 2409 3793 κινοῦντες
2475 3729 2568 3797 τῆς
2657 3725 2944 3802 εὗσεϐείας,
2993 3731 3076 3782 νῦν
3149 3728 3277 3802 ὑπὲρ
3334 3733 3430 3794 τῆς
3489 3735 3582 3784 τοῦ
3639 3729 3794 3807 ἁγίου

2146 3819 2385 3898 εὖλογίας
2442 3821 2614 3876 πάντα
2660 3819 2745 3874 καὶ
2803 3815 2992 3895 πρᾶξαι
3053 3815 3143 3872 καὶ
3194 3820 3379 3873 παθεῖν
3423 3818 3789 3896 αἱρουμένουςο

2145 3913 2203 3966 οὗ
2257 3910 2355 3986 γὰρ
2388 3910 2447 3963 ἃν
2509 3907 2644 3964 οὕτω
2675 3905 2794 3963 κατ’
2844 3904 3094 3974 ἀλλήλων
3154 3905 3450 3981 ἐμάνησαν,
3484 3908 3527 3961 εἰ
3558 3908 3636 3982 μὴ
3687 3929 3792 3983 με-

2145 3997 2329 4073 γίστην
2384 3997 2534 4076 ἔχειν
2585 3995 2804 4071 δύναμιν
2859 3998 2956 4062 τὴν
3015 4003 3107 4052 τοὺ
3163 3995 3300 4051 θείου
3356 3995 3543 4053 τούτου
3603 3994 3788 4076 ἀνδρὸς

2150 4083 2386 4160 εὐλογίαν
2416 4107 2629 4162 πρντως
2661 4085 2956 4143 ἐπίστευον.

2225 4172 2335 4244 κζ’.
2373 4173 2537 4229 Ἀλλὰ
2570 4175 2669 4252 γὰρ
2701 4173 2948 4230 ἐπεισίτω
2982 4175 3056 4248 τῷ
3084 4173 3230 4250 λάγῷ
3281 4173 3552 4252 φύλαρχος
3581 4177 3782 4254 ἕτεροῆ

2147 4268 2471 4341 Σαρακηνῶν
2532 4261 2585 4317 δὲ
2619 4265 2706 4319 καὶ
2767 4262 2921 4325 atra;
2977 4261 3186 4341 ἅρχων,
3238 4262 3402 4324 Οὗτος
3447 4262 3511 4330 δὴ
3543 4285 3786 4342 παραγε-

2146 4352 2337 4430 γονὼς,
2384 4352 2482 4419 τὴν
2541 4351 2679 4407 θείαν
2739 4352 2943 4418 ἐκείνην
3003 4353 3202 4407 ἱκέτευε
3256 4349 3494 4429 κεφαλὴν
3538 4351 3787 4410 ἐπανῦναι

2147 4440 2286 4518 ἂνδρὶ
2341 4441 2476 4497 κατὰ
2510 4441 2604 4507 τὴν
2668 4437 2785 4495 ὁδὸν
2833 4439 3138 4516 παρελθέντι
3173 4439 3235 4495 τὰ
3290 4438 3428 4513 μέλη
3462 4447 3552 4495 τοῦ
3595 4442 3786 4515 σώμα-

2145 4545 2256 4593 τος’
2319 4528 2470 4608 ἔλεγε
2515 4527 2567 4584 δέ
2621 4527 2774 4585 τοῦτο
2829 4529 2964 4583 κατὰ
3006 4529 3100 4593 τὴ,
3165 4527 3475 4585 Καλλίνικον
3517 4527 3785 4607 (φρούριον

422 4613 858 4693 tegritudidem,
882 4633 1010 4676 eam
1039 4635 1176 4677 vero
1210 4616 1268 4677 in
1299 4615 1499 4695 vigore
1527 4626 1582 4678 et
1604 4619 1874 4682 adhucin
1900 4641 2065 4684 exor-

2155 4616 2203 4674 ’δὲ
2262 4619 2393 4684 αὒτὴ
2445 4615 2721 4695 μέγιστον)
2784 4614 3219 4690 ὕπομεμνηκέναι
3263 4618 3324 4671 τὸ
3382 4615 3568 4688 πάθος,
3604 4614 3782 4688 ἀκμά-

421 4704 519 4766 dio
544 4721 703 4780 esse;
726 4711 784 4766 et
812 4704 1083 4765 morbum
1100 4707 1151 4767 ei
1170 4725 1301 4768 esse
1318 4708 1884 4786 gravissimum,tum
1911 4714 2066 4792 quod

421 4791 826 4856 decumbendi
859 4792 1148 4866 insuetus,
1183 4803 1304 4855 tum
1340 4795 1500 4876 quod
1524 4797 1905 4861 vehementes
1933 4791 2069 4864 illas

423 4882 691 4946 laberum
717 4881 1015 4972 molestias
1028 4901 1322 4972 superare
1346 4893 1596 4966 optaret.
1623 4886 1760 4949 Haec
1780 4887 1881 4952 ille
1904 4909 2069 4972 roga-

420 4972 560 5048 bat;
613 4971 914 5052 simulque
951 4970 1126 5051 jubet
1157 4972 1462 5035 hominem
1499 4976 1785 5039 membris
1815 4970 2064 5043 fractum

420 5061 749 5138 introduci,
769 5069 946 5142 atque
971 5061 1320 5124 admirando
1349 5061 1626 5145 Symeoni
1645 5067 1887 5146 dignum
1909 5088 2066 5133 com-

423 5151 808 5215 miseratione
853 5151 1256 5232 spectaculum
1306 5155 1578 5234 proponi,
1614 5157 1662 5216 si
1693 5175 1808 5236 qua
1837 5160 2065 5223 ratione

422 5241 548 5319 ipso
581 5239 930 5302 calamitatis
950 5248 1194 5320 aspectu
1215 5260 1350 5303 eum
1384 5241 1457 5303 ad
1490 5244 2065 5311 misericordiamin-

423 5327 826 5392 ﬂecteret.llle
847 5346 984 5391 vero
1007 5329 1334 5410 productus
1352 5331 1411 5391 in
1435 5333 2061 5412 mediumjmmissum

505 5493 628 5587 (23)
677 5495 1087 5587 Theodoretus
1120 5518 1186 5587 se
1219 5510 1570 5587 praisentem
1622 5503 1804 5565 fuisse
1849 5507 1950 5587 ait,
2005 5516 2061 5568 ct

421 5573 697 5636 conatum
730 5573 922 5637 verbis
955 5573 1273 5639 tumultum
1314 5581 1547 5642 sedare.

2151 4715 2257 4779 ζειν
2301 4705 2356 4762 δὲ
2388 4709 2475 4762 καὶ
2507 4706 2560 4760 ὲν
2605 4705 2900 4784 προοιμίοις
2935 4703 3107 4760 οὒκέτι
3168 4704 3334 4776 εἶναι,
3369 4704 3440 4766 ὼς
3472 4703 3562 4758 καῖ
3620 4705 3785 4781 βαρυ-

2151 4797 2318 4863 τὸίτην
2377 4793 2442 4865 δή
2501 4817 2602 4853 που
2659 4793 2757 4860 τὴν
2817 4795 2970 4848 νόσον
3001 4797 3078 4864 τῷ
3119 4813 3175 4848 τε
3225 4794 3354 4862 ἀήθε
3398 4793 3493 4860 τῆς
3532 4791 3789 4849 κατακλί-

2153 4908 2310 4964 σεως,
2372 4887 2466 4941 καί
2521 4897 2642 4946 ταῖς
2689 4881 2943 4962 σφοδραῖς
2989 4881 3208 4946 ἐκείναις
3262 4883 3368 4938 τῶν
3431 4884 3603 4939 πόνων
3665 4882 3790 4938 ὀδύ-

2153 4998 2265 5040 ναις
2336 4975 2598 5053 ὑπάρχειν
2641 4977 2716 5044 τῷ
2769 4973 3056 5046 κάμνοντι.
3109 4975 3279 5028 Ταῦτά
3341 4993 3396 5027 τε
3448 4971 3644 5028 ἒδεῖτο·
3705 4972 3795 5027 καὶ

2150 5064 2354 5122 κελεύει
2438 5065 2530 5118 τὸν
2604 5060 2841 5116 ἐνεθέντα
2912 5062 3002 5115 τὸν
3073 5060 3500 5139 παρακείμενον,
3564 5059 3794 5116 ἐλεεινὸν

2148 5155 2318 5229 θέαμα
2368 5156 2443 5224 τῷ
2484 5155 2762 5223 θαυκαστῷ
2819 5149 3037 5224 Συμεὼν
3082 5153 3420 5228 προτεθῆναι,
3455 5147 3508 5203 εἴ
3552 5170 3665 5213 πως
3723 5153 3793 5224 τῇ

2147 5243 2244 5310 τῆς
2305 5246 2576 5320 συμφορᾶς
2633 5238 2754 5314 ἅψει
2809 5237 2984 5294 ἑκύσει
3042 5239 3132 5292 τὸν
3191 5237 3360 5296 ἔλεον,
3423 5239 3484 5294 Ὀ
3551 5238 3649 5309 μὲν
3705 5236 3792 5292 οὖν

2149 5329 2444 5411 προτεθεΐς,
2519 5331 2580 5384 τὸ
2649 5328 3002 5402 κατασκῆψαν
3074 5327 3147 5387 εἰς
3220 5327 3378 5382 αὐτὸν
3456 5327 3620 5381 κακὸν
3690 5324 3790 5382 ἀν-

2226 5511 2350 5592 (24)
2387 5511 2566 5573 Addit
2593 5508 3033 5580 Tlieodoretus,
3071 5506 3204 5567 illos
3247 5522 3428 5567 canes
3472 5505 3547 5566 ab
3579 5523 3649 5565 eo
3681 5521 3788 5564 vo-

2144 5602 2333 5656 catos.
