4004 6138
386 213 503 286 359
1665 214 1946 282 MENSIS
1997 213 2449 282 JANUARIUS.
3623 205 3747 281 360

378 353 535 436 quod
548 350 1111 427 honorabat,verum
1135 347 1433 431 quidpiam
1453 349 1805 421 divinum,et
1827 350 1974 412 oculi

2061 353 2342 410 ιᾶπᾶντων
2406 352 2766 431 ἀποτρόπαιον
2824 350 3072 430 ἐπετίθει,
3129 351 3242 431 καὶ,
3302 359 3393 410 τοῦ
3453 351 3620 410 πόθου
3680 353 3744 407 τὸ

378 452 648 525 spectare
681 449 742 505 et
774 441 1163 504 circumferre
1219 456 1284 500 se
1330 437 1612 500 credebat
1644 460 1658 499 :
1692 440 1974 520 superaba

2090 441 2445 522 ὑπερϐάλλον,
2506 439 2622 499 οὔδε
2681 439 2940 508 σκώληκα
2996 442 3056 497 τὸ
3111 441 3441 517 τιμώμενον,
3503 439 3644 497 ἀλλά
3689 463 3743 497 τι

379 533 599 615 quippe
628 530 778 595 ﬁdes
805 537 1201 611 aspectum,et
1229 527 1590 590 desiderium
1619 528 1869 591 formam
1902 548 1972 593 0c

2088 535 2195 588 τῶν
2251 529 2553 607 σεϐασμίωι
2608 531 2695 586 καὶ
2754 532 2878 609 δρᾷ-ι
2935 530 3023 585 καὶ
3081 550 3263 608 φερειν
3306 531 3524 607 ἡγεῖτο⁹
3573 530 3735 598 ἡνίκα

379 621 809 685 cultabat.Cum
874 637 1118 699 magnus
1175 617 1431 699 Symeon
1488 616 1546 678 id
1597 636 1669 680 ex
1699 620 1974 701 superior

2092 621 2192 699 γὰρ
2235 623 2269 689 ἡ
2327 621 2502 701 πίστις
2559 618 2658 687 τήν
2713 617 2859 695 ὄψιν,
2913 618 3004 674 καὶ
3058 618 3158 685 την
3214 619 3423 698 μορφὴν
3482 621 3510 675 ὁ
3570 619 3733 682 πόθος

373 710 505 776 loco
534 711 800 785 vidisset,
822 708 897 771 ob
929 708 1219 770 honorem
1250 705 1437 770 vermi
1468 706 1728 772 delatum
1762 699 1974 788 pracfec

2096 709 2409 771 ἐκάλυπτεν,
2470 699 2528 766 Ὀ
2586 708 2756 785 μέγας
2798 708 2970 765 τοίνυν
3020 704 3215 764 ἄνωθεν
3263 708 3512 782 Συμεὼν,
3542 707 3640 776 τῆς
3669 728 3724 764 τε

375 809 498 863 tum
532 800 1113 881 increpuit,eumque
1144 805 1202 857 et
1226 797 1381 876 quod
1403 815 1472 858 ex
1498 815 1607 859 suo
1631 808 1883 879 corpore
1913 798 1974 861 de

2093 801 2211 878 περὶ
2265 800 2355 856 τὸν
2400 795 2657 865 σκώληκα
2704 801 2869 872 τιμῆς
2912 798 2990 871 τῷ
3039 795 3300 877 φυλάρχῳ
3345 795 3594 873 ἐπετίμα,
3639 800 3727 854 καὶ

373 890 711 965 cidisset,et
739 887 896 970 quod
927 894 1154 950 tantum
1186 885 1546 949 vermiculus
1574 892 1736 950 esset
1765 887 1859 948 cui
1890 889 1966 949 ho

2091 888 2173 945 ὅτι
2232 886 2445 956 σκώληξ
2488 887 2548 943 τὸ
2576 885 2882 962 τιμώμενον
2926 884 3042 961 εἴη,
3090 886 3179 942 καὶ
3219 891 3317 953 τῆς
3360 885 3566 945 ἐκείνου
3595 884 3731 943 διεκ-

290 1020 294 1022 -
371 996 583 1042 norem
615 975 958 1052 exhibebat,
994 975 1153 1039 clare
1187 975 1464 1053 edocuit;
1524 994 1723 1056 neque
1780 976 2002 1039 decens

369 1087 502 1132 esse
530 1077 592 1130 ut
623 1067 781 1149 quod
811 1078 870 1128 et
900 1065 1285 1146 corruptione
1317 1082 1385 1126 ac
1436 1066 1861 1145 putrefactione
1892 1085 2002 1128 na-

368 1164 494 1222 tum
543 1165 720 1231 esset,
780 1156 873 1219 vel
934 1154 1206 1216 manibus
1261 1162 1687 1231 contrectetur,
1745 1156 1835 1218 vel
1890 1157 2005 1218 alia

368 1253 634 1328 corporis
666 1253 832 1328 parte
863 1245 1205 1322 attingatur.
1242 1244 1563 1306 Praefectus
1602 1262 1777 1306 manu
1811 1246 1998 1326 expli-

366 1346 494 1400 cata
521 1336 1013 1400 consideraturus
1074 1334 1412 1414 cujusmodi
1473 1343 1634 1396 esset
1663 1335 1904 1414 vermis,
1940 1338 1998 1397 in

366 1443 661 1504 gemmam
693 1434 745 1499 (0
777 1423 1128 1485 miraculum
1157 1424 1198 1503 ί)
1232 1420 1552 1502 splendore
1579 1431 1639 1484 et
1671 1422 1997 1504 pulchritu-

365 1515 505 1576 dine
534 1512 919 1593 conspicuam
953 1520 1238 1573 mutatum
1271 1511 1693 1591 deprehendit,
1727 1512 1825 1592 qui
1861 1511 1998 1575 inde

361 1611 423 1665 et
449 1601 588 1665 ﬁdei
620 1602 776 1664 dono
807 1600 1097 1681 gaudens,
1131 1610 1189 1664 et
1215 1618 1465 1681 gemmae
1523 1599 1807 1664 miraculo
1837 1600 1994 1664 dita.

361 1700 457 1755 tus
484 1692 756 1754 recessit.

2086 979 2239 1036 πέσοι
2294 979 2511 1056 σαρκὸς,
2560 978 2740 1056 σαφ’ὖς
2785 976 2958 1032 πάντα
3009 973 3266 1049 ἐδίδασκε,
3321 986 3400 1050 μή
3438 973 3560 1033 ,δεῖν
3609 981 3722 1048 οὖν,

2088 1067 2260 1147 ἔλεγε,
2319 1070 2507 1146 φθορᾷς
2559 1087 2616 1120 τε
2658 1066 2745 1120 καὶ
2801 1066 3019 1139 σήψεως
3078 1065 3165 1120 καὶ
3224 1062 3476 1127 δσσωδίας
3521 1065 3721 1142 γεννή-

2086 1181 2236 1235 ματι,
2286 1157 2423 1232 μήτε
2457 1168 2620 1235 χεῖρα
2665 1167 2977 1232 προσαγεϊν,
3025 1155 3165 1229 μήτε
3206 1156 3307 1210 τινὶ
3360 1160 3465 1211 τῶν
3498 1160 3590 1211 τοῦ
3622 1154 3733 1211 σώ-

2086 1270 2252 1324 ματος
2285 1248 2468 1321 ψαὸειν
2500 1243 2701 1319 μελῶν.
2739 1245 2835 1302 Καὶ
2865 1246 2892 1299 ὁ
2951 1243 3153 1323 φύλαρχ
3170 1265 3224 1308 ος
3268 1241 3562 1309 ἀναπτύξας
3622 1244 3725 1311 τὴν

2084 1349 2248 1416 χεῖρα
2303 1334 2439 1392 ὥστε
2486 1333 2620 1390 ἰδεῖν
2676 1334 2865 1397 ὁποῖός
2896 1354 2975 1399 τις
3007 1332 3098 1401 εἴη
3133 1336 3160 1390 ὁ
3191 1332 3426 1405 σκώληξ,
3464 1336 3538 1397 εἷς
3570 1353 3722 1409 μαρο

2081 1427 2258 1504 γάρου
2301 1425 2476 1504 φύσιν,
2536 1424 2581 1479 ὣ
2640 1433 2733 1481 τοῦ
2791 1423 3080 1498 θαύματος,
3141 1421 3208 1498 τῇ
3264 1444 3320 1478 τε
3383 1418 3724 1499 λαμπρότητι

2079 1517 2166 1571 καὶ
2206 1520 2283 1588 τῷ
2324 1513 2513 1571 κάλλει
2571 1510 2971 1589 μεταϐάλλοντα
3016 1514 3134 1590 ὁρᾷ,
3181 1513 3266 1569 καὶ
3327 1514 3353 1568 ὂ
3386 1512 3482 1587 μὲν
3528 1511 3723 1587 ἀπῄει,

2077 1604 2283 1684 χαίρων
2337 1604 2406 1672 τῇ
2481 1604 2676 1678 πίστει,
2755 1603 2845 1658 καὶ
2913 1603 2990 1677 τῷ
3046 1602 3182 1659 κατὰ
3241 1603 3329 1657 τὸν
3383 1600 3721 1680 μαργαρίτην

2020 1700 2058 1751 Β
2083 1692 2309 1751 πλοῦτον
2340 1696 2567 1769 θαυματι
2580 1742 2593 1755 ,

1843 1822 2077 1883 CAPUT
2117 1821 2230 1880 VII.

1461 1935 1654 1995 Proles
1690 1937 1869 1994 sterili
1898 1937 2219 2008 impetrata:
2256 1937 2448 1994 sanata
2471 1933 2620 2006 (28).

439 2063 540 2131 30.
577 2063 799 2128 Mulier
823 2063 1091 2147 quaedam
1122 2064 1278 2127 haud
1314 2062 1799 2145 ignobiligenere
1826 2071 1981 2143 nata,

351 2154 792 2218 Saracenorum
854 2153 1110 2235 principi
1154 2155 1385 2236 juncta,
1421 2155 1642 2218 sterilis
1674 2165 1840 2226 erat;
1876 2155 1987 2216 hoc

353 2252 643 2324 praeterea
664 2261 786 2305 suae
807 2243 1035 2305 habens
1055 2243 1406 2306 calamitatis
1455 2254 1857 2324 augmentum,
1894 2244 1985 2304 vi-

353 2351 484 2394 rum
505 2337 832 2409 frequenter
854 2336 1174 2395 liberorum
1197 2337 1496 2396 orbitatem
1519 2339 1983 2409 exprobrantem.

355 2422 1037 2493 Quapropterliberorum
1053 2422 1257 2495 cupida
1273 2424 1341 2481 ad
1358 2439 1627 2496 magnum
1642 2425 1985 2496 Symeonem

351 2505 749 2586 perrexit,ubi
772 2514 935 2568 stans
956 2507 1030 2569 ad
1053 2510 1202 2584 septi
1234 2508 1985 2587 vestibulumxmulieribus

348 2599 508 2662 enim
531 2599 768 2662 additus
789 2601 985 2662 omnis
999 2608 1127 2663 erat
1148 2602 1695 2681 praeclususlcasum
1710 2620 1879 2664 suum
1895 2603 1979 2666 lu-

2149 2053 2225 2127 λ’,
2272 2064 2408 2131 Γυνὴ
2444 2062 2499 2120 δέ
2557 2085 2636 2124 τις
2696 2063 2955 2144 ἐπιφανὴς
3013 2063 3164 2142 φύσει
3227 2063 3323 2119 οὒκ
3364 2064 3602 2143 ἅσημου,
3637 2068 3719 2139 τῷ

2067 2161 2172 2211 τῶν
2230 2159 2555 2232 Σαρακηνῶν
2637 2150 2858 2232 ἄρχοντι
2935 2154 3182 2228 συνῴκει,
3242 2154 3328 2209 καὶ
3378 2152 3476 2220 τὴν
3537 2151 3702 2220 νηδὺν

2067 2242 2255 2321 ἄγονος
2297 2245 2427 2300 οὖσα
2469 2240 2669 2299 παίδων
2705 2261 2719 2276 ·
2767 2240 2942 2305 ἄλλως
2994 2262 3051 2298 τε
3080 2239 3134 2297 δὲ
3165 2244 3252 2299 καὶ
3282 2242 3380 2311 τῆς
3425 2248 3706 2322 συμφορᾶς

2069 2332 2306 2390 ἐπίτασιν
2387 2334 2478 2389 τὸν
2560 2329 2718 2408 ἄνδρα
2774 2329 2976 2410 ἔχουσα
3034 2330 3209 2388 πολλᾶ
3278 2335 3378 2397 τῆς
3449 2327 3711 2396 ἀπαιδίας

2068 2420 2241 2489 ὀνείδη
2312 2423 2477 2489 αὐτῆς
2531 2419 2889 2500 καταχέοντα.
2953 2422 3051 2478 Καὶ
3117 2417 3201 2476 διὰ
3289 2426 3443 2477 τοῦτο
3502 2418 3710 2477 παίδων

2065 2511 2319 2592 ἐφιεμένη
2406 2511 2546 2590 παρὰ
2622 2510 2714 2565 τὸν
2794 2507 2963 2588 μέγαν
3030 2507 3209 2566 ἄπεισι
3280 2511 3522 2584 Συμεὼν,
3610 2511 3705 2567 καὶ

2064 2606 2233 2657 στᾶσα
2278 2601 2404 2678 πρὸς
2436 2611 2557 2664 ταῖς
2599 2605 2691 2656 τοῦ
2734 2595 3015 2677 περιϐόλου
3066 2595 3312 2672 εἷσόδοις,
3345 2600 3417 2663 ὡς
3452 2599 3546 2655 οὒκ
3578 2596 3698 2664 ἐξὸν

348 2687 826 2767 gebat,morbum
851 2689 1145 2751 lamentab
1155 2688 1430 2764 atur,viri
1446 2690 1767 2772 opprobria
1785 2692 1846 2753 in
1863 2711 1974 2755 me-

2061 2689 2205 2754 ἐντὸς
2260 2690 2465 2767 γυναικὶ
2507 2686 2777 2767 παριέναι,
2850 2687 3055 2764 ἐθρήνει
3114 2688 3175 2743 τὸ
3234 2687 3422 2761 πάθος,
3479 2687 3698 2768 ὠλοφύ-

346 2777 507 2840 dium
544 2777 901 2858 proferebat,
949 2779 1180 2851 orabat,
1215 2797 1332 2840 non
1367 2798 1501 2841 raro
1536 2799 1638 2861 per
1669 2799 1772 2842 eos
1801 2781 1974 2844 etiam

2061 2800 2178 2857 ρετο
2212 2778 2317 2846 ,τὴν
2378 2778 2555 2851 νόσον,
2621 2773 2926 2854 ἐθριάμϐευε
2970 2777 3036 2832 τὰ
3087 2782 3180 2833 τοῦ
3233 2774 3419 2854 ἀνδρὸς
3485 2775 3694 2857 δνείδη,

346 2865 563 2948 quibus
582 2867 813 2946 ingredi
836 2867 1051 2929 licebat
1073 2868 1974 2947 supplicabat,obsecrabat,ste-

2061 2866 2232 2924 ἐδεῖτο
2265 2867 2348 2924 διὰ
2379 2869 2484 2923 τῶν
2508 2867 2804 2941 εἰσιόντων,
2851 2866 3104 2946 ἱκέτευεν,
3148 2862 3415 2934 ἠντιϐόλει
3460 2866 3555 2935 τὴν
3600 2871 3704 2934 τῆς

344 2939 581 3018 rilitatis
602 2939 946 3017 solutiorem
982 2939 1318 3035 postulabat
1352 2975 1366 3017 :
1403 2939 1679 3034 addebat,
1716 2968 1779 3020 ut
1809 2939 1878 3023 ex
1912 2981 1974 3025 se

2061 2955 2387 3034 στειρώσεως
2441 2958 2559 3032 ᾔτει
2603 2955 2774 3035 λύσιν,
2837 2957 2925 3011 καὶ
2982 2954 3126 3020 ὅπως
3172 2951 3339 3011 παῖδα
3386 2952 3436 3020 ἐξ
3494 2957 3691 3023 ἑαυτῆς

342 3045 571 3126 prolem
588 3045 906 3120 videret,se
921 3044 1095 3107 vitam
1111 3065 1279 3108 suam
1305 3045 1565 3109 libenter
1579 3049 1974 3129 profusuram.

2061 3044 2195 3129 ἴδοι,
2242 3046 2329 3102 καὶ
2371 3045 2534 3113 αὐτην
2590 3044 2741 3123 ἔλεγε
2799 3044 2895 3111 τὴν
2955 3045 3140 3123 ψυχὴν
3185 3042 3355 3111 ἡδέως
3423 3044 3698 3123 προέσθαι.

343 3125 751 3196 Divinissimus
768 3138 1012 3210 Symeon
1036 3139 1129 3195 hic
1150 3154 1511 3212 nequaquam
1536 3125 1818 3200 consuetae
1837 3145 1974 3203 obli-

2061 3125 2119 3193 Ὀ
2173 3134 2354 3209 μέντοι
2416 3133 2683 3197 θειότατος
2727 3133 2948 3207 Συμεὼν
2997 3132 3104 3188 οὐδ’
3147 3132 3365 3190 ἐνταυθα
3410 3133 3509 3202 τῖις
3567 3156 3700 3191 συν-

344 3233 436 3282 tus
458 3234 543 3281 est
562 3224 1302 3282 commiserationiszverum
1328 3226 1587 3284 mulieris
1609 3227 1824 3286 calidas
1849 3230 1974 3287 illas

2061 3227 2207 3289 τθους
2262 3222 2643 3297 ἐπιλαθόμενος
2691 3226 3038 3299 συμπαθείας,
3098 3221 3236 3281 ἄλλὰ
3300 3223 3397 3291 τὴν
3454 3236 3687 3301 γυναῖκα

343 3311 633 3392 lacrymas
661 3309 1283 3391 miseratus,precihus
1315 3312 1437 3372 suis
1471 3321 1671 3392 partus
1701 3313 1759 3376 ei
1791 3316 1974 3395 priva-

2061 3320 2164 3369 τῶν
2218 3318 2422 3391 θερμῶν
2509 3313 2721 3369 ’ἐκείνων
2794 3309 3030 3390 δακρύων
3110 3310 3462 3384 κατελεήσας,
3523 3334 3699 3391 προσ-

339 3402 561 3465 tionem
595 3400 932 3477 sustulit,ac
954 3399 1194 3463 domum
1228 3401 1392 3464 abire
1423 3402 1974 3482 hortatus,addidit,

2063 3395 2245 3483 ὐχαῖς
2302 3403 2436 3471 αὕτη
2465 3402 2564 3469 τὴν
2594 3408 2699 3457 τῶν
2757 3399 2957 3458 ὠδίνων
3004 3402 3245 3478 πήρωσιν
3303 3399 3531 3475 διαλύει,
3592 3403 3682 3459 καὶ

334 3496 645 3566 Deum,qui
669 3494 739 3551 ab
761 3493 926 3554 initio
948 3505 1213 3552 naturam
1236 3497 1542 3553 humanam
1565 3499 1970 3559 architectatus

2061 3490 2232 3549 εἵκαδε
2290 3491 2500 3549 ἀπιέναι
2559 3489 2939 3568 προτρέπεται,
2998 3491 3183 3564 εἰπὼν,
3231 3492 3305 3556 ὥς
3355 3492 3382 3546 ὁ
3431 3490 3550 3547 κατ’
3582 3490 3686 3569 ἆρ-

335 3580 588 3660 est,ejus
607 3578 977 3641 sterilitatem
997 3598 1130 3641 cum
1160 3589 1443 3660 proventu
1468 3582 1527 3643 in
1554 3582 1968 3662 moliorajcom-

2061 3582 2157 3662 [ὰς
2212 3582 2309 3649 τὴν
2370 3580 2524 3661 φύσιν
2565 3581 2720 3656 ἡμῶν
2751 3578 3150 3659 δημιουργήσας
3182 3582 3335 3657 Θεὸς,
3383 3579 3538 3644 οὗτος
3596 3583 3688 3639 καὶ

335 3666 879 3729 mutaturum.Tum
907 3667 1009 3730 illa
1038 3670 1253 3749 (neque
1278 3671 1435 3731 enim
1469 3671 1764 3735 ullatenus
1794 3674 1968 3737 dubi-

2061 3673 2144 3739 τὴν
2177 3673 2339 3739 αὸτῆς
2372 3671 2645 3750 στείρωσιν
2702 3672 2832 3748 πρὸς
2880 3672 2941 3726 τὸ
2977 3671 3244 3751 συμφέρον
3301 3672 3687 3745 μεταποιήσει.

333 3765 459 3818 tare
490 3755 740 3817 decebat
770 3756 1020 3837 his,qua3
1042 3756 1304 3819 divinum
1336 3759 1482 3821 illud
1504 3779 1569 3821 os
1602 3762 1771 3841 quasi
1793 3782 1825 3824 a
1846 3763 1966 3826 Deo

2061 3759 2180 3817 Ἥδε
2211 3759 2355 3839 (οὐδὲ
2386 3762 2485 3840 γὰρ
2514 3761 2580 3829 ἦν
2610 3758 2963 3835 ἐπιλοιδορεῖν
3025 3759 3114 3823 οἷς
3145 3762 3180 3828 ἡ
3211 3761 3514 3828 θεοκίνητος
3544 3760 3688 3817 ἐκεί-

330 3852 554 3907 motum
584 3844 1411 3925 pronuntiaverat)plurimum
1436 3850 1966 3927 animata,domum

2061 3873 2114 3916 θη
2169 3847 2476 3924 διεσήμαινε
2559 3848 2797 3928 γλῶττα,
2860 3849 3219 3925 εὕθυμουμένη
3290 3872 3347 3906 τε
3418 3850 3685 3925 ἐπάνεισι,

330 3933 731 4001 reversa.sine
764 3952 930 3995 mora
959 3935 1397 4015 concepit,post
1430 3937 1628 3998 ﬁliolae
1654 3948 1844 4000 mater
1873 3941 1963 4003 ef-

2061 3939 2134 3994 ιαὶ
2193 3936 2549 4013 συλλαμϐάνει
2611 3939 2793 3996 αδτίκα
2821 3959 2832 3972 ·
2910 3939 3034 3995 εἷτα
3089 3940 3176 3997 καὶ
3235 3941 3419 4018 μήτηρ
3479 3940 3687 4017 γίνεται

326 4025 502 4086 tecta:
526 4024 697 4104 cujus
717 4023 928 4084 natalis
951 4022 1077 4083 dies
1100 4042 1311 4099 magna
1333 4043 1593 4105 pompaa
1615 4029 1963 4106 parentibus

2061 4027 2342 4104 Ιυγατρίου,
2396 4029 2481 4083 καὶ
2531 4040 2651 4092 τοϊς
2710 4028 3090 4108 γεγεννηκόσιν
3147 4027 3310 4104 ἤγετο
3368 4028 3528 4108 ἐορτῆ
3584 4034 3684 4096 τῆς

328 4113 666 4176 celebratus
689 4114 1029 4175 est.Verum
1057 4111 1221 4174 brevi
1244 4114 1529 4193 temporis
1551 4116 1744 4194 spatio
1765 4119 1964 4179 termi-

2061 4113 2230 4181 παιδὸς
2285 4118 2350 4172 τάὶ
2406 4116 2668 4195 γενέθλια,
2734 4116 2900 4174 Ἀλλὰ
2972 4118 3166 4198 χρόνος
3247 4119 3428 4183 αὑτοῖς
3500 4117 3686 4196 ὀλίγος

326 4211 462 4265 nata
493 4211 584 4265 est
612 4201 1294 4282 felicitas,gaudiumque
1323 4202 1594 4264 festivum
1627 4223 1827 4267 amara
1857 4208 1955 4271 tri-

2061 4204 2248 4285 ιμέτρει
2306 4205 2404 4273 τὴν
2481 4208 2752 4288 εὑτυχίαν,
2835 4209 2922 4264 καὶ
2977 4210 3077 4276 τὴν
3133 4208 3428 4286 πανήγυριν
3474 4206 3684 4275 ἐκείνην

325 4291 487 4353 stitia
517 4291 769 4371 excepit,
798 4309 867 4351 ac
897 4290 1113 4352 solutio
1145 4291 1499 4355 calamitatis
1529 4298 1588 4354 in
1620 4296 1956 4374 graviorem

322 4399 610 4443 conversa
639 4387 729 4442 est
757 4380 1001 4461 luctum;
1022 4379 1169 4442 adeo
1202 4390 1263 4442 ut
1297 4393 1573 4461 parentes
1603 4384 1958 4448 calamitatis

322 4470 455 4532 loco
489 4469 964 4550 haberent,quod
997 4489 1253 4551 unquam
1291 4472 1700 4551 peperissent;
1735 4475 1956 4538 multo-

321 4578 440 4641 que
464 4560 723 4640 priorem
737 4560 1048 4621 orbitatem
1069 4562 1618 4641 praaoptarentJam
1639 4564 1819 4626 filiola
1840 4575 1958 4627 tres

319 4667 512 4712 annos
543 4658 677 4710 nata
704 4657 850 4727 erat,
882 4650 1005 4728 jam
1040 4650 1232 4730 prima
1264 4651 1576 4728 balbuties,
1613 4661 1670 4714 et
1714 4655 1957 4734 puerilis

316 4738 761 4820 incessus,qu1e
781 4756 880 4800 res
904 4739 1245 4818 parentibus
1269 4738 1464 4802 solent
1494 4759 1626 4803 esse
1636 4742 1660 4822 j
1672 4744 1957 4806 ucundis--

314 4827 1034 4909 simaa,exspectabantur:
1062 4827 1162 4890 illa
1192 4848 1327 4891 vero
1359 4831 1576 4892 lectulo
1606 4833 1957 4909 altixa,elin-

314 4917 447 4998 guis
479 4918 653 4999 plane
684 4925 744 4978 et
774 4916 1100 4979 immobilis
1155 4919 1433 4981 manebat
1460 4941 1475 5003 ;
1506 4940 1645 4984 nam
1675 4931 1732 4984 et
1771 4924 1954 5004 pedes

314 5009 484 5086 quasi
516 5008 828 5082 solutos,et
858 5005 1118 5086 linguam
1137 5010 1520 5071 constrictam
1555 5012 1952 5095 habebat;pa-

315 5097 706 5176 rentibusque
740 5105 1067 5157 monstrum
1102 5098 1399 5178 quoddam
1453 5119 1585 5163 esse
1616 5102 1949 5181 videbatur,

316 5186 568 5273 talisque
589 5185 827 5247 familiae
845 5184 1034 5246 haeres
1058 5204 1175 5247 non
1192 5186 1387 5248 solum
1404 5189 1647 5269 indigna
1664 5197 1949 5273 majorum

314 5272 773 5354 splendore,sed
804 5284 861 5336 et
896 5274 1159 5357 ipsorum
1181 5276 1387 5356 gloriae
1409 5272 1952 5363 ignominiam,om-

2040 4293 2263 4374 χαλεπὴ
2314 4296 2579 4375 κατήφεια
2631 4295 2963 4377 διαδέχεται,
3025 4298 3111 4354 καὶ
3169 4301 3267 4366 τῆς
3324 4301 3597 4375 συμφορᾶς
3646 4297 3681 4364 ἡ

2040 4384 2188 4449 λύσις
2269 4386 2342 4448 εἷς
2411 4386 2695 4466 βαρύτερον
2753 4386 2938 4460 πολλῷ
3017 4385 3391 4466 περιτρέπεται
3462 4385 3678 4462 πένθος,

2039 4476 2127 4531 καὶ
2175 4480 2426 4531 τοσοῦτον
2485 4476 2559 4539 ὡς
2602 4477 2691 4531 καὶ
2733 4475 2861 4531 αὖτὸ
2906 4475 2970 4543 δὴ
3029 4481 3185 4531 τοῦτο
3237 4475 3509 4555 συμφορὰν
3553 4475 3675 4539 τοὺς

2038 4564 2426 4643 γεγεννηκότας
2484 4565 2737 4639 νομίζειν,
2823 4562 2904 4620 ὅτι
2963 4586 3060 4644 περ
3144 4563 3326 4621 ἔτεκον
3388 4562 3526 4630 ὅλως
3591 4565 3676 4620 καί

2039 4653 2213 4710 πολλὰ
2272 4656 2371 4722 τῆς
2429 4653 2686 4733 προτέρας
2762 4652 3042 4729 ἐπιθυμεῖν
3122 4652 3397 4715 ἀπαιδίας.
3456 4652 3673 4728 Ἀπῄτει

2039 4741 2135 4817 μὲν
2192 4742 2292 4819 γὰρ
2353 4744 2381 4798 ὁ
2436 4745 2619 4822 καιρὸς
2674 4744 2772 4810 τὴν
2835 4741 3001 4800 παῖδα
3054 4743 3226 4823 τρίτον
3276 4742 3392 4806 ἔτος
3423 4740 3525 4810 ἤδη
3574 4763 3674 4820 γε·

2037 4844 2279 4910 γονυϊαν,
2341 4830 2678 4907 ψελλίσματά
2720 4854 2775 4888 τε
2837 4836 2925 4890 καὶ
2982 4830 3215 4909 βάδισμα
3286 4830 3554 4908 παιδικὸν,
3612 4833 3676 4891 τὸ

2036 4918 2132 4989 ἡδὺ
2188 4933 2307 4984 τοῖς
2352 4921 2578 4999 πατράσι
2623 4926 2814 5001 χρῆμα
2845 4937 2859 4952 ·
2894 4923 2928 4990 ἡ
2969 4919 3024 4977 δὲ
3068 4920 3259 4989 ἐπίσης
3304 4921 3402 4988 τῆς
3436 4921 3675 5000 ἐχούσης

2036 5012 2198 5079 αὐτὴν
2254 5009 2440 5077 κλίνης
2485 5009 2692 5090 ἄφωνός
2737 5032 2793 5067 τε
2835 5011 2901 5079 ἦν
2957 5017 3044 5068 καὶ
3100 5011 3350 5079 ἀκίνητος
3386 5027 3400 5040 ’
3449 5023 3675 5086 παρεῖτο

2036 5099 2132 5174 μὲν
2190 5099 2289 5180 γὰρ
2344 5100 2466 5162 τοὺς
2508 5098 2694 5176 πόδας,
2739 5099 3010 5168 πεπέδητο
3056 5098 3111 5156 δὲ
3140 5102 3240 5169 τὴν
3272 5099 3536 5179 γλῶτταν,
3572 5106 3665 5159 καὶ

2035 5202 2152 5253 τοῖς
2208 5197 2419 5247 τεκοῦσι
2450 5187 2604 5267 τέρας
2662 5191 2775 5246 ἀντὶ
2805 5187 2993 5253 παιδὸς
3025 5192 3092 5257 ἦν
3142 5191 3288 5268 δρᾷν,
3322 5189 3408 5245 καὶ
3436 5190 3536 5257 τὴν
3580 5196 3672 5247 τού

2037 5279 2218 5360 γένους
2261 5278 2519 5359 διαδοχὴν
2562 5280 2655 5337 οὒκ
2696 5278 2906 5345 ἀναξίαν
2953 5279 3115 5356 μόνον
3170 5285 3269 5349 τῆς
3317 5284 3425 5336 τῶν
3475 5280 3672 5360 προγό-

403 5449 1304 5553 qeegst‘ltooTheodoreto,
1338 5458 1439 5537 qui
1469 5458 1722 5526 alterum
1753 5469 1959 5546 τοῖοι-ι,
1994 5471 2150 5553 quod
2181 5480 2240 5533 ει
2294 5458 2392 5533 hic
2423 5458 2598 5539 paulo
2629 5458 2901 5532 inferius,
2935 5458 3011 5519 de
3042 5458 3162 5520 [ilio
3193 5457 3413 5537 regina:
3443 5457 3669 5522 lsmae-

316 5527 553 5593 litarum
585 5529 925 5610 impetrato.
