4004 6138
222 306 309 377 361
1338 308 1527 382 VITA
1573 316 1635 382 S.
1686 308 2070 382 SYMEONIS
2113 307 2486 379 STYLIT/E.
3483 309 3601 385 362

209 474 295 506 νων
348 447 783 527 λαμπρότητος,
818 450 966 508 ἀλλὰ
1012 450 1217 518 καὶτῆς
1278 454 1450 510 αὐτῶν
1480 448 1632 519 δόξης
1669 451 1863 532 αἶσχό-

1950 449 2247 528 nibusque
2268 449 2418 513 adeo
2437 446 2788 531 propinquis
2804 456 3137 511 extremum
3169 449 3430 515 dedecus
3457 453 3603 518 alla-

204 560 306 616 νην,
358 538 446 593 καὶ
514 552 648 600 τοῖς
730 541 1106 617 προσήκουσιν
1175 537 1373 616 ὕϐρεως
1444 537 1692 616 πρόξενον
1777 547 1863 608 τῆς

1963 548 2113 602 tura.
2147 541 2293 601 Cum
2330 546 2609 619 parentes
2638 536 2829 598 dolori
2860 536 2991 618 plus
3028 555 3196 618 aequo
3226 539 3599 620 indulgentes

194 626 420 708 ἐσχάτης
494 629 702 687 οὖσαν.
795 627 1019 696 Ἐπειδὴ
1076 628 1130 686 δὲ
1202 627 1453 691 ἀλύοντες
1511 627 1673 685 πλέον
1729 628 1863 685 οὖδὲε

1959 629 2107 690 nihil
2137 629 2380 690 omnino
2414 626 2795 708 proﬁcerent,
2820 626 3034 688 iterum
3058 629 3129 689 ad
3154 645 3352 690 rerum
3386 630 3607 694 imme—

193 716 359 791 ἤνυον,
412 717 848 797 καταφεύγουσι
912 718 1069 776 πάλιν
1124 721 1213 775 επὶ
1269 719 1360 773 τὸν
1418 722 1522 774 τῶν
1574 718 1863 799 ἀμηχάνωη

1960 717 2308 780 dicabilium
2355 715 2730 795 ingeniosum
2765 723 2824 778 et
2867 716 3226 779 industrium
3275 726 3608 785 curatorem

192 808 495 887 εὐμήχανον
572 809 812 886 ἰατρὸν,
876 810 963 866 καὶ
1030 806 1331 867 ἀποδιδοῦσι
1404 806 1499 881 μὲν
1572 807 1715 882 αὐτῷ
1782 813 1863 874 ﬁt:

1964 808 2332 888 confugiunt,
2354 814 2412 869 et
2433 808 2649 887 gratias
2679 806 2732 867 ei
2754 804 2999 884 quidem
3038 825 3144 887 pro
3168 807 3478 873 beneﬁciis
3505 829 3608 874 re-

192 897 479 974 εὒεργεσίας
544 898 656 959 τὰς
731 897 988 977 χάριτας,
1049 896 1253 954 δέονται
1311 894 1366 951 δὲ
1437 896 1524 951 καὶ
1591 896 1853 953 ἱκετεύουσ

1966 897 2256 974 pendunt,
2283 903 2492 975 rogant
2512 903 2709 958 autem
2744 903 2802 956 et
2833 894 3220 959 vehementer
3243 899 3604 981 supplicant,

196 986 264 1061 μὴ
300 983 439 1041 οὕτω
470 983 866 1061 διακειμένην
895 986 960 1054 ἢν
1016 984 1180 1043 ἔδωκε
1211 982 1382 1042 παῖδα
1425 983 1682 1063 περιιδεῖν
1742 985 1879 1042 ὥστε

199 1079 251 1131 τὸ
299 1074 467 1153 δῶρον
500 1075 585 1138 εἷς
616 1075 904 1155 ἐντροπὴν
934 1074 1138 1150 μᾶλλον
1185 1074 1368 1139 abtqu
1397 1074 1540 1130 εἶναι
1565 1075 1655 1131 καὶ
1708 1072 1877 1152 ὕϐριν,

202 1166 318 1228 τίνος
371 1167 473 1222 οὒκ
514 1163 928 1242 ἂλγεινοτέραν
985 1176 1104 1228 τοῖς
1134 1163 1331 1226 ἀθλίοις
1377 1165 1725 1242 ἐργαζόμενον
1780 1163 1878 1231 τὴν

193 1255 319 1324 ζωήν
357 1271 373 1327 ;
433 1252 573 1309 ἀλλ’
609 1255 858 1329 ὖγιῶσαι
920 1255 1018 1328 μὲν
1048 1252 1182 1329 αὑτῇ
1210 1252 1276 1308 τὰ
1325 1253 1619 1327 παρειμένα
1648 1257 1740 1308 τοῦ
1771 1262 1879 1307 σώ-

192 1364 369 1415 ματος⁹
432 1342 775 1421 ὀλόκληρον
834 1340 889 1398 δὲ
944 1344 1128 1406 αὐτοῖς
1188 1341 1287 1408 τὴν
1331 1339 1499 1406 παῖδα
1557 1339 1731 1399 δοῦναι
1789 1341 1877 1397 καὶ

188 1432 372 1506 ἄρτιον.
408 1433 613 1489 Ταῦτα
674 1431 857 1507 οἱμὲν
908 1432 1000 1486 σὺν
1055 1428 1299 1507 δάκρυσιν
1356 1431 1540 1503 εἶπον,
1570 1430 1658 1486 καὶ
1703 1451 1874 1508 προσ-

223 1519 245 1537 ‘
520 1521 535 1540 \
633 1520 660 1540 ν
922 1518 944 1537 ’κ
1036 1520 1046 1540 Ι
1420 1519 1431 1532 ι
1523 1524 1545 1534 ε-

191 1536 390 1597 ζορευον
469 1543 578 1575 τον
633 1519 793 1577 ελεον
854 1521 1224 1599 ἐκοεχομενοι·
1291 1522 1316 1575 ὁ
1389 1517 1443 1574 δε
1486 1541 1584 1586 της
1656 1541 1872 1595 συμπα-

181 1611 308 1672 θείας
364 1611 698 1686 θησαυρὸς,
746 1609 928 1688 λόγοις
988 1610 1087 1683 μὲν
1143 1608 1275 1672 τέως
1344 1611 1700 1687 παρεμυθεῖτο
1772 1609 1872 1664 αὖ-

181 1712 290 1762 τοϊς
348 1701 458 1767 τὴν
497 1721 826 1779 συμφορξν,
861 1699 948 1755 καὶ
990 1698 1172 1755 τέλεον
1201 1698 1423 1774 ἀθυμεῖν
1484 1702 1577 1757 οὐκ
1613 1697 1695 1760 ἔα.
1742 1695 1872 1754 Ἐϐ-

1965 1005 2040 1048 ne
2073 985 2298 1067 prolem
2328 1002 2362 1046 a
2396 1003 2460 1047 se
2489 983 2772 1047 divinitus
2802 983 3176 1065 impetratam
3220 986 3333 1048 hoc
3362 987 3422 1049 in
3452 998 3604 1054 statu

1963 1092 2094 1138 esse
2126 1074 2353 1136 diutius
2380 1072 2702 1153 permittat,
2738 1081 2802 1133 ut
2829 1073 3049 1135 donum
3084 1075 3271 1152 magis
3297 1079 3516 1157 probro
3548 1089 3607 1142 et

1961 1163 2245 1227 dedecori
2270 1162 2418 1244 ipsis
2435 1181 2566 1225 esse
2590 1162 3050 1241 videatur,unde
3075 1170 3134 1224 et
3157 1166 3441 1244 majorem
3463 1185 3606 1230 mm-

1958 1273 2155 1316 rorem
2180 1261 2241 1316 et
2270 1251 2569 1314 tristitiam
2600 1270 2775 1332 quam
2800 1252 3077 1331 gaudium
3114 1262 3173 1314 et
3198 1255 3460 1317 lwtitiam
3486 1258 3604 1320 vita

1945 1338 2176 1414 'pariat;
2213 1359 2410 1402 verum
2436 1344 2831 1402 membrorum
2859 1344 3200 1402 solutionem
3226 1345 3442 1414 tollere,
3465 1363 3606 1421 pro-

1958 1430 2200 1511 lemque
2231 1431 2517 1508 integram
2552 1436 2611 1490 et
2642 1429 2960 1508 perfectam
3012 1429 3269 1492 reddere
3298 1430 3601 1509 dignetur.

1959 1520 2095 1582 Haec
2122 1538 2256 1582 cum
2281 1518 2555 1599 lacrymis
2578 1517 2876 1592 dicebant,
2912 1525 2969 1578 et
2988 1519 3456 1598 perseverabant
3486 1523 3602 1586 mi-

1956 1608 2346 1670 sericordiam
2371 1614 2806 1687 exspectantes.
2829 1609 3401 1687 Symeon,tanquam
3437 1630 3604 1674 com-

1958 1701 2341 1759 miserationis
2364 1700 2688 1766 thesaurus,
2714 1700 2895 1757 verbis
2938 1702 3199 1758 tantister
3217 1700 3602 1763 calamitatem

180 1785 313 1862 δόρη
376 1787 440 1844 δὲ
505 1788 724 1846 λοιπὸν
783 1788 836 1854 ἐξ
870 1788 1070 1845 ἐκείνου
1126 1787 1321 1865 ἡμέρα,
1353 1789 1468 1844 ἒπεὶ
1521 1787 1752 1856 ἀνήνυτα
1807 1785 1863 1854 ἧι

1957 1787 2445 1866 leniebat,neque
2469 1785 2569 1846 diu
2588 1786 2790 1847 animo
2818 1783 3073 1845 cruciari
3099 1803 3303 1865 passus
3325 1795 3433 1849 est:
3456 1807 3600 1871 sep-

180 1879 361 1943 αὖτοῖς
436 1879 514 1934 τὰ
584 1880 695 1946 τῆς
764 1876 1094 1955 προσεδρίας,
1148 1878 1482 1933 παντάπασιν
1545 1876 1863 1954 ἀπογνόντες

1958 1877 2097 1937 tima
2117 1875 2334 1938 exinde
2356 1874 2641 1954 agebatur
2662 1873 3134 1954 dies,postquam
3162 1892 3366 1937 eorum
3397 1895 3603 1956 perse-

180 1971 272 2031 τῆς
330 1967 667 2045 σωτηρίας,
722 1964 908 2022 οἴκαδε
968 1968 1059 2021 καὶ
1115 1965 1256 2030 αὖθις
1314 1964 1635 2044 ἀνέστρεφον
1677 1967 1869 2021 limato-

182 2056 473 2128 μιζόμενοι
539 2078 616 2112 το
675 2053 974 2133 θδγσίτριοι,
1023 2056 1321 2131 σκυθρωποὶ
1379 2055 1477 2130 μὲν
1533 2055 1628 2117 τὰς
1693 2053 1868 2129 ὄψεις,

1953 1964 2225 2026 veranlia
2254 1962 2423 2025 irrita
2453 1980 2587 2025 esse
2608 1962 2929 2038 videretur;
2957 1962 3189 2041 penitus
3210 1962 3286 2026 de
3310 1964 3500 2027 salute
3525 1966 3598 2028 fi-

1953 2054 2047 2115 liae
2067 2051 2663 2133 desperantes,animi
2692 2068 2946 2113 mcerore
2966 2049 3315 2130 pleni,vultu
3345 2053 3600 2118 inamoe-

185 2146 370 2217 μεστοὶ
433 2143 499 2201 δὲ
557 2144 670 2213 τὴν
728 2144 915 2223 ψυχὴν
965 2143 1212 2222 ἀθυμίας,
1242 2142 1416 2200 πολλὰ
1462 2145 1637 2222 σφίσιν
1684 2143 1863 2205 αὐτοῖς

1959 2161 2034 2203 no
2066 2142 2309 2203 domum
2337 2148 2736 2215 revertuntur,
2764 2139 2942 2200 tiliam
2975 2157 3177 2201 secum
3207 2151 3598 2222 reportantes,

186 2238 280 2299 τῆς
340 2240 458 2290 τῶν
525 2233 821 2311 λογισμῷν
863 2232 1105 2311 ἀκαιρίας
1150 2232 1577 2312 ἐπιμεμφόμενοι
1636 2233 1718 2289 ὃτι
1788 2253 1863 2288 και

1955 2231 2070 2293 sibi
2092 2231 2167 2292 ob
2192 2231 2602 2310 intempestiva
2623 2228 2874 2290 consilia
2898 2233 3508 2312 succensentes,quod
3542 2243 3602 2297 et

190 2321 391 2378 παίδων
481 2324 600 2390 τὴν
672 2323 853 2402 ἀρχὴν
934 2321 1195 2390 κληθῆναι
1278 2322 1500 2400 πατέρες
1582 2320 1863 2389 ἠθέλησαν.

1959 2329 2237 2401 parentes
2259 2318 2455 2382 vocari
2478 2317 2552 2380 ab
2574 2316 2744 2379 initio
2767 2317 3083 2379 voluerint.
3116 2319 3437 2400 Postquam
3461 2340 3599 2384 vero

191 2409 418 2479 Ἐπειδὴ
450 2410 515 2468 δὲ
573 2417 828 2469 τοσοῦτον
884 2410 1082 2478 ἤνυσαν
1123 2415 1221 2479 τῆς
1275 2408 1419 2486 ὁδοῦ,
1451 2409 1503 2475 ἐξ
1559 2409 1684 2467 ὅσου
1737 2411 1863 2485 μηδὲ

1959 2419 2185 2472 tantum
2212 2407 2441 2470 itineris
2464 2405 2958 2482 confecissent,ut
2979 2407 3309 2469 columnam
3345 2409 3598 2490 amplius

193 2499 416 2560 δυνατὸν
479 2503 558 2571 ἦν
624 2504 716 2557 τὸν
774 2502 961 2557 στύλον
1014 2503 1255 2578 ὁρᾶσθαι,
1301 2499 1686 2579 ἐπιστραφεϊσα
1742 2501 1863 2578 πρὸς

1957 2497 2163 2560 videre
2194 2516 2312 2558 non
2344 2497 2576 2576 liceret,
2612 2494 2807 2576 puella
2835 2494 2906 2557 ad
2940 2513 3070 2557 eam
3101 2495 3354 2575 plagam,
3389 2498 3449 2559 in
3485 2517 3601 2579 qua

195 2590 374 2646 ἐκεῖνό
429 2593 498 2648 τὸ
534 2589 701 2669 μέρος
761 2592 816 2645 ἐν
846 2593 891 2663 ᾧ
937 2591 1029 2647 τὸν
1059 2588 1248 2646 στύλον
1300 2589 1514 2646 ἑστάναι
1575 2585 1863 2645 συνέϐαινεν

1956 2585 2151 2649 stabat
2174 2585 2473 2661 columna,
2500 2586 2883 2660 convertitur,
2920 2592 2979 2646 et
3008 2585 3330 2666 improviso
3362 2587 3596 2650 vinculo

197 2678 257 2734 ὲκ
309 2680 406 2737 τοῦ
440 2679 710 2760 αἰφνιόἰου
741 2681 778 2747 ἠ
821 2691 977 2753 παῖς,
1010 2677 1188 2735 λύεται
1246 2679 1343 2752 μὲν
1391 2698 1497 2734 των
1527 2682 1625 2744 τῆς
1687 2676 1863 2754 γλώτ-

1955 2676 2171 2755 lingute
2200 2674 2463 2745 solvitur,
2492 2682 2573 2736 et:
2600 2675 2749 2734 Lans
2784 2672 2886 2735 tibi
2920 2681 2981 2735 ct
3010 2673 3219 2751 gloria,
3253 2685 3456 2738 sancte
3486 2676 3599 2758 Sy-

203 2774 297 2834 τῆς
355 2770 603 2845 δεσμῶν,
660 2770 772 2842 καὶ,
810 2767 943 2833 Δόξα
988 2790 1094 2843 σοι,
1130 2766 1248 2845 ἅγιε
1295 2768 1540 2843 Συμεὼν,
1575 2765 1716 2843 μέγα
1771 2767 1863 2821 ἂν·

1956 2784 2155 2840 meon,
2190 2764 2502 2826 exclamat.
2537 2762 2751 2824 Motum
2812 2762 3028 2824 deinde
3056 2772 3115 2825 et
3143 2761 3326 2825 robur
3376 2764 3597 2845 pedum

210 2858 416 2937 ἐκραγε-
486 2860 760 2928 χινήσεως
790 2855 841 2912 δὲ
900 2855 1077 2921 καλῶς
1108 2857 1263 2935 εἶχε,
1295 2858 1385 2912 καὶ
1411 2857 1599 2935 ῥώμης
1658 2853 1858 2929 ποδῶνν

1950 2856 2355 2935 adepta,recta
2376 2854 2616 2915 domum
2644 2851 2855 2933 pergit,
2883 2850 3229 2933 parentibus
3252 2855 3598 2918 suavissime

218 2946 326 3003 εἰθύ
380 2969 440 3004 τε
495 2945 678 3004 ἔϐαινε
734 2952 828 3004 τοῦ
878 2945 1030 3003 οἴκου
1077 2957 1192 3010 τοϊς
1248 2952 1486 3003 τεκοῦσιν
1516 2947 1588 3008 ὡς
1653 2942 1862 3010 ἥδιστον

1950 2934 2103 3006 inter
2155 2942 2418 3005 eundum
2450 2940 2766 3003 assultans.
2831 2941 2923 3002 Illi
2955 2941 3277 3022 improviso
3306 2934 3601 3006 miraculo.

220 3038 669 3115 παρασκαίρουσα.
729 3035 863 3113 Οῗγε
919 3038 1026 3110 μὴν
1093 3034 1316 3113 πατέρες
1356 3038 1433 3109 τῷ
1477 3032 1861 3111 ἀπροσδοκήτῳ

1950 3032 2286 3114 stupefacti,
2314 3038 2414 3092 vix
2445 3031 2569 3093 suis
2599 3031 2712 3111 ipsi
2738 3031 2928 3093 oculis
2961 3031 3312 3107 credebant,
3339 3033 3441 3095 sed
3477 3052 3598 3115 prae

227 3126 651 3206 καταπλαγέντες
706 3133 799 3182 τοῦ
827 3127 1092 3201 θαύματος
1148 3123 1264 3182 οὐδὲ
1322 3127 1506 3187 αὐτοῖς
1559 3124 1722 3203 εἶχον
1765 3146 1860 3181 τιι-

1950 3121 2235 3184 desiderii
2260 3119 2689 3200 magnitudine,
2726 3139 2801 3181 ne
2830 3139 2944 3182 non
2968 3139 3105 3182 vere
3131 3131 3335 3183 sanata
3359 3122 3479 3185 filia
3508 3141 3599 3185 es-

476 3182 594 3282 τοῖς
629 3182 830 3272 ἑαυτῶν
866 3182 1093 3290 ὄμμασι,
1127 3213 1263 3271 ἀλλὰ
1318 3219 1387 3290 τῇ
1428 3182 1605 3289 πολλῇ
1620 3182 1768 3291 Α’περὶ
1806 3214 1863 3270 τὸ

1954 3220 2067 3292 set,
2090 3182 2474 3284 verebantur,
2508 3209 2615 3271 sed
2649 3211 2955 3271 oculorum
2988 3210 3433 3273 fascinationem
3467 3216 3601 3277 esse

242 3310 445 3383 πρᾶγμα
506 3305 712 3384 ὶφέσει,
766 3302 844 3378 μὴ
894 3304 987 3359 οὐκ
1029 3302 1233 3370 ἀληθὴς
1291 3303 1326 3369 ἡ
1386 3306 1483 3368 τῆς
1534 3299 1720 3364 παιδὸς
1777 3298 1863 3368 εἴη

1955 3303 2273 3383 quamdam
2301 3298 2735 3362 existimabant.
2772 3298 3001 3362 Deinde
3023 3317 3087 3361 re
3117 3299 3438 3379 diligenter
3466 3311 3599 3383 post

253 3393 397 3470 ρὡις
461 3394 785 3465 ὒπώπτευον,
832 3390 971 3448 ἀλλᾶ
1026 3392 1285 3471 φαντασίά
1340 3412 1419 3455 τις
1475 3391 1541 3448 τὰ
1601 3390 1863 3468 δρώμενα.

1955 3392 2732 3464 accuratamjnquisitionem
2756 3391 3137 3463 cognita,cum
3161 3392 3333 3450 ﬁliam
3357 3395 3595 3453 omnino

249 3482 375 3539 Εἴτα
438 3482 909 3562 περιεργασάμενοι
970 3484 1065 3537 καί
1119 3480 1376 3555 μαθόντες
1435 3477 1667 3558 ἀκριϐῶς
1727 3478 1863 3544 ὅπως

1954 3496 2158 3540 sanam
2185 3475 2867 3558 deprehenderent,tum
2890 3474 3074 3537 Deum
3108 3475 3183 3538 ob
3207 3476 3464 3557 praestita
3485 3477 3595 3539 be-

237 3571 443 3650 ὗγιῶςὴ
474 3585 604 3633 παῖς
639 3570 826 3650 εἶχεν⁷
859 3568 1052 3644 ὕμνουν
1085 3569 1181 3645 μὲν
1220 3570 1312 3627 τὸν
1345 3566 1436 3625 ἐπὶ
1468 3569 1678 3625 πάντων
1708 3570 1863 3648 Θεὸν,

227 3658 541 3740 ἐμεγάλυνον
600 3658 654 3716 δὲ
689 3661 778 3716 τὸν
824 3660 982 3715 αὖτοὺ
1034 3659 1330 3736 θεράποντα
1375 3657 1620 3733 Συμεών*
1681 3656 1867 3712 ἐνίκων

222 3748 313 3817 τὴν
340 3754 444 3807 τῶν
486 3748 744 3830 γενεσίων
797 3750 893 3816 τῆς
926 3748 1178 3827 θυγατρὸς
1233 3746 1446 3826 ἑορτὴν,
1478 3745 1565 3811 οἷς
1608 3751 1695 3802 νῦν
1749 3745 1867 3824 περὶ

217 3840 334 3908 τὴν,
359 3841 573 3906 ἐκείνης
604 3838 881 3915 θεραπείαν
940 3835 1173 3894 ἐποίουν·
1229 3836 1546 3915 ἐμακάριζον
1575 3841 1675 3902 τῆς
1730 3857 1864 3892 παι-

217 3927 294 3994 δὲς
348 3932 594 3993 ἑαυτούς’
630 3924 938 4002 εὐδαίμονας
969 3926 1190 3985 ἐκάλουν
1222 3938 1315 3983 τοῦ
1370 3925 1552 4001 τόκου,
1584 3926 1670 3983 καὶ
1730 3924 1863 3983 οὕτω

217 4021 326 4096 μεθ’
380 4018 588 4089 ἡδονῆς
618 4016 807 4080 αὐτοὺς
837 4017 921 4075 καὶ
970 4014 1323 4096 φαιδρότητος
1354 4014 1383 4071 ὃ
1411 4015 1567 4080 οἶκος
1614 4012 1852 4095 ἐδέχετο.

1950 3567 2167 3629 neficia
2186 3564 2813 3647 laudare,Symeonem
2835 3565 2965 3643 ejus
2987 3564 3273 3626 famulum
3307 3566 3597 3646 depraedi-

1948 3675 2084 3720 care
2104 3663 2432 3735 cmperunt:
2470 3662 2528 3716 et
2558 3652 2956 3715 natalitiorum
2990 3654 3393 3716 filiaelaetitiam
3417 3654 3594 3734 longe

1948 3745 2247 3827 superavit
2278 3744 2355 3806 ob
2386 3743 2516 3824 ejus
2549 3742 2917 3805 curationem
2952 3743 3219 3805 instituta
3251 3743 3591 3810 celebritas.

1947 3838 2162 3900 Beatos
2191 3853 2256 3897 se
2286 3834 2527 3896 demum
2561 3832 2696 3894 filiae
2729 3842 2895 3914 partu
2931 3833 3329 3914 prae-dicabant
3356 3855 3369 3892 :
3404 3844 3464 3897 et
3492 3854 3597 3899 eos

1946 3926 2192 4005 quidem
2248 3942 2382 3986 cum
2442 3922 2656 4002 gaudio
2719 3930 2776 3983 et
2830 3921 3149 3985 festivitate
3204 3931 3326 3986 tota
3382 3924 3595 3988 domus

1943 4014 2304 4079 exbilaratos
2334 4012 2590 4093 excepit.

1682 4150 1916 4209 CAPUT
1958 4152 2097 4209 VIII.

1682 4150 1817 4209 CAP
1873 4150 1916 4208 T
2031 4153 2043 4208 I
2083 4195 2097 4209 .

947 4250 1151 4309 Mulier
1182 4249 1420 4308 nondum
1456 4248 1742 4307 mandram
1777 4150 1894 4321 εἶξε
1930 4152 2196 4323 tigris“,
2228 4250 2420 4323 agnita
2460 4255 2510 4305 et
2550 4248 2850 4308 benedicta.

288 4365 402 4429 λα’.
460 4362 611 4425 Ἀλλ’
655 4365 775 4423 οἷόν
836 4386 904 4441 με
962 4371 1152 4444 μικροῦ
1202 4362 1313 4421 δεῖν
1371 4368 1477 4420 τῶν
1529 4372 1624 4422 τοῦ
1677 4360 1861 4438 ἀνδρὸς

2025 4360 2087 4425 3t
2107 4362 2350 4424 .Verum
2378 4378 2559 4423 unum
2585 4379 2681 4423 me
2701 4360 2826 4422 fere
2849 4357 3161 4441 Symeonis
3191 4359 3406 4421 factum
3429 4374 3589 4440 prte-

219 4456 594 4538 xzpelvjltuﬂsl
684 4455 849 4518 Πόθος
936 4455 1065 4513 ποτὲ
1137 4457 1278 4520 θεῖος
1348 4465 1577 4531 γυναῖκα
1660 4451 1866 4533 εἰλήφει

218 4547 515 4628 ὀφθαλμοῖς
571 4551 759 4602 τοῦτον
786 4544 945 4618 ἰδεῖν,
978 4543 1075 4601 καὶ
1115 4543 1212 4611 τῆς
1271 4541 1395 4622 παρ’
1429 4544 1584 4602 αὐτοῦ
1644 4545 1863 4622 χάριτος

217 4640 297 4696 καί
356 4636 460 4704 τῆς
492 4633 731 4713 εὐλογίας
790 4632 1110 4690 ἀπολαῦσαν
1174 4632 1297 4688 ἀλλ’
1324 4632 1388 4700 ἦν
1445 4631 1541 4688 καῖ
1573 4634 1707 4708 αὖτῇ
1762 4636 1862 4698 τῆς

214 4724 494 4802 ἐπιθυμίας
550 4721 803 4799 ἐμπόδιον
861 4724 889 4779 ὁ
948 4718 1248 4800 περίϐολος,
1308 4719 1535 4799 γυναιξὶν
1595 4720 1861 4799 ἀπείργων

215 4817 311 4885 τὴν
369 4810 611 4872 εἴσοδον.
687 4805 748 4867 Ἠ
805 4810 1083 4890 φιλάρετος
1144 4809 1314 4867 τοίνυν
1369 4810 1544 4878 ἐκείνη
1613 4810 1688 4873 τῷ
1744 4808 1865 4887 πυρὶ

215 4912 308 4963 τοῦ
363 4908 535 4960 καλοῦ
572 4901 760 4958 τούτου
816 4899 1010 4978 ἔρωτος
1066 4897 1420 4974 ἁλισκομένη,
1468 4897 1757 4978 λογισμοὺς
1806 4921 1865 4955 τε

216 4996 422 5055 πάντας
481 4991 708 5048 ἀνεκίνει
758 4991 887 5071 πρὸς
933 4988 1152 5064 ἑαυτὴν,
1209 4990 1299 5046 καί
1338 4988 1494 5046 τινών
1541 5010 1671 5046 ποτε
1730 4988 1865 5046 κατὰ

216 5086 339 5143 θέαν
425 5080 521 5139 τοῦ
604 5078 790 5159 ἀνδρὸς
868 5078 1239 5154 πορευομένων
1321 5077 1684 5158 στρατιωτῶν,
1765 5078 1863 5146 τὴν

212 5173 406 5250 ὁμοίαν
465 5170 668 5233 τούτοις
724 5165 991 5236 ἀναϐολὴν
1048 5167 1387 5245 περιθεμένη,
1445 5167 1547 5235 ὅλη
1617 5188 1675 5223 τε
1733 5169 1864 5246 πρὸς

213 5266 272 5322 τὺ
362 5262 581 5319 ἐκείνων
634 5260 830 5338 σχῆμα
884 5254 1280 5332 μεταϐαλοῦσα,
1339 5258 1425 5315 καὶ
1499 5263 1675 5315 πᾶσαν
1726 5257 1864 5313 ὑπό-

215 5375 360 5411 νοιαν
420 5349 689 5427 κλέψασα,
744 5348 829 5405 ἐπὶ
908 5348 999 5404 τὸν
1060 5349 1230 5405 ’ἱππον
1288 5345 1526 5405 ἀναϐᾶσα
1584 5347 1865 5405 συνίππευέ

218 5464 270 5500 τε
365 5441 553 5506 αὐτοῖς
634 5439 726 5495 καὶ
824 5436 924 5504 τὴν
1006 5433 1124 5493 ὁδον
1226 5437 1298 5502 εἰς
1378 5437 1548 5517 τάχος
1633 5434 1862 5507 διήνυεν.

221 5529 437 5599 Ἐπειδῦ⁸
507 5527 565 5585 δέ
635 5524 926 5584 κατέλαϐον
982 5527 1074 5582 τὸν
1145 5522 1448 5602 περίϐολον,
1522 5524 1862 5585 ἀποϐαίνωσι

224 5627 320 5680 τῶν
376 5620 566 5678 ἵππων
640 5617 687 5673 οἱ
743 5621 1079 5690 στρατιῶται,
1139 5619 1228 5673 καὶ
1300 5615 1509 5681 τούτους
1568 5617 1665 5673 οἷα
1720 5616 1862 5695 παρά

453 5727 723 5790 PATBOL.
759 5723 872 5786 Gn.
917 5724 1125 5787 CXIV.

1949 4450 2231 4514 teriisset.
2280 4450 2589 4514 Mulierem
2621 4458 2891 4512 sanctum
2937 4448 3119 4511 viram
3151 4465 3350 4511 coram
3400 4446 3590 4511 oculis

1946 4540 2242 4616 intuendi,
2280 4542 2528 4622 ejusque
2557 4540 2744 4618 gratia
2784 4547 2842 4600 et
2868 4538 3284 4601 benedictione
3327 4537 3586 4611 fruendi,

1948 4630 2148 4692 divina
2175 4629 2473 4693 invaserat
2504 4630 2800 4711 cupiditas
2827 4649 2840 4691 :
2878 4646 3080 4690 verum
3113 4628 3252 4689 huic
3282 4625 3588 4689 desiderio

1946 4718 2177 4781 obicem
2203 4719 2455 4800 ponebat
2482 4726 2714 4799 septum
2738 4715 3459 4799 oppositum,mulieri‘bus
3479 4715 3589 4775 ad-

1945 4808 2093 4871 itum
2127 4827 2363 4871 omnem
2401 4806 2906 4889 praecludens.Pia
2927 4814 3196 4869 matrona
3223 4806 3335 4868 hoc
3364 4803 3587 4866 amoris

1945 4899 2083 4978 igne
2103 4907 2620 4980 correpta,omnes
2641 4916 2844 4960 secum
2875 4897 2997 4959 vias
3023 4905 3082 4959 et
3106 4895 3368 4957 rationes
3388 4893 3586 4956 animo

1945 4987 2226 5069 agitabat.
2258 4987 2733 5065 Militesinterea
2755 4986 2994 5069 quidam
3021 4983 3252 5047 visendi
3273 4982 3587 5064 Symeonis

1944 5076 2133 5155 gratia
2161 5077 2607 5158 capessiverunt
2656 5076 2774 5139 iter
2801 5098 2814 5140 :
2852 5075 3066 5136 mulier
3094 5072 3279 5136 simili
3305 5078 3584 5151 suscepto

1948 5165 2255 5242 habitu,ad
2270 5184 2508 5229 omnem
2533 5185 2598 5230 se
2619 5166 2857 5229 illorum
2879 5164 3141 5245 speciem
3167 5160 3581 5223 conformavit:
3631 5193 3635 5196 -

1946 5257 2020 5318 ad
2054 5256 2182 5320 hac
2212 5256 2411 5318 omnia
2443 5255 2823 5328 tuta-videns,
2850 5271 3006 5334 equo
3026 5269 3274 5314 ascenso
3299 5267 3418 5312 una
3449 5267 3585 5311 cum

1947 5351 2035 5410 eis
2065 5345 2383 5429 equitando
2411 5347 2559 5408 viam
2590 5346 2868 5408 celeriter
2914 5342 3194 5405 confecit.
3230 5339 3319 5404 Ad
3351 5348 3584 5421 septum

1945 5435 2047 5499 ubi
2078 5444 2425 5517 perventum
2448 5443 2639 5511 est,ex
2669 5434 2842 5510 equis
2862 5429 3316 5512 descendentes,
3342 5447 3445 5491 eos
3468 5429 3586 5491 mia

1945 5530 2072 5589 lites
2085 5529 2319 5589 mulieri
2333 5539 2602 5600 tanquam
2617 5526 2717 5585 uni
2729 5525 3190 5585 commilitonum
3202 5526 3586 5593 committunt,

1944 5634 2080 5679 cum
2130 5615 2395 5679 nondum
2436 5612 2748 5675 mulierem
2801 5629 2937 5674 esse
2997 5607 3374 5672 manifestum
3401 5616 3580 5672 esset.

2916 5718 2988 5782 12
