4004 6138
1394 311 1580 380 VITA
1627 311 1686 379 S.
1735 306 2117 382 SYMEONIS
2158 309 2528 380 STYLIT/E.

3525 317 3642 384 366

1839 449 2259 537 CAPUTIX.‘

1339 587 1604 644 Antiochi
1649 587 1880 647 latronis
1927 593 2232 656 conversio,
2279 593 2375 664 pia
2413 606 2576 650 mors.

331 704 428 789 13'.
477 717 581 773 Καὶ
609 727 783 775 τοῦτο
831 715 1024 790 μὲνδὴ
1053 723 1312 776 τοιοῦτον.
1348 714 1560 773 Ἐκεῖνο
1613 716 1668 772 δὲ
1724 718 1798 778 τίς
1859 716 1978 772 ἂνΑ

259 801 617 879 παραδραμεῖν
688 805 1049 877 ἐθελήσειενς
1114 806 1330 880 Λῃστης
1402 806 1489 884 ἦν,
1564 811 1651 862 καὶ
1707 805 1919 881 λῃστῶν

261 893 283 945 ὁ
323 891 735 971 χαλεπώτατος
782 897 873 951 καὶ
917 895 1364 974 μιαιφονώτατος,
1411 892 1690 973 Ἀντίοχος
1723 893 1915 969 ὄνομα,

253 980 338 1046 τὴν
392 980 721 1056 ἐπωνυμίαν
786 985 1099 1060 Ἀγόνατος.
1149 983 1312 1043 Οὗτος
1356 983 1494 1061 ἦρχε
1545 984 1642 1057 μὲν
1697 992 1915 1062 λῃστρι-

255 1078 337 1125 κοῦ
390 1072 644 1150 στίφους,
702 1071 911 1139 ἐκράτει
956 1071 1009 1127 δὲ
1069 1075 1128 1130 οὔ
1185 1069 1388 1144 μᾶλλον
1445 1079 1550 1129 τῶν
1600 1072 1914 1151 ἀρχομένων

253 1165 311 1233 τῇ
340 1158 509 1234 βουλῇ
544 1159 688 1216 ὅσον
720 1167 790 1236 τῇ
833 1163 929 1226 τῆς
977 1163 1162 1239 χειρὸς
1207 1161 1382 1235 Tal-iii
1431 1162 1518 1216 καὶ
1561 1169 1635 1233 τῷ
1665 1168 1761 1226 τῆς
1806 1167 1913 1236 qm-

256 1252 350 1326 χῆς
406 1248 628 1322 θράσει,
695 1253 786 1307 καὶ
845 1252 912 1318 τῆ
987 1252 1104 1328 περὶ
1177 1251 1298 1313 τοὺς
1343 1249 1607 1316 κινδύνους
1665 1252 1909 1323 ἀπονοίᾳ,

255 1335 392 1394 Οῧτω
442 1339 548 1415 γὰρ
601 1342 862 1411 σώματος
921 1340 1049 1418 εἶχε
1094 1339 1278 1416 ῥώμης
1309 1341 1394 1394 καὶ
1446 1341 1666 1419 ταχείας
1711 1339 1908 1419 ποδῶν,

252 1429 328 1481 καὶ
394 1435 637 1484 τοσοῦτο
713 1430 918 1490 τούτοις
983 1427 1208 1506 ἐθάρρει,
1272 1429 1342 1490 ὡς
1419 1430 1514 1483 καί
1573 1427 1912 1504 πολυανθρω-

249 1517 493 1581 ποτάτοις
565 1518 791 1593 κώμαις
837 1519 921 1573 καὶ
981 1521 1161 1580 αὒτοῖς
1222 1516 1390 1585 δήπου
1434 1521 1530 1584 τῆς
1583 1518 1912 1596 Ἀντιοχείαι

247 1607 591 1682 προαστείοις
663 1609 964 1686 ἐπιφοιτᾷν,
1025 1608 1117 1662 καί
1189 1616 1352 1664 ταῦτα
1396 1605 1712 1676 ληίζεσθαι·
1761 1609 1804 1662 εἰ
1861 1606 1915 1662 δέ

245 1715 339 1748 πο)
399 1696 493 1750 καὶ
543 1695 746 1752 1’ἵππων
815 1695 1058 1762 ἐπιϐῆναι
1133 1693 1336 1768 δεήσοι,
1384 1695 1610 1760 θηλειῶν
1669 1693 1912 1750 ἐπέϐαινε

243 1782 323 1838 διὰ
381 1786 447 1841 τὸ
511 1786 726 1864 τάχος.
776 1792 966 1844 Τοῦτον
1025 1785 1211 1851 ἐπειδὴ
1256 1785 1420 1848 πολὺς
1463 1785 1593 1859 ἦγεν
1635 1786 1667 1851 ἡ
1728 1786 1907 1862 φήμη,

241 1872 465 1941 ἀναὶδην
512 1873 664 1930 οὕτω
719 1877 786 1951 τῇ
833 1873 1054 1950 λῃστείᾳ
1085 1873 1387 1953 χρώμενον,
1425 1872 1698 1949 ἐνήδρευον
1755 1875 1909 1930 αὐτὸν

238 1963 456 2040 πολλοὶ,
492 1967 593 2022 καὶ
642 1967 687 2020 οἱ
729 1964 974 2035 κολάζειν
1003 1964 1124 2026 τοὺς
1174 1965 1531 2024 ἁτακτοῦντας
1583 1961 1908 2038 ἐπιτετραμ-

2085 717 2182 781 32.
2219 717 2288 780 Et
2317 720 2430 781 hoc
2461 719 2704 800 quidem
2739 720 3091 781 miraculum
3129 719 3418 793 tale.Quis
3445 728 3640 782 autem

2005 815 2320 886 praetereat
2341 809 2495 889 quod
2524 809 2810 888 deinceps
2834 821 3140 871 narratum
3168 810 3272 871 eo?
3304 812 3474 871 Latro
3507 827 3645 870 om-

2002 895 2164 957 nium
2189 897 2534 976 praedonum
2572 897 2747 976 longe
2789 899 3262 971 crudelissimus,
3297 908 3357 961 et
3387 899 3642 960 maxime

2001 986 2491 1061 sanguinolentus
2528 986 2670 1067 (30),
2703 987 3030 1049 Antiochus
3089 990 3356 1063 nomine,
3419 1007 3639 1067 cogno-

2001 1083 2200 1135 mento
2233 1076 2554 1153 Agonatus,
2588 1077 2940 1138 sicariorum
2994 1077 3225 1138 cohorti
3278 1085 3548 1156 praeerat,
3584 1086 3643 1139 et

2000 1180 2115 1222 non
2155 1165 2338 1241 magis
2369 1164 2621 1225 consilio
2677 1183 2849 1244 quam
2885 1164 3093 1225 virium
3129 1167 3344 1226 robore
3367 1175 3425 1226 et
3456 1166 3640 1226 animi

1996 1251 2244 1312 audacia
2288 1253 2542 1313 subditis
2605 1253 2979 1332 imperitabat
3058 1263 3232 1334 atque
3301 1254 3516 1333 insigni
3577 1256 3639 1315 in

1997 1339 2287 1402 adeundis
2317 1342 2598 1421 periculis
2631 1345 2984 1404 temeritate.
3023 1342 3273 1403 Tantum
3305 1344 3463 1405 enim
3496 1363 3637 1406 cor-

2003 1430 2161 1507 poris
2186 1429 2424 1509 robore,
2447 1439 2503 1491 et
2535 1430 2752 1508 pedum
2789 1431 3091 1492 celeritate
3123 1432 3402 1511 pollebat,
3439 1433 3638 1515 itaque

1998 1517 2072 1577 iis
2096 1518 2402 1598 lidebat,ut
2425 1520 2914 1598 populosissimos
2941 1521 3322 1600 pagos,ctiam
3351 1522 3479 1600 ipsa
3509 1524 3636 1584 An-

1999 1606 2237 1668 tiochia:
2265 1609 2427 1669 urbis
2460 1609 2746 1670 suburbia
2777 1609 3064 1672 invadere
3096 1629 3163 1671 ac
3223 1611 3486 1691 diripere
3519 1630 3635 1672 non

1997 1696 2638 1778 dubitaret.Siquando
2664 1718 2816 1779 equo
2842 1699 2972 1760 vehi
2999 1717 3247 1761 necesse
3271 1709 3418 1774 erat,
3455 1719 3638 1780 equas

1997 1784 2071 1845 ob
2101 1787 2390 1866 majorem
2420 1788 2789 1850 celeritatem
2814 1787 3453 1850 conscendebat.Hunc
3473 1797 3634 1868 post-

1995 1893 2173 1949 quam
2209 1877 2530 1937 mullorum
2565 1876 2718 1938 fama
2777 1877 3054 1956 vulgavit,
3091 1877 3250 1937 nullo
3284 1877 3635 1956 prohibente

1994 1963 2125 2023 vitae
2149 1965 2519 2046 praedatoriae
2543 1984 2784 2045 operam
2812 1967 3072 2038 dantem,
3094 1966 3261 2026 multi
3279 1965 3365 2027 illi
3390 1967 3636 2029 insidias

239 2051 416 2126 μένοι,
481 2054 634 2110 ὥστε
688 2055 779 2109 τὸν
852 2053 1130 2130 Ἀντίοχον
1187 2049 1473 2106 συλλαϐεῖν
1533 2053 1656 2126 περί
1713 2054 1899 2115 παντὸς

1995 2061 2355 2128 struxerunt,
2385 2063 2503 2114 tum
2533 2053 2904 2133 potissimum
2927 2054 3143 2134 quibus
3165 2055 3488 2134 ﬂagitiosus
3521 2075 3633 2136 pu-

238 2141 554 2202 ἐποιοῦντο.
637 2143 727 2200 Ἐν
784 2140 1090 2221 πανδοχείῳ
1131 2148 1257 2219 γοῦν
1315 2162 1440 2196 ποτε
1499 2138 1824 2216 καταλύσας,
1882 2143 1909 2196 ὁ

239 2231 337 2304 μὲν
401 2234 528 2310 περὶ
622 2253 812 2296 ποτους
869 2235 994 2310 εἶχε
1069 2232 1155 2286 καὶ
1220 2229 1403 2309 μέθας,
1465 2251 1802 2307 στρατιωτῶν
1855 2228 1908 2284 δὲ

241 2334 434 2398 στῖφος
493 2322 836 2389 πεντήκοντα
892 2323 1022 2396 πρὸς
1085 2332 1200 2382 τοῖς
1269 2319 1456 2374 ἐκατὸν
1502 2318 1714 2395 ἀνδράσι
1757 2317 1906 2385 πλη-

240 2411 530 2486 ρούμενον,
582 2413 764 2488 καιρὸν
836 2407 898 2475 δὴ
968 2411 1150 2464 τοῦτον
1212 2407 1510 2477 ἐπιτήδειον
1555 2415 1654 2474 τῆς
1709 2407 1907 2462 ἐκείνου

243 2497 574 2574 συλλήψεως
651 2499 914 2564 οἰηθέντες
958 2545 972 2568 ,
1062 2497 1420 2575 περιίστανται
1520 2497 1776 2552 πάντοθεν
1845 2499 1905 2552 τὸ

248 2587 595 2667 πανδοχεῖον
629 2606 643 2622 ο
696 2590 722 2642 ὃ
765 2586 818 2641 δὲ
862 2589 933 2648 ὼς
966 2587 1157 2661 ᾔσθετο
1188 2591 1282 2652 τῆς
1313 2583 1625 2656 ἐπιϐουλῆς,
1671 2585 1786 2639 οὔτε
1830 2587 1905 2659 τῷ

251 2675 345 2742 τῆς
413 2678 652 2754 γαστρὸς
712 2680 909 2754 φόρτῳ,
973 2677 1089 2731 οὔτε
1159 2681 1234 2748 τῷ
1277 2681 1367 2729 τοῦ
1421 2671 1572 2729 οἴνου
1615 2675 1762 2750 κάρῳ
1807 2676 1902 2742 τὴν

255 2763 557 2844 λῃστρικὴν
617 2767 822 2840 τόλμην
881 2767 1060 2844 φανεὶς
1113 2764 1463 2840 ἀτονώτερος,
1519 2763 1688 2819 πνέων
1721 2785 1778 2820 τε
1807 2769 1902 2824 Ου-

258 2860 357 2926 μοῦ
411 2855 714 2929 ἀνίσταται,
765 2856 851 2910 καὶ
894 2862 1001 2909 τῶν
1064 2855 1288 2929 ἱματίων
1349 2851 1450 2908 ὅσα
1507 2851 1680 2931 φέρειν
1738 2852 1902 2932 ἄχθος

260 2946 395 3016 αῦτῷ
422 2950 491 3010 ἦν
537 2944 734 3007 ἐπιθεὶς
782 2949 850 3019 τῇ
906 2944 1088 3017 ἵππῳ,
1147 2956 1267 3004 ταῖς
1301 2944 1575 3015 παλάμαις
1605 2942 1903 3019 ἀναιρεῖται

260 3033 319 3087 τὸ
373 3033 538 3112 Ξίφος,
573 3033 667 3088 καῖ
731 3032 884 3088 τοῦτο
940 3038 1182 3112 συνεχῶς
1243 3031 1647 3107 ἀνατεινόμενος
1681 3035 1899 3104 θυμοει-

266 3119 360 3186 δῶς
391 3123 523 3200 ἄγαν
555 3124 648 3178 καί
681 3129 919 3195 μανικῶς
953 3119 1140 3195 μηδενὶ
1194 3120 1507 3191 πλησιάζειν
1558 3123 1700 3194 αὐτῷ
1755 3143 1897 3198 παρ-

269 3213 459 3290 ηγγύα,
502 3214 590 3267 καὶ
620 3209 842 3290 φοϐερὸς
887 3211 1052 3285 ἐξῄει,
1116 3209 1330 3272 ’Ἄλλως
1392 3231 1446 3265 τε
1487 3213 1574 3265 καὶ
1635 3213 1667 3278 ἡ
1727 3209 1897 3272 ἵππος

278 3301 407 3371 αὐτῷ
446 3298 795 3357 συνεϐάλλετο
840 3302 969 3376 πρὸς
1009 3297 1338 3366 κατάπληξιν
1385 3299 1546 3376 μέρος
1595 3301 1654 3355 ού
1682 3321 1893 3375 μικςονο

1995 2141 2199 2200 niendi
2231 2159 2372 2202 cura
2399 2144 2719 2204 commissa
2741 2143 3220 2215 est,Antiochum
3246 2144 3637 2223 comprehen-

1993 2229 2136 2289 dere
2169 2230 2305 2290 totis
2335 2230 2557 2291 viribus
2589 2231 2780 2291 adnisi
2823 2239 2982 2293 sunt.
3019 2233 3165 2293 Cum
3221 2231 3540 2310 aliquando
3571 2233 3633 2293 in

1993 2317 2256 2397 hospitio
2279 2319 2851 2398 moraretur,ibique
2877 2321 3397 2400 potaret,militum
3419 2322 3634 2382 cohors

1991 2407 2418 2483 quinquaginta
2444 2425 2624 2486 supra
2655 2410 3040 2481 centum,hoc
3071 2409 3352 2469 idoneum
3383 2409 3455 2469 ad
3489 2427 3626 2470 eum

1989 2495 2343 2573 capiendum
2377 2504 2611 2575 tempus
2645 2497 3043 2574 rata,domum
3079 2497 3342 2576 undique
3379 2497 3632 2559 circum-

1988 2583 2150 2644 dant.
2191 2581 2295 2646 Hic
2328 2602 2465 2645 vero
2519 2592 2580 2644 ut
2628 2586 2820 2645 sensit
2881 2585 3150 2659 insidias,
3185 2605 3380 2666 neque
3410 2589 3632 2648 ventris

1987 2691 2398 2753 onere,neque
2416 2673 2538 2734 vini
2559 2684 2801 2735 veterno
2827 2675 3150 2754 quidquam
3181 2675 3256 2736 de
3281 2676 3634 2754 praedatoria

1988 2763 2233 2823 audacia
2260 2763 2915 2836 remittens,iracundia
2946 2772 3208 2826 aestuans
3241 2765 3628 2843 exsurgit,in-

1989 2852 2408 2912 dumeutorum
2459 2853 2692 2914 sarcina
2735 2863 2952 2932 quanta
3008 2855 3194 2932 potuit
3255 2854 3630 2916 festinatione

1989 2959 2154 3020 equae
2172 2940 2648 3020 imposita,manu
2670 2943 2928 3019 gladium
2957 2942 3378 3022 educit,eoque
3393 2943 3631 3006 assidue

1989 3028 2053 3090 in
2085 3048 2226 3090 aere
2260 3031 2451 3091 instar
2478 3030 2683 3091 furiosi
2707 3040 2765 3092 et
2792 3032 3089 3092 dementis
3119 3031 3366 3104 vibrato,
3406 3033 3630 3094 nemini

1984 3119 2098 3181 sibi
2124 3120 2642 3200 appropinquandi
2665 3121 2802 3182 fecit
2830 3122 3153 3192 licentiam;
3185 3129 3462 3202 totusque
3478 3123 3628 3185 adeo

1981 3207 2658 3286 formidabilishospitio
2679 3211 3087 3289 egreditur.Et
3110 3229 3264 3290 equa
3282 3229 3397 3270 non
3421 3229 3626 3290 parum

1981 3298 2054 3359 ad
2083 3304 2375 3360 terrorem
2402 3298 2815 3359 incutiendum
2849 3300 2962 3379 ipsi
2985 3300 3224 3378 profuit;
3251 3300 3348 3360 illa
3379 3300 3539 3361 enim
3569 3311 3628 3360 et

285 3387 344 3441 ἐκ
381 3388 563 3446 πολλοῦ
611 3396 712 3467 γὰρ
772 3389 906 3456 αύτῆ
952 3386 1342 3467 δεδιδαγμένον,
1390 3387 1484 3454 λάξ
1526 3409 1582 3444 τε
1629 3402 1745 3450 τοῖς
1792 3390 1895 3463 ἐμ-

1988 3386 2251 3447 calcibus
2281 3385 2678 3447 anterioribus
2711 3387 3013 3448 insiliebat
3044 3388 3103 3448 in
3135 3397 3542 3464 occurrentes,
3569 3400 3627 3450 et

281 3479 524 3554 προσθίοις
553 3479 711 3534 ποσίν
742 3475 986 3534 ἐπέϐαινε
1037 3479 1142 3533 τῶν
1197 3478 1330 3532 κατὰ
1387 3479 1673 3554 πρόσωπον
1726 3479 1898 3532 ὕπαν-

1988 3475 2264 3535 dentibus
2300 3475 2935 3556 mordebat,planeque
2967 3477 3268 3537 sufficiens
3298 3485 3424 3537 erat
3444 3495 3623 3538 acce-

271 3566 492 3642 τώντων,
524 3574 628 3623 τῶν
661 3575 872 3646 σαρκῶν
901 3588 956 3622 τε
1003 3566 1202 3634 ἥπτετο
1245 3579 1361 3631 τοῖς
1406 3566 1604 3645 ὀδοῦσι,
1635 3565 1732 3622 καὶ
1763 3565 1902 3630 ὅλως

264 3651 400 3724 δεινή
443 3677 524 3718 τις
582 3656 650 3722 ἧν
697 3654 1032 3723 καταπλῆξαι
1090 3657 1186 3710 τὸν
1241 3655 1635 3732 προσπεσόντα,
1693 3657 1781 3711 καὶ
1826 3657 1898 3720 εἰς

259 3741 370 3810 δέος
429 3743 631 3825 ἄφατον
710 3742 989 3819 ἐμϐαλεῖν.
1074 3745 1290 3807 Τούτοις
1346 3750 1621 3822 τοιγαροῦν
1677 3745 1738 3799 τὸ
1791 3745 1898 3800 τῶν

256 3843 598 3912 στρατιωτῶν
661 3835 862 3903 πλῆθος
916 3835 1259 3910 διαταράξας,
1325 3836 1500 3900 ἄλλως
1563 3859 1619 3893 τε
1665 3837 1754 3892 καὶ
1799 3836 1898 3904 τὴν

253 3926 451 3982 οἰκείαν
496 3928 684 4005 φήμην
727 3924 1182 4002 προοδοποιοῦσαν
1240 3926 1409 4006 ἔχων,
1472 3929 1569 3983 καί
1615 3929 1681 3982 τὰ
1725 3927 1898 3984 πολλὰ

249 4018 818 4094 συγκατεργαζομένην
862 4017 1025 4094 αὐτῷ,
1076 4018 1164 4072 καὶ
1224 4018 1325 4094 πρὸ
1382 4020 1476 4084 τῆς
1534 4015 1734 4073 ἐκείνου
1775 4017 1893 4081 θέας

247 4103 415 4184 φόϐον
458 4118 574 4168 τοῖς
619 4103 847 4168 πολλοῖς
894 4105 1243 4182 ἐμποιοῦσαν,
1293 4106 1384 4160 τὸν
1429 4103 1658 4184 ἔσχατον
1712 4105 1891 4162 κίνδυ-

245 4217 338 4252 νον
387 4192 657 4274 διαφεύγει
691 4215 707 4232 ο
766 4194 861 4250 καῖ
918 4199 1014 4261 τῆς
1065 4194 1237 4250 ἵππου
1284 4191 1469 4258 ἐπιϐὰς
1499 4195 1588 4250 οἷά
1622 4217 1700 4258 τις
1733 4195 1892 4258 ἄλλος

245 4282 454 4361 λῃστής
513 4283 598 4341 ἐπὶ
648 4286 740 4340 τὸν
803 4283 858 4338 ἐν
918 4288 998 4356 τῷ
1043 4282 1216 4356 στύλῳ
1255 4283 1674 4360 προσηλωμένον
1720 4307 1892 4340 κατα-

246 4374 432 4453 φεύγει
467 4388 482 4403 ⁸
531 4371 646 4448 ᾔδει
699 4374 799 4450 γὰρ
861 4376 1018 4431 αὐτὸν
1077 4373 1320 4447 μαθητὴν
1368 4373 1493 4428 ὄντα
1536 4383 1630 4432 τοῦ
1660 4396 1889 4449 σταυρω-

243 4463 430 4526 Θέντος
478 4463 609 4540 ὑπὲρ
667 4466 767 4530 τῆς
835 4469 928 4518 τοῦ
970 4462 1168 4524 παντὸς
1229 4463 1516 4538 σωτηρίας.
1579 4464 1674 4520 Καὶ
1727 4465 1891 4520 ταῦτα

243 4551 457 4628 λῃστὴς
513 4552 612 4628 ὢν,
673 4554 784 4627 καὶ,
848 4557 1030 4608 Σῶσον
1085 4551 1270 4630 ψυχὴν
1329 4551 1726 4628 ἀπολλυμένην,
1772 4553 1890 4630 ἅγιε

243 4650 340 4700 τοῦ
395 4648 552 4716 Θεοῦ,
604 4649 800 4716 σῶσον,
860 4641 1194 4716 κοπτόμενος
1250 4645 1336 4697 καὶ
1390 4641 1570 4719 ἀλγῶν
1625 4639 1890 4718 πόῤῥωθεν

1984 3563 2198 3624 dentes
2218 3565 2637 3643 percellere,et
2653 3583 2926 3642 magnum
2950 3564 3024 3626 iis
3042 3573 3327 3626 terrorem
3344 3565 3620 3644 injicere.

1981 3651 2086 3714 His
2110 3652 2386 3714 omnibus
2410 3671 2542 3714 cum
2563 3652 2817 3713 militum
2841 3653 3282 3715 multitudinem
3307 3655 3620 3730 turbasset,

1981 3747 2198 3802 habens
2221 3755 2487 3816 praeterea
2512 3747 2712 3803 famam
2738 3761 2929 3804 rerum
2954 3757 3241 3818 gestarum
3270 3748 3444 3806 veluti
3472 3749 3621 3806 viam

1981 3830 2097 3892 sibi
2127 3831 2901 3913 aperientem,multumque
2931 3842 3453 3913 cooperantem,ac
3485 3833 3620 3914 plu-

1979 3919 2277 4001 ribus,qui
2297 3938 2430 3981 eum
2455 3920 2711 3982 necdum
2739 3921 3330 3996 viderant,terrorem
3354 3922 3624 4001 injicien-

1978 4016 2122 4084 tem,
2157 4019 2491 4070 extremum
2528 4009 2854 4088 periculum
2891 4009 3111 4072 devitat
3149 4028 3162 4072 :
3200 4019 3259 4072 et
3287 4029 3621 4073 conscenso

1969 4100 2549 4178 jumento,tanquam
2568 4098 2717 4160 alter
2738 4098 2889 4159 latro
2915 4100 2987 4160 ad
3013 4098 3369 4179 Symeonem
3394 4100 3624 4162 colum-

1975 4207 2067 4250 nae
2087 4189 2326 4250 afﬁxum
2350 4187 2614 4266 confugit
2643 4208 2656 4250 :
2686 4196 2930 4249 noverat
2956 4189 3114 4249 enim
3157 4207 3296 4249 eum
3330 4188 3488 4250 illius
3519 4189 3623 4269 qui

1975 4297 2081 4358 pro
2106 4278 2349 4338 humani
2380 4277 2618 4354 generis
2642 4277 2831 4340 salute
2855 4277 3014 4338 cruci
3037 4278 3243 4340 afﬁxus
3268 4277 3622 4352 fuerat,esse

1973 4368 2451 4447 discipulum.Ac
2478 4376 2602 4426 tum
2632 4367 2872 4447 quidem
2895 4367 3070 4445 latro,
3097 4376 3247 4428 totus
3275 4368 3482 4429 dolore
3499 4367 3617 4430 fra-

1974 4465 2126 4531 ctus,
2163 4455 2566 4517 miserandum
2615 4455 2676 4516 in
2728 4455 2968 4518 modum
3013 4458 3248 4518 eminus
3275 4456 3565 4519 clamabat
3599 4477 3613 4518 :

1973 4547 2142 4608 Salva
2172 4546 2429 4608 animam
2464 4556 2839 4626 pereuntem,
2866 4555 3071 4608 sancte
3128 4545 3259 4623 Dei;
3293 4564 3484 4621 serva,
3518 4551 3614 4608 in-

1973 4655 2171 4717 quam,
2201 4637 2354 4698 hanc
2381 4636 2666 4699 animam.
2700 4635 2902 4697 Eheu!
2936 4637 3092 4716 quod
3128 4636 3273 4697 mihi
3305 4636 3420 4697 erit
3443 4637 3616 4698 refu-

246 4731 494 4794 ἐλεεινῶς
549 4728 674 4788 ἐϐόα
706 4748 720 4761 ⁹
781 4731 835 4787 οἵ
898 4753 1016 4806 μοι,
1073 4731 1152 4794 τίς
1213 4729 1361 4786 ἔσται
1421 4752 1512 4805 μοι
1557 4732 1886 4810 καταφυγῆς

1988 4726 2492 4807 gium‘fquemnam
2509 4724 2704 4786 omnis
2727 4725 3260 4805 malidepulsorem
3284 4724 3615 4789 inveniam?

242 4822 361 4876 ’τίνα
418 4825 635 4900 σωτῆρα
691 4820 786 4875 τᾶν
841 4821 1023 4877 κακῶν
1081 4818 1394 4899 ἐξευρήσως
1462 4818 1682 4899 οἴχεται
1747 4825 1890 4875 πᾶσα

242 4909 512 4984 σωτηρίας
571 4909 744 4983 ἐλπὶς,
789 4907 906 4968 οὐδὲ
948 4909 1049 4976 τὴν
1092 4911 1372 4986 θεραπείαν
1430 4917 1616 4980 ζητεῖν
1666 4908 1742 4964 ἔτι
1799 4931 1889 4983 μοι

243 4999 486 5056 λείπεται
525 5019 538 5032 ⁸
571 5002 770 5077 μυρίων
801 4999 1041 5055 θανάτων
1076 4998 1183 5076 ἐγὼ
1214 4996 1299 5053 διὰ
1348 4999 1409 5054 τὸ
1457 4997 1688 5059 συνειδὸς
1719 4996 1886 5064 ἄξιος.

244 5115 258 5124 ι
314 5093 329 5112 \
415 5093 428 5112 ν
559 5091 570 5111 Ι
743 5089 766 5145 ἐ
817 5092 829 5110 \
899 5089 944 5108 ’κ’
1035 5115 1046 5124 .
1323 5093 1337 5111 \
1538 5091 1549 5112 Ι
1619 5114 1639 5126 ρ
1689 5089 1702 5110 3

245 5111 332 5149 και
378 5115 440 5148 οι)
483 5113 697 5155 τουτους
769 5114 849 5167 γω
895 5089 1125 5164 οεδοιοια,
1161 5092 1206 5145 εἰ
1254 5112 1339 5146 και
1378 5089 1636 5154 πολλακις
1684 5095 1888 5147 αποθα-

241 5194 357 5237 νεῖν
401 5179 545 5246 ἐξῆν.
582 5181 641 5239 Τί
689 5181 788 5257 γὰρ
836 5183 862 5236 ὁ
923 5178 1008 5235 διὰ
1053 5180 1225 5258 Ξίφους
1274 5179 1388 5252 ἐμοὶ
1447 5181 1666 5244 θάνατος
1723 5179 1886 5260 φοϐε-

241 5270 333 5350 ρόν
371 5293 386 5349 ,
432 5270 483 5326 τί
538 5267 592 5324 δὲ
645 5270 900 5326 τοσοῦτον
958 5271 1032 5333 εἷς
1092 5269 1350 5347 τιμωρίαν
1385 5276 1476 5326 τοῦ
1507 5272 1761 5346 παρόντος
1794 5272 1891 5346 μό-

238 5381 328 5418 νον
373 5359 691 5438 στερῆθῆναι
750 5360 925 5438 φωτὸς
981 5365 1057 5433 τῷ
1107 5357 1293 5417 τούτου
1356 5358 1586 5424 πολλοὺς
1639 5360 1888 5417 ἀπαλλά-

240 5450 411 5524 ξαντι,
445 5450 532 5506 καὶ
591 5447 881 5530 ὁμοφύλοις
936 5447 1048 5505 καθ’
1107 5450 1338 5516 ἑκάστην
1371 5449 1566 5524 α’ζμασι
1600 5449 1840 5526 λυομένῳ
1871 5471 1887 5531 ς

1976 4817 2170 4879 omnis
2201 4815 2341 4876 abiit
2372 4815 2582 4876 salutis
2613 4833 2748 4894 spes
2784 4836 2796 4872 :
2833 4833 3030 4894 neque
3063 4816 3204 4876 mihi
3242 4818 3610 4876 curationem

1975 4908 2132 4972 ultra
2166 4904 2471 4986 quaerendi
2504 4911 2738 4985 tempus
2769 4904 3063 4983 reliquum
3099 4913 3188 4965 est
3218 4924 3232 4966 :
3265 4904 3428 4964 mille
3458 4922 3612 4964 mor-

1975 4998 2134 5061 tibus
2164 4997 2239 5057 ob
2270 4993 2717 5055 malefactorum
2741 4993 3169 5055 conscientiam
3197 4994 3409 5072 dignus
3431 5011 3561 5054 sum
3590 5010 3604 5051 :

1974 5104 2169 5168 neque
2199 5102 2298 5146 eas
2353 5082 2701 5156 reformido,
2755 5082 2898 5143 licet
2948 5083 3165 5162 saepius
3197 5083 3345 5144 mori
3376 5082 3606 5158 liceret,

1977 5177 2124 5251 Quid
2139 5176 2296 5236 enim
2320 5194 2452 5258 quae
2468 5175 2625 5235 ferro
2644 5172 3036 5235 consciscitur
3062 5190 3219 5231 mors
3232 5170 3610 5234 formidabile

1974 5266 2185 5330 habet?
2201 5265 2555 5337 Quantulum
2582 5263 2692 5324 hoc
2712 5260 2988 5340 supplicii
3004 5260 3306 5339 est,semel
3333 5262 3607 5340 przesenti

1975 5357 2166 5419 solum
2201 5357 2333 5417 luce
2391 5353 2627 5434 privari,
2681 5351 2735 5412 ei
2768 5351 2869 5430 qui
2923 5350 3123 5410 multis
3153 5349 3329 5410 vitam
3359 5352 3604 5427 ademit,

1977 5465 2164 5524 seque
2185 5443 2454 5527 quotidie
2475 5439 2898 5504 contribulium
2928 5438 3215 5518 sanguine
3241 5439 3476 5519 polluit?
3495 5443 3609 5503 Ve-

321 5627 448 5712 (38)
483 5625 802 5707 Ἀγόνατος,
835 5627 966 5688 sine
993 5625 1268 5707 genibus.
1326 5625 1390 5689 Id
1422 5626 1574 5690 forte
1602 5628 1658 5691 ei
1689 5649 1764 5694 ex
1793 5634 1992 5716 aliquo
2028 5634 2242 5688 eventu
2276 5639 2608 5703 cognomen
2665 5618 2935 5698 adhaesit,
2969 5618 3163 5697 inquit
3216 5621 3600 5699 Rosweydus.
