4004 6138
339 256 455 331 367

1620 264 1900 331 MENSIS
1956 264 2409 333 JANUARIUS.

3583 264 3701 341 368

337 417 472 483 rum
497 400 656 482 ignis
678 399 780 463 ille
808 400 1307 481 inextinguibilis,
1342 406 1401 463 et
1440 400 1734 463 cruciatus
1758 419 1936 481 perpe

2021 404 2106 457 tsi
2163 406 2240 479 μῆ
2295 408 2356 461 τὸ
2415 413 2515 483 πῦρ
2570 407 2746 465 ἐκεῖνο
2797 410 2855 465 τὸ
2903 406 3156 465 ἄσϐεστον
3214 409 3296 465 καὶ
3352 411 3386 477 ἡ
3447 409 3697 480 διηνεκὴς

338 490 655 566 tuus,mihi
680 490 953 552 timorem
981 491 1217 571 incutit,
1251 490 1522 571 adeoque
1548 491 1880 570 perturbat,
1914 500 1977 551 ut

338 586 565 643 tantum
590 599 707 642 non
727 580 914 642 animi
935 579 1343 661 impotentiam
1368 580 1770 659 inducatzejus
1791 580 1978 641 medi-

334 669 560 733 talione
582 677 736 732 totus
784 670 1169 745 cohorresco,
1204 687 1336 750 quae
1382 669 1660 731 intimum
1693 670 1835 731 mihi
1871 688 1977 730 cor

333 760 615 841 lancinat;
638 758 834 821 adhuc
864 759 1024 821 enim
1044 777 1255 821 manus
1274 758 1596 820 fraternum
1621 759 1970 836 sanguinem

332 848 646 927 distillant,
675 855 951 911 recentes
981 846 1280 909 sociorum
1313 847 1511 910 caedes
1538 848 1736 910 adhuc
1772 848 1971 908 animo

330 938 739 1002 obversantur.
774 936 1061 1010 Quaenam
1110 936 1290 1015 igitur
1341 936 1486 998 mihi
1547 936 1971 999 consolationis
2052 940 2290 1018 φόνους·

2056 493 2319 560 ἡπείλητο
2390 496 2638 571 βάσανος,
2700 499 2727 552 ὃ
2786 519 2853 571 με
2920 500 3004 555 καὶ
3069 496 3246 578 φοϐεῖ,
3294 500 3380 555 καὶ
3424 502 3691 578 ταράττει,

2056 584 2141 637 καὶ
2203 586 2276 648 εἷς
2336 585 2649 665 ἀμηχανίαν
2735 584 2987 659 ἐμϐάλλει
3027 604 3040 618 ’
3105 589 3130 643 ὃ
3186 590 3274 644 καὶ
3342 587 3548 646 δέδοικα
3605 591 3694 646 ἐν-

2056 678 2214 746 νοεῦν,
2275 675 2359 730 καὶ
2417 674 2446 729 ὃ
2504 674 2674 750 μέσης
2749 676 2909 743 αότῆς
2970 676 3190 733 ἅπτεταί
3248 700 3349 752 μου
3404 684 3502 745 τῆς
3560 703 3695 759 καρ-

2056 759 2165 825 δίας
2207 783 2218 796 ·
2282 762 2360 818 ἔτι
2410 765 2507 841 γὰρ
2571 767 2621 819 αἱ
2703 778 2889 844 χεῖρες
2966 764 3249 846 ἆδελφικοὺ
3306 791 3407 842 μου
3467 770 3687 840 στάζου-

2055 872 2132 907 σιν
2192 851 2425 927 αἵματος
2460 868 2473 883 ⁸
2537 852 2611 909 ’ἔτι
2673 877 2772 928 μου
2836 855 2959 918 τοὺς
3019 855 3299 933 ἐμφυλίους
3378 858 3686 937 φαντάζεται

2341 944 2465 999 ποία
2510 944 2596 999 οὗν
2659 945 2982 1018 παραμυθίας
3039 943 3186 1007 ἒλπίς
3222 964 3237 1016 ς
3274 946 3397 1003 ποία
3432 970 3522 1022 μοι
3580 970 3685 1002 σω-

330 1036 499 1110 spes‘?
527 1047 659 1110 quae
686 1028 895 1091 salutis
915 1025 1037 1087 via?
1066 1026 1227 1088 Αἰγει-
1258 1044 1454 1107 opem,
1490 1045 1658 1089 serve
1679 1026 1929 1102 Dei,con

2052 1030 2235 1105 τηρίας
2294 1029 2461 1111 ὁδός,
2520 1038 2676 1088 Γενοῦ
2731 1056 2821 1108 μοι
2881 1034 3072 1107 βοηθὸς
3120 1034 3488 1112 ἀπορουμένῳ,
3536 1034 3686 1093 δοῦλε

326 1118 446 1180 silii
481 1119 674 1180 omnis
701 1116 910 1199 inopi;
951 1116 1186 1196 porrige
1239 1134 1476 1179 manum
1509 1116 1724 1179 animae
1752 1118 1812 1178 in
1846 1135 1956 1178 ex—

321 1214 578 1271 tremum
599 1209 873 1270 interitus
903 1204 1230 1268 discrimen
1258 1205 1553 1269 adductae.

405 1298 653 1362 33.83%
669 1306 726 1361 et
747 1296 963 1359 similia
982 1295 1122 1357 dum
1148 1313 1347 1357 coram
1369 1303 1572 1359 sancto
1593 1297 1714 1358 viro
1730 1295 1954 1358 lamen-

325 1394 872 1458 tatur.vebementer
892 1404 1022 1447 eum
1049 1388 1119 1446 ad
1136 1403 1371 1446 suarum
1393 1390 1954 1446 commiserationem

318 1478 716 1542 calamitatum
735 1475 1186 1552 commovit;qui
1201 1480 1257 1535 et
1273 1481 1587 1553 antequam
1614 1492 1954 1537 sermonem

324 1568 648 1643 ordiretur,
668 1564 862 1627 intimi
894 1563 1092 1626 cordis
1124 1563 1559 1643 paenitudinem
1592 1562 1951 1628 intuebatur.

317 1656 658 1721 Condolens
680 1656 880 1737 itaque
909 1655 1368 1731 latroni,magna
1392 1655 1710 1718 verborum
1738 1656 1954 1716 huma-

316 1747 499 1809 nitate
515 1746 781 1808 animum
799 1745 930 1825 ejus
943 1760 1220 1805 recreare
1240 1743 1518 1824 ccepit,ac
1538 1743 1697 1806 bene
1713 1760 1956 1823 aperare

308 1836 510 1915 jussit.
546 1838 698 1899 Dum
729 1835 857 1897 haec
908 1841 986 1895 ita
1014 1840 1355 1912 agerentur,
1395 1832 1609 1895 milites
1643 1850 1777 1894 eum
1833 1851 1952 1895 non

2052 1125 2206 1192 Θεοῦ,
2239 1121 2325 1176 καὶ
2358 1118 2532 1198 ὄρεξον
2565 1135 2730 1201 χεῖρα
2763 1127 2918 1203 ψυχῇ
2971 1124 3103 1201 πρὸς
3138 1123 3370 1205 ἔσχατον
3418 1124 3685 1191 ἀπωλείας

2037 1208 2439 1289 κατενεχθείσῃ.

2118 1298 2236 1375 λγ¹.
2284 1306 2458 1356 Ταῦτα
2501 1302 2589 1356 καὶ
2632 1302 2698 1357 τὰ
2745 1309 2963 1359 τοιαῦτα
3017 1305 3574 1381 προσανακλαιόμενος
3604 1311 3681 1379 τῷ

2038 1389 2195 1463 ἁγίῳ,
2226 1387 2374 1445 ἕλεσι
2407 1390 2549 1461 αὖτῷ
2579 1396 2684 1446 τῶν
2714 1391 2918 1447 οἰκείων
2950 1393 3231 1472 συμφορῶν
3288 1391 3530 1466 ἐμποιεῖ,
3582 1394 3677 1450 καί

2039 1474 2170 1543 δῆτα
2230 1479 2257 1534 ὁ
2303 1478 2389 1533 καὶ
2433 1480 2532 1557 πρὸ
2563 1485 2668 1536 τῶν
2699 1479 2897 1536 ἐκείνου
2946 1479 3123 1558 λόγων
3172 1482 3270 1548 τὴν
3322 1481 3375 1537 ἐν
3410 1487 3487 1555 τῷ
3533 1484 3678 1559 βάθει

2037 1572 2133 1633 τῆς
2197 1564 2406 1642 καρδίας
2469 1569 2752 1642 μετάνοιαν
2809 1572 3024 1643 ἐνορῶν,
3090 1568 3396 1647 συν-ἤλγησε
3452 1577 3528 1645 τῷ
3570 1571 3677 1649 λῃ-

2037 1661 2161 1735 στῇ,
2209 1657 2409 1733 ῥήμασί
2458 1679 2514 1712 τε
2554 1658 2710 1714 αὒτὸν
2755 1656 3085 1734 ἀνελάμϐανε
3144 1658 3534 1740 φιλανθρώποις
3590 1663 3680 1720 καὶ

2036 1746 2280 1824 χρηστὰς
2340 1745 2578 1802 ὑπέτεινε
2634 1749 2726 1813 τὰς
2785 1747 3026 1811 ἐλπίδας.
3088 1748 3176 1807 Ἐν
3240 1748 3350 1823 ὅσῳ
3399 1749 3454 1806 δὲ
3514 1759 3675 1809 ταῦτα

2036 1836 2219 1891 τοῦτον
2277 1838 2402 1913 εἶχε
2434 1837 2524 1892 τὸν
2564 1837 2773 1916 τρόπον,
2807 1839 2869 1893 τὸ
2928 1840 3308 1916 στρατιωτικὸν
3338 1839 3514 1897 ἐκεῖνο
3544 1841 3676 1898 ἐπι-

313 1925 572 2007 amplius
603 1925 923 1998 latronum,
954 1923 1059 1985 sed
1084 1924 1419 2003 supplicum
1456 1940 1621 1984 more
1649 1940 1862 1986 manus
1890 1922 1936 1983 ir

2036 1945 2277 1999 σταντες,
2313 1927 2386 1988 ὡς
2446 1927 2617 1982 οὐκετι
2676 1926 2992 2007 λῃστηρίους
3029 1927 3261 2007 ἐκεῖνος,
3297 1927 3416 1985 ἀλλ’
3450 1932 3676 1997 ἱκεσίους

309 2015 492 2078 altum
517 2015 882 2096 protendere
902 2010 1787 2093 conspicientes,crudelissime
1813 2030 1936 2075 eum

2034 2027 2229 2093 χεῖρας
2283 2013 2453 2093 ἔφερε,
2514 2018 2807 2094 θρασύτατα
2861 2025 3045 2074 τοῦτον
3103 2019 3174 2080 εἰς
3235 2020 3491 2097 τιμωρίαν
3547 2019 3675 2091 ἐζή-

311 2105 384 2167 ad
408 2105 769 2187 supplicium
794 2104 1151 2184 deposcunt;
1176 2120 1366 2182 usque
1396 2101 1637 2176 adeo,ut
1661 2101 1817 2182 apud
1847 2120 1948 2163 sa-

312 2212 480 2257 crum
512 2203 688 2275 caput
716 2192 1247 2272 incredibiliausu,
1286 2210 1402 2253 non
1429 2191 1748 2254 convenire
1776 2190 1946 2254 dice-

308 2292 467 2365 rent,
492 2301 691 2364 neque
719 2301 852 2345 esse
882 2281 1127 2344 humani
1151 2280 1387 2361 judicii,
1421 2280 1547 2343 viro
1575 2279 1675 2361 qui
1708 2280 1948 2361 propria

309 2391 488 2435 manu
513 2380 594 2435 tot
617 2372 893 2434 homines
914 2371 1333 2450 interfecisset,
1361 2369 1746 2432 auxiliariAt
1778 2381 1944 2431 tran-

307 2463 556 2545 quillum
580 2461 726 2525 illud
751 2478 819 2523 ac
842 2469 1216 2523 mansuetum
1236 2479 1303 2521 os
1326 2460 1486 2540 parvi
1508 2459 1712 2537 longas
1733 2478 1939 2521 eorum

307 2570 495 2631 nugas
523 2551 772 2627 faciens,
805 2551 894 2611 ita
923 2550 1079 2611 fatur
1111 2571 1124 2607 :
1160 2548 1270 2622 Qui
1303 2558 1684 2629 peccatorum
1709 2565 1947 2628 semper

308 2641 713 2721 pmnitentiam
734 2639 1087 2720 cupit,idem
1113 2647 1170 2700 et
1192 2639 1353 2699 hunc
1373 2639 1432 2699 in
1448 2637 1799 2718 perditionis
1818 2638 1941 2717 jam

306 2729 647 2792 barathrum
675 2736 978 2808 ruentem,
1004 2737 1219 2808 praeter
1236 2744 1474 2789 omnem
1506 2726 1941 2806 spem,incolu-

307 2836 463 2880 mem
488 2836 726 2880 servans
751 2818 866 2879 huc
900 2816 1322 2897 perduxit,non
1348 2815 1803 2895 ego.Quomodo
1824 2816 1939 2895 igi-

302 2916 399 2969 tur
418 2908 922 2989 quispiam,quem
949 2906 1077 2986 ipse
1100 2905 1358 2986 propriis
1384 2905 1663 2967 manibus
1685 2906 1936 2968 advoca-

301 2997 691 3074 vit,eumdem
717 3004 1007 3059 tortorum
1034 2995 1308 3057 manibus
1331 2993 1548 3059 tradat?
1570 2995 1814 3056 Militum
1840 2996 1942 3058 illa

304 3105 514 3148 manus
543 3085 634 3148 his
664 3086 884 3147 auditis
936 3084 1205 3156 recessit,
1241 3084 1351 3145 viri
1382 3085 1539 3145 enim
1575 3083 1850 3146 virtutem
1882 3095 1940 3148 et

300 3175 418 3258 ipsi
438 3173 1100 3251 verebantur,licettoto
1126 3174 1349 3254 impetu
1372 3174 1429 3233 in
1445 3174 1807 3236 Antiochum
1826 3173 1997 3236 fer-C
2021 3197 2189 3253 ρησαν
2223 3194 2239 3210 ·

298 3274 530 3329 rentur.
564 3267 696 3346 lpse
725 3283 863 3327 vero
885 3263 1221 3327 Antiochus
1246 3281 1495 3343 pronum
1528 3281 1592 3324 se
1622 3262 1681 3323 in
1715 3271 1932 3325 terram

293 3356 494 3431 jactat,
529 3354 753 3417 calidas
784 3353 1039 3415 fundens
1064 3353 1374 3433 lacrymas,
1413 3360 1473 3413 et
1498 3369 1700 3413 amare
1731 3353 1931 3434 suspi-

294 3442 668 3523 rans.Magno
695 3442 958 3523 denique
983 3442 1418 3521 atl'ectu,instar
1442 3440 1689 3503 latronis
1706 3440 1766 3502 in
1787 3460 1930 3503 cru—

295 3548 423 3593 cem
457 3551 589 3594 cum
625 3532 857 3595 Christo
891 3535 1027 3606 acti,
1065 3540 1124 3593 et
1156 3530 1587 3609 paenitudinem
1609 3531 1932 3593 ostendens

293 3621 501 3702 animi,
536 3640 720 3683 noxas
740 3622 864 3683 Deo
892 3620 1235 3701 aperiebat:
1265 3621 1368 3681 sed
1403 3619 1735 3682 facinorum
1770 3620 1933 3681 mul-

294 3709 476 3769 titudo
500 3728 740 3771 omnem
763 3709 851 3771 illi
872 3711 943 3770 ad
965 3708 1180 3770 divinae
1200 3708 1536 3770 clementia:
1560 3717 1764 3769 nutum
1786 3727 1931 3788 prae-

288 3796 569 3858 cludebat
621 3816 961 3859 accessum.
994 3798 1216 3857 Verum
1252 3796 1391 3856 dum
1426 3804 1736 3876 sequestro
1766 3796 1923 3859 bono

288 3885 687 3962 utitur,divini
718 3886 1036 3966 Symeonis
1068 3884 1538 3965 precibus,brevi
1562 3895 1621 3947 et
1650 3885 1780 3966 ipse
1809 3887 1923 3948 de-

288 3977 567 4039 lictorum
629 3980 863 4040 veniam
915 3975 1195 4039 obtinuit.
1249 3975 1453 4053 Itaque
1524 3995 1636 4038 vox
1694 3978 1922 4041 coalitus

284 4065 484 4129 audita
514 4067 670 4129 sacri
699 4066 821 4128 oris
845 4065 1187 4144 suffragium
1220 4066 1921 4147 conﬁrmavit,acceptam

284 4172 503 4236 nempe
531 4175 665 4219 esse
705 4154 959 4217 latronis
993 4154 1425 4235 paenitentiam,
1461 4154 1757 4235 simulque
1790 4157 1925 4218 vitae

284 4245 505 4306 exitum
538 4246 593 4307 ei
642 4243 967 4306 imminere
997 4251 1056 4305 et
1084 4244 1400 4305 instantem
1433 4244 1504 4304 ad
1540 4261 1918 4307 communem

281 4334 545 4395 omnium
579 4335 897 4397 Dominum
934 4332 1264 4395 discessum
1312 4334 1685 4413 promittens.
1723 4343 1780 4395 et
1809 4335 1921 4398 hoc

2031 2126 2175 2182 τουν,
2235 2106 2323 2159 καὶ
2379 2104 2517 2161 οὕτω
2545 2106 2741 2185 σφόδρα
2771 2110 2844 2168 ὡς
2874 2106 2968 2163 καί
3001 2108 3131 2185 πρὸς
3180 2107 3342 2173 αὖτὴν
3372 2106 3543 2177 δήπου
3575 2109 3674 2177 τὴν

2030 2192 2172 2270 ἱεράν
2230 2193 2673 2271 ἀποθρασύνεσθαι
2719 2196 2977 2273 κεφαλὴν,
3047 2198 3125 2253 καὶ
3181 2197 3260 2270 μὴ
3320 2193 3431 2253 δεῖν
3487 2198 3670 2277 φάναι,

2031 2280 2166 2356 μηδὲ
2221 2286 2441 2360 γνώμης
2476 2288 2614 2340 εἶναι
2667 2287 3058 2364 φιλανθρώπου,
3100 2285 3362 2342 τοσούτων
3396 2290 3670 2368 αὗτόχειρι

2029 2372 2201 2449 φόνων
2257 2370 2400 2450 ἀνδρὶ
2485 2375 2725 2449 βοηθεῖν.
2792 2377 2862 2432 Τὸ
2940 2375 3121 2449 μέντοι
3182 2374 3440 2453 γαλήνιον
3492 2377 3668 2435 ἐκεῖνο

2030 2461 2201 2534 στόμα
2259 2463 2347 2516 καὶ
2406 2469 2597 2540 πρᾶον,
2657 2464 2821 2541 μικρᾶ
2879 2471 2985 2520 τῶν
3046 2470 3261 2540 μακρῶν
3318 2465 3530 2520 ἐκείνων
3560 2464 3665 2535 λή-

2027 2574 2131 2627 ρων
2188 2552 2492 2630 φροντίσας,
2533 2544 2589 2609 Ὀ
2647 2554 2743 2619 τὴν
2800 2553 3107 2626 μετάνοιαν,
3161 2555 3314 2633 φησὶ,
3347 2561 3452 2609 τῶν
3483 2557 3654 2632 ἁμαρ-

2026 2638 2291 2696 τανόντων
2321 2641 2485 2698 θέλων
2530 2642 2631 2716 ἀεί,
2693 2642 2842 2707 οὗτος
2901 2643 2989 2699 καί
3047 2646 3232 2699 τοῦτον
3288 2650 3364 2717 τῷ
3420 2645 3662 2722 βαράθρῳ

2024 2730 2119 2797 τῆς
2162 2729 2430 2795 ἆπωλείας
2474 2732 2843 2789 καταπεσόντα
2886 2730 3009 2807 παρ’
3061 2731 3245 2789 ἒλπίδα
3304 2739 3475 2789 πᾶσαν
3522 2734 3657 2790 ἀνα-

2023 2819 2333 2894 σωσάμενος
2391 2821 2608 2876 ἐνταῦθα
2652 2820 2877 2901 ἤγαγεν,
2937 2824 3031 2878 οὐκ
3083 2821 3211 2899 ἐγώ,
3254 2826 3371 2887 Πῶς
3422 2822 3523 2901 ἇρπί
3580 2847 3659 2890 τις

2022 2909 2214 2981 τοίνυν,
2253 2908 2311 2963 ὃν
2369 2908 2576 2972 ἐκεῖνος
2624 2912 2808 2989 χερσίν
2855 2909 3006 2975 ἰδίαις
3038 2910 3420 2986 ἀνεκαλέσατο,
3479 2919 3660 2970 τοῦτον

2020 2995 2307 3053 θλιϐόντων
2359 3001 2512 3077 χερσί
2567 2999 2881 3077 παραδοίη;
2940 3002 3010 3058 Τὸ
3054 2999 3106 3055 δὲ
3167 3001 3271 3057 τῶν
3320 3009 3660 3080 στρατιωτῶν

2022 3085 2199 3143 ἐκεῖνο
2233 3100 2419 3166 στῖφος
2462 3088 2662 3144 τούτων
2707 3090 3052 3162 ἀκούσαντες,
3109 3091 3230 3147 τότε
3280 3092 3377 3164 μὲν
3438 3093 3660 3172 ὑπεχώ-

2299 3174 2517 3251 ᾕδεισαν
2567 3179 2667 3255 γὰρ
2716 3178 2899 3257 ἀνδρὸς
2930 3179 3125 3251 ἀρετὴν
3156 3178 3415 3237 αἰδεῖσθαι
3446 3182 3535 3237 καί
3562 3181 3661 3238 οὗ·

2015 3286 2118 3343 τοι,
2154 3263 2251 3321 κᾶν
2295 3266 2339 3320 εἰ
2369 3267 2458 3322 καί
2503 3274 2576 3341 τῷ
2630 3269 2787 3324 παντί
2835 3272 2983 3344 θυμῷ
3041 3268 3178 3325 κατὰ
3229 3271 3323 3325 τοῦ
3372 3269 3659 3350 Ἀντιόχου

2014 3353 2284 3430 ἐφέροντο.
2338 3356 2401 3412 Ὀ
2460 3355 2642 3431 μέντοι
2702 3357 2980 3435 Ἀντίοχος
3043 3363 3222 3433 πρηνῆ
3278 3358 3476 3434 ῥίπτων
3527 3361 3656 3417 ἐαυ-

2011 3443 2125 3522 τὸν,
2187 3446 2275 3500 καί
2303 3447 2469 3522 θερμὰ
2499 3445 2695 3524 δσίκρυα
2753 3446 3025 3525 προχέων,
3086 3450 3175 3504 καί
3232 3450 3419 3527 πικρὸν
3474 3449 3655 3508 κάτω-

2014 3535 2100 3589 θεν
2162 3534 2446 3608 στενάζων,
2492 3537 2581 3591 καί
2610 3536 2749 3599 ὅλως
2784 3535 2991 3603 πολλὴν
3040 3536 3141 3603 τὴν
3186 3538 3487 3614 θερμότητα
3517 3541 3653 3595 κατὰ

2014 3638 2105 3680 τον
2157 3624 2211 3681 ἐν
2254 3633 2331 3700 τῷ
2362 3633 2569 3704 σταυρῷ
2598 3626 2804 3702 λῃστὴν
2834 3629 2924 3684 καί
2973 3629 3259 3703 μετάνοιαν
3316 3626 3649 3705 ἐνδεικνύμε..

2015 3734 2127 3789 νος,
2162 3714 2556 3795 ἐξωμολογεῖτο
2612 3724 2687 3791 τῷ
2742 3723 2911 3796 Κυρίῳ
2940 3717 3004 3773 τὰ
3034 3716 3478 3793 πλημμελήματα
3512 3735 3527 3751 ⁸
3561 3720 3650 3777 καί

2014 3802 2225 3882 εἴργετο
2283 3805 2380 3879 μὲν
2436 3811 2513 3878 τῷ
2570 3805 2759 3875 πλήθει
2810 3812 2915 3863 τῶν
2946 3806 3359 3880 τετολμημένων
3394 3810 3522 3884 πρὸς
3546 3809 3646 3877 τὴν

2007 3897 2105 3959 τῆς
2163 3893 2549 3972 φιλανθρωπίας
2597 3895 2791 3969 ῥοπήν.
2842 3898 3044 3973 Μεσίτῃ
3099 3894 3155 3951 δὲ
3213 3894 3360 3971 ὅμως
3418 3905 3646 3976 χρηστῷ

2005 3989 2073 4058 τῇ
2113 3992 2207 4041 τοῦ
2255 3984 2391 4040 θείου
2437 3985 2655 4058 Συμεὼν
2709 3986 2976 4065 προσευχῆ
3005 3986 3311 4066 χρώμενος,
3345 3988 3485 4066 ταχὺ
3518 3988 3644 4066 παρ’

2006 4071 2167 4129 αὐτοῦ
2223 4073 2312 4129 καί
2363 4075 2509 4137 οὗτος
2570 4072 2830 4148 λαμϐάνει
2887 4075 2987 4143 τάν
3044 4074 3251 4156 ἄφεσιν.
3294 4075 3517 4143 Καίτὴν
3544 4083 3645 4144 τῆς

2005 4163 2145 4236 ἱερᾶς
2192 4159 2437 4238 γλώττης
2472 4161 2677 4229 ἐκείνης
2709 4168 2889 4243 ψῆφον
2947 4163 3099 4243 φωνὴ
3143 4163 3337 4222 ἄνωθεν
3391 4163 3645 4243 ἐπεκύρου

2004 4251 2140 4324 θεία,
2186 4248 2582 4329 προσδεχθῆναι
2614 4252 2712 4325 μὲν
2742 4251 2971 4329 λέγουσα
3001 4259 3092 4309 τοῦ
3149 4250 3354 4328 λῃστοῦ
3410 4254 3508 4321 τὴν
3538 4277 3642 4327 με-

2002 4338 2239 4410 τάνοιαν,
2299 4341 2435 4396 κατὰ
2485 4337 2651 4405 πόδας
2709 4340 2763 4396 ἑὲ
2794 4343 2855 4397 τὸ
2905 4351 2996 4400 τοῦ
3024 4344 3137 4416 βίου
3166 4341 3319 4406 τέλος
3353 4344 3516 4422 αὐτῷ,
3552 4346 3643 4400 καί

282 4422 519 4501 signum
543 4424 685 4486 satis
708 4422 996 4485 idoneum
1022 4423 1235 4484 divinae
1258 4441 1398 4503 erga
1422 4430 1613 4503 ipsum
1639 4423 1917 4503 benigni-

2021 4428 2098 4493 νην
2151 4430 2282 4505 πρὸς
2347 4430 2437 4484 τὸν
2496 4430 2676 4487 κοινὸν
2749 4430 2995 4487 ἁπάντων
3050 4434 3324 4498 Δεσπότην
3381 4431 3639 4509 ἔκδημίαν

278 4499 413 4575 tatis
434 4511 885 4593 praebensCum
906 4513 1089 4591 igitur
1112 4522 1172 4574 et
1191 4513 1317 4575 haec
1335 4499 1467 4594 ipsa
1485 4514 1729 4575 latronis
1754 4499 1913 4575 auri-

2021 4524 2379 4594 ταρεγγυῶσα,
2438 4520 2529 4576 καί
2591 4526 2747 4577 τοῦτο
2823 4522 3111 4596 τεκμήριον
3171 4523 3350 4577 ἱκανὸν
3408 4499 3526 4588 τῆς.
3574 4521 3635 4577 ὲ-

277 4599 872 4680 bus,insonarent,ad
899 4602 1263 4683 pcenitentiaa
1280 4604 1493 4665 ducem
1516 4621 1580 4665 se
1600 4604 1911 4680 convertit,

2021 4607 2169 4662 :sivou
2222 4608 2355 4684 πρὸς
2414 4610 2571 4666 αὒτὸν
2627 4608 2897 4685 εὐμενείας
2950 4610 3324 4689 παρεχομένη.
3363 4616 3636 4689 Περιηχη·

276 4689 489 4773 illique
510 4692 845 4754 inusitatam
877 4710 1078 4754 vocem
1116 4693 1501 4753 narrat.Dum
1521 4691 1701 4755 verba
1720 4693 1915 4754 adhuc

2021 4697 2096 4760 είς
2149 4695 2238 4750 οὖν
2294 4706 2458 4755 ταῦτα
2509 4700 2599 4754 καί
2662 4701 2691 4755 ὁ
2732 4699 2964 4776 λῃστὴς,
3015 4701 3254 4776 πρόσεισι
3296 4704 3375 4773 τῷ
3402 4705 3497 4768 τῆς
3528 4720 3628 4773 με-

272 4780 432 4845 inter
462 4780 627 4844 labra
656 4781 1380 4854 cunctantur,Antiochus
1405 4799 1616 4843 manus
1635 4783 1914 4845 attollens

271 4870 335 4931 in
368 4871 584 4934 caelum
622 4872 749 4933 hinc
777 4871 839 4932 in
870 4870 1053 4934 verba
1078 4870 1410 4951 prorumpit
1441 4868 1457 4929 ἑ
1491 4871 1744 4934 Domine
1770 4874 1908 4934 Jesu

268 4962 518 5029 Christe.
547 4962 875 5035 inquit,Fili
910 4962 1095 5019 Patris
1125 4962 1409 5034 principio
1439 4963 1687 5020 carentis
1709 4966 1915 5037 unige-

270 5046 532 5125 nite,qui
564 5065 685 5109 non
711 5049 1006 5126 justorum
1040 5045 1366 5127 gratia,sed
1399 5064 1505 5127 pro
1531 5057 1910 5127 peccatorum

268 5136 615 5216 pamitentia
638 5137 1126 5218 venisti,suscipe
1149 5135 1428 5215 spiritum
1455 5154 1652 5198 meum
1682 5158 1698 5209 ;
1735 5146 1794 5198 et
1820 5140 1909 5200 si-

263 5227 386 5286 mul
406 5231 560 5287 hunc
581 5231 642 5287 in
685 5231 923 5288 modum
943 5238 1209 5290 orantem
1231 5244 1263 5287 e
1285 5230 1524 5301 vestigio
1543 5230 1655 5288 vita
1681 5231 1909 5299 defecit,

264 5321 317 5371 et
333 5313 633 5371 manifesta
649 5314 772 5371 viro
786 5314 1206 5373 admirabiliter
1227 5313 1390 5373 venia
1414 5315 1910 5387 indulgetur.Qua-

266 5405 507 5479 propter
522 5398 736 5477 ingens
749 5416 962 5460 omnes
976 5399 1167 5461 tenuit
1183 5399 1493 5462 admiratio
1506 5402 1911 5466 etcommunis

260 5490 562 5565 poenitudo
583 5491 781 5562 pepuli
804 5492 1029 5550 animos
1049 5494 1346 5564 occupavit
1372 5509 1386 5543 ι
1410 5495 1695 5551 theatrum
1718 5496 1907 5565 ipsum

262 5576 478 5661 partim
511 5574 1048 5657 lacrymis,partim
1085 5576 1385 5657 voluptate
1408 5578 1909 5659 perfundebatur:

1995 4784 2209 4847 τανοίας
2238 4782 2443 4865 ὁδηγῷ,
2474 4787 2563 4843 καί
2593 4790 2691 4855 την
2716 4785 2869 4856 ξένην
2912 4790 3054 4861 αὑτῷ
3085 4788 3254 4856 ἀκοὴν
3302 4787 3581 4867 καταλέγει
3611 4805 3625 4818 ·

1994 4873 2073 4929 ἔτι
2131 4871 2183 4927 δὲ
2238 4876 2356 4953 περί
2413 4876 2478 4931 τὰ
2516 4876 2677 4955 χείλη
2740 4877 2835 4944 τῆς
2894 4876 3194 4956 διηγήσεως
3243 4879 3631 4958 στρεφομένης,

1998 4964 2071 5027 εἷς
2133 4964 2382 5040 οὐρανοὺς
2412 4966 2507 5028 τὰς
2540 4979 2732 5045 χεῖρας
2788 4967 3043 5046 ἀνασχὼν
3086 4970 3114 5023 ὁ
3156 4964 3437 5047 Ἀντίοχος
3475 4989 3488 5002 ·
3523 4970 3633 5026 Κύ-

1995 5074 2073 5129 ριε
2133 5051 2312 5119 ἰησοῦ
2368 5054 2584 5133 Χριστὲ,
2645 5059 2808 5134 φησί,
2890 5062 2996 5114 [Ιαῖ
3053 5056 3340 5134 μονογενὲς
3396 5057 3633 5138 ἀνσίρχου

1994 5141 2223 5219 Πατρός,
2263 5142 2292 5197 ὃ
2348 5145 2425 5217 μή
2482 5142 2700 5210 δικαίοις
2755 5144 2941 5225 ἐλθὼν,
3000 5145 3140 5203 ἀλλὰ
3188 5144 3526 5225 ἁμαρτώλοις
3558 5150 3631 5212 εἷς

1996 5232 2305 5307 μετάνοιαν,
2361 5230 2500 5297 δέξαι
2550 5234 2610 5289 τὸ
2666 5235 2871 5310 πνεῦμά
2950 5251 3098 5311 μου·
3160 5236 3249 5293 καί
3319 5237 3454 5311 μετὰ
3527 5243 3629 5306 τῆς

1992 5320 2297 5400 προσευχῆς
2352 5321 2537 5384 εὐθέως
2571 5323 2728 5379 αὐτὸν
2771 5325 2859 5379 καί
2916 5325 2948 5391 ἡ
3004 5326 3159 5404 ψυχὴ
3207 5324 3511 5401 ἀπολείπει,
3545 5327 3633 5383 καί

1992 5412 2190 5487 φανερὰ
2218 5417 2294 5485 τῷ
2348 5410 2493 5489 ἀνδρί
2550 5410 2856 5489 παραδόξως
2898 5415 2931 5481 ἡ
2986 5414 3169 5494 ἄφεσις
3229 5411 3450 5477 δίδοται,
3482 5415 3627 5489 Θέμ-

1992 5496 2085 5560 ϐος
2143 5506 2233 5555 οὖν
2289 5499 2373 5556 ἐπί
2430 5498 2600 5572 τούτῳ
2641 5501 2842 5564 πάντας
2886 5501 3037 5581 εἶχε,
3085 5503 3246 5573 κοινή
3276 5523 3335 5559 τε
3366 5504 3628 5579 μετάνοια

1994 5589 2229 5671 κατέσχε
2281 5590 2373 5648 τὸν
2426 5589 2618 5669 δῆμον,
2679 5591 2765 5649 καί
2820 5589 2987 5670 ἡδονῇ
3031 5593 3092 5650 τὸ
3126 5591 3338 5672 θέατρον
3382 5600 3471 5652 καί
3526 5592 3624 5652 δά-
