4018 6136
348 294 457 366 3⁵71

404 436 636 502 36.Νοο
658 432 802 498 illud
824 434 898 498 de
920 451 990 497 eo
1007 433 1652 517 prartercaturNirgam
1667 431 1987 514 aliquando
2008 441 2047 490 Α

348 545 381 589 e
411 528 560 589 cmlo
584 526 889 605 delapsam
916 526 1121 587 videre
1146 530 1311 586 visus
1331 526 1611 604 Symeon:
1638 521 1986 602 Flagellum,

347 616 564 697 inquit,
594 614 766 676 nobis
788 616 947 676 Deus
970 624 1101 694 post
1140 613 1289 674 duos
1313 630 1502 674 annos
1531 612 1827 673 immittet.
1861 613 1987 673 Jam

353 714 588 786 tempus
619 703 693 765 ab
726 721 794 764 eo
848 706 1253 782 praescriptum
1306 701 1536 773 aderat,
1570 711 1627 762 et
1655 710 1811 762 terra
1841 699 1988 761 nihil

347 799 595 855 omnino
628 792 781 871 tulit,
817 790 1112 851 imbribus
1161 808 1374 852 carens
1401 810 1417 865 ;
1450 789 1660 867 ingens
1691 788 1987 870 siquidem

350 881 589 944 siccitas
620 899 749 942 eam
784 889 1121 958 oceuparat,
1163 886 1223 940 et
1252 879 1431 939 simul
1465 878 1651 940 fames
1675 897 1746 940 ac
1779 878 1985 957 pestis,

347 971 496 1031 mala
524 969 661 1032 inde
695 968 1133 1049 provenientia,
1168 967 1375 1048 quavis
1398 985 1570 1047 paena
1595 967 1827 1046 gravius
1855 983 1987 1028 eam

346 1058 707 1137 affligebant,
765 1057 1161 1137 hominesque
1191 1074 1394 1119 amare
1425 1057 1789 1119 cruciabant.
1811 1054 1989 1118 Tales

343 1149 521 1227 igitur
549 1145 804 1209 habebat
823 1146 1032 1207 oculos
1055 1146 1268 1208 mentis
1288 1145 1655 1226 Symeon,ita
1676 1145 1839 1206 omni
1862 1154 1983 1207 ter-

340 1255 488 1299 rena
517 1236 771 1314 caligine
803 1243 1213 1314 perpurgatus,
1248 1245 1311 1295 ut
1344 1234 1536 1295 futura
1585 1236 1786 1296 omnia
1816 1235 1982 1314 quasi

335 1335 456 1409 jam
481 1326 782 1409 praesentia
806 1324 1377 1409 intuereturpeinde
1399 1324 1654 1409 praadixit
1676 1338 1980 1409 eruearum

345 1407 601 1488 plagam.
643 1407 857 1471 Verum
921 1427 1039 1468 non
1072 1408 1149 1469 ita
1179 1407 1239 1468 in
1272 1410 1376 1470 Dei
1410 1407 1498 1469 ira
1529 1407 1982 1487 przenuntianda

343 1498 506 1559 celer
528 1507 586 1558 et
615 1513 924 1577 promptus
954 1504 1176 1571 erat,ut
1205 1496 1276 1557 ad
1314 1497 1530 1557 malum
1556 1496 1978 1576 depellendum

345 1586 659 1665 negligens
692 1595 792 1646 aut
816 1586 1113 1665 impotens
1136 1592 1315 1659 esset;
1342 1585 1445 1647 sed
1481 1603 1609 1648 eam
1644 1585 1720 1646 ob
1743 1602 1976 1647 causam

342 1678 825 1746 prmmonebat,ut
843 1681 1074 1747 praevisa
1102 1678 1296 1734 minus
1316 1687 1609 1734 nocerent:
1631 1677 1777 1733 Intra
1800 1678 1983 1738 enim,

1638 299 1916 364 MENSIS
1968 295 2424 364 JANUARIUS.

3601 288 3720 357 372

2152 423 2292 507 λς’,
2335 431 2490 491 Ἀλλ’
2535 432 2681 498 ὅπως
2727 454 2795 509 με
2828 430 2963 506 μηδὲ
2996 439 3150 491 τοῦτο
3194 432 3299 490 τῶν
3330 430 3530 490 ἐκείνου
3572 452 3718 507 παρ-

2075 521 2215 579 έλθοι
2249 540 2264 556 ⁸
2323 513 2538 581 Ῥάϐδον
2580 522 2708 579 ποτὲ
2752 522 2845 579 τοῦ
2888 526 3108 600 οὖρανοῦ
3150 522 3591 602 καταφερομένην
3622 518 3718 576 δό-

2077 610 2169 676 ξας
2212 611 2367 683 ἰδεῖν,
2404 614 2673 689 Μάστιγα,
2709 612 2889 681 εἶπεν,
2924 613 3061 686 ἡμῖν
3092 614 3118 669 ὁ
3153 614 3279 677 Θεὸς
3312 612 3448 687 μετὰ
3477 609 3718 686 δεύτερον

2073 698 2189 763 ἔτος
2235 700 2524 779 ἐπαφήσει.
2573 698 2779 778 Ἐπήγε
2826 700 2997 756 τοίνυν
3051 702 3078 756 ὁ
3123 700 3319 779 χρόνος
3362 700 3461 767 τὴν
3520 701 3715 773 προθε-

2073 789 2252 863 σμίαν,
2299 789 2393 845 καί
2438 791 2472 857 ἡ
2522 794 2594 868 γῆ
2639 791 2737 863 μὲν
2781 787 2927 846 οὖδέν
2973 787 3214 845 ἐδεδώκει
3260 792 3581 863 στερηθεῐσα
3622 794 3716 844 τοῦ

2071 875 2268 934 ἄνωθεν
2312 876 2523 951 ὕδατος,
2574 880 2784 957 αὐχμὸς
2829 878 2882 933 δὲ
2929 880 3093 944 αὐτὴν
3154 877 3461 957 κατειλήφει
3519 877 3707 954 μέγας,

2070 967 2158 1022 καὶ
2188 965 2347 1041 λιμὸς
2379 969 2511 1042 ὁμοῦ
2542 968 2629 1023 καὶ
2660 966 2873 1041 λοιμὸς,
2907 968 2969 1022 τὰ
3000 965 3202 1024 ἐκεῖθεν
3231 967 3517 1041 τικτόμενα
3548 966 3703 1036 κακὰ,

2069 1055 2323 1132 τιμωρίας
2365 1076 2422 1110 τε
2478 1056 2658 1121 πάσης
2718 1054 3101 1133 χαλεπώτερον
3145 1056 3344 1122 ταύτην
3399 1055 3706 1132 ἐμάστιζον,

2067 1144 2154 1200 καὶ
2196 1145 2318 1207 τοὺς
2382 1145 2683 1222 ἀνθρώπους
2738 1148 2939 1221 πικρῶς
2997 1144 3323 1218 ἐμερίζοντο.
3381 1150 3599 1201 Τοιοῦτο
3642 1148 3712 1210 ἦν

2066 1235 2209 1300 αὐτῷ
2263 1235 2324 1288 τὸ
2367 1236 2467 1301 τῆς
2512 1233 2696 1311 ψυχῆς
2759 1232 2930 1308 ὄμμα,
2976 1233 3156 1300 πάσης
3197 1232 3399 1313 ἀχλύος
3441 1232 3710 1309 περιγείου

2064 1320 2480 1398 κεκαθαρμένον,
2540 1322 2629 1377 καὶ
2701 1323 2772 1385 ὡς
2856 1321 3089 1400 παρόντα
3148 1320 3250 1389 ἤδη
3308 1323 3373 1379 τὰ
3443 1320 3710 1396 μέλλοντα

2061 1414 2324 1487 προορῶν,
2391 1411 2529 1467 Εἶτα
2573 1409 2669 1466 καί
2737 1410 2959 1485 κάμπης
3014 1408 3317 1489 προσϐολὴν
3375 1413 3703 1487 προμηνύει,

2062 1496 2230 1555 Ἀλλὰ
2275 1498 2374 1577 γὰρ
2407 1502 2510 1578 οὔχ
2553 1498 2690 1555 ὥστε
2737 1499 2834 1575 μὲν
2879 1500 3043 1576 ὀργὴν
3087 1513 3388 1577 προειπεῖν,
3436 1498 3573 1557 οὕτω
3602 1521 3706 1555 τα-

2062 1587 2165 1665 χὺς
2209 1585 2274 1653 ἧν
2306 1588 2392 1643 καὶ
2422 1588 2738 1667 πρόχειρος,
2774 1588 2912 1644 ὥστε
2966 1586 3019 1643 δὲ
3051 1588 3113 1644 τὸ
3142 1586 3311 1644 δεινὸν
3345 1593 3534 1655 στῆσαι
3564 1588 3707 1662 ἀμευ-

2062 1674 2162 1742 λὴς
2192 1675 2227 1743 ἢ
2256 1674 2506 1738 ἀδύνατος
2546 1692 2559 1706 ⁸
2591 1675 2712 1732 ἀλλ’
2768 1676 3086 1755 ἐπήνεγκεν,
3124 1678 3198 1741 ὡς
3243 1676 3388 1734 οὒδὲν
3434 1677 3574 1755 μέγα
3606 1676 3703 1733 λυ-

342 1760 671 1841 iuquiebat,
709 1760 900 1821 minas
929 1761 1123 1822 adhuc
1152 1761 1391 1822 decreta
1421 1768 1534 1821 stat
1566 1778 1757 1840 poena:
1785 1760 1970 1823 solum

2063 1777 2311 1835 μανεϊται
2342 1784 2356 1799 ·
2391 1765 2555 1845 μέχρι
2606 1767 2707 1844 γὰρ
2764 1771 2863 1833 τῆς
2900 1764 3126 1833 ἀπειλῆς
3156 1771 3193 1837 ἡ
3237 1767 3489 1842 βάσανος,
3541 1769 3703 1839 μόνον

340 1869 474 1930 quae
497 1849 870 1931 peccavimus
889 1856 1258 1926 corrigamus
1288 1849 1411 1912 Hoc
1426 1867 1563 1910 vero
1577 1848 1979 1929 dicebat,pro-

342 1940 607 2018 priorum
642 1939 911 2001 laborum
948 1947 1110 2000 recte
1142 1938 1293 1999 facta
1320 1949 1521 2018 tegens
1548 1956 1562 2000 :
1598 1939 1738 1999 hinc
1770 1948 1829 1999 et
1861 1957 1978 1999 non

342 2037 456 2089 tam
484 2047 652 2090 suam
680 2047 818 2107 erga
845 2031 1028 2090 Deum
1056 2028 1542 2107 fiduciam,quam
1576 2028 1811 2089 illorum
1846 2044 1975 2107 ρω-

339 2118 649 2179 nitentiam
686 2125 953 2179 testatam
988 2135 1120 2178 esse
1164 2116 1420 2191 volebat;
1459 2126 1701 2178 noverat
1727 2116 1885 2179 enim
1913 2135 1976 2178 se

340 2206 586 2285 indigna
618 2225 822 2287 passos
854 2225 971 2267 non
1019 2205 1449 2284 neglecturum,
1478 2206 1585 2267 sed
1620 2206 1699 2266 ita
1728 2205 1879 2279 fore,
1913 2215 1978 2266 ut

342 2297 582 2376 propria
612 2296 1092 2375 interpellatione
1123 2294 1269 2356 iram
1303 2295 1482 2355 divini
1514 2295 1788 2357 Numinis
1809 2296 1974 2357 seda-

336 2385 897 2463 ret,imminensque
925 2384 1221 2462 ﬂagellum
1247 2384 1459 2445 sistere
1481 2403 1545 2445 se
1577 2403 1749 2464 posse
1780 2384 1971 2445 conﬁ-

336 2473 535 2536 debat.
572 2473 844 2535 Nondum
906 2473 1084 2551 igitur
1134 2474 1368 2549 triginta
1399 2473 1527 2534 dies
1559 2473 1746 2554 elapsi
1778 2482 1967 2548 erant,

333 2578 464 2621 cum
487 2580 620 2621 ecce
645 2565 848 2637 ingens
863 2579 1167 2621 erucarum
1190 2566 1539 2621 circumfusa
1558 2565 1741 2621 nubes
1766 2579 1971 2635 parum

334 2648 675 2728 abfuitquin
703 2658 883 2711 totam
902 2660 1076 2710 terra:
1098 2649 1306 2710 faciem
1332 2649 1970 2729 occuparet.Homines

340 2756 533 2819 neque
556 2738 697 2819 quid
725 2739 859 2799 boni
883 2740 959 2801 de
984 2739 1177 2801 futuro
1203 2748 1512 2818 sperarent
1531 2737 1968 2807 habebant.ne-

335 2845 454 2907 que
489 2827 709 2901 vero,si
744 2846 875 2908 qum
907 2828 1042 2888 mali
1070 2827 1284 2889 solutio
1316 2828 1512 2888 futura
1541 2837 1970 2904 esset,cogno-

334 2933 508 2981 scere
531 2916 1095 2997 poterant;denique
1117 2916 1364 2977 detanto
1380 2916 1679 2995 reptilium
1707 2916 1969 2995 periculo

332 3006 638 3069 evadendo
672 3008 907 3086 penitus
954 3008 1077 3086 jam
1131 3005 1551 3085 desperabant,
1586 3023 1781 3086 neque
1811 3005 1967 3067 aliud

329 3113 502 3174 quam
529 3095 1061 3176 praesentissimum
1087 3094 1227 3155 inde
1253 3094 1493 3155 exitium
1521 3094 1966 3174 exspectabant,

332 3193 503 3246 terrae
526 3184 818 3246 fructibus
846 3185 1057 3262 partim
1087 3184 1349 3245 nondum
1370 3183 1966 3263 enascentibus,par-

332 3273 432 3333 tim
485 3272 558 3336 ab
590 3274 787 3335 erucis
837 3274 961 3354 jam
989 3272 1381 3352 consumptis.
1419 3271 1674 3352 Symeon
1705 3292 1841 3335 vero
1876 3275 1968 3336 vix

327 3361 516 3425 Deum
552 3376 677 3425 erat
704 3364 1231 3443 deprecatus,cum
1266 3380 1409 3425 ecce
1438 3364 1633 3425 omnis
1658 3382 1967 3426 erucarum

327 3454 654 3534 copia,quaa
678 3454 1082 3531 jumentorum
1116 3451 1395 3531 pabulum
1427 3452 1550 3514 fere
1585 3453 1972 3516 labefactave-

325 3542 743 3623 rat,extemplo
774 3551 1122 3623 consumpta
1145 3550 1441 3619 est,terrze
1468 3542 1733 3621 frugibus
1758 3542 1817 3604 in
1851 3544 1965 3605 bo-

326 3630 550 3693 minum
586 3649 728 3692 usus
757 3633 1224 3695 accommodatis
1275 3633 1434 3694 nullo
1491 3633 1723 3713 penitus
1775 3651 1963 3694 nocu-

325 3729 529 3780 mento
562 3720 744 3782 illato.

404 3809 503 3871 37.
533 3809 785 3886 Dignum
820 3809 977 3889 quod
1011 3810 1106 3870 liis
1137 3809 1385 3871 addatur
1414 3818 1471 3871 et
1500 3810 1669 3873 illud.
1695 3810 1836 3872 Duae
1855 3811 1963 3873 ali-

324 3897 564 3974 quando
581 3898 755 3975 virgae
768 3899 907 3961 huic
926 3898 1308 3960 invisibilium
1325 3900 1565 3962 istarum
1583 3918 1780 3960 rerum
1796 3919 1961 3979 spec-

324 3988 495 4048 tatori
542 4005 575 4047 e
604 3987 759 4048 caelo
789 3987 1006 4048 deferri
1067 3988 1208 4048 visas
1255 3988 1512 4063 fuerant,
1570 4006 1815 4066 quarum
1850 4007 1965 4050 una

322 4094 526 4139 versus
550 4077 841 4137 orientem
874 4076 1061 4137 solem
1119 4076 1522 4150 incumbebat,
1553 4079 1736 4137 altera
1767 4096 1967 4138 versus

323 4165 839 4245 aquilonem.Eam
864 4164 1157 4227 visionem
1188 4167 1503 4227 Persarum
1530 4175 1587 4226 et
1609 4164 1961 4243 Scytharum

320 4258 379 4314 in
408 4258 694 4316 Romanos
713 4258 1095 4327 irruptionem
1129 4258 1314 4315 indica
1328 4275 1385 4314 re
1406 4258 1797 4321 declaravit.et
1818 4260 1966 4318 hanc

321 4343 603 4404 visionem
637 4342 1026 4423 praesentibus
1056 4344 1310 4406 narravit
1344 4343 1612 4425 t3t-32).
1656 4347 1791 4425 Ipse
1824 4364 1962 4407 vero

2064 1854 2154 1910 εὰν
2204 1854 2597 1933 ἁμαρτάνοντες
2654 1854 3079 1935 ἐπιστρέψωμεν.
3158 1862 3321 1913 Τοῦτο
3404 1854 3459 1911 δὲ
3519 1856 3702 1927 εἶπεν,

2060 1948 2166 1998 τῶν
2211 1945 2417 1999 οἰκείων
2473 1946 2653 2000 πόνων
2710 1946 2955 2021 κρύπτων
3012 1945 3076 2000 τὰ
3146 1944 3530 2023 κατορθώματα
3559 1967 3573 1982 ’
3621 1944 3706 2001 διὰ

2059 2038 2213 2087 τοῦτο
2272 2033 2373 2110 γὰρ
2416 2034 2503 2088 καὶ
2534 2038 2629 2099 τῆς
2660 2032 2875 2089 ἐκείνων
2921 2037 3229 2114 μετανοίας,
3278 2035 3338 2090 00
3384 2036 3481 2100 τῆς
3516 2036 3705 2094 ἑαυτοῦ

2058 2122 2188 2197 πρὸς
2220 2123 2309 2177 τὸν
2364 2123 2492 2177 Θεὸν
2551 2122 2867 2203 παῤῥησίας,
2914 2124 2975 2179 τὸ
3016 2130 3239 2201 πρᾶγμα
3290 2124 3486 2180 ἐτίθετο
3521 2140 3535 2154 ⁸
3586 2121 3702 2200 ᾔδει

2058 2210 2159 2287 γὰρ
2206 2210 2279 2273 ὠς
2338 2210 2396 2266 οὗ
2461 2212 2780 2287 περιόψεται
2836 2212 3026 2274 αὐτοὺς
3110 2218 3290 2275 κακῶς
3362 2213 3697 2293 πάσχοντας,

2057 2297 2194 2357 ἀλλὰ
2254 2306 2320 2373 τῇ
2378 2301 2544 2372 οἰκείᾳ
2591 2302 2723 2378 πρὸς
2766 2303 2859 2357 τὸν
2907 2305 3185 2368 Δεσπότην
3230 2301 3459 2368 ἐντεύξει
3495 2304 3698 2377 κοιμή-

2057 2408 2165 2443 σειε
2222 2386 2412 2445 λοιπὸν
2463 2390 2560 2456 τὴν
2607 2390 2793 2467 ὀργὴν,
2848 2388 2941 2446 καί
2987 2392 3173 2460 στήσει
3236 2391 3352 2448 κατ’
3385 2391 3558 2448 αὒτῶν
3599 2392 3703 2449 ἐπ-

2055 2476 2469 2551 ανατεινομένην
2525 2479 2625 2545 τὴν
2684 2480 2942 2557 μάστιγα.
2991 2478 3152 2537 Οὔπω
3194 2481 3367 2540 τοίνυν
3411 2483 3703 2559 τριάκοντα

2056 2566 2115 2621 τὸ
2173 2565 2270 2621 ἀπ’
2299 2566 2499 2623 ἐκείνου
2530 2572 2799 2643 παρῆλθον
2856 2567 3081 2646 ἡμέραι,
3142 2571 3229 2625 καὶ
3285 2572 3507 2646 καμπης
3567 2570 3700 2629 πολύ

2056 2675 2103 2708 τι
2136 2654 2291 2732 νέφος
2346 2656 2632 2734 περιχυθὲν
2682 2665 2873 2733 μιαροῦ
2917 2654 3029 2712 δεῖν
3090 2658 3149 2713 τὸ
3208 2658 3501 2736 πρόσωπον
3559 2658 3697 2715 ἅπαν

2056 2741 2259 2821 ἐπέσχε
2306 2748 2404 2810 τῆς
2436 2750 2561 2820 γῆς.
2597 2747 2701 2802 Καὶ
2734 2749 2781 2801 οἱ
2812 2744 2910 2819 μὲν
2961 2746 3225 2823 ἄνθρωποι
3276 2745 3387 2803 οὐδὲ
3422 2746 3551 2825 ὑπὲρ
3592 2754 3698 2803 τῶν

2054 2829 2364 2905 μελλόντων
2395 2831 2605 2910 θαῤῥεϊν
2636 2834 2822 2913 εἶχον,
2872 2831 2989 2889 οὔδε
3022 2832 3210 2890 εἰδέναι
3255 2838 3437 2913 σαφῶς
3470 2836 3523 2891 εἴ
3568 2837 3698 2894 ποτέ

2052 2941 2133 2984 τις
2163 2918 2310 2976 ἔσται
2364 2929 2457 2977 τοῦ
2515 2924 2680 2978 κακοῦ
2711 2921 2854 2985 λύσις
2892 2937 2906 2952 ⁶
2962 2921 3148 2997 ἀμέλει
3178 2925 3266 2979 καὶ
3321 2924 3538 2988 ἑαυτοὺς
3584 2925 3694 2982 ἆπ-

2053 3009 2365 3085 εγίνωσκον,
2414 3012 2486 3073 ὡς
2547 3011 2607 3065 οὒ
2650 3013 2740 3067 τὸν
2782 3014 2844 3069 ἒκ
2900 3014 3001 3079 τῆς
3055 3013 3278 3086 κάμπης
3311 3011 3543 3070 κίνδυνον
3575 3014 3695 3071 δια-

2052 3095 2366 3179 δράσοντας,
2424 3098 2563 3155 ἀλλὰ
2617 3101 2798 3164 κακῶς
2852 3100 3271 3180 ἀπολουμένους,
3319 3114 3557 3181 καρπών,
3593 3110 3697 3159 τῶν

2050 3186 2148 3261 μὲν
2179 3186 2295 3246 οὒδέ
2323 3188 2655 3269 ἀναφύντων,
2688 3196 2794 3246 τῶν
2849 3188 2904 3246 δὲ
2953 3192 3054 3247 ὑπὸ
3097 3193 3195 3258 τῆς
3228 3192 3445 3268 κάμπης
3478 3192 3695 3249 ἀναλω-

2049 3276 2270 3340 θέντων.
2329 3269 2385 3336 Ὀ
2439 3279 2493 3333 δὲ
2549 3284 2749 3358 χρῆται
2783 3283 2851 3358 τῇ
2882 3281 3012 3358 πρὸς
3058 3281 3147 3336 τὸν
3198 3284 3328 3337 θεὸν
3359 3280 3560 3355 δεήσει,
3608 3285 3699 3339 καὶ

2052 3367 2085 3434 ἡ
2118 3366 2309 3440 κάμπη
2341 3367 2483 3433 έῦθὺς
2513 3370 2575 3425 ἐκ
2620 3367 2818 3443 ποδῶν,
2852 3371 2945 3425 τὸν
2975 3370 3080 3426 τῶν
3112 3369 3322 3447 ἀλόγων
3355 3370 3518 3450 χιλὸν
3560 3374 3694 3450 βρα-

2052 3455 2157 3533 χέα
2188 3454 2565 3531 λυμηναμένη,
2600 3457 2695 3524 τῆς
2746 3480 2806 3535 γε
2855 3458 2967 3532 μὴν
3015 3459 3119 3516 τῶν
3150 3458 3434 3538 ανθρώπων
3493 3467 3690 3541 τροφῆς

2050 3542 2155 3599 οὐδ’
2199 3542 2345 3608 ὅπως
2377 3547 2464 3601 οὖν
2509 3546 2786 3623 ἁψαμένη,
2836 3545 2950 3607 οὐδέ
2983 3570 3036 3604 τι
3093 3546 3289 3626 βλάϐος
3348 3550 3532 3615 αὒτοϊς
3592 3552 3691 3627 ἐμ-

2048 3634 2351 3703 ποιήσασα.

2123 3810 2207 3883 λζ.
2266 3814 2480 3877 Τούτοις
2539 3813 2681 3880 ἄξιον
2724 3818 2903 3873 ἐκεῖνο
2964 3821 3277 3896 προσθεῖναι
3313 3836 3327 3852 θ
3367 3819 3468 3874 Δύο
3512 3818 3689 3897 ῥάϐδοι

2044 3901 2174 3956 ποτε
2232 3909 2307 3976 τῷ
2377 3908 2480 3958 τῶν
2567 3904 2802 3961 ἀθεάτων
2880 3907 3052 3981 τούτῳ
3118 3910 3279 3984 θεατῇ
3360 3908 3410 3974 ἐξ
3469 3909 3688 3984 οὐρανοῦ

2045 3988 2468 4068 καταφερόμεναι
2499 3992 2752 4073 ὤφθησαν
2788 4011 2801 4025 ·
2856 3999 2930 4051 ὼν
2986 3998 3020 4065 ἡ
3068 3998 3165 4072 μὲν
3213 4000 3345 4072 πρὸς
3398 3998 3689 4077 ἀνίσχοντα

2048 4077 2382 4146 ἐπέσκηπτεν
2446 4079 2620 4159 ἥλιον,
2688 4086 2721 4152 ἡ
2782 4083 2836 4141 δὲ
2908 4088 3039 4165 πρὸς
3094 4085 3305 4164 βοῤῥᾶν.
3383 4088 3587 4165 Πέρσας
3631 4086 3685 4143 δὲ

2047 4165 2145 4240 ἄρα
2204 4170 2289 4224 καὶ
2374 4174 2573 4234 Σκύθας
2631 4175 2769 4230 κατὰ
2845 4165 3124 4250 Ῥωμαίων
3179 4176 3484 4252 στρατεύειν
3543 4199 3683 4254 παρ-

2046 4253 2237 4326 εδήλου
2267 4257 2332 4313 τὰ
2375 4264 2471 4325 τῆς
2512 4261 2631 4327 θέας
2664 4278 2677 4292 ⁸
2715 4265 2802 4320 καὶ
2825 4265 2924 4332 τὴν
2957 4265 3054 4337 μὲν
3085 4265 3208 4339 ὄψιν
3239 4262 3324 4331 διτι
3343 4267 3536 4342 (ήσατο
3568 4253 3683 4327 τοῖς

2045 4355 2325 4419 παροῦσιν.
2403 4350 2566 4415 Αὐτὸς
2626 4349 2681 4406 δὲ
2740 4351 2954 4432 δάκρυσι
3014 4355 3103 4411 καὶ
3170 4354 3540 4429 παρακλήσεσι
3601 4357 3684 4413 καὶ

317 4432 510 4522 multa
557 4432 949 4522 lacrymarum
1012 4432 1356 4512 profusione
1410 4441 1468 4494 et
1527 4434 1804 4513 precibus
1838 4437 1959 4498 Deo

2063 4437 2291 4500 κετείαις
2341 4439 2402 4493 τὸ
2460 4446 2618 4496 Θεϊον
2699 4439 3034 4520 ἐξελιπάρει⁶
3118 4445 3208 4500 καὶ
3287 4447 3347 4502 οὗ
3430 4446 3683 4522 πρότερον

315 4518 735 4600 supplicabat:
797 4539 991 4601 neque
1044 4523 1206 4601 prius
1263 4523 1336 4583 ab
1396 4524 1664 4584 oratione
1711 4524 1955 4598 destitit,

313 4628 492 4686 quam
526 4612 723 4672 Persas
755 4610 815 4672 in
866 4612 1168 4674 Romanos
1218 4612 1472 4687 incitati,
1512 4613 1669 4674 civili
1706 4614 1861 4676 inter
1893 4634 1958 4677 se

313 4698 689 4761 dissensione
738 4698 970 4775 oborta,
1003 4708 1348 4780 apparatum
1386 4701 1706 4765 militarem
1739 4704 1958 4767 dissol-

314 4798 540 4852 verent.
601 4789 832 4869 Scytha:
886 4807 1048 4861 vero,
1084 4790 1320 4868 cognita
1354 4793 1668 4854 Persarum
1705 4803 1952 4855 cuncta-

313 4877 495 4950 tione,
530 4886 589 4939 et
646 4877 761 4958 ipsi
808 4879 1188 4957 quieverunt,
1252 4898 1448 4961 neque
1499 4881 1671 4957 vulgo
1709 4900 1951 4943 sensum

312 4967 734 5029 commutionis
759 4968 1170 5046 praebuerunt.

389 5047 658 5110 38.Talis
684 5061 809 5110 erat
844 5048 1215 5110 admirabilis
1234 5048 1335 5111 ille
1355 5048 1610 5130 Symeon
1635 5070 1647 5111 :
1670 5049 1750 5110 ita
1780 5070 1951 5113 com-

382 5214 597 5284 (31-32)
655 5216 835 5273 Aliter
886 5217 1303 5282 Theodoretus.
1344 5238 1367 5268 σ
1419 5217 1485 5276 In
1518 5226 1727 5275 terram
1759 5229 1950 5277 autem

311 5285 646 5342 orientalem
671 5288 948 5345 cadebant
970 5287 1503 5346 otocctdentalemJ
1532 5291 1817 5346 Baronius
1838 5292 1952 5347 haec

311 5356 383 5411 ad
396 5371 611 5431 annum
628 5358 732 5412 420
746 5360 1165 5431 τιεῐοιι,ίιυοηιίο
1181 5368 1406 5419 mortuo
1419 5359 1707 5431 Isdigerde
1726 5376 1952 5419 succes-

309 5441 407 5500 sor
438 5426 758 5500 Vararanes
789 5426 973 5487 [cadus
1020 5431 1195 5500 rupit,
1228 5432 1380 5487 malo
1411 5426 1642 5487 suofAt
1673 5446 1789 5489 non
1824 5444 1947 5490 tum

308 5495 639 5570 in__exordio
671 5498 791 5570 ipso
823 5502 1070 5570 sopitum
1095 5495 1189 5558 est
1215 5504 1289 5557 ob
1315 5502 1516 5557 civiles
1550 5503 1946 5563 dissensiones

309 5566 547 5634 bellum,
580 5576 640 5625 ut
671 5566 908 5640 patenti
934 5571 999 5627 iis
1022 5585 1145 5644 quae
1186 5581 1388 5630 narrat
1417 5571 1680 5630 Socrates
1708 5572 1808 5632 lib.
1844 5587 1942 5643 vn,

2042 4524 2206 4590 ἀνῆκε
2266 4523 2537 4601 δεόμενος,
2577 4528 2679 4594 ἕως
2714 4530 2774 4587 οὗ
2816 4535 2864 4587 οἱ
2919 4533 3055 4588 κατά
3109 4524 3382 4605 Ῥωμαίων
3433 4536 3679 4600 κινηθέν-

2040 4635 2126 4679 τες
2171 4614 2369 4690 Πέρσαι
2436 4617 2533 4677 μὲν
2592 4620 2776 4675 στάσει
2842 4625 2946 4677 τινὶ
3004 4620 3241 4701 ἐμφυλίῳ
3294 4624 3364 4687 είς
3414 4621 3677 4690 ἀλλήλους

2040 4701 2342 4760 διελύσαντο
2411 4706 2509 4772 τὴν
2566 4710 2929 4785 παρασκευὴν,
2998 4712 3060 4768 τὸ
3127 4708 3182 4765 δὲ
3240 4713 3518 4790 Σκυθικὸν,
3578 4711 3675 4777 τὴν

2040 4799 2146 4849 τῶν
2184 4799 2396 4870 Περσῶν
2429 4794 2691 4864 συστολὴν
2736 4799 3018 4879 μαθόντες,
3050 4799 3328 4877 ἠρέμησαν
3370 4801 3459 4857 καὶ
3508 4802 3673 4873 αὗτοὶ,

2036 4882 2125 4937 καὶ
2156 4879 2272 4938 οὐδὲ
2316 4882 2573 4950 αἴσθησιν
2603 4887 2879 4967 παρέσχον
2922 4890 3045 4954 τοῖς
3104 4886 3328 4952 πολλοῖς
3375 4896 3465 4946 τοῦ
3516 4912 3675 4955 κινη-

2035 4992 2223 5045 ματος.

2113 5058 2226 5127 λη’.
2289 5070 2534 5124 Τοιοῦτος
2608 5068 2675 5133 ἧν
2737 5066 2767 5122 ὅ
2816 5068 3107 5142 θαυμάσιος
3168 5071 3344 5141 οὗτος,
3405 5071 3491 5127 καὶ
3540 5071 3680 5129 οὕτω

2035 5240 2160 5305 cap.
2198 5227 2284 5310 t8,
2317 5227 2468 5299 quod
2533 5230 2628 5286 hic
2675 5232 2730 5289 S.
2787 5233 3091 5304 Symeonis
3131 5236 3399 5305 precibus
3461 5237 3676 5320 factum

2035 5297 2664 5355 scribitTheodoretus
2722 5312 2779 5355 et
2835 5305 3265 5355 Matanhrastes.
3322 5309 3401 5355 no
3435 5310 3676 5355 romhm

2032 5301 2664 5359 scrtbitTheodoretus
2722 5312 2779 5361 et
2832 5301 3265 5374 llletaphrastes.
3321 5309 3401 5365 De
3435 5309 3679 5380 regibus

2035 5368 2338 5441 Persarum
2398 5370 2752 5441 Isdigerdem
2787 5386 2839 5432 et
2873 5375 3217 5434 Vararanem
3268 5381 3483 5436 secutis
3547 5382 3680 5438 vide

2030 5440 2334 5569 gg'a‘thiam
2368 5441 2529 5498 lib.tv
2560 5452 2613 5499 et
2646 5445 2877 5503 Petrum
2912 5446 3234 5506 Teixetram
3269 5450 3370 5506 lib.
3407 5463 3424 5505 ι
3455 5452 3521 5507 de
3546 5450 3675 5525 Reg.
