4018 6136
304 254 392 322 313

1417 261 1605 325 VITA
1649 262 1709 324 S.
1757 255 2143 321 SYMEONIS
2186 252 2581 320 STYLITE.

3572 251 3689 321 374

306 399 374 457 τῆς
414 392 602 458 κοινῆς
672 393 961 453 ἁπάντων
1018 396 1285 476 ἐφρόντιζε
1333 397 1621 475 σωτηρίας,
1653 391 1790 450 ἀλλὰ
1847 391 1954 466 μὴν

2048 405 2280 449 munem
2297 387 2559 450 omnium
2573 384 2830 476 salutem
2850 383 3185 476 curabat,ut
3198 404 3308 449 nec
3319 383 3690 468 singulorum

406 482 503 547 τῆς
552 482 689 539 καθ’
760 487 1002 543 ’ἑκαστον
1049 485 1258 561 ἡμέλει,
1315 482 1481 541 ’Λλλᾶ
1522 484 1783 541 κᾶνταῦθα
1826 501 1961 558 προ-

285 571 451 645 θεωὲὸξ
513 571 586 638 ἦν
618 574 753 653 καὶ⁸
797 574 1162 653 προάγγελος.
1212 572 1369 633 Οἶδεν
1403 576 1429 630 ὁ
1489 573 1763 653 ἀρχιερεὺς
1825 577 1961 625 Θεο-

280 658 525 741 δώρητος,
561 664 633 717 οὗ
705 666 986 743 πρότερον
1048 663 1149 732 ἤδη
1184 665 1470 745 φθάσαντες
1527 663 1960 739 ἐπεμνήσθημεν.

279 746 641 823 Ἐπολεμεῒτο
716 753 835 826 μὲν
881 755 981 832 γὰρ
1025 755 1124 810 ὑπό
1179 775 1324 817 τινος
1368 756 1624 833 ἰσχυρῶς⁶
1660 754 1745 808 καὶ
1800 748 1962 812 πολὺς

275 839 326 904 ἦν
384 837 564 895 ἀλύων
650 844 756 899 καὶ
837 841 1033 923 σφόδρα
1090 856 1212 907 ταῖς
1271 841 1581 903 ἐπιϐουλαῖς
1652 838 1962 919 ἐδυσχερπιί·

271 948 403 987 νετο.
449 927 708 998 Ἐπειδὴ
757 930 822 987 δὲ
881 932 1054 988 πάντα
1110 931 1289 987 κάλων
1350 938 1531 1007 κινῶν,
1564 931 1625 987 τὸ
1682 928 1962 1006 ᾀδόμενον,

271 1016 408 1075 οῶἒν
466 1021 756 1095 χρηστὸν
793 1019 1061 1078 ἂπέλαϐεν
1121 1021 1323 1078 ἐκείνου
1351 1028 1446 1078 τοῦ
1495 1021 1680 1090 πόνου,
1718 1020 1846 1098 πρὸς
1900 1019 1962 1073 τὸ

270 1112 366 1162 τῶν
409 1105 662 1165 ἐλπίδων
701 1109 1006 1191 κεφάλαιον
1062 1112 1153 1166 τὸν
1186 1110 1483 1183 θαυμαστὸν
1542 1111 1762 1185 Συμεὼν
1793 1130 1959 1165 κατα-

266 1197 466 1275 φεύγει,
561 1200 668 1255 καὶ
768 1202 942 1272 τούτῳ
1031 1200 1095 1255 τὰ
1196 1198 1313 1256 καθ’
1390 1200 1578 1257 ἑαυτὸν
1662 1198 1955 1276 ἐπιτρέπει.

274 1278 323 1341 ὀ
375 1283 429 1340 δὲ
498 1290 923 1367 ψυχαγωγίαις
992 1311 1047 1345 τε
1105 1286 1292 1350 ἄλλαις
1371 1290 1527 1345 αὒτὸν
1600 1285 1959 1362 ἀνελάμϐανεν

266 1377 573 1448 adoptabat:
611 1426 627 1450 ,

768 1202 942 1272 τούτῳ
1031 1200 1095 1255 τὰ

704 1380 800 1434 καὶ
872 1378 1122 1455 γενναίως
1194 1377 1368 1456 φέρειν
1447 1379 1564 1442 τούς
1635 1378 1958 1454 πειρασμοὺς

263 1465 519 1536 ὑπετίθει,
593 1467 877 1544 παράγων
944 1466 1003 1522 ἐκ
1063 1471 1167 1521 τῶν
1225 1467 1374 1522 θείων
1450 1472 1665 1545 Γραφῶν
1709 1466 1796 1521 καὶ
1848 1462 1959 1520 δει-

263 1552 383 1611 κνὺς
463 1552 612 1610 ὅσον
701 1556 765 1610 τὸ
821 1561 926 1610 τῶν
992 1562 1301 1629 πειρασμῶν
1362 1553 1544 1631 κέδρος
1604 1554 1761 1611 ἐστίν’
1840 1554 1961 1610 εἶτα

264 1643 460 1713 μικρὸν
529 1641 844 1700 διαλιπών*
920 1646 990 1698 Σὲ
1062 1642 1115 1697 δὲ
1193 1646 1279 1698 καὶ
1348 1643 1523 1706 ἄλλως
1596 1645 1959 1722 εὖχαριστεζν,

2048 478 2223 539 etiam
2272 476 2618 556 negligeret.
2667 474 2780 539 Sed
2815 484 2872 538 et
2902 475 3000 538 hic
3032 476 3399 557 praenuntius
3428 495 3498 539 ac
3526 485 3690 538 vates

2046 565 2179 629 fuit.
2215 568 2392 629 Novit
2422 565 2479 627 id
2522 564 2935 627 Theodoretus
2965 566 3304 645 episcopus,
3356 566 3524 644 cujus
3564 565 3691 645 jam

2046 666 2218 717 antea
2248 655 2611 718 mentionem
2656 654 2930 718 fecimus.
2980 655 3387 717 Vehementer
3414 652 3543 735 (33)
3577 653 3628 716 is
3657 671 3694 716 a

2047 745 2301 827 quodam
2329 742 2801 826 oppugnabatur,
2828 743 2986 805 unde
3011 752 3069 806 et
3102 761 3417 805 maerorem
3449 749 3692 807 contra-

2047 835 2247 909 hebat,
2283 842 2339 896 et
2367 835 2801 897 accusationem
2825 834 3078 913 graviter
3096 832 3343 896 ferebat.
3369 832 3691 916 Postquam

2046 944 2182 987 vero
2206 924 2503 1000 omnibus,
2535 930 2600 985 ut
2623 922 2935 1003 proverbio
2958 922 3691 996 decantatur,rudentibus

2046 1013 2460 1088 contenderat,
2496 1031 2691 1093 neque
2723 1011 2906 1073 ullum
2957 1030 3026 1074 ex
3069 1010 3275 1074 labore
3322 1011 3581 1076 fructum
3622 1030 3691 1075 se

2044 1102 2332 1181 consequi
2358 1101 2613 1177 videbat,
2635 1110 2753 1162 tum
2772 1102 2842 1163 ad
2869 1100 3280 1164 admirabilem
3299 1099 3686 1182 Symeonem,

2044 1202 2318 1275 tanquam
2352 1193 2421 1253 ad
2457 1192 2651 1254 omnis
2680 1197 2806 1272 spei
2840 1199 3039 1272 caput,
3065 1189 3353 1271 confugit,
3379 1190 3551 1272 eique
3573 1207 3688 1252 ne-

2040 1284 2261 1363 gotium
2287 1300 2466 1343 omne
2489 1299 2660 1342 suum
2684 1279 3026 1343 committit.
3050 1279 3156 1343 Ille
3181 1288 3530 1342 maerentem
3555 1279 3684 1341 ani-

2048 1391 2207 1434 mum
2234 1370 2641 1434 consolatione
2662 1369 3250 1443 recreat,calumnias
3269 1368 3543 1431 ferendas
3564 1387 3691 1431 mo-

2045 1470 2166 1537 net,
2194 1462 2371 1523 etiam
2394 1480 2463 1523 ex
2488 1460 2679 1522 sacris
2704 1460 2933 1540 paginis
2955 1458 3589 1540 ostendens,quantum
3612 1477 3690 1522 ex

2045 1550 2469 1615 tentationibus
2490 1551 2719 1612 lucrum
2746 1549 3086 1632 proveniat:
3113 1549 3355 1625 deinde,
3382 1547 3685 1630 paululum

2047 1648 2310 1702 moratus
2337 1658 2351 1703 :
2384 1641 2465 1701 Te
2499 1658 2633 1701 vero
2658 1633 3006 1714 etiamDeo,
3031 1637 3247 1720 inquit,
3269 1638 3485 1719 gratias
3509 1656 3686 1720 quam

264 1731 423 1805 εἶπε,
462 1731 743 1811 φίλτατε,
779 1735 914 1812 χρήο
952 1734 1088 1807 μετὰ
1130 1733 1228 1810 γὰρ
1276 1732 1429 1789 πέντε
1460 1734 1546 1790 καὶ
1576 1731 1700 1788 δέκα
1756 1732 1958 1808 ἡμέρας

2048 1739 2213 1813 potes
2237 1728 2519 1791 maximas
2541 1746 2717 1808 agere
2740 1727 3345 1808 oportet,carissime;
3369 1734 3500 1808 post
3517 1733 3691 1808 quin-

264 1821 582 1899 οἰχησεται
656 1824 760 1898 μὲν
820 1826 846 1879 ὁ
893 1822 1154 1896 πόλεμος,
1200 1823 1413 1903 ταχέως
1456 1821 1510 1878 δὲ
1569 1823 1629 1879 σὺ
1666 1823 1748 1879 τὸν
1793 1820 1956 1878 κολο-

265 1916 424 1987 φῶνα
481 1915 610 1968 τῶν
664 1918 848 1970 κακῶν
905 1910 1209 1988 διακρούσῃ.
1274 1920 1532 1975 Τοσοῦτος
1577 1912 1744 1969 τοίνυν
1814 1913 1958 1986 ἡμε-

267 1999 376 2074 ρῶι
440 2002 691 2076 ἀριθμὸς
752 2002 966 2075 ἠνύετο,
1022 2002 1109 2057 καὶ
1165 2000 1512 2080 καταστρέφει
1583 2000 1679 2075 μὲν
1750 2001 1957 2065 ἐκεῖνος

265 2089 359 2143 τὸν
407 2089 564 2163 flio»-
640 2094 670 2147 ὃ
731 2089 785 2147 δὲ
853 2090 1179 2168 πραίμάτων
1237 2092 1390 2151 ἒκτὸς
1449 2093 1536 2147 καὶ
1598 2090 1762 2162 ζάλης
1822 2095 1953 2148 καθ-

277 2176 528 2251 ίσταται,
568 2195 700 2245 τοῖς
750 2182 851 2236 ὑπὸ
880 2187 973 2235 τοῦ
1025 2179 1171 2256 ἁγίου
1203 2181 1499 2257 εἰρημένοις
1529 2185 1626 2248 τῆς
1670 2183 1809 2245 θείας
1842 2181 1957 2256 ψή-

272 2288 377 2343 φου
424 2270 492 2324 ’το
526 2269 707 2349 πέρας
738 2269 1149 2348 ἐπενεγκούσης.

2042 1820 2232 1882 decim
2257 1818 2385 1880 dies
2405 1826 2536 1880 tuus
2559 1818 2848 1879 morietur
2866 1817 3274 1879 adversarius:
3301 1824 3423 1879 tum
3444 1816 3686 1879 demum

2042 1928 2280 1972 omnem
2314 1909 2468 1970 hanc
2524 1907 2847 1989 procellam
2896 1914 3017 1968 ate
3046 1906 3322 1988 repelles.
3380 1905 3458 1967 Eo
3505 1905 3689 1987 igitur

2041 2000 2273 2061 dierum
2306 2016 2558 2060 numero
2589 1998 2884 2072 absoluto,
2918 1996 3096 2059 vitam
3151 1995 3253 2058 ille
3305 2012 3440 2058 cum
3496 2003 3690 2060 morte

2039 2088 2448 2163 commutavit;
2468 2087 2567 2149 hic
2584 2105 2723 2149 vero
2744 2094 2910 2149 extra
2928 2102 3020 2147 om
3030 2104 3163 2148 nem
3187 2092 3601 2166 tempestatem
3625 2087 3689 2149 in

2043 2179 2359 2260 tranquillo
2384 2178 2665 2252 constitit,
2694 2174 3167 2239 diviniNuminis
3188 2174 3468 2253 suffragio
3493 2177 3558 2241 S.
3582 2177 3688 2256 Sy-

2042 2268 2274 2331 meonis
2304 2266 2499 2329 verbis
2531 2266 2850 2329 terminum
2883 2271 3205 2328 statuente.

1804 2384 2028 2444 CAPUT
2095 2385 2189 2443 XI.

715 2491 1065 2550 Theodosium
1093 2498 1144 2549 et
1170 2490 1451 2548 Dauiclem
1481 2493 1766 2550 manaclto:
1793 2498 1865 2550 ad
1888 2494 2160 2552 sanctiora
2190 2494 2480 2561 hortatur;
2508 2492 2762 2549 barbaris
2790 2491 2940 2549 varie
2962 2490 3292 2563 opitulatur.

373 2605 458 2669 λθ,
530 2599 672 2662 ’Υπὸ
718 2614 843 2684 γοῦν
874 2611 971 2673 τῆς
1028 2606 1279 2685 θεοφόρου
1308 2606 1507 2671 ταύτης
1563 2604 1813 2683 γλώττης
1858 2607 1958 2685 ἆρ-

296 2690 528 2767 διὶμενος
591 2697 739 2751 καὶὸ
800 2694 966 2772 μέγας
1025 2695 1275 2763 ἐξήνθησε
1334 2693 1639 2760 Θεοδόσιος·
1683 2695 1959 2762 Θεοδόσιος

2048 2695 2259 2773 linguae
2280 2694 2512 2774 eloquio
2534 2694 2821 2754 irroratus
2838 2691 3095 2754 efﬂoruit
3119 2713 3133 2755 :
3159 2690 3556 2775 Theodosius,
3587 2695 3690 2755 in-

301 2782 516 2847 ἒκεῐνος
582 2788 645 2840 τὸ
676 2785 782 2840 τῶν
839 2785 1144 2851 ἀσκητικῶν
1174 2785 1394 2862 ἀγώνων
1444 2786 1534 2841 καὶ
1574 2790 1670 2852 τῆς
1725 2808 1959 2863 ποιμαν-

2048 2802 2243 2866 quam,
2294 2783 2394 2845 ille
2442 2782 2836 2865 spiritualium
2890 2780 3405 2853 exercitationum.
3453 2800 3692 2846 necnon

307 2876 463 2940 τικῆς
513 2874 706 2954 σοφίας
749 2871 1059 2952 κεφάλαιον,
1093 2873 1255 2937 Οὗτος
1316 2871 1430 2951 ἄρτι
1460 2875 1551 2930 τὸν
1613 2879 1706 2943 τῆς
1767 2876 1959 2953 ἀρετῆς

2048 2872 2352 2954 pastoralis
2399 2871 2706 2951 sapientiae
2747 2889 2980 2933 summa
3014 2877 3072 2933 et
3100 2877 3299 2952 caput.
3344 2869 3450 2933 Ille
3499 2889 3693 2953 nuper

313 2960 492 3038 ἔρωτα
549 2965 605 3019 ἐν
660 2975 779 3027 τοῖς
835 2967 932 3029 τῆς
972 2967 1157 3041 ψυχῆς
1223 2961 1483 3037 θαλάμοις
1555 2962 1952 3042 διαθερμαίνων,

2048 2961 2278 3025 virtutis
2300 2979 2563 3023 amorem
2594 2962 2654 3022 in
2679 2961 2886 3023 intimo
2910 2960 3128 3022 mentis
3151 2958 3410 3022 thalamo
3436 2958 3685 3038 foverat,

270 3102 273 3107 ι
321 3053 489 3123 μήπω
545 3050 599 3107 δὲ
659 3054 730 3117 εἷς
774 3053 970 3129 πυρσὸν
1013 3051 1306 3129 ἀναφθέντα
1366 3050 1531 3131 ἔχων,
1582 3054 1824 3130 πρόσεισι
1882 3060 1959 3127 τῷ

2048 3052 2308 3114 nondum
2343 3059 2538 3113 tamen
2575 3050 2635 3112 in
2667 3052 2964 3112 ﬂammam
3010 3066 3327 3112 accensum
3377 3047 3634 3112 habebat
3665 3034 3685 3114 Ξ

320 3148 478 3214 κοινῷ
533 3146 633 3207 τῆς
693 3142 957 3217 σωτηρίας
1018 3147 1378 3219 μυσταγωγῷ,
1422 3142 1510 3197 καὶ
1584 3141 1959 3215 προσπελάσας

2048 3158 2421 3204 communem
2457 3140 2666 3202 salutis
2698 3147 3099 3221 mystagngum
3134 3137 3385 3218 accedit,
3409 3146 3586 3220 atque
3607 3139 3683 3201 ad

325 3234 401 3299 τῷ
442 3228 629 3303 στύλῳ,
663 3231 783 3307 πρὶν
844 3228 877 3295 ἥ
933 3251 1051 3286 τινα
1110 3236 1202 3285 τοῦ
1240 3232 1505 3302 στόματος
1536 3230 1783 3305 προέσθαι
1842 3253 1958 3309 φω-

2048 3232 2378 3293 columnam
2405 3230 2647 3311 propius
2667 3228 3334 3309 accedens,priusquam
3361 3246 3434 3289 ex
3455 3246 3561 3290 ore
3581 3228 3691 3291 ali-

339 3319 453 3396 ‘J‘hv,
485 3320 605 3397 Εὖγε
662 3318 836 3398 ἥκεις,
875 3317 1113 3397 ἄνθρωπε
1155 3328 1248 3376 τοῦ
1277 3325 1409 3377 Θεοῦ
1465 3318 1731 3391 Θεοδόσιε,
1766 3319 1959 3375 ἄνωθεν

2048 3339 2217 3402 quam
2244 3319 2546 3382 emitteret
2571 3336 2797 3392 vocem,
2824 3319 2903 3379 ita
2924 3316 2999 3379 ab
3021 3316 3373 3378 admirando
3396 3315 3691 3397 Symeone

346 3408 479 3481 παρὰ
528 3414 610 3464 τού
674 3412 981 3481 θαυμαστοῦ
1051 3409 1271 3482 Συμεὼν
1331 3407 1530 3469 ἀκούει,
1589 3410 1694 3467 Καὶ
1767 3412 1793 3464 ὁ
1866 3409 1959 3483 μὲν

2048 3409 2473 3490 compellatur:
2504 3407 2664 3469 Bene
2688 3406 2921 3479 venisti,
2951 3407 3040 3469 vir
3062 3405 3169 3468 Dei
3186 3405 3509 3468 Theodosi.
3534 3405 3689 3469 Tum

337 3494 419 3551 ἐπὶ
450 3504 507 3572 τῇ
548 3500 640 3563 τῆς
701 3498 897 3561 οὶκείας
949 3496 1193 3566 κλήσεως
1226 3514 1524 3575 προγνωσει
1576 3497 1958 3577 καταπλαγεὶς,

2048 3498 2272 3579 pr0prii
2306 3497 2565 3559 nominis
2597 3495 3059 3576 praecognitione
3106 3495 3492 3576 stupefactus,
3524 3497 3692 3571 quod

330 3584 406 3640 ὅτι
461 3590 534 3662 μὴ
590 3587 809 3643 πώποτε
853 3587 1106 3667 πρότερον
1166 3588 1238 3651 εἷς
1292 3587 1485 3664 γνῶσιν
1542 3585 1705 3643 ἐλθὼν
1732 3588 1809 3662 τῷ
1863 3586 1959 3641 ἂν-

2048 3606 2179 3649 cum
2208 3586 2475 3647 nundum
2501 3586 2558 3646 in
2582 3585 2691 3645 viri
2717 3584 2983 3646 notitiam
3008 3583 3288 3659 venisset,
3314 3583 3479 3665 quasi
3504 3585 3690 3646 multo

326 3670 429 3749 δρέ,
473 3678 499 3732 ὁ
557 3674 611 3731 δὲ
668 3675 847 3755 ὥσπερ
903 3677 1045 3750 αὖτῷ
1105 3673 1269 3731 πολὺν
1328 3674 1708 3753 συγγενόμενος
1757 3677 1951 3756 χρόνον

2048 3686 2314 3756 tempore
2334 3693 2467 3737 cum
2493 3674 2595 3735 illo
2615 3672 3049 3749 habitasset,ita
3067 3673 3304 3754 proprio
3330 3673 3571 3735 nomine
3589 3691 3694 3753 ap-

320 3762 482 3827 οὕτως
556 3764 776 3838 ὀνόματι
846 3764 970 3840 παρ’
1044 3764 1203 3820 αῢτοῦ
1286 3762 1555 3838 ἐκαλεῖτο,
1642 3763 1950 3843 προσήρειδε

2048 3765 2363 3846 pellaretur
2387 3781 2400 3826 :
2421 3763 2627 3845 Itaque
2651 3762 2844 3844 capite
2866 3769 3038 3824 terrae
3053 3760 3693 3836 admoto,benedictio-

318 3854 413 3920 τὴν
452 3852 693 3932 κεφαλὴν
742 3855 818 3928 τῷ
874 3852 1076 3932 ἐδάφει,
1133 3853 1221 3909 καί
1275 3874 1391 3908 τινα
1437 3875 1542 3932 παρ
1596 3858 1754 3913 αὐτοῦ
1799 3854 1953 3913 εὐλο-

2048 3873 2177 3916 nem
2213 3853 2325 3915 sibi
2366 3852 2491 3915 dari
2523 3852 2856 3932 postulavit.
2890 3850 3071 3932 Cujus
3102 3851 3369 3931 petitioni
3402 3870 3521 3913 non
3554 3859 3692 3916 tan-

317 3944 432 4020 γίαν
504 3942 703 4013 ἐζήτει.
771 3945 867 4000 Καὶ
939 3944 996 4008 ὃς
1070 3944 1129 3999 οὗ
1207 3942 1303 4009 τὴν
1368 3940 1584 4008 αἴτησιν
1670 3942 1959 4023 ἐξεπλήρου

2048 3953 2166 4006 tum
2199 3943 2488 4005 satisfecit
2513 3942 2790 4023 Symeon,
2821 3941 2923 4003 sed
2949 3948 3005 4003 et
3025 3940 3098 4001 ad
3125 3958 3191 4002 se
3216 3958 3452 4002 sursum
3472 3960 3693 4005 ascen-

315 4034 497 4106 μόνον,
555 4031 699 4088 ἀλλᾶ
759 4034 846 4088 καὶ
916 4035 990 4096 ὡς
1063 4032 1220 4088 αὒτὸν
1278 4028 1579 4088 ἀναϐαίνειν
1655 4031 1959 4113 ἐπέτρεπεν.

2049 4034 2190 4096 dere
2215 4033 2413 4113 jussit,
2440 4031 2513 4093 ad
2542 4032 2799 4093 ascetica
2829 4030 3155 4092 certamina
3176 4029 3247 4091 ad
3267 4048 3331 4091 se
3356 4030 3694 4094 venientem

389 4119 691 4178 ’Λναϐαντα
719 4122 895 4179 τοίνυν
929 4123 1017 4177 τὸν
1050 4118 1329 4176 Θεοδόσιον
1361 4122 1553 4181 ἱκανῶς
1596 4142 1653 4177 τε
1686 4124 1816 4201 πρὸς
1846 4124 1959 4187 τοὺς

2048 4122 2359 4184 excitavit:
2387 4130 2466 4193 et,
2490 4120 2721 4196 Amice,
2747 4120 2956 4200 inquit,
2978 4117 3452 4193 Theodosi,cum
3475 4119 3694 4198 gaudio

314 4210 640 4277 ἆσκητικοὺς
702 4210 977 4289 ὑπαλείφει
1036 4211 1269 4287 ἀγῶνας,
1304 4211 1414 4288 καὶ,
1464 4205 1524 4264 Ὦ
1570 4211 1709 4290 φίλε,
1744 4214 1959 4289 προστί-

2048 4212 2158 4273 iter
2186 4211 2406 4290 arripe;
2427 4230 2461 4271 a
2483 4208 2736 4270 Domino
2760 4226 2998 4289 gressus
3016 4207 3101 4269 tui
3128 4207 3696 4291 dirigentur.Neque

314 4304 459 4370 θησι,
494 4297 766 4379 Θεοδόσιε,
799 4301 899 4367 τὴν
956 4298 1074 4355 ὁδὸν
1107 4300 1312 4379 χαίρων
1358 4299 1601 4374 πορεύου·
1659 4302 1800 4378 παρὰ
1860 4312 1959 4360 Κυ-

2048 4318 2185 4362 vero
2221 4301 2332 4362 huc
2367 4317 2553 4381 usque
2588 4298 2753 4361 stetit
2785 4315 3148 4372 sermonem,
3182 4297 3286 4358 sed
3319 4305 3376 4358 et
3397 4297 3593 4362 futura
3613 4300 3697 4363 ita

318 4393 424 4465 ρίου
483 4392 583 4467 γὰρ
630 4388 1101 4455 κατευθδνθᾶσεταί
1157 4410 1252 4447 σου
1323 4389 1390 4444 τὰ
1450 4386 1778 4463 διαδήματα·
1841 4391 1959 4448 εἶτα

2050 4389 2415 4469 praedixit,ut
2438 4387 2593 4469 quod
2615 4388 2686 4449 ad
2715 4405 2986 4465 magnam
3003 4387 3273 4448 virtutem
3299 4396 3695 4467 perventurus

351 4485 365 4504 ,
495 4480 511 4510 ε
750 4479 762 4498 ,
1112 4478 1123 4495 .
1277 4478 1291 4495 ρ
1689 4479 1702 4497 ς
1828 4481 1841 4498 ι
1940 4480 1953 4498 ι

319 4502 376 4539 ου
447 4501 615 4558 μεχρι
672 4500 861 4534 τουτου
903 4480 997 4533 τὸν
1060 4476 1222 4554 λογον
1286 4475 1519 4557 ίστησιν,
1580 4476 1715 4534 ἀλλα
1757 4501 1846 4535 και
1903 4501 1959 4535 τα

2048 4488 2227 4554 esset,
2286 4477 2621 4558 multosque
2653 4477 2926 4539 saeculari
2953 4480 3210 4537 vanitate
3252 4476 3570 4558 implicitos
3618 4480 3695 4545 ad

319 4567 589 4643 μελλοντα
622 4567 764 4640 αὒτῷ
810 4567 1189 4644 προσημαίνει,
1223 4566 1294 4626 ὡς
1352 4565 1437 4621 ἐπὶ
1492 4565 1630 4645 μέγα
1660 4589 1718 4623 τε
1775 4568 1959 4647 ἀρετῆς

2049 4567 2439 4639 monasticam
2465 4566 2638 4628 vitam
2671 4565 3063 4643 inducturus;
3098 4571 3357 4653 denique
3386 4571 3545 4654 quod
3576 4572 3692 4634 ho-

317 4656 460 4724 ἥξοι,
494 4657 582 4712 καὶ
639 4657 712 4719 ὡς
743 4654 970 4720 πολλοῦς
1026 4656 1133 4711 τῶν
1162 4657 1263 4720 τὴν
1306 4660 1573 4729 κοσμικὴν
1623 4658 1819 4724 ταύτην
1851 4680 1958 4730 μα-

2049 4658 2273 4718 minum
2300 4657 2461 4736 gregi
2496 4655 2949 4736 praeﬁciendus;
2982 4660 3139 4741 quod
3164 4661 3235 4723 ad
3259 4663 3537 4724 eximiam
3562 4680 3694 4725 ma-

319 4748 579 4812 ταιότητα
609 4745 986 4819 περικειμένων
1021 4745 1147 4822 πρὸς
1209 4746 1299 4800 τὸν
1347 4743 1630 4817 μοναδικὸν
1688 4748 1959 4822 μεταστή-

2049 4746 2422 4827 gnitudinem
2474 4745 2823 4826 virtutisque
2867 4750 3205 4812 excelsitam
3256 4760 3689 4833 perventurus;

320 4860 403 4893 σοι
460 4836 595 4913 βίον,
630 4835 702 4896 ὡς
781 4834 995 4912 λογικου
1058 4854 1114 4889 τε
1174 4833 1510 4913 ἀφηγήσοιτο
1571 4836 1833 4911 ποιμνίου,
1878 4838 1959 4892 καῖ

2050 4836 2204 4917 quod
2228 4836 2423 4916 plures
2446 4853 2683 4897 suorum
2711 4835 2976 4898 laborum
3001 4838 3326 4903 imitatores
3343 4842 3689 4914 effecturos,

326 4928 400 4989 ὡς
473 4925 546 4986 εἷς
605 4922 822 5000 μέγεθος
880 4923 1055 4979 ἐκεῖνο
1112 4924 1199 4978 καὶ
1254 4922 1446 4999 ἀρετῆς
1508 4921 1639 4998 ὕψος
1700 4924 1959 5004 προέλθοι,

2055 4935 2111 4986 et
2128 4924 2250 4986 Deo
2276 4924 2585 4985 oblaturus
2607 4933 2787 4985 esset.
2814 4926 2950 4988 Haec
2975 4928 3178 4989 omnia
3199 4928 3568 4992 admirabilis
3591 4928 3692 4992 ille

324 5015 413 5072 καὶ
470 5014 545 5074 ὡς
576 5011 811 5075 πολλοὺς
858 5019 962 5068 τῶν
1020 5012 1226 5068 οἰκείων
1281 5010 1457 5066 πόνων
1509 5014 1748 5088 μιμητὰς
1806 5015 1959 5093 άπερ·

2056 5016 2312 5095 Symeon
2334 5011 2671 5074 Theodosio
2694 5014 3117 5097 praedixit,quae
3138 5036 3277 5079 num
3312 5025 3517 5099 postea
3546 5035 3690 5082 eve-

320 5104 568 5181 γάσοιτο,
624 5102 712 5156 καὶ
774 5108 888 5176 Θεῷ
951 5099 1323 5178 προσενέγκοι,
1389 5100 1561 5157 Ταῦτα
1634 5102 1732 5177 μὲν
1802 5103 1889 5159 οὖν
1947 5107 1959 5160 ε

2059 5104 2280 5177 nerint,
2313 5102 2413 5182 qui
2442 5101 2604 5163 illius
2635 5102 2960 5165 Theodosii
2989 5106 3162 5167 vitam
3194 5107 3425 5189 legerit,
3459 5108 3628 5172 sciet.

321 5190 616 5263 θαυμάσιος
653 5192 899 5278 ,Συμεὼν
936 5196 1003 5265 τῷ
1059 5188 1282 5267 μεγάλῳ
1315 5192 1621 5269 προειρήκει
1684 5190 1965 5268 Θεοδοσίῳ”
2029 5196 2093 5251 τὰ
2143 5192 2197 5250 δὲ
2231 5196 2274 5249 εἰ
2326 5199 2411 5249 καὶ
2445 5193 2627 5274 χρόνῳ
2681 5193 2895 5271 ὕστερον
2926 5193 3102 5270 ἐξέϐη,
3134 5198 3161 5252 ὁ
3217 5198 3294 5272 τῷ
3325 5188 3527 5258 ἐκείνου
3584 5201 3691 5278 Βίῳ

321 5280 558 5359 ἐντυχὼν
604 5277 840 5340 εἴσεται,

394 5448 511 5523 (33)
543 5444 714 5505 Multa
750 5460 1057 5525 perpessus
1084 5447 1531 5525 abadvorsarijs
1555 5448 1969 5525 Theodorctus.
2055 5452 2482 5525 Cmnobiarchze
2514 5452 2682 5506 vitam
2716 5449 3124 5525 dabimusmhi
3148 5453 3269 5512 hzec
3294 5456 3416 5525 ipsa
3443 5470 3693 5515 narran-

331 5519 453 5596 qua;
485 5527 869 5596 recensentur
902 5520 1235 5596 a_B_aronio_,
1274 5531 1410 5596 πῃ,
1446 5519 1486 5575 ν
1518 5529 1571 5575 et
1600 5520 1726 5596 VI.__
1839 5590 1856 5596 _
1934 5592 1968 5596 __
2054 5533 2169 5593 tur,
2193 5523 2390 5596 dicunt
2420 5537 2600 5595 urque
2622 5520 2901 5580 accidisse
2931 5524 3038 5582 sub
3068 5524 3242 5586 tinem
3266 5519 3393 5589 vitae
3423 5528 3693 5591 Marciani

400 5594 513 5669 (34)
540 5601 599 5648 x1
655 5586 875 5646 Januar
907 5591 1082 5662 (infra
1133 5591 1236 5648 col.
1293 5590 1416 5663 456)
1448 5594 1629 5650 sancti
1665 5590 1971 5653 Theodosii
2053 5586 2435 5666 imperatoris.

2124 2605 2222 2668 39.
2243 2603 2613 2667 Theodosius
2627 2603 2760 2684 (34)
2778 2620 3018 2683 quoque
3041 2620 3286 2681 magnus
3304 2618 3490 2665 sacra:
3508 2602 3689 2685 hujus
3779 2680 3782 2682 γ
