4018 6136
372 276 490 343 375

375 525 509 569 cum
531 505 824 587 Symeone
848 508 1108 588 suscepit
1136 517 1460 583 certamen,
1487 511 1737 592 ejusque
1761 514 2024 592 prophe-

1655 292 1818 355 ΜΕΝ
1826 291 1936 354 SIS
1991 291 2442 355 JANUARIUS.

454 414 555 477 40.
602 412 859 478 Prodeat
887 416 947 478 in
983 418 1245 480 medium
1296 418 1518 482 Daniel
1550 422 1700 502 (35),
1737 430 1834 505 qui
1868 423 2028 485 idem
2052 432 2089 478 A

3632 291 3765 359 376

2194 426 2275 490 μ’.
2308 428 2476 488 Ἀλλὰ
2514 435 2718 509 παρίτω
2750 438 2824 506 τῷ
2853 431 2998 509 λόγῳ
3026 434 3115 490 καὶ
3150 432 3350 502 Δανιηλ
3394 436 3423 491 6
3464 436 3553 491 τὸν
3594 437 3768 493 αὐτὸν

2107 525 2183 592 τῷ
2253 522 2474 595 Συμεὼν
2537 521 2905 597 διαδεξάμενος
2973 521 3153 596 ἆθλον,
3222 524 3308 580 καὶ
3351 521 3598 581 δεικνύτω
3658 527 3770 591 τῆς

373 603 505 691 ιὶοξε
552 596 771 691 linguae
821 597 879 691 in
925 616 989 658 se
1021 599 1378 661 charismata
1432 601 1761 680 patefaciat.
1824 602 2006 663 Adhuc

2113 615 2444 691 προφητικῆς
2495 609 2700 676 ἐκείνης
2730 610 2975 688 γλώττης
3009 612 3064 667 ἐν
3112 613 3285 686 ἑαυτῴ
3326 614 3391 668 τὰ
3420 614 3763 691 χαρίσματα.

374 689 533 750 enim
557 685 667 747 sub
690 686 969 763 magistro
996 695 1054 747 et
1082 695 1317 766 pastore
1333 691 1606 753 asceticae
1626 690 2006 753 concertatio-

2111 685 2244 755 ’Υπὸ
2285 703 2572 778 καθηγητῇ
2632 685 2859 779 μὲνγὰρ
2908 700 2984 757 ἔτι
3031 703 3118 757 καὶ
3151 685 3369 777 ποιμένι
3410 685 3534 767 τοὺς
3575 685 3766 771 ἄσκη-

371 776 470 838 nis
497 774 731 837 labores
753 775 1070 838 exercebat
1096 776 1325 850 Daniel,
1363 787 1422 839 et
1454 781 1660 859 ingens
1693 799 1826 844 eum
1861 780 2023 842 desi-

370 865 603 928 derium
632 864 853 927 invasit
874 865 1241 927 ascendendi
1274 868 1636 940 columnam.
1665 881 1880 931 etcum
1914 868 2022 951 Sy-

372 974 587 1018 meone
616 973 814 1017 coram
849 955 1086 1035 agendi.
1126 956 1468 1038 Aliquando
1512 959 1693 1038 igitur
1721 977 1859 1021 cum
1895 978 2022 1019 ma-

372 1045 559 1124 gistro
591 1063 697 1106 suo
729 1043 801 1106 ad
835 1046 1195 1123 Symeonem
1232 1065 1364 1107 cum
1397 1049 1788 1128 pervenisset,
1814 1048 2023 1109 ambos

372 1134 632 1196 maxime
680 1134 930 1214 rogavit,
984 1135 1143 1198 hunc
1191 1135 1457 1216 quidem,
1490 1145 1554 1200 ut
1584 1136 1700 1199 sibi
1730 1138 2024 1198 columnae

367 1242 682 1286 ascensum
718 1223 1130 1300 permitteret;
1184 1226 1320 1287 dein
1372 1226 1741 1305 magistrum,
1795 1235 1859 1288 ut
1908 1225 2021 1285 sibi

367 1328 683 1376 ascensum
735 1326 1050 1375 annueret.
1107 1313 1428 1396 Utriusque
1480 1318 1542 1377 tit
1590 1334 1835 1396 compos
1877 1314 2016 1387 voti,

368 1403 706 1464 columnam
756 1404 914 1464 enim
952 1401 1139 1462 libere
1170 1403 1465 1467 ascendit.
1500 1404 1688 1477 Quem
1720 1405 1860 1465 dum
1908 1403 2019 1483 Sy-

370 1509 545 1553 meon
573 1490 1001 1554 convenienter
1018 1491 1352 1553 venientem
1379 1494 1619 1574 excipit,
1650 1494 2019 1568 Confortare,

373 1585 479 1658 ait,
506 1589 563 1643 et
592 1581 780 1641 virum
805 1586 863 1641 te
895 1579 1114 1658 praebe,
1142 1581 1223 1641 illi
1250 1580 1495 1644 Daniel:
1536 1584 1702 1645 multi
1726 1585 1885 1645 enim
1916 1580 2018 1645 tibi

372 1672 448 1733 ob
482 1687 860 1733 communem
884 1666 1204 1729 Dominum
1231 1669 1467 1731 labores
1493 1672 1830 1752 perferendi
1852 1681 2013 1736 sunt.

2108 789 2290 853 τικοὺς
2352 791 2380 844 6
2416 788 2616 856 Δανιὴλ
2673 788 2997 866 ἐγυμνάζετο
3052 790 3270 865 πόνους,
3305 795 3392 849 καὶ
3422 791 3551 869 ἔρως
3596 796 3765 853 αὐτὸν

2107 877 2273 933 εἷσέδυ
2326 875 2547 957 σφοδρὸς
2578 877 2660 934 ἐπὶ
2711 881 2803 934 τὸν
2862 880 3051 935 στύλον
3093 901 3150 937 τε
3201 881 3334 960 πρὸς
3386 884 3477 938 τὸν
3534 885 3757 957 Συμεὼν

2106 965 2388 1043 ἀναϐῆναι,
2453 971 2541 1026 xxi
2586 968 2911 1046 ξάπολαῦσαι
2980 970 3076 1036 τῆς
3119 978 3210 1028 τοῦ
3278 969 3464 1044 ἀνδρὸς
3507 970 3750 1047 ὁμιλίας·

2106 1058 2243 1114 Ποτὲ
2286 1058 2457 1114 τοίνυν
2487 1059 2579 1114 σὺν
2637 1062 2716 1119 τῶ
2766 1059 2944 1133 οἰκείῳ
2985 1060 3198 1135 ποιμένι
3251 1063 3383 1138 πρὸς
3440 1062 3596 1121 αὖτὸν
3637 1085 3754 1120 πα-

2110 1148 2437 1227 ραγεγονὼς,
2472 1146 2644 1204 ἐδεῖτο
2698 1148 2899 1228 ἀμιξοῐν
2928 1151 2999 1213 ὡς
3054 1149 3311 1223 μάλιστα,
3346 1151 3439 1206 τοῦ
3467 1152 3563 1225 μὲν
3609 1152 3753 1209 ὥστε

2111 1235 2204 1302 την
2264 1238 2337 1299 εἰς
2396 1237 2552 1293 αὑτὸν
2608 1234 2793 1293 ἄνοδον
2844 1236 3147 1314 ἐπιτρέψαι,
3193 1244 3286 1293 τοῦ
3348 1234 3403 1293 δὲ
3465 1239 3751 1314 ποιμένος,

2104 1323 2243 1380 ὥστε
2301 1323 2647 1382 συλλαϐέσθαι
2700 1330 2842 1399 αὐτῷ
2883 1330 2981 1394 τῆς
3039 1324 3346 1392 ἀναϐάσεως
3401 1328 3497 1395 τῆς
3526 1328 3612 1385 ἐπὶ
3655 1331 3752 1385 τὸν

2105 1412 2317 1487 στύλον,
2373 1416 2638 1494 Τυγχάνει
2699 1418 2787 1472 οὗν
2842 1416 2936 1482 τῆς
2993 1414 3250 1489 σπουδῆς,
3286 1417 3378 1473 καὶ
3434 1420 3462 1474 6
3504 1417 3603 1493 μὲν
3660 1420 3753 1475 επὶ

2104 1506 2195 1558 τὸν
2248 1504 2432 1561 στύλον
2479 1506 2667 1566 ἄνεισι.
2734 1504 3126 1580 Αεξιωσάμενος
3183 1504 3238 1561 δὲ
3308 1507 3461 1564 αὐτὸν
3518 1508 3543 1563 6
3597 1510 3751 1571 θεῖος

2104 1595 2323 1667 Συμεὼν
2403 1595 2469 1652 τὰ
2553 1597 2753 1674 εἰκότα,
2817 1595 3003 1674 ’Ἴσχυε
3072 1596 3161 1651 καὶ
3231 1594 3486 1674 ἆνδρίζου,
3558 1599 3750 1652 τέκνσν

2105 1683 2326 1758 Δανιὴλ,
2362 1683 2486 1764 ἔφη·
2547 1685 2779 1750 πολλοὺς
2822 1686 2922 1763 γὰρ
2965 1683 3047 1740 διὰ
3089 1686 3179 1740 τὸν
3237 1687 3413 1742 κοινὸν
3464 1690 3748 1753 Δεσπότην

368 1760 589 1823 Verum
624 1757 851 1839 gaude;
903 1758 1034 1837 ejus
1065 1759 1221 1819 enim
1254 1759 1441 1838 gratia
1470 1764 1806 1836 roboratus,
1843 1782 2006 1824 com-

2097 1757 2725 1852 6noctvﬁcp'4apdtouc.
2758 1757 2905 1842 Πλὴν
2961 1774 3098 1830 ἀλλὰ
3155 1788 3342 1854 χαῖρε⁸
3389 1784 3456 1854 τῇ
3500 1778 3600 1855 γὰρ
3656 1780 3751 1837 αὖ·

370 1850 538 1911 muni
588 1850 758 1910 hoste
790 1854 1093 1926 superato,
1128 1847 1347 1909 frueris
1381 1851 1616 1911 tandem
1649 1870 1737 1925 ea,
1772 1872 1904 1929 quae
1934 1854 2006 1915 ita

2098 1873 2187 1922 τοῦ
2244 1868 2422 1945 χάριτι
2457 1872 2548 1923 τοῦ
2591 1866 2770 1922 κοινοῖ)
2814 1865 3069 1940 πολεμίου
3100 1869 3372 1945 κρατήσας
3416 1867 3747 1930 ἀπολαύσεις

366 1940 602 2001 fortiter
638 1937 994 1998 dimicantes
1027 1944 1244 2007 manet,
1276 1937 1663 2001 beatitudine.
1701 1940 2013 2024 Simulque

370 2047 549 2091 manu
604 2026 782 2106 capiti
826 2024 1056 2088 Danleli
1088 2025 1387 2105 imposita,
1426 2028 1703 2106 precibus
1735 2050 1768 2092 a
1796 2051 1862 2095 se
1886 2036 2007 2113 jam

367 2119 526 2181 dicta
557 2116 944 2196 consignavit.

449 2209 551 2271 41.
591 2206 726 2268 Hac
750 2206 833 2268 ita
854 2205 1038 2279 dicta,
1065 2223 1245 2286 opere
1268 2206 1484 2269 deinde
1514 2207 1690 2271 fidem
1714 2210 2008 2279 fecerunt.

370 2297 623 2378 Symeon
649 2294 806 2356 enim
835 2292 1140 2356 Danielem
1165 2313 1195 2356 a
1218 2313 1281 2357 se
1307 2297 1492 2374 gratia
1513 2307 1569 2359 et
1592 2297 2010 2368 benedictione

361 2388 657 2468 repletum
684 2385 931 2459 dimisit,
956 2395 1014 2446 et
1042 2385 1225 2464 magis
1250 2404 1387 2447 eum
1413 2389 1657 2467 posthac
1680 2390 1739 2451 in
1765 2393 1998 2457 visceri.

367 2475 480 2539 bus
500 2476 728 2556 habuit,
766 2493 1103 2554 magnoque
1133 2476 1262 2556 ejus
1294 2495 1411 2537 non
1442 2486 1664 2541 tantum
1701 2487 2010 2562 praesentis

365 2567 563 2628 adhuc
593 2582 822 2639 amore,
874 2563 977 2626 sed
1013 2573 1144 2643 post
1176 2565 1505 2629 discessum
1538 2576 1713 2633 etiam
1747 2573 2011 2637 absentis

366 2657 666 2719 desiderio
723 2657 960 2718 exarsit.
997 2656 1141 2718 Cum
1174 2656 1489 2736 aliquando
1526 2680 1556 2720 e
1587 2662 2012 2744 Mesopotamia

365 2745 840 2825 Hierosolymam
897 2743 1047 2825 (36),
1081 2744 1211 2833 loca
1242 2755 1448 2808 sancta
1478 2743 1770 2813 adorandi
1798 2755 2003 2833 gratia,

362 2833 569 2896 Daniel
596 2832 1099 2913 proﬁcisceretur,
1124 2832 1263 2894 inde
1291 2844 1488 2898 autem
1515 2856 1779 2901 eremum
1810 2832 2011 2922 petere

365 2930 649 3001 cuperet;
682 2939 825 3012 ecce
858 2923 1137 3012 Symeon,
1174 2935 1481 3004 assumpto
1512 2926 1748 2990 viatoris
1779 2932 2004 3012 habitu,

364 3029 648 3093 praesens,
704 3009 776 3071 ab
825 3028 893 3071 eo
927 3010 1162 3083 itinere,
1197 3012 1355 3089 quod
1383 3014 1505 3093 jam
1555 3016 1677 3079 fere
1730 3009 2002 3097 iniverat,

2092 1960 2190 2023 τῆς
2249 1958 2371 2016 τοὺς
2444 1955 2610 2019 οὕτως
2672 1957 2960 2020 ἀθλοῦντας
3022 1958 3408 2034 περιμενούσης
3468 1958 3741 2031 μακαριό-

2092 2067 2276 2111 τητος.
2327 2047 2425 2102 Σαὶ
2462 2046 2559 2112 τὴν
2591 2059 2755 2126 χεῖρα
2806 2053 2875 2123 τῇ
2926 2056 3021 2103 τοι)
3083 2046 3281 2115 Δανιὴλ
3338 2045 3546 2125 κεφαλῆ
3609 2046 3743 2102 Em-

2093 2136 2220 2206 θεὶς,
2251 2137 2445 2216 εὐχαῖς
2475 2136 2539 2193 τὰ
2570 2136 2823 2214 εἰρημένα
2866 2136 3308 2216 ὲπεσιρραγίσατο,

2173 2224 2290 2299 μα’.
2323 2224 2489 2282 Ἀλλὰ
2521 2233 2685 2283 ταῦτα
2742 2227 2838 2302 μὲν
2867 2225 2931 2293 δὴ
2962 2226 3099 2282 οὕτω
3140 2226 3399 2306 λεχθέντα
3428 2226 3600 2304 ἔργοις
3630 2228 3736 2295 τὴν

2090 2315 2266 2371 πίστιν
2319 2316 2534 2394 ὕστερον
2590 2315 2837 2383 εἴληφεν,
2898 2315 3152 2395 Εὖλογίας
3207 2338 3308 2394 γαρ
3372 2318 3494 2374 τότε
3548 2317 3581 2373 ὅ
3634 2325 3738 2373 Συ-

2092 2406 2234 2477 μεὼν
2290 2405 2473 2484 πλήρη
2529 2407 2617 2463 καὶ
2672 2406 2891 2484 χάριτος
2950 2407 3040 2461 τὸν
3102 2406 3304 2472 Δανιὴλ
3372 2407 3729 2483 ἀποπέμψας,

2093 2494 2169 2550 ἔτι
2201 2495 2407 2570 μᾶλλον
2436 2497 2591 2552 αὑτὸν
2626 2494 2710 2553 ἐπὶ
2765 2500 2870 2551 τῶν
2902 2494 3231 2574 σπλάγχνων
3262 2497 3351 2575 ei;
3368 2519 3413 2568 ε,
3460 2500 3548 2553 καὶ
3592 2498 3731 2574 σφό-

2093 2582 2185 2660 δρα
2220 2585 2405 2642 τούτου
2455 2586 2807 2663 περιεκαίετο,
2860 2589 2918 2642 οὔ
2972 2586 3170 2660 περιὼν
3227 2584 3304 2641 ἔτι
3363 2586 3547 2661 μόνον,
3593 2585 3728 2642 ἀλλὰ

2092 2674 2179 2729 καὶ
2236 2675 2370 2747 μετὰ
2412 2675 2509 2742 τὴν
2566 2674 2798 2733 ἐντεῦθεν
2854 2673 3179 2748 ἀποδημίαν.
3230 2676 3363 2730 Ilo-cs
3420 2676 3592 2731 1:0in
3643 2675 3730 2732 ἐπὶ

2091 2763 2158 2821 τὰ
2216 2754 2556 2842 Ἰεροσόλυμα
2615 2766 2705 2820 τὸν
2769 2765 2968 2831 Δανιὴλ
3037 2766 3100 2820 ὲκ
3170 2766 3582 2838 Μεσοποταμίας
3628 2765 3731 2820 ἆπ-

2092 2853 2314 2932 οίραντα,
2349 2850 2431 2932 ἔφ’
2552 2854 2672 2917 τοὺς
2718 2855 2886 2929 ἱερούς
2919 2854 3016 2929 μὲν
3067 2853 3119 2911 ἐν
3152 2858 3334 2916 αὐτοῖς
3365 2860 3730 2932 προσκυνῆσαι

2089 2943 2301 3017 τόπους,
2336 2942 2437 3009 τὴν
2492 2942 2692 3020 ἔρημον
2749 2941 2804 3000 δὲ
2862 2943 3064 3000 ἐκεῖθεν
3120 2941 3468 3022 καταλαϐεῖν,
3501 2944 3731 3021 ὑποκρι-

2088 3029 2307 3103 νοίμενος
2359 3033 2449 3087 τὸν
2493 3029 2862 3111 συνοδοιπόρον
2919 3036 2947 3089 6
2998 3034 3238 3107 Συμεὼν,
3287 3033 3516 3112 ἐπέσχεν
3574 3034 3735 3092 αὐτὸν

364 3101 646 3182 detinuit,
672 3118 806 3162 cum
841 3099 916 3161 ob
940 3100 1150 3161 multas
1174 3102 1455 3178 rationes,
1484 3113 1602 3166 tum
1630 3109 2002 3188 potissimum

2093 3118 2190 3186 ἤδη
2248 3118 2522 3196 ἁψάμενον
2595 3118 2736 3198 ὁδοῦ,
2789 3121 3002 3178 πολλῶν
3044 3146 3101 3179 τε
3156 3121 3331 3179 ἄλλων
3383 3121 3578 3191 ἕνεκεν,
3640 3124 3759 3179 καὶ·

362 3210 438 3253 ne
486 3209 622 3252 cum
652 3188 1318 3291 sam‘aritanorum'(37)
1368 3194 1649 3273 pravitate
1682 3200 2003 3282 quidquam

2093 3208 2235 3270 ὅπως
2292 3210 2370 3283 μὴ
2413 3215 2519 3266 τῶν
2575 3213 2753 3267 κακῶν
2808 3214 3130 3282 κοινωνήσοι
3176 3226 3293 3277 τοῖς
3351 3215 3728 3291 Σαμαρείταις.

367 3297 687 3342 commune
706 3278 991 3341 haberet:
1023 3297 1155 3340 nam
1177 3280 1389 3359 ingens
1412 3291 1551 3345 tunc
1579 3295 1632 3347 et
1655 3278 1817 3351 ferox
1840 3278 2005 3354 sedi-

361 3371 443 3432 tio
467 3370 629 3431 inter
658 3387 762 3430 eos
789 3368 1036 3430 excitata
1059 3369 1207 3430 viam
1242 3369 1789 3455 Hierosolymorum
1814 3381 2003 3443 male-

356 3458 683 3522 factoribus
706 3458 980 3520 infestam
1006 3457 1250 3529 fecerat,
1278 3461 1378 3541 qui
1403 3466 1621 3544 passim
1648 3472 2005 3533 transeunti-

359 3547 988 3630 busdeprmdationem
1006 3557 1062 3609 et
1081 3549 1307 3611 caedem
1332 3553 2004 3624 minitabantmnContra

355 3656 498 3700 vero
531 3637 786 3731 Danieli,
814 3637 1285 3731 _ut_l3_yzantium
1333 3659 1539 3706 versus
1567 3646 1680 3707 iter
1710 3661 1998 3731 capessat,

358 3726 700 3819 persuadet,
727 3724 828 3787 ubi
851 3726 1003 3819 nihi_l
1020 3730 1177 3808 quod
1201 3728 1272 3789 ad
1299 3731 1548 3794 salutem
1577 3724 1798 3799 animae
1815 3724 1999 3819 perti;

321 3880 329 3887 _
352 3822 490 3877 neat
513 3815 566 3876 ei
590 3814 1096 3906 defuturumErat
1116 3825 1314 3906 autem
1343 3821 1501 3881 circa
1524 3814 1996 3906 vesperam-mum

354 3910 594 3966 sanctus
625 3903 906 3983 Symeon,
943 3903 1186 3994 viatoris
1219 3923 1473 3985 persona
1501 3903 1842 3994 assumpta,
1875 3918 2000 3982 haec

355 3992 585 4087 Danieli
608 3992 1031 4087 praecepitQui
1054 4011 1188 4087 cum
1205 3995 1282 4087 ad
1309 3996 1626 4077 hospitium
1652 3992 1995 4087 diiverteret,

356 4089 416 4144 et
442 4078 678 4143 itineris
706 4085 984 4142 comitem
1014 4081 1086 4142 ad
1122 4082 1382 4162 quietem
1414 4106 1530 4149 una
1560 4102 1923 4170 expectaret,
1950 4078 1998 4159 is

358 4188 651 4252 nusquam
685 4170 1547 4262 comparuit._VerumDanieli
1567 4190 1801 4262 sumpta
1833 4203 2002 4249 coena

357 4278 634 4354 somnum
695 4260 973 4354 capienti,
1039 4260 1254 4354 iterum
1304 4262 1554 4354 Symeon
1602 4260 1896 4354 apparuit,
1928 4294 1998 4338 ac

355 4347 733 4441 eadem,q_na3
759 4350 946 4441 prius,
975 4348 1255 4429 praecepit
1275 4373 1286 4413 :
1315 4352 1411 4413 hic
1432 4372 1569 4415 vero
1591 4347 1792 4421 animo
1814 4347 1997 4441 vigili,

2092 3299 2188 3355 Καὶ
2244 3298 2343 3377 γὰρ
2374 3299 2557 3362 στάσις
2616 3300 2828 3378 μεγάλη
2887 3302 3002 3359 τότε
3048 3302 3172 3379 παρ’
3231 3306 3403 3359 αιῖιτών
3459 3304 3547 3358 καὶ
3602 3304 3728 3381 βαρ-

2087 3384 2244 3463 ϐαρος
2300 3387 2757 3468 ἀναῤῥιπισθεῖσα,
2789 3393 3096 3469 κακούργων
3137 3414 3193 3448 τε
3250 3392 3348 3459 τὴν
3395 3397 3501 3448 τῶν
3558 3391 3729 3470 Ἰερο-

2087 3476 2334 3552 σολύμων
2393 3476 2730 3551 ἐμπεπλήκει
2775 3478 2920 3555 ὁδὸν,
2952 3483 3040 3538 καὶ
3096 3480 3347 3558 λῃστείας
3403 3484 3492 3539 καὶ
3536 3484 3727 3562 φόνους

2084 3578 2203 3628 τοῖς
2260 3574 2536 3644 παριοῦσιν
2581 3566 2774 3645 ἐπῆγε,
2835 3570 3141 3628 Τούναντίον
3200 3571 3295 3646 μὲν
3339 3572 3427 3629 οὖν
3475 3575 3562 3628 καὶ
3593 3595 3727 3647 τρα-

2090 3654 2273 3711 πέσθαί
2304 3656 2404 3723 τὴν
2433 3655 2520 3712 ἐπὶ
2577 3658 2637 3713 τὸ
2694 3658 2973 3729 Βυζάντιον
3019 3661 3108 3716 τὸν
3171 3660 3368 3729 Δανιὴλ
3429 3664 3718 3742 ἀναπείθει,

2084 3747 2143 3800 οὗ
2172 3743 2236 3812 δὴ
2269 3747 2673 3825 παραγεγονότα
2704 3746 2934 3823 μηδενος
2968 3754 3073 3804 τῶν
3127 3748 3224 3832 ξσα
3256 3752 3354 3819 τὴν
3409 3756 3506 3819 τῆς
3541 3757 3723 3832 ψυχῆς

2084 3831 2329 3907 προξενεῖ
2385 3836 2650 3913 σωτηρίαν
2722 3835 3056 3914 διαμαρτεῖν.
3130 3829 3227 3897 Ἠν
3297 3843 3426 3919 πρὸς
3498 3829 3722 3921 ἑσπέραν

2083 3919 2186 3988 ἤδη
2246 3921 2334 3978 ὅτε
2394 3925 2421 3979 6
2490 3927 2634 3990 θεῖος
2695 3928 2916 4002 Συμεὼν
2976 3929 3066 3985 τὸν
3124 3928 3496 4010 συνοδοιπόρον
3552 3919 3722 4010 προσ-

2082 4014 2332 4077 πουηθεὶς
2414 4012 2719 4080 ἐπέσκηπτε
2804 4023 2965 4072 ταῦτα
3065 4041 3142 4092 τῳ
3229 4020 3452 4092 Δανιήλ.
3541 4031 3723 4080 Κατα-

2081 4097 2297 4156 λύσαντι
2353 4098 2407 4157 δὲ
2467 4103 2635 4176 τούτῳ
2693 4105 2836 4171 εὐθὺς
2887 4108 2972 4164 καὶ
3032 4109 3428 4168 ἀναπαύσασθαι
3495 4112 3719 4187 προσδο-

2081 4188 2302 4255 κήσαντι
2362 4193 2389 4247 6
2446 4189 2816 4273 συνοδοιπόρος
2873 4196 2938 4264 ἧν
2991 4197 3240 4273 οὐδαμοῦ,
3285 4200 3488 4257 ’Ὕπνου
3545 4223 3724 4279 τοιγα-

2082 4286 2202 4357 ροῦν
2245 4282 2381 4354 μετὰ
2408 4282 2609 4360 τροφὴν
2662 4290 2738 4358 τῷ
2771 4286 2972 4355 Δανιὴλ
3002 4293 3329 4369 μετασχόντι
3388 4291 3510 4370 ὄναρ
3543 4295 3570 4349 6
3626 4293 3721 4349 Συ-

2084 4368 2226 4441 μεὼν
2287 4370 2374 4425 καὶ
2429 4371 2590 4428 πάλιν
2644 4373 2915 4453 ἐφίστατο,
2948 4380 3036 4433 καὶ
3094 4378 3254 4436 πάλιν
3312 4381 3377 4437 τὰ
3433 4383 3564 4439 αὐτὰ
3623 4382 3719 4437 ἐπ-

359 4454 568 4497 somno
598 4434 671 4497 ab
700 4436 888 4497 oculis
920 4455 1198 4513 excusso,
1235 4441 1506 4503 mandata
1538 4459 1852 4514 exsecutus
1871 4434 1993 4516 est.

361 4524 611 4553 an”---
637 4525 816 4553 mula-
844 4535 972 4553 η--.
996 4527 1197 4553 ..-12-ι-
1241 4548 1481 4553 _-__,___
1536 4534 1549 4553 I
1655 4546 1665 4553 .
1773 4543 1781 4553 .

2093 4434 2095 4441 ν
2684 4434 2694 4453 ,
2900 4434 2915 4449 ,
3103 4434 3127 4435 η
3326 4434 3374 4437 __
3439 4434 3562 4439 __-_

2093 4457 2336 4524 ἔσκηπτε’
2369 4462 2396 4516 δ
2451 4459 2505 4516 δὲ
2560 4465 2799 4542 ννιφούσῃ
2858 4472 2924 4543 τῇ
2967 4467 3118 4548 ψυχῇ
3170 4471 3262 4526 τὸν
3318 4470 3479 4527 ὕπνον
3536 4472 3720 4527 αὐτίκα

360 4524 615 4625 Symeon
637 4525 821 4625 multo
844 4535 974 4607 post
994 4527 1201 4625 relicto
1235 4534 1589 4610 corpusculo
1614 4546 1671 4598 et
1695 4543 1991 4625 columna,

355 4615 428 4678 ad
488 4614 917 4678 immortalium
978 4635 1044 4679 ac
1105 4617 1411 4681 beatarum
1471 4627 1763 4690 mentium
1821 4614 1994 4695 sedes

352 4703 704 4779 translatus,
764 4705 992 4767 Danieli
1050 4725 1289 4770 rursum
1349 4714 1677 4778 secundum
1736 4722 1993 4800 quietem

350 4803 546 4856 astare
594 4794 753 4857 visus
785 4805 911 4869 est,
964 4815 1226 4879 eumque
1251 4799 1325 4860 ad
1360 4794 1770 4868 columnarem
1816 4810 1991 4873 vitam

355 4890 688 4980 evocatum,
710 4886 1048 4980 columnam
1078 4906 1313 4969 quoque
1335 4892 1660 4955 ascendere
1689 4901 1992 4980 praecepit.

350 4972 455 5035 His
513 4971 657 5035 visis
716 4993 747 5036 e
802 4975 1019 5038 lectulo
1078 4996 1473 5058 consurgens,
1529 4971 1724 5046 statim
1755 4997 1820 5049 ut
1848 4971 1995 5053 visio

353 5062 468 5143 ipsi
503 5062 867 5138 declarabat,
917 5067 1001 5128 sic
1031 5068 1359 5132 ascendere
1388 5069 1448 5132 in
1476 5073 1809 5138 columnam
1843 5097 1991 5140 con-

423 5196 712 5271 (3_5)__Hzec
746 5198 865 5271 ipsa
901 5199 1086 5271 fusius
1119 5212 1428 5261 narrantur
1454 5217 1512 5262 XI
1542 5207 1810 5268 Decemb.
1843 5215 1898 5270 in
1930 5214 1985 5271 S.

353 5264 609 5346 Danielis
643 5264 867 5346 §ty_litae
898 5270 1047 5346 Vita,
1088 5273 1310 5346 etalia,
1350 5290 1478 5346 quas
1508 5264 1990 5344 interiuswr—elere-i-

352 5350 526 5416 τηυξ,-
544 5340 616 5416 de
640 5339 1032 5416 S._’Sym_eonis_
1061 5339 1341 5416 reliquiis.

423 5408 974 5489 (36).Paulo'aliter
1021 5413 1076 5470 in
1107 5408 1231 5473 Vit'a
1275 5419 1455 5476 sancti
1507 5421 1761 5481 Danielis
1796 5448 1809 5481 :
1843 5427 1990 5484 dici-

348 5484 442 5555 tur
472 5484 648 5542 enim,
682 5494 813 5555 cuin
853 5497 884 5538 e
922 5489 1270 5555 monasterio
1305 5504 1408 5545 suo
1441 5495 1690 5550 venisset
1718 5496 1787 5551 ad
1820 5511 1986 5555 man-

350 5546 736 5641 dra‘m‘sancti
766 5550 1084 5622 Symeonis,
1122 5557 1256 5616 inde
1290 5546 1986 5641 abiisse’Hieros'o—lym'am

2078 4553 2183 4602 τῶν
2267 4548 2551 4628 δφθαλμῶν
2624 4553 3113 4632 ἆποτιναξάμενος,
3173 4560 3244 4624 εἰς
3316 4559 3464 4637 ἔργον
3549 4562 3720 4617 πάντα

2078 4635 2342 4713 ἐπέραινε,
2390 4639 2576 4718 Χρόνῳ
2630 4663 2688 4699 τε
2739 4643 2925 4719 πολλῷ
2978 4656 3070 4705 τοῦ
3112 4650 3332 4722 Συμεὼν
3389 4649 3600 4727 ὕστερον
3654 4653 3714 4705 τὸ

2078 4730 2232 4799 σῶμα
2290 4728 2377 4783 καὶ
2434 4729 2523 4784 τὸν
2582 4730 2769 4788 στύλον
2837 4732 3216 4805 ἀπολιπόντος,
3277 4739 3364 4795 καὶ
3422 4740 3551 4816 πρὸς
3621 4741 3713 4801 τᾶς

2076 4813 2372 4883 ἀκηράτους
2430 4818 2631 4882 ὲκείνας
2689 4824 2780 4889 κηὶ
2848 4824 2988 4887 θείας
3042 4823 3369 4899 μεταϐάντος
3428 4813 3718 4904 διατριϐὰς,

2078 4904 2276 4980 γίνεται
2334 4912 2409 4978 τῷ
2442 4908 2641 4977 Δανιὴλ
2698 4910 2821 4989 ὄναρ
2860 4911 3083 4988 τοιόνδε.
3142 4914 3346 4973 Ἐδόκει
3378 4919 3468 4973 τὸν
3500 4919 3721 4992 Συμεὼν

2077 4997 2412 5067 μεταστάντα
2489 4998 2572 5055 ἐπὶ
2631 5000 2720 5055 τὸν
2776 5001 3023 5069 oculi-cm
3093 5005 3204 5081 βίον
3273 5015 3456 5064 τοῦτον
3531 5007 3719 5065 καλεῖν

2076 5084 2164 5138 καὶ
2212 5083 2541 5158 ἀναϐιϐάζειν
2573 5086 2658 5144 ἐπὶ
2691 5091 2781 5145 τὸν
2833 5092 3002 5152 κίονα.
3066 5104 3240 5154 Ταῦτα
3270 5096 3406 5171 εἶδε,
3438 5099 3525 5155 καὶ
3584 5099 3717 5156 ἀνα-

2144 5218 2882 5309 (ῥῖψεεξᾳιεῃςὶιεῃοτμω,
2916 5226 3365 5309 Πεξβὶιίἱξ-ΐυξίυβ
3394 5247 3633 5309 agemus
3656 5237 3713 5291 in

2070 5288 2372 5378 'S‘ynieonis
2424 5291 2921 5378 §tylitse_jquniori_s
2967 5288 3078 5378 Vita
3112 5300 3182 5378 2t
3214 5303 3369 5378 illaii.
3410 5288 3714 5378 s’e‘d'ﬁﬁéii

2070 5361 2358 5442 Beronius
2380 5361 2575 5442 adﬂat).
2607 5361 2822 5442 453.11.
2856 5370 3030 5442 27,ait
3062 5373 3416 5442 prohibitum
3442 5361 3716 5435 esse‘néé

2069 5433 2311 5511 niele.n_
2343 5434 2625 5511 [roﬂcisci
2659 5433 3106 5511 Hierosolymam
3167 5445 3241 5501 ob
3274 5433 3614 5506 tumultum'
3645 5433 3716 5508 ab

2070 5501 2774 5584 Eutychia'nis_r_nonachis
2804 5501 3107 5570 excitatum
3143 5501 3713 5579 conux’ihiéﬁétérﬁ

2069 5578 2401 5658 episcopum
2456 5578 3060 5658 Hierosolymitanum,
3095 5587 3151 5645 id
3184 5588 3241 5646 in
3297 5588 3557 5650 Danielis
3586 5578 3712 5652 Vita

2069 5659 2186 5703 non
2224 5645 2454 5717 dicitur,
2487 5649 2618 5710 licet
2648 5645 2774 5711 eain
2807 5655 2960 5714 citet.
2998 5676 2999 5679 η
