4018 6136
314 331 388 398 377

1366 325 1554 389 VITA
1599 323 1659 386 S.
1706 322 2090 387 SYMEONIS
2131 323 2504 386 STYLITE.

3508 326 3626 395 378

299 470 383 532 στὰς
419 466 582 540 εὗθὺς,
632 466 714 530 ὡς
760 466 794 533 ἡ
827 465 959 540 ὄψις
991 464 1132 536 αἱ)τῷ
1167 459 1378 535 ἐδήλου,
1414 459 1552 518 οὕτω
1579 461 1679 528 τὴν
1710 458 1894 516 ἄνοδον

1977 457 2189 533 stituit,
2221 457 2624 540 eamdemque
2657 458 2793 521 vitae
2822 460 3137 540 rationem,
3163 483 3341 544 quam
3364 464 3621 547 Symeon

287 561 486 616 διετίθετο
527 558 632 624 τὴν
667 558 761 614 ἐπὶ
791 559 884 613 τὸν
929 553 1140 628 στύλον,
1174 551 1443 609 πολιτείαν
1491 549 1547 607 δὲ
1590 551 1688 618 τὴν
1734 552 1892 619 αὐτὴν

277 651 422 722 ἐκείνῳ
449 646 670 723 μετῇει,
724 647 813 702 καὶ
872 644 1032 708 ἄλλος
1090 645 1159 709 ἧν
1203 641 1514 708 Ἐλισσαῖος
1557 643 1648 697 τὸν
1710 631 1891 698 Ἠλίαν

269 739 590 815 μιμούμενος.
634 737 741 794 Καὶ
783 735 950 792 ταῦτα
982 734 1078 808 μὲν
1107 731 1174 800 δὴ
1204 731 1373 795 οὕτως
1405 731 1590 811 ἔσχεν.

325 826 434 904 μβ¹.
468 816 528 884 Ὀ
582 825 776 901 μέντοι
827 829 1040 900 Περσῶν
1081 823 1331 898 βασιλεὺς
1373 821 1604 896 μηδενὸς
1635 823 1890 890 ἡττᾶσθαι

260 917 714 998 ειλοτιμούμενος,
778 915 895 977 ἐνὸς
938 913 1127 970 τούτου
1186 913 1353 988 μόνου
1410 916 1511 978 τῆς
1560 919 1652 970 τοῧ
1713 909 1895 990 ἀνδρὸς

261 1009 418 1086 ρήμης
501 1004 749 1084 δεύτερος
835 1001 1022 1076 πολλῷ
1099 1009 1300 1078 γίνεται
1337 1017 1350 1032 ⁶
1431 1002 1518 1058 καὶ
1593 1001 1700 1058 τῶν
1760 1002 1892 1080 πρὸς

201 1145 204 1148 .
264 1098 393 1152 αὒτὸν
447 1094 769 1174 φοιτώντων
835 1089 1104 1166 ἐπιμελῶς
1163 1090 1476 1147 ἐπυνθάνετο
1544 1091 1624 1154 τίς
1683 1113 1740 1146 τε
1799 1091 1892 1158 εἴη

261 1193 335 1243 τοῦ
371 1183 552 1259 ἀνδρὸς
616 1187 644 1241 δ
684 1185 826 1261 βίος,
872 1182 959 1237 καὶ
1018 1183 1185 1236 ὁποῖα
1239 1180 1306 1236 τὰ
1359 1181 1634 1254 θαύματα⁹
1688 1181 1777 1237 καὶ
1826 1184 1890 1249 ἦν

261 1276 378 1347 ώτῷ
429 1276 541 1330 τῶν
601 1272 883 1347 δημοσίων
941 1268 1226 1350 φροντίδων
1265 1271 1362 1326 οὐκ
1405 1268 1637 1326 ἐλάττων
1685 1271 1720 1338 ἡ
1778 1271 1895 1348 περὶ

258 1372 333 1420 τοῦ
385 1366 616 1436 Συμεὼν
665 1364 886 1438 μνήμη,
934 1362 1023 1417 καὶ
1066 1361 1132 1416 τὰ
1174 1367 1268 1416 τοῦ
1318 1356 1500 1435 ἀνδρὸς
1554 1359 1889 1436 διηγήματα·

256 1456 336 1511 οὐκ
383 1456 542 1511 αὐτὸν
576 1452 637 1510 δὲ
672 1453 836 1528 μόνον
867 1451 1003 1507 οὕτω
1045 1448 1165 1506 κατ’
1194 1448 1360 1526 ἄκρας
1412 1447 1559 1505 εἷλεν
1616 1451 1650 1517 ἡ
1710 1450 1890 1528 φήμη,

251 1543 373 1599 ἀλλὰ
419 1546 509 1600 καὶ
584 1546 624 1611 ἡ
683 1543 873 1599 τούτου
945 1537 1166 1618 σύζυγος
1253 1538 1338 1595 ἐπὶ
1395 1551 1513 1603 τοῖς
1575 1537 1892 1615 παραδόξοις

250 1636 466 1708 θαύμασι
561 1639 644 1706 τῷ
732 1632 875 1710 ἀνδρὶ
960 1626 1506 1702 συνεκπληττομὲνη,
1587 1626 1766 1682 ἔλαιόν
1836 1649 1892 1683 τε

1978 549 2144 628 prius
2171 557 2529 623 servaverat,
2564 549 2757 625 inivit,
2810 551 2967 614 visus
3015 573 3199 617 novus
3246 555 3492 619 Elisaaus
3521 559 3623 637 qui

1975 634 2120 728 Elia)
2165 637 2280 699 sibi
2331 639 2669 720 exemplum
2719 643 3053 722 proposuit.
3099 644 3168 707 Et
3222 647 3347 714 haec
3378 634 3619 728 quidem

1979 727 2289 789 hactenus.

2054 817 2154 878 42.
2205 816 2522 879 Persarum
2559 836 2658 881 rex
2691 821 2981 885 hactenus
3023 842 3056 884 a
3103 825 3340 889 nemine
3374 844 3437 888 se
3468 828 3618 890 vinci

1981 926 2191 988 passus
2209 907 2329 997 (38f
2349 958 2363 983 ,
2382 909 2566 970 solius
2589 910 2768 990 hujus
2787 912 2895 974 viri
2916 913 3069 976 fama
3090 916 3290 977 audita
3308 926 3621 997 superatus

1979 1004 2065 1088 est
2095 1014 2108 1060 :
2143 997 2229 1088 ita
2257 996 2574 1076 diligenter
2597 1019 2805 1063 omnes
2836 1003 2936 1083 qui
2965 1006 3319 1084 Symeonem
3349 996 3623 1088 frequen-

1978 1086 2180 1148 tabant
2202 1087 2275 1148 de
2300 1106 2370 1150 eo
2391 1097 2814 1168 percunctatus
2838 1102 2951 1167 est,
2981 1101 3039 1156 et
3056 1113 3328 1174 quamam
3354 1086 3618 1170 viri—vita,

1975 1175 2173 1253 qualia
2193 1177 2497 1238 miracula:
2521 1188 2768 1256 eratque
2786 1180 3038 1261 publicis
3060 1183 3221 1245 curis
3235 1203 3353 1246 non
3374 1185 3622 1247 inferior

1979 1263 2288 1345 Symeonis
2313 1267 2623 1340 memoria;
2651 1287 2844 1350 neque
2878 1289 3014 1332 vero
3039 1272 3145 1333 viri
3178 1280 3402 1335 tantum
3430 1283 3616 1352 gesta,

1977 1354 2081 1415 sed
2114 1363 2172 1415 et
2204 1355 2356 1416 fama
2381 1356 2508 1435 ipsa
2540 1358 2926 1436 percellebat.
2977 1360 3197 1424 Verum
3233 1372 3290 1423 et
3312 1381 3461 1425 uxcr
3489 1365 3618 1444 ejus

1977 1444 2344 1506 admirandis
2362 1444 2672 1526 Symeonis
2693 1447 2995 1511 miraculis
3011 1451 3186 1514 simul
3207 1471 3340 1513 cum
3364 1453 3617 1533 conjuge

1977 1534 2406 1613 obstupefacta,
2437 1535 2635 1597 oleum
2669 1536 3050 1601 benedictum
3077 1541 3149 1602 ab
3181 1541 3282 1603 illo
3316 1542 3432 1603 sibi
3465 1543 3618 1604 mitti

1983 1625 2317 1706 postulavit,
2348 1624 2816 1688 etlibentissime
2839 1629 3069 1710 accepit
3095 1653 3106 1689 :
3142 1649 3258 1710 quo
3286 1649 3406 1692 non
3427 1632 3618 1693 solum

245 1725 404 1801 ᾔτησε
453 1726 594 1803 παρ’
652 1723 854 1779 ἑκείνου
905 1719 1215 1798 εὓλογηθὲν,
1268 1720 1356 1775 καὶ
1391 1720 1462 1782 ὡς
1487 1716 1675 1784 ἥδιστα
1707 1716 1894 1791 ἐκομί-

1982 1715 2258 1795 proprios
2295 1715 2534 1776 morbos
2564 1717 2806 1792 curavit,
2838 1719 2941 1778 sed
2977 1729 3033 1780 et
3069 1721 3265 1782 multis
3295 1739 3328 1782 e
3358 1740 3616 1783 consan~

242 1838 362 1872 σατο
393 1830 408 1844 ⁸
459 1813 531 1870 δι’
567 1813 634 1872 οὗ
665 1811 839 1868 πολλὰ
869 1812 926 1868 οὗ
953 1815 1060 1866 τῶν
1092 1808 1297 1866 οἰκείων
1329 1808 1491 1883 μόνον
1522 1810 1698 1863 παθῶν
1748 1804 1894 1863 οἶδεν

1980 1804 2231 1882 guineis,
2268 1823 2624 1884 quocunque
2658 1806 2810 1868 malo
2844 1816 3281 1888 premerentur,
3325 1811 3618 1874 medelam

235 1904 522 1984 ἷασαμένη,
594 1901 730 1958 ἀλλὰ
771 1904 860 1957 ναὶ
915 1897 1144 1962 πολλοῖς
1215 1905 1322 1954 τῶν
1377 1904 1470 1954 τοῦ
1528 1895 1892 1984 γένουςναῦτῇ

1976 1893 2276 1984 adhibuit.
2314 1897 2386 1955 At
2417 1911 2552 1954 vero
2579 1894 2737 1974 regis
2769 1897 2959 1976 ipsius
2983 1899 3208 1960 subditi
3234 1918 3442 1962 omnes
3465 1901 3620 1964 fama

237 1994 662 2068 κοινωνούντων,
720 1991 866 2055 ὅσοις
925 2012 975 2044 τι
1029 1987 1199 2044 δεινὸν
1260 1986 1522 2068 ἠνώχλει,
1591 1983 1890 2060 μεταδοῦσα

1975 1983 2080 2043 viri
2111 1983 2297 2064 capti,
2329 1993 2605 2045 accurate
2636 1987 2817 2047 rebus
2855 1989 2984 2066 ejus
3010 1992 3190 2068 gestis
3222 1991 3494 2069 cognitis,
3521 1991 3618 2053 di-

234 2089 326 2150 τῆς
376 2084 694 2162 θεραπείας.
745 2079 849 2139 Καὶ
896 2082 944 2136 οἱ
1000 2079 1118 2156 περὶ
1171 2077 1394 2153 βασιλέα
1427 2075 1481 2132 δὲ
1542 2076 1740 2138 πάντες
1787 2077 1888 2131 ὑπὸ

1977 2073 2176 2134 vinum
2214 2072 2398 2133 virum
2436 2074 2653 2154 passim
2686 2078 3062 2156 appellabant
3092 2078 3472 2159 Symeonem.

233 2180 326 2242 τῆς
403 2175 580 2240 αὒτῆς
641 2171 979 2252 χειρούμενοι
1051 2169 1264 2247 φήμης,
1325 2167 1412 2222 καὶ
1478 2163 1706 2242 ἀκριϐῶς
1765 2165 1831 2220 τὰ
1891 2165 2025 2221 κατὰ
2089 2182 2181 2220 τον
2265 2165 2484 2238 Συμεὼν
2543 2165 2936 2248 διδασκόμενοι,
2995 2173 3139 2227 θετον
3195 2169 3352 2248 ἄνδρα
3432 2175 3617 2228 τοῦτον

235 2263 535 2338 ὠνόμαζον.

311 2353 431 2431 μγ’,
501 2344 568 2408 Ἠ
630 2349 685 2405 δὲ
741 2355 848 2404 τῶν
909 2346 1268 2422 Ἰσμαηλιτῶν
1356 2343 1638 2422 βασίλισσα
1702 2356 1888 2420 στετρα

236 2444 382 2516 οὖσα,
418 2441 518 2497 καῖ
552 2445 623 2516 τῇ
652 2443 750 2503 τῆς
783 2435 1028 2501 ἀπαιδίας
1089 2435 1246 2510 ὀδύνῃ
1305 2432 1502 2513 σφόδρα
1561 2431 1887 2512 δακνομένη,

239 2534 318 2588 καὶ
348 2530 588 2607 μηδενὸς
649 2529 901 2593 αἴσθησιν
944 2530 1048 2582 τῶν
1103 2524 1274 2594 ἡδέων
1305 2521 1675 2598 λαμϐάνουσα,
1709 2524 1890 2599 πρώτα

239 2622 333 2695 μέν
360 2644 512 2685 τινας
556 2620 664 2676 τῶν
708 2616 1145 2694 ἀξιολογωτάτων
1199 2613 1581 2690 ἀποστείλασα,
1647 2612 1889 2688 γενέσθαι

243 2711 420 2788 μήτηρ
481 2709 742 2769 ἱκέτευεν,
805 2705 1024 2771 Ἐπειδὴ
1080 2703 1135 2760 δὲ
1193 2703 1352 2782 ἔτυχε
1427 2707 1524 2768 τῆς
1599 2702 1886 2774 αἰτήσεως,

244 2800 566 2857 ἀπολυθεῖσα
619 2797 717 2864 τῆς
788 2795 1034 2870 ἀθυμίας,
1091 2795 1177 2850 καὶ
1232 2793 1329 2860 τὴν
1389 2792 1574 2870 ψυχὴν
1642 2788 1888 2866 γαλήνης

244 2889 412 2968 ὥσπερ
488 2889 581 2945 καὶ
657 2884 854 2956 ἡδονῆς
935 2883 1304 2962 πληρωθεῖσα,
1386 2884 1478 2938 τὸν
1565 2879 1888 2959 γεννηθέντα

244 2977 469 3036 λαϐοῦσα
525 2975 772 3055 βασιλέα,
833 2977 964 3052 πρὸς
1024 2975 1114 3030 τὸν
1189 2977 1336 3030 θετον
1405 2970 1576 3049 ἤγαγε
1636 2970 1880 3042 Συμεών⁶

248 3071 328 3125 καὶ
384 3070 496 3125 ἐπεὶ
561 3069 653 3124 οὒκ
737 3065 1003 3130 εἰσιτητὸς
1061 3063 1126 3130 ἧν
1188 3061 1418 3138 γυναιξὶν
1493 3063 1520 3117 ὁ
1575 3057 1881 3136 περίϐολος,

2055 2342 2154 2404 43.
2196 2342 2433 2419 Regina
2464 2344 2891 2406 lsmaelitarum
2923 2347 3142 2408 sterilis
3173 2366 3305 2409 cum
3339 2357 3516 2422 esset,
3548 2368 3616 2413 ac

1975 2429 2296 2493 liberorum
2316 2432 2640 2493 carentiam
2662 2452 2863 2494 amaro
2881 2435 3075 2500 animo
3090 2437 3288 2509 ferret,
3307 2457 3417 2500 nec
3429 2439 3608 2501 ullam

1973 2539 2006 2582 e
2030 2520 2208 2583 rebus
2232 2521 2447 2583 creatis
2469 2521 2823 2603 voluptatem
2849 2524 3132 2599 hauriret,
3162 2528 3355 2607 primo
3376 2527 3612 2606 quidem

1973 2612 2129 2672 viros
2159 2611 2445 2692 quosdam
2493 2611 2750 2674 illustres
2781 2613 3078 2688 submisit,
3132 2617 3233 2697 qui
3275 2624 3338 2678 ut
3387 2617 3612 2698 prolem

1974 2703 2290 2781 concipere
2309 2710 2364 2762 et
2389 2719 2597 2783 parere
2621 2711 2820 2781 posset
2838 2704 3276 2785 supplicabant;
3305 2715 3612 2787 postquam

1975 2809 2115 2851 vero
2138 2807 2382 2870 compos
2404 2791 2523 2852 voti
2547 2791 2696 2853 facta
2718 2803 2830 2867 est,
2847 2794 3037 2855 soluta
3060 2795 3224 2856 omni
3247 2795 3616 2871 moestitia,et

1973 2880 2188 2940 animae
2209 2881 2653 2960 tranquillitate,
2681 2887 2830 2943 sicut
2854 2891 2912 2944 et
2933 2883 3228 2963 voluptate
3253 2883 3614 2965 repleta,ua-

1970 2982 2087 3030 tum
2105 2988 2296 3044 regem
2313 2976 2699 3045 accipiens,ad
2718 2978 3326 3049 sanctumSymeonem
3342 2978 3608 3044 accurrit;

1969 3069 2026 3120 et
2052 3077 2186 3120 cum
2209 3069 2440 3139 septum
2475 3061 2605 3140 ejus
2640 3061 2994 3124 mulieribus
3025 3063 3398 3124 inaccessum
3431 3071 3608 3135 esset,

251 3159 495 3234 πέμψασα
546 3158 678 3235 πρὸς
741 3155 903 3212 αὖτόν
977 3155 1039 3210 τὸ
1101 3151 1319 3232 βρέφος,
1379 3151 1476 3219 τῆς
1536 3149 1666 3227 παρ’
1725 3150 1904 3233 αὖτοῧη

1975 3148 2151 3209 misso
2185 3148 2257 3209 ad
2292 3150 2486 3227 ipsutn
2523 3149 2671 3230 lilio,
2705 3151 2835 3231 ejus
2867 3151 3289 3214 benedictione
3320 3153 3613 3234 impertiri

253 3261 425 3325 τυγεϊν
468 3247 708 3324 εὖλογίας
750 3243 928 3310 ἠξίου.
970 3244 1094 3320 Σὸν,
1129 3243 1253 3318 γὰρ,
1290 3240 1416 3320 ἔφη,
1443 3237 1561 3296 τόδε
1591 3241 1652 3294 τὸ
1683 3237 1876 3315 δρᾶμα·

260 3335 357 3412 ἑγὼ
404 3338 494 3408 μὲν
543 3335 640 3413 γὰρ
685 3334 822 3410 μετὰ
865 3331 1102 3409 δακρύων
1145 3334 1205 3388 τὸ
1236 3335 1332 3397 τῆς
1388 3329 1558 3408 εὐχῆς
1611 3328 1881 3403 προσενή-

265 3445 393 3502 νοχα
422 3424 618 3500 σπέρμα
653 3445 668 3460 ⁸
703 3423 766 3479 σὺ
810 3421 864 3477 δὲ
921 3424 981 3477 τὸ
1031 3421 1242 3499 σπέρμα
1295 3419 1596 3484 πεποίηκας
1631 3416 1839 3496 δράγμα
1866 3436 1881 3452 ⁸

259 3513 350 3577 τῆς
401 3513 534 3578 θείας
572 3514 798 3592 γάριτος
835 3509 919 3566 διὰ
971 3515 1295 3589 προσεοχῶν
1326 3507 1551 3570 ἑλκύσας
1585 3509 1676 3562 τὸν
1709 3507 1883 3564 ὑετόν.

249 3600 464 3669 Κάκείνη
526 3603 622 3678 μὲν
665 3601 740 3658 ὧν
794 3599 968 3656 ἐπόθει
1013 3607 1274 3679 τυχοῦσα,
1308 3601 1548 3664 ἐπανῆκε
1608 3598 1738 3672 πρὸς
1788 3597 1887 3662 τὴν

245 3692 400 3748 οἰκίαν
436 3711 451 3727 °
491 3694 659 3766 ἡμεῖς
717 3689 772 3746 δὲ
817 3691 982 3767 μέχρι
1023 3690 1166 3755 τίνος
1225 3689 1631 3767 φιλονεικοῦμεν
1689 3687 1756 3743 τὰ
1799 3687 1886 3742 καὶ

242 3783 410 3850 πάσης
473 3783 805 3861 ἂνθρωπίνης
863 3780 1063 3846 ἑννοίας
1119 3780 1340 3858 κρείττω
1416 3777 1664 3856 διηγήσει
1725 3797 1883 3854 περι-

238 3869 360 3930 λαϐε
368 3886 422 3928 ϊν
462 3891 480 3949 ;

1966 3237 2209 3317 rogabat
2242 3255 2255 3300 :
2288 3241 2472 3314 Tuus,
2519 3239 2622 3311 ait,
2659 3240 2759 3302 ille
2796 3248 2885 3302 est
2917 3242 3274 3322 manipulus;
3307 3261 3415 3322 ego
3448 3243 3609 3304 enim

1967 3345 2102 3388 cum
2137 3327 2408 3408 lacrymis
2433 3339 2487 3390 et
2516 3329 2791 3408 precibus
2821 3349 3026 3391 semen
3051 3332 3308 3411 conjeci;
3333 3342 3392 3393 tu
3415 3332 3610 3394 mani-

1970 3417 2175 3496 pulum
2210 3417 2423 3478 divinaa
2466 3418 2676 3495 gtatizn
2726 3421 2994 3502 effecisti,
3049 3420 3324 3501 precibus
3355 3421 3612 3501 desuper

1971 3506 2228 3585 pluviam
2248 3507 2489 3568 elicens.
2517 3505 2728 3568 Mulier
2750 3511 2967 3590 itaque,
2991 3530 3120 3592 qua:
3140 3529 3356 3588 magno
3377 3511 3611 3574 deside-

1967 3595 2057 3656 rio
2085 3597 2438 3676 quaesiverat
2461 3606 2800 3672 consecuta,
2827 3599 3066 3660 domum
3095 3619 3258 3661 suam
3284 3600 3418 3662 lecta
3440 3601 3609 3662 redi-

1967 3686 2065 3746 vit.
2093 3687 2212 3747 Nos
2236 3703 2373 3746 vero
2399 3704 2718 3762 quousque
2741 3705 3055 3767 pergamus
3085 3707 3181 3750 res
3211 3691 3372 3751 omni
3393 3690 3608 3752 huma-

1967 3792 2044 3836 no
2074 3773 2314 3854 ingenio
2339 3774 2730 3838 sublimiores
2750 3783 3020 3841 oratione
3047 3779 3371 3861 prosequi?

1725 3957 1960 4018 CAPUT
1990 3957 2110 4015 XII.

1093 4070 1431 4140 Quotidiano
1457 4071 1568 4143 ejus
1606 4071 2051 4130 exercitationes;
2096 4077 2368 4144 praecepta
2394 4071 2570 4130 variis
2611 4069 2757 4129 data.

308 4202 424 4276 μδ’.
488 4199 738 4270 Ἐστήκει
797 4199 895 4278 γὰρ
955 4200 1159 4276 νύκτωρ
1215 4201 1300 4256 καὶ
1359 4199 1476 4272 μεθ’
1528 4198 1734 4278 ἡμέρᾶν
1777 4201 1904 4257 ὑπὸ.

2043 4199 2144 4262 44.
2184 4197 2384 4261 Stabat
2414 4199 2513 4259 ille
2543 4207 2746 4261 noctes
2790 4209 2848 4263 et
2895 4201 3025 4263 dies
3055 4200 3334 4264 omnibus
3368 4203 3610 4284 conspi-

233 4294 450 4349 πάντων
510 4291 804 4365 ὁρώμενος,
862 4290 950 4345 καὶ
1009 4290 1102 4353 τας
1159 4289 1312 4365 θύρας
1363 4288 1597 4368 ἀφελὼν,
1660 4291 1746 4346 καὶ
1789 4297 1884 4346 τοῦ

227 4380 515 4455 περιϐόλου
576 4379 736 4454 μέρος
799 4380 890 4434 οὒκ
964 4379 1257 4457 ἐλάχιστον
1330 4378 1658 4452 καταλύσας,
1715 4379 1882 4456 προύο

225 4494 376 4528 κειτο
438 4476 569 4525 πᾶσι
629 4468 825 4544 θέαμα,
887 4470 1156 4543 θαύματος
1231 4467 1392 4545 λόγον
1449 4469 1658 4524 ἅπαντα
1715 4470 1881 4546 ὑπερ-

229 4559 449 4633 ϐαϊνον,
513 4568 602 4616 νῦν
655 4558 753 4631 μὲν
798 4559 964 4622 ἑστὼς
1025 4558 1190 4636 μέχρι
1231 4556 1454 4636 πολλοῦ,
1489 4565 1578 4614 νῦν
1626 4557 1680 4613 δὲ
1712 4558 1879 4614 πύκνὰ

228 4647 781 4723 κστακαμπτόμὲνος,
845 4649 933 4703 καὶ
1012 4655 1128 4720 Θεῷ
1204 4647 1511 4724 προσφέρων
1569 4648 1879 4724 προσκύνη-

229 4763 344 4802 σιν,
407 4737 606 4793 Πολλοὶ
661 4737 717 4793 δὲ
775 4739 862 4793 καὶ
939 4738 1231 4813 ἀριθμῆσαι
1317 4737 1411 4798 τὰς
1497 4739 1880 4812 προσκυνήσεις

228 4829 599 4907 ἐπεχείρησαν
653 4827 846 4889 ταύτας
885 4843 897 4856 ⁸
973 4826 1113 4892 ἅπαξ
1190 4824 1244 4882 δέ
1309 4847 1390 4888 τις
1447 4832 1554 4882 τῶν
1618 4827 1756 4904 παρὰ
1806 4834 1880 4898 τῷ

231 4917 507 4997 φιλαρέτῳ
599 4914 926 4994 Θεοδωρήτῳ
1007 4918 1190 4995 χιλίας
1278 4917 1364 4972 καὶ
1435 4913 1702 4977 διακοσίας
1795 4916 1880 4972 ἐπὶ

232 5006 635 5083 τεσσαράκοντα
705 5007 791 5060 καὶ
864 5005 1078 5084 τέσσαρι
1150 5006 1471 5082 ἀριθμήσας,
1535 5010 1656 5062 εἶτα
1712 5004 1878 5062 ὀκλᾶ-

311 5165 424 5235 (38)
457 5164 591 5222 Haac
628 5163 803 5234 paulo
833 5164 1000 5222 aliter
1037 5174 1232 5222 narrat
1265 5163 1686 5234 Theodoretus,
1715 5174 1884 5234 atque

236 5239 390 5294 unde
421 5236 789 5308 sibiicognita
823 5241 932 5292 sint
955 5236 1239 5308 ostendit,
1262 5237 1336 5293 ita
1370 5235 1664 5292 scribens:
1697 5259 1718 5288 ι
1746 5235 1885 5308 Ejus

235 5323 464 5380 quoque
527 5305 1045 5380 tuit’magnatama
1093 5305 1245 5376 apud
1282 5321 1479 5380 regem
1522 5305 1828 5365 Persarum
1869 5330 1880 5363 :

237 5378 298 5437 tit
325 5378 478 5437 enim
526 5387 840 5434 narrarunt
879 5379 1050 5448 legati
1083 5381 1180 5448 qui
1231 5378 1299 5434 ad
1353 5384 1542 5448 ipsum
1580 5389 1882 5443 venerunt,

237 5452 547 5524 diligenter
590 5450 994 5524 sciscitabatur
1018 5464 1298 5524 quaenam
1351 5460 1498 5505 esset
1538 5451 1686 5524 _eius
1753 5459 1882 5514 νιιδ,

238 5533 288 5580 et
336 5521 606 5607 Quasnam
647 5521 964 5607 miracula.
1007 5521 1452 5607 .Dtcunt‘autem
1500 5521 1625 5604 ejus
1655 5535 1887 5607 quoque

235 5590 569 5668 coniugem,
609 5600 664 5648 et
692 5590 923 5662 petiisse
957 5591 1160 5668 _olcutu
1215 5590 1888 5668 dignatum'ejusbene-

234 5663 511 5732 dictione,
549 5663 606 5724 et
631 5671 904 5740 tanquam
942 5663 1160 5723 donum
1200 5665 1518 5722 maximum
1569 5664 1884 5736 accepisse.

1967 4309 2114 4351 cuns
2141 4290 2282 4363 (39),
2306 4298 2362 4350 et
2383 4288 2535 4349 ostio
2560 4302 2867 4368 aperto,ac
2887 4291 3036 4370 septi
3051 4301 3214 4372 parte
3229 4312 3344 4354 non
3369 4293 3614 4355 minima

1966 4378 2274 4451 dissoluta,
2301 4377 2580 4438 omnibus
2616 4380 2958 4459 propositus
2981 4391 3106 4442 erat
3127 4382 3286 4444 velut
3309 4393 3617 4461 spectacu-

1966 4470 2088 4530 lum
2123 4485 2359 4530 omnem
2392 4466 2850 4529 admirationem
2887 4489 3197 4550 superans,
3234 4491 3392 4533 nunc
3425 4473 3611 4535 multo

1968 4573 2225 4631 tempore
2244 4559 2468 4626 stando,
2489 4575 2647 4616 nunc
2673 4563 3004 4634 frequenter
3016 4579 3227 4632 corpus
3246 4566 3613 4631 inﬂectendo,

1967 4644 2636 4725 Deoqueadorationem
2653 4647 3154 4710 olferendo.Multi
3170 4670 3305 4712 vero
3323 4653 3616 4713 adoratio-

1965 4754 2073 4797 nes
2097 4735 2230 4796 illas
2249 4753 2595 4808 numerare,
2624 4738 2818 4798 conati
2841 4748 2978 4798 sunt
3005 4759 3017 4800 :
3049 4743 3232 4802 semel
3261 4751 3455 4803 autem
3481 4743 3614 4822 qui-

1963 4825 2098 4886 dam
2131 4823 2286 4904 apud
2311 4825 2541 4886 virtutis
2571 4837 2870 4889 amantem
2896 4829 3335 4892 Theodoretum
3362 4849 3428 4892 se
3451 4831 3614 4892 mille

1963 4914 2252 4976 ducentas
2283 4923 2342 4976 et
2372 4916 2762 4994 quadraginta
2784 4926 3040 4993 quatuor
3067 4918 3444 4980 adorationes
3468 4938 3612 4980 enu-

1966 5020 2228 5065 merasse
2253 5005 2479 5067 retulit.
2503 5005 2821 5067 Flectendo
2845 5006 3104 5068 frontem
3130 5026 3371 5087 semper
3394 5006 3608 5088 pedum

1966 5165 2124 5234 Quin
2157 5165 2327 5236 etiam
2350 5178 2554 5222 omnes
2578 5165 2730 5236 regis
2755 5165 2984 5223 asseclae
3006 5174 3061 5226 et
3080 5183 3111 5224 a
3141 5167 3285 5226 fama
3307 5169 3610 5236 commoti,

1969 5234 2266 5308 etimultas
2306 5235 2362 5291 in
2403 5251 2536 5308 eum
2587 5254 2615 5294 a
2649 5234 2856 5308 magis
2902 5241 3212 5298 adornatas
3259 5234 3610 5306 accipientes

1967 5307 2311 5380 calumnias,
2346 5307 2650 5377 diligenter
2685 5307 3007 5380 rogabant;
3041 5322 3092 5366 et
3123 5325 3254 5368 cum
3285 5309 3610 5367 intellexis-

1968 5389 2123 5447 sent,
2187 5379 2369 5436 virum
2447 5380 2706 5436 divinum
2758 5379 3157 5440 nominabant.
3207 5381 3419 5442 Caetera
3472 5395 3608 5440 vero

1969 5451 2158 5510 turba.
2197 5460 2250 5506 et
2280 5452 2348 5505 ad
2397 5451 2682 5506 muliones
2721 5451 3056 5509 accedentes
3086 5462 3142 5510 et
3176 5456 3244 5510 ad
3275 5453 3522 5509 famulos
3557 5463 3610 5509 et

1970 5520 2207 5588 milites,
2247 5533 2300 5576 et
2338 5521 3047 5596 ppecuniaonﬂerebaut,
3106 5537 3159 5582 et
3219 5525 3495 5596 rogabant
3545 5533 3608 5584 ut

1971 5601 2168 5650 essent
2204 5593 2514 5662 participes
2545 5593 2656 5648 olei
2680 5591 3124 5654 benedictionis.
3163 5617 3183 5648 ι

2043 5664 2156 5734 (39)
2197 5662 2380 5722 Habet
2409 5662 2533 5720 haec
2563 5662 2982 5727 Theodoretus.
