4018 6136
392 264 510 334 379

1671 278 1951 342 MENStS
2009 278 2465 344 JANUARIUS.

3638 274 3760 345 380

391 403 590 498 digitis
618 401 954 498 applicabat
977 429 998 498 ;ﬁ
1026 405 1197 469 facile
1227 406 1386 469 enim
1418 415 1626 472 venter
1651 408 1725 470 ob
1759 409 2026 473 alimenti

2128 437 2207 477 τας
2256 417 2431 498 ἀφῆκε
2489 419 2586 488 τὴν
2629 418 2829 498 ψῆφον,
2887 417 3239 476 κατακύπτωι
3295 416 3349 473 δὲ
3393 418 3453 473 τὸ
3502 416 3760 493 μέτωπον

394 494 690 562 defectum
715 496 958 561 dorsum
989 497 1210 561 inﬂecti
1247 498 1628 577 permittebat
1663 499 1799 579 (40).

478 769 576 833 45.
608 771 792 831 Porro
817 785 886 830 ex
910 768 1009 831 illa
1034 776 1316 848 perpetua
1341 778 1401 833 et
1432 787 1610 848 supra
1634 776 1900 831 naturam
1923 768 2033 829 ad-

399 859 653 921 mirabili
685 861 937 922 statione
962 859 1261 938 eﬂ‘ectum,
1282 868 1344 920 ut
1367 858 1423 920 in
1441 860 1626 921 altero
1647 857 1798 938 pede
1826 858 2035 937 ingens

396 949 566 1012 ulcus
588 949 969 1023 contraxerit,
999 967 1031 1010 e
1057 968 1175 1029 quo
1200 948 1456 1029 plurima
1485 950 1681 1010 sanies
1711 946 2030 1009 deﬂuebat.

395 1037 616 1100 Verum
650 1039 794 1100 nihil
830 1039 1041 1100 horum
1076 1040 1207 1119 ejus
1240 1038 1676 1120 philosophiam
1706 1036 2034 1113 repressit;

396 1128 595 1189 omnia
609 1130 767 1191 enim
782 1148 1073 1208 generose
1088 1126 1784 1209 pertulit,laborcsanimi
1801 1143 2032 1205 promp-

395 1218 648 1281 titudine
665 1220 1119 1283 vincens.Ulcus
1138 1238 1270 1281 vero
1287 1217 1438 1280 istud
1462 1217 1693 1278 cuidam
1713 1215 2030 1296 aliquando

400 1310 722 1372 ostendere
745 1317 984 1373 coactus
1006 1309 1259 1371 estErat
1289 1309 1446 1370 enim
1470 1311 1554 1367 Vir
1584 1306 1823 1386 quidam
1846 1303 2035 1383 digni-

394 1402 513 1462 tate
536 1400 1081 1471 diaconus,virtutis
1099 1400 1397 1461 studiosus
1423 1416 1436 1460 :
1469 1398 1519 1458 is
1545 1395 1856 1476 Symeonis
1881 1395 2033 1455 fama

396 1489 645 1561 excitus,
672 1491 830 1551 venit
864 1490 1309 1564 RavennaUl),
1337 1496 1395 1548 et
1427 1486 1595 1549 collis
1629 1485 1783 1545 illius
1812 1483 2032 1545 vertice

397 1597 748 1643 conscenso.
776 1582 880 1643 Dic
911 1579 1077 1650 mihi,
1104 1578 1205 1654 ait,
1241 1597 1346 1658 per
1376 1577 1562 1648 ipsam
1594 1575 1929 1647 veritatem,
1958 1591 2031 1633 an

2115 503 2193 560 ἀεὶ
2252 520 2368 571 τοῖς
2427 515 2532 565 τῶν
2596 508 2767 565 ποδῶν
2824 506 3102 571 δακτύλοις
3146 505 3460 584 προσήρειδε
3490 523 3503 537 ⁸
3542 504 3624 563 διὰ
3652 507 3759 585 γὰρ

2115 597 2212 662 τὴν
2266 600 2363 664 τῆς
2421 601 2621 676 τροφῆς
2665 596 2865 655 ἔνδειαν
2908 598 2944 664 ἠ
3003 597 3211 677 γαστὴρ
3270 596 3504 660 εὐπετῶς
3564 596 3760 653 ἐπικύ-

2114 692 2336 743 πτεσθαι
2366 696 2441 761 τῷ
2472 696 2623 761 νώτῳ
2653 701 2940 767 παρεῖχεν.

2198 768 2308 851 με’.
2355 775 2494 834 Ἀπὸ
2553 778 2799 853 μέντοιγε
2853 782 2949 843 τῆς
3004 776 3299 856 ὑπερφυοῦς
3356 774 3563 842 ἐκείνης
3621 777 3756 831 στά-

2117 885 2253 929 σεως
2312 868 2534 944 χρόνιον
2577 866 2730 930 ἕλκος
2789 865 2990 944 θατέρῳ
3048 864 3167 922 ποδὶ
3224 864 3574 943 ἓγγενομὲνον
3608 864 3757 921 πλεῖ-

2117 975 2240 1009 στον
2300 958 2504 1013 ἐκεῖθεν
2589 959 2763 1037 ἰχῶρα
2849 954 3128 1029 ἐξέκρινεν.
3196 954 3349 1012 Ἀλλ’
3405 953 3551 1029 ὅμως
3609 951 3752 1011 οὒδέν

2117 1044 2318 1101 τούτων
2377 1044 2614 1125 ἤλεγχεν
2677 1047 2836 1103 αὒτοῦ
2893 1046 2992 1113 τὴν
3071 1044 3383 1124 φιλοσοφίαν
3420 1059 3431 1071 '
3462 1041 3641 1123 ’ἔφερε
3699 1041 3755 1100 δὲ
3810 1115 3829 1127 ⁶

2114 1133 2288 1191 πάντα
2341 1137 2619 1211 γενναίως,
2664 1142 2732 1212 τῇ
2791 1137 3054 1214 προθυμία
3112 1141 3218 1191 τῶν
3271 1135 3448 1190 πιόνων
3478 1135 3759 1210 περιγινόο

2113 1244 2295 1297 μενος.
2345 1225 2509 1282 Τοῦτο
2552 1224 2606 1281 δὲ
2667 1228 2729 1283 τὸ
2785 1225 2938 1287 ἕλκος
2998 1227 3082 1281 καὶ
3138 1222 3410 1289 ὑποδεῖξαί
3464 1223 3566 1278 τινί
3624 1244 3757 1279 ποτε

2114 1311 2452 1391 ἡναγκάσθη.
2489 1315 2648 1392 Ἀνὴρ
2676 1314 2774 1391 γὰρ
2818 1336 2896 1378 τις
2957 1317 3044 1371 τὸν
3087 1315 3287 1390 βαθμὸν
3332 1312 3602 1386 διάκονος,
3660 1313 3751 1368 τὸν

2115 1402 2310 1479 τρόπον
2357 1403 2658 1483 φιλᾶρετος,
2726 1410 2793 1480 τῇ
2853 1405 2967 1482 περὶ
3027 1417 3117 1461 τον
3164 1405 3384 1478 Συμεὼν
3441 1403 3596 1482 φήμῃ
3653 1422 3751 1457 κε-

2115 1493 2425 1572 κινημένος,
2484 1495 2700 1571 ἀφίκετό
2758 1515 2885 1549 ποτε
2968 1494 3074 1550 ἀπὸ
3149 1486 3453 1571 Ῥαϐέννης,
3512 1494 3601 1549 καὶ
3656 1491 3754 1557 τὴν

2114 1584 2349 1662 κορυφὴν
2394 1584 2601 1651 ἐκείνην
2659 1580 2979 1641 καταλαϐών
3016 1600 3029 1613 ⁸
3096 1582 3223 1641 Εἷπέ
3275 1605 3389 1661 μοι,
3448 1582 3573 1661 ἔφη,
3621 1580 3754 1658 πρὸς

398 1678 457 1729 tu
491 1669 670 1731 homo
699 1688 784 1743 es,
812 1689 884 1731 an
917 1687 1054 1731 vero
1082 1668 1197 1730 alia
1226 1667 1493 1748 quaedam
1529 1674 1736 1726 natura
1765 1662 2033 1743 corporis

2128 1679 2214 1740 τῆς
2269 1675 2540 1749 ἀληθείας,
2610 1675 2764 1736 αὗτὸς
2824 1673 2923 1749 ἆρά
2976 1695 3037 1751 γε
3096 1670 3368 1748 ἅνθρωπος
3431 1672 3510 1751 εἶ,
3579 1669 3614 1738 ἥ
3674 1690 3756 1733 τις

398 1776 633 1838 eXpers,
653 1769 709 1821 et
731 1760 1047 1821 humanam
1068 1757 1322 1837 efﬁgiem
1343 1756 1643 1818 ementita.
1670 1756 1836 1817 Hanc
1854 1753 2032 1814 inter-

2128 1763 2269 1841 ἑτέρα
2328 1764 2476 1842 φύσις
2537 1762 2843 1837 ἀσώματος,
2905 1762 3001 1830 τὴν
3079 1762 3409 1839 ἀνθρωπίνην
3466 1762 3756 1838 ὑποκρινο-

397 1850 764 1928 rogationem
796 1868 929 1911 cum
963 1856 1220 1910 astantes
1257 1847 1506 1910 moleste
1529 1846 1771 1916 ferrent,
1801 1843 2033 1904 divinus

2128 1853 2253 1926 αένη
2294 1851 2575 1909 διάπλασιν
2611 1870 2625 1928 ;
2666 1851 3136 1931 Δυσχεραινσὶντων
3173 1850 3225 1906 δὲ
3257 1854 3384 1926 πρὸς
3411 1850 3511 1917 τὴν
3543 1849 3758 1924 ἐρώτη-

399 1940 652 2019 Symeon
687 1939 999 2001 tumultum
1032 1937 1274 2012 sedavit,
1311 1946 1370 1999 et
1392 1936 1460 1997 ad
1487 1936 1651 1997 illum
1687 1952 2031 2013 conversus,

402 2026 579 2103 Quid,
613 2029 826 2106 inquit,
864 2047 957 2090 me
1002 2039 1062 2088 tu
1095 2028 1207 2089 hoc
1238 2032 1456 2103 rogas?
1499 2024 1806 2087 Subnectit
1832 2024 1982 2084 alter
2017 2043 2030 2081 :

399 2117 570 2191 Quia,
594 2136 985 2199 quoscunque
1004 2117 1076 2177 de
1096 2123 1151 2177 te
1172 2115 1348 2177 audio
1367 2131 1702 2177 sermonem
1726 2113 2031 2187 facientes,

399 2226 511 2269 nec
543 2206 743 2269 cibum
776 2225 1035 2281 sumere,
1071 2224 1184 2267 nec
1214 2223 1486 2266 somnum
1521 2221 1734 2281 capere
1767 2211 1822 2263 te
1868 2202 2033 2263 διητ-

400 2305 562 2360 mant
591 2318 608 2372 ;
638 2305 958 2377 utrumque
1004 2313 1147 2357 vero
1190 2293 1419 2356 homini
1456 2293 1799 2372 proprium:
1839 2310 2034 2371 neque

405 2387 561 2449 enim
593 2386 886 2467 quispiam
923 2386 1076 2448 hanc
1108 2383 1336 2445 habens
1367 2391 1631 2442 naturam
1665 2382 1794 2442 sine
1824 2399 2034 2442 somno

404 2486 501 2537 aut
534 2478 897 2537 nutrimento
939 2474 1099 2537 vivit.
1149 2473 1234 2534 Ad
1267 2472 1392 2534 haec
1424 2470 1677 2550 Symeon
1708 2469 1896 2532 scalas
1927 2489 2035 2531 co-

402 2565 619 2627 Iumnaa
640 2564 913 2626 adhiberi
930 2563 1121 2644 jubet,
1147 2570 1204 2623 et
1227 2561 1299 2622 ad
1322 2579 1385 2623 se
1407 2569 1470 2621 ut
1491 2560 1770 2621 ascendat
1799 2567 2031 2621 monet:

402 2674 521 2735 quo
553 2673 687 2715 cum
725 2656 1012 2733 pervenit,
1049 2651 1239 2731 primo
1272 2650 1509 2730 quidem
1547 2667 1754 2709 manus
1778 2667 2036 2724 cognos-

407 2762 544 2805 cere
569 2743 872 2823 prmcepit,
896 2741 1114 2803 deinde
1135 2741 1290 2800 intra
1317 2746 1536 2799 vestem
1564 2737 1874 2817 pelliceam
1910 2737 2030 2816 (4'2)

404 2851 641 2893 manum
674 2833 942 2907 injicere,
991 2848 1186 2906 neque
1218 2828 1409 2889 solum
1447 2828 1628 2907 pedes
1676 2826 1894 2901 videre,
1930 2828 2036 2887 sed

399 2932 456 2984 et
483 2920 896 2999 gravissimum
936 2919 1079 2981 illud
1112 2917 1281 2980 ulcus
1311 2915 1601 2997 aspicere.
1633 2915 1740 2978 Vix
1775 2916 1897 2978 visa
1939 2917 2034 2978 ul-

401 3011 558 3073 ceris
582 3008 959 3073 scaturientis
985 3006 1407 3088 magnitudine,
1435 3025 1465 3067 e
1492 3005 1767 3067 columna
1788 3006 2035 3068 descen-

2117 1965 2198 1999 σιν
2243 1951 2346 1999 τῶν
2392 1942 2690 2019 παρόντων,
2736 1942 2826 1997 τὸν
2883 1938 3103 2016 θόρυϐον
3167 1944 3351 2003 αὐτοῖς
3386 1942 3409 1996 ὃ
3443 1942 3586 2004 θεῖος
3643 1946 3755 1993 Συ-

2118 2034 2262 2108 μεὼν
2322 2030 2695 2109 γαταστείλας,
2756 2031 2843 2085 καὶ
2884 2032 3011 2107 πρὸς.
3068 2029 3274 2085 ἐκεῖνον
3321 2027 3663 2106 ἐπιστρέψας,
3704 2026 3762 2085 Τί

2118 2145 2271 2198 ποτε,
2307 2122 2458 2202 φησὶ,
2495 2142 2648 2177 τουτο
2681 2142 2746 2195 με
2777 2118 2932 2198 ἤρου;
2964 2129 3065 2178 Τοῦ
3095 2118 3149 2174 δὲ
3172 2119 3472 2198 εἴρηκότος,
3497 2118 3576 2174 ὅτι
3611 2118 3760 2178 Πάν-

2117 2235 2223 2269 των
2269 2212 2445 2268 ἀκούω
2501 2209 2849 2288 θρυλούντων,
2891 2211 2963 2271 ὡς
3011 2208 3127 2265 οὕτε
3191 2208 3402 2287 ἐσθίεις,
3450 2208 3569 2265 οὔτε
3625 2210 3763 2262 καθ-

2118 2301 2282 2367 εύδεις
2320 2318 2333 2332 ·
2397 2300 2643 2377 ἑκάτερον
2690 2298 2743 2353 δὲ
2788 2298 3048 2375 ἀνθρώπῳ
3092 2295 3231 2355 ἴδιον
3266 2314 3279 2327 ⁸
3329 2301 3390 2356 οὗ
3446 2299 3545 2375 γὰρ
3576 2296 3636 2353 ἄν
3680 2317 3763 2356 τις

2115 2392 2313 2457 ταύτην
2344 2390 2488 2469 ἔχων
2519 2391 2615 2457 τὴν
2648 2389 2800 2468 φύσιν
2831 2391 3030 2466 τροφῆς
3063 2384 3188 2466 δίχα
3241 2387 3330 2443 καὶ
3374 2385 3538 2443 ὕπνου
3567 2386 3707 2461 βιῴη
3743 2404 3762 2421 ο

2116 2482 2418 2547 ἐπιτεθῆναι
2480 2479 2795 2557 προστάττει
2852 2482 2927 2550 τῷ
2982 2480 3118 2533 κίονι
3190 2476 3449 2551 κλίμακα,
3511 2476 3763 2532 κάκεῖνον

2118 2574 2190 2633 ὡς
2238 2570 2393 2629 αὒτὸν
2451 2568 2717 2636 ἀναϐῆναι
2756 2586 2770 2600 ³
2834 2567 2947 2624 ἐπεὶ
3019 2564 3073 2622 δε
3129 2565 3231 2633 ἤδη
3288 2565 3517 2638 ἆνέλθοι,
3578 2571 3757 2642 πρῶτα

2120 2663 2217 2736 μὲν
2271 2663 2602 2735 καταμαθεῖν
2659 2680 2753 2721 τας
2812 2670 3008 2736 χεῖρας
3075 2655 3393 2733 ἒπετρέπετο
3430 2672 3443 2686 ⁸
3474 2656 3595 2712 εἶτα
3625 2654 3759 2710 εἴσω

2118 2754 2210 2807 τοῦ
2268 2748 2576 2827 δερματίνου
2642 2745 2981 2824 περιϐολαίου
3038 2746 3134 2812 τὴν
3179 2761 3346 2824 χε”ρα
3404 2743 3639 2822 βαλεῖν,
3672 2744 3760 2799 καὶ

2119 2841 2252 2897 ἰδεῖν
2283 2840 2360 2914 μὴ
2393 2840 2510 2899 τοὺς
2562 2836 2727 2898 πόδας
2786 2837 2973 2911 μόνον,
3011 2834 3149 2891 ἀλλὰ
3181 2836 3268 2890 καὶ
3326 2836 3385 2890 τὸ
3425 2833 3760 2915 χαλεπώτα-

2117 2954 2209 2987 τον
2269 2930 2421 2992 ἕλκος
2460 2927 2660 2989 ἐκεῖνο.
2698 2924 2843 2983 ’[ὃὼν
2889 2924 2942 2981 δὲ
3001 2925 3098 2992 τὴν
3154 2934 3246 2983 τοῦ
3298 2922 3483 2987 ἕλκους
3528 2920 3759 3000 ὑπερϐο-

2118 3020 2244 3099 λὴν,
2304 3026 2394 3075 τοῦ
2448 3015 2639 3073 στύλου
2675 3038 2731 3072 τε
2775 3013 3147 3090 κατεληλύθει,
3180 3015 3266 3070 καὶ
3298 3014 3425 3091 πρὸς
3457 3012 3514 3068 ὅν
3550 3014 3574 3069 ἒ.
3607 3013 3766 3089 λόγος

402 3099 509 3195 dit,
542 3109 598 3162 et
631 3099 700 3161 ad
734 3099 1203 3195 Theodoretum,
1240 3100 1313 3157 de
1343 3115 1457 3175 quo
1503 3095 1667 3174 prius
1698 3114 1899 3157 sermo
1937 3096 2033 3157 in-

2128 3095 2317 3189 ρθέσας
2388 3105 2623 3176 ἐδήλωσε
2709 3103 3049 3182 Θεοδώρητον
3147 3104 3494 3181 ἀφικόμενος,
3591 3102 3764 3158 πάντα

404 3189 568 3263 cidit,
604 3189 923 3271 profectus,
977 3187 1174 3249 omnia
1219 3196 1489 3247 accurate
1550 3186 1831 3249 narravit.
1892 3187 2036 3249 lude

354 3279 459 3340 'in
493 3278 738 3360 patriam
767 3277 1085 3340 revertitur
1121 3295 1310 3356 praeco
1336 3275 1765 3336 disertissimus
1797 3294 2035 3337 omnem

399 3377 665 3429 naturam
712 3366 1123 3428 excedentium
1159 3364 1267 3425 viri
1303 3364 1474 3442 huius
1498 3371 1910 3426 certaminum.

482 3458 579 3519 46.
628 3456 782 3520 Aliis
812 3456 970 3518 enim
1007 3454 1398 3516 certatoribus
1438 3454 1671 3515 dierum
1701 3453 2036 3515 circumvo-

399 3545 659 3609 lutiones
707 3554 872 3615 grata
920 3544 1167 3625 quadam
1209 3541 1563 3604 remissione
1607 3540 1841 3603 labores
1871 3543 2036 3605 exci-

403 3635 594 3717 piunt;
628 3637 764 3697 huic
793 3654 929 3697 vero
956 3635 1247 3695 continua:
1275 3631 1433 3693 illius
1461 3632 1820 3711 pmniteutim
1844 3633 2035 3713 quies.

401 3736 526 3786 erat
566 3724 838 3785 laborum
874 3723 1144 3786 mutatio.
1196 3721 1293 3784 Sol
1334 3723 1454 3800 jam
1490 3722 1855 3783 occubuerat
1889 3723 2036 3803 M3),

400 3812 503 3874 ille
526 3814 597 3874 ad
642 3812 1079 3890 intelligibilem
1116 3830 1147 3872 e
1189 3811 1566 3871 inocciduum
1600 3810 1799 3872 Solem
1835 3831 2041 3873 manus

404 3911 523 3962 tum
585 3902 935 3975 extendens,
998 3911 1207 3962 noctes
1262 3898 1522 3977 integras
1573 3899 1781 3973 stabat,
1843 3920 2041 3978 neque

400 4009 606 4052 somno
636 3990 941 4062 delinitus,
971 4008 1165 4070 neque
1196 3988 1426 4066 ignavia
1458 3989 1667 4062 victus,
1716 3989 1905 4050 donec
1936 3990 2038 4051 ille

396 4079 611 4141 iterum
665 4079 734 4141 ad
786 4079 1033 4141 orientis
1087 4078 1451 4139 horizon'em
1504 4085 1925 4147 reverteretur,
1982 4088 2041 4139 et

402 4171 591 4231 noctis
624 4168 914 4230 tristitiam
971 4168 1090 4229 diei
1141 4169 1481 4229 amoenitate
1532 4168 1896 4229 terminaret.
1940 4166 2041 4231 His

400 4258 617 4319 deinde
644 4256 1068 4319 certaminibus
1100 4256 1385 4319 exercitia
1431 4257 1565 4329 alia,
1622 4256 1753 4319 aliae
1804 4275 2037 4337 praxes,

401 4347 647 4408 aliarum
682 4347 943 4422 denique
983 4363 1226 4425 precum
1268 4345 1427 4407 modi
1460 4346 1643 4408 multo
1674 4346 2041 4411 difﬁciliores

402 4435 826 4497 succedebant.

486 4626 590 4688 47.
622 4623 708 4686 Ita
740 4623 839 4685 ille
864 4624 922 4685 iu
946 4622 1122 4684 tantis
1146 4622 1454 4697 molestiis,
1485 4632 1643 4686 tanta
1676 4634 1874 4686 terum
1903 4646 2047 4707 prae-

2120 3199 2389 3276 διηγεῖται
2436 3197 2525 3252 σὺν
2572 3194 2828 3274 ἄκριϐείᾳ.
2891 3192 3130 3252 Ἐκεῖθέν
3202 3215 3258 3248 τε
3319 3194 3447 3271 πρὸς
3494 3192 3591 3259 τὴν
3651 3213 3763 3247 πα-

2120 3288 2262 3368 τρίδα
2293 3288 2558 3360 ἐπάνεισι,
2603 3284 2763 3364 κῆρυξ
2812 3290 2912 3341 τών
2942 3286 3217 3362 ὑπερφυῶν
3250 3292 3342 3341 τοῦ
3375 3279 3557 3357 ἀνδρὸς
3592 3278 3765 3339 ἄθλων

2120 3378 2493 3455 λαμπρότατος
2507 3418 2521 3434 .

2200 3468 2345 3543 μς’.
2392 3477 2521 3531 Τοῖς
2582 3464 2678 3539 μὲν
2722 3461 2905 3527 ἄλλοις
2948 3468 3054 3519 τῶν
3084 3460 3264 3519 καλῶοι
3314 3462 3641 3537 ἀγωνισταῖς
3675 3480 3768 3516 πε-

2122 3558 2283 3638 ρίοδοί
2343 3578 2479 3621 τινες
2542 3556 2758 3632 ἡμερῶν
2817 3553 2905 3609 καὶ
2977 3553 3290 3630 προθεσμίαι
3379 3549 3591 3607 ἀνέσεσι
3674 3546 3765 3603 δε-

2123 3649 2349 3716 ξιουνται
2408 3647 2528 3709 τοὺς
2586 3644 2775 3704 πόνους
2814 3659 2827 3673 ·
2887 3648 2963 3715 τῷ
3021 3638 3075 3697 δὲ
3118 3642 3216 3707 τῆς
3266 3646 3524 3719 συνεχοῦς
3559 3638 3766 3704 ἐκείνης

2125 3738 2397 3817 καρτερίας
2441 3735 2736 3797 ἀνάπαυσις
2792 3733 2860 3798 ἦν
2915 3733 2951 3799 ἡ
3010 3732 3141 3808 πρὸς
3192 3729 3399 3807 ἐτέρους
3452 3730 3557 3782 τῶν
3589 3727 3767 3783 πόνων

2124 3814 2421 3905 μεταϐολή,
2480 3822 2639 3881 ’Έδυε
2707 3822 2803 3896 μὲν
2872 3821 2973 3898 γὰρ
3031 3822 3057 3875 ὁ
3116 3817 3289 3892 ἥλιος,
3338 3818 3366 3873 ὃ
3410 3814 3458 3873 δὲ
3510 3818 3641 3895 πρὸς
3673 3817 3767 3872 τὸν

2123 3919 2312 3984 νοητὸν
2343 3918 2429 3971 καὶ
2461 3912 2642 3968 ἄδυτον
2701 3909 2891 3966 ’Πλιον
2943 3910 3035 3973 τὰς
3084 3921 3279 3988 χεῖρας
3308 3905 3521 3986 ἀνέχων
3554 3905 3757 3961 παννύ-

2122 4029 2246 4088 χιον
2277 4006 2493 4076 ἕστηκε,
2541 4000 2657 4058 οὔτε
2714 4000 2861 4073 ὕπνῳ
2901 3997 3242 4076 θελγόμενος,
3303 3994 3419 4051 οὔτε
3475 3995 3615 4067 ὄκνῳ
3672 4017 3759 4050 νι-

2121 4083 2387 4170 κώμενος,
2436 4092 2534 4157 ἕως
2588 4088 2648 4146 ἂν
2704 4088 2857 4151 οὗτος
2919 4088 2992 4147 εἷς
3040 4088 3131 4142 τὸν
3186 4086 3318 4160 ἑῷον
3350 4084 3494 4147 αὖθις
3526 4083 3763 4162 ὁρίζοντα

2124 4188 2358 4265 γένοιτο,
2418 4184 2504 4239 καὶ
2561 4182 2621 4237 τὸ
2664 4185 2762 4245 τῆς
2817 4179 3000 4241 νυκτὸς
3034 4177 3341 4255 σκυθρωπὸν
3384 4181 3461 4248 τῷ
3494 4179 3588 4241 τῆς
3619 4172 3763 4247 ἡμέ-

2125 4264 2217 4349 ρας
2273 4274 2533 4331 διαλύσεις
2596 4267 2926 4344 μειδιάματι.
2993 4266 3129 4323 Εἶτα
3187 4267 3278 4320 τὸν
3341 4264 3522 4342 ἀγῶνα
3578 4270 3765 4319 τοῦτον

2125 4368 2299 4439 ἕτεραι
2370 4361 2529 4420 πάλιν
2589 4358 2844 4428 ἀσκήσεις
2880 4404 2894 4429 ,
2956 4356 3041 4411 καὶ
3127 4352 3342 4433 πράξεις
3397 4353 3602 4430 ἕτεραι,
3677 4354 3765 4408 καὶ

2059 4461 2439 4536 οπροσευχῶν
2501 4448 2678 4507 ἄλλων
2747 4447 2937 4525 τρόποι
2994 4441 3184 4518 πολλῷ
3261 4443 3537 4521 βαρύτεροι
3599 4438 3766 4497 διεδέ-

2174 4568 2319 4607 οντο,

2174 4574 2319 4607 οντων

2129 4574 2171 4628 χ
2212 4624 2325 4710 et”.
2373 4631 2524 4697 Οὕτω
2580 4628 2751 4687 τοίνυν
2824 4626 2911 4682 καὶ
2969 4624 3022 4679 ἐν
3082 4622 3353 4684 τοσούτοις
3427 4620 3610 4683 πόνοις
3680 4618 3765 4673 καὶ

405 4716 562 4778 clare
595 4723 898 4795 gestarqu
930 4712 1105 4787 mole,
1137 4720 1295 4774 tanta
1328 4714 1747 4775 miraculorum
1787 4716 2036 4776 multitu-

2134 4722 2557 4799 κατορθωμάτων
2600 4717 2744 4795 ὄγκῳ
2786 4718 2874 4773 καὶ
2935 4711 3125 4779 πλήθει
3182 4710 3464 4786 θαυμάτων
3520 4709 3616 4775 τὴν
3659 4707 3763 4763 τῶν

405 4804 809 4879 dine,virtutis
833 4803 1088 4865 culmine
1106 4803 1590 4879 ascenso,multis
1613 4803 1813 4883 spatiis
1837 4824 1931 4865 om
1944 4824 2036 4867 nes

2130 4797 2331 4894 ἀρετῶν
2386 4808 2618 4886 κορυφὴν
2696 4800 3201 4884 ὑπεραναϐεϐηκὼς,
3265 4801 3353 4855 καὶ
3439 4798 3629 4872 πολλῴ
3693 4797 3771 4870 τῷ

411 4895 689 4958 mortales
711 4895 887 4973 longe
908 4910 1353 4973 supergressus,
1388 4893 1465 4954 ita
1500 4901 1624 4954 erat
1654 4894 1836 4955 animi
1863 4916 2036 4960 sensu

2133 4887 2280 4979 μ’έσῳ
2339 4901 2541 4961 πάντας
2601 4896 2901 4975 ἀνθρώπους
2957 4891 3323 4969 παρενεγκὼν,
3375 4888 3543 4951 οὕτως
3588 4887 3653 4955 ἦν
3715 4889 3770 4942 τὸ

481 5073 591 5145 (t0)
615 5072 811 5129 Paullo
834 5070 1451 5145 aliter_Tbeodorelus:
1486 5092 1506 5121 ι
1535 5070 1669 5127 Nam
1696 5086 1825 5145 cum
1858 5089 2054 5137 tener

412 5141 589 5202 semel
617 5147 672 5200 in
709 5141 1422 5216 bebdomadagalimentum
1448 5144 1709 5212 accipiat,
1734 5142 1908 5216 idque
1928 5154 2052 5207 exi-

416 5231 619 5288 guum,
643 5226 924 5288 quantum
943 5234 958 5269 t
977 5222 1027 5271 st
1048 5213 1375 5288 divinorum
1395 5213 1896 5288 sacramentorum
1925 5235 2054 5288 par-

413 5283 697 5353 ficipatio,
717 5287 888 5343 dorso
908 5285 1173 5343 concedit
1198 5293 1259 5342 ut
1278 5283 1444 5342 facile
1468 5284 1812 5343 inﬂectatur.
1842 5309 1866 5340 ι)
1892 5283 2057 5350 Unde

416 5359 730 5429 colligitur,
759 5372 891 5414 eum
916 5356 1167 5481 singulis
1189 5356 1561 5413 hebdomadis
1584 5356 1813 5415 solitum
1842 5359 2053 5421 Christi

417 5441 631 5481 cornus
661 5431 978 5481 nerclnere.
1055 5442 1143 5481 am
1176 5432 1221 5481 si
1255 5430 1322 5481 de
1352 5428 1464 5481 alio
1488 5430 1615 5481 cibo
1650 5442 1838 5481 atteret
1872 5428 2053 5481 'l'hm-

417 5428 631 5500 corpus
661 5431 978 5500 percipere.
1010 5428 1143 5483 Nam
1176 5432 1221 5483 si
1255 5430 1322 5483 de
1352 5428 1464 5483 alio
1488 5430 1615 5483 cibo
1650 5442 1838 5498 ageret
1872 5428 2057 5491 Theo-

418 5499 681 5566 doretus,
720 5513 914 5573 secum
950 5501 1071 5570 ipse
1105 5508 1403 5573 pugnaret,
1438 5501 1535 5573 qui
1574 5510 1705 5573 anze
1734 5502 2058 5573 scriptam,

418 5582 551 5626 eum
598 5569 1039 5641 quadragesimo
1091 5569 1278 5626 solum
1321 5569 1412 5626 die
1446 5569 1765 5641 Cibo_rcﬂci
1810 5569 2063 5635 censue;

417 5641 591 5700 visse.
619 5639 861 5700 Hamus
902 5646 1059 5698 certe
1116 5641 1225 5698 sibi
1291 5639 1657 5707 contradicit,
1692 5643 1828 5701 dum
1869 5652 2061 5718 primo

2136 5078 2370 5137 nonnisi
2413 5072 2853 5146 quadragesimo
2876 5070 2988 5132 die.
3024 5075 3214 5139 postea
3249 5064 3421 5122 semel
3457 5065 3515 5120 in
3553 5063 3769 5121 hebdo-

2139 5152 2295 5197 maliti
2328 5150 2519 5197 cihnm
2563 5158 2793 5197 sumere
2840 5141 3073 5197 solitum
3126 5136 3346 5196 scribit.
3408 5136 3567 5192 Idem
3603 5135 3775 5193 habet

2138 5152 2295 5208 mada
2328 5150 2519 5205 cibum
2563 5158 2793 5202 sumere
2840 5149 3073 5199 solitum
3126 5149 3346 5196 scribit.
3408 5149 3567 5192 luem
3603 5149 3749 5193 uane

2139 5222 2466 5295 Alphonsus
2503 5217 2828 5295 Yillegas."
2979 5284 3010 5295 μ’
3128 5279 3143 5295 _
3208 5281 3223 5295 λ
3314 5278 3329 5295 1
3424 5293 3439 5295 ῃ
3497 5277 3678 5295 ’,με

2211 5278 2323 5362 '(tt)
2354 5278 2751 5349 Tbeodoreius
2787 5284 3039 5355 Hervcti,
3089 5279 3152 5337 ab
3184 5278 3469 5346 Arabena;
3497 5278 3702 5349 Longi,
3744 5291 3777 5334 a

2138 5363 2415 5419 Rhamcnc.

2212 5437 2326 5503 (t2)
2355 5432 2606 5503 Villegas
2639 5439 2692 5487 et
2726 5426 2921 5486 Ribad.
2964 5425 3279 5503 εἱιίοριιαξιι.Δ
3372 5495 3382 5503 _
3613 5491 3649 5503 η

2214 5491 2326 5574 (433
2350 5491 2745 5563 Τιιοοὶἱοτειιιε
2778 5503 2897 5557 haec.
2917 5513 3049 5556 eum
3073 5497 3231 5553 festis
3254 5494 3511 5553 factitare
3542 5491 3779 5549 solitum

2143 5578 2359 5636 scribit.
