4018 6136
248 330 329 397 381

1340 327 1529 393 VITA
1573 326 1635 388 S.
1685 324 2069 391 SYMEONIS
2118 325 2489 391 STYLIT/E.

3482 320 3600 391 382

241 469 444 548 ρρᾶνημα
509 462 752 546 μέτριος
839 467 929 523 καὶ
1009 462 1202 544 γλυκὺς
1277 463 1367 521 καὶ
1442 463 1716 542 ἐπίχαρις,
1790 462 1864 518 καῖ

1959 461 2328 533 moderatus,
2359 460 2441 521 ita
2471 458 2665 522 suavis
2695 463 2754 523 et
2798 458 3114 540 gratus,ita
3142 458 3390 538 singulis
3419 478 3598 523 acce-

232 559 330 632 ςρὸς
411 554 672 612 ἕκαστον
762 557 870 612 τῶν
944 551 1343 632 διαλεγομένων
1427 552 1875 630 ἀποκρινόμενος,

222 643 309 703 εἴτε
354 644 778 725 χειροτέχνης,
826 643 940 701 εἴτε
983 643 1301 722 προσαίτης,
1347 640 1461 697 εἴτε
1504 663 1584 699 τις
1626 641 1875 720 ἄγροικος

215 734 337 808 αύτῳ
379 735 647 813 προσίοι,
696 734 878 812 ὥσπερ
909 731 1092 806 πολλῷ
1132 731 1346 789 πάντων
1388 731 1526 788 κατά
1555 752 1615 808 γε
1644 733 1744 798 τὴν
1775 737 1874 798 τῆς

212 825 389 903 ἀρετῆς
423 823 602 880 ἀσίαν
655 822 999 899 λειπόμενος,
1034 821 1124 878 ἒπῖ
1180 821 1361 896 μέντοι
1402 832 1518 884 τοῖς
1567 818 1749 884 ἄλλοις
1779 823 1871 877 καὶ

1960 551 1995 613 d
2017 550 2252 612 entibus
2274 568 2562 631 responsa
2589 549 2784 622 dabat,
2819 548 2942 612 sive
2981 550 3227 630 opiﬁces
3249 549 3602 624 essent,sive

1958 648 2233 719 agrestes
2264 639 2364 720 qui
2394 640 2564 702 illum
2587 639 3039 714 accederent,ac
3072 644 3119 701 si
3146 638 3379 702 caeteris
3402 637 3602 701 omni-

1958 728 2072 791 bus
2099 730 2340 791 virtutis
2371 728 2663 809 dignitate
2719 729 2895 808 longe
2924 728 3174 792 inferior
3203 734 3382 790 esset.
3417 729 3599 790 Porro

1961 827 2177 900 praeter
2205 819 2320 881 alia
2383 837 2726 881 sermonum
2766 837 3003 899 quoque
3050 817 3447 899 spiritualium
3500 834 3602 879 ve-

209 912 374 991 λόγων
432 915 624 993 χάρις
700 917 1075 987 πνευματικῶν
1135 924 1254 975 τοῖς
1311 909 1550 989 χείλεσιν
1635 909 1864 985 ἐπήνθει,

1966 916 2177 971 nustas
2206 910 2262 969 in
2293 909 2421 988 ejus
2449 907 2637 970 labris
2668 907 3102 983 efﬂorescebat,
3135 917 3192 969 et
3218 907 3417 969 divina
3439 924 3604 987 quee-

208 1005 289 1060 καὶ
340 1002 519 1060 πειθώ
567 1025 667 1068 τις
726 1001 1026 1068 ἐπεκάθητο
1075 999 1209 1071 θεία,
1257 1001 1331 1063 ὡς
1388 997 1462 1061 δὶς
1507 998 1603 1074 μὲν
1650 998 1864 1064 ἑκάστηι

1970 997 2108 1059 dam
2145 997 2409 1074 suadela,
2444 1009 2509 1059 ut
2540 996 2632 1059 bis
2662 996 2927 1078 quotidie
2974 997 3421 1059 adhortationes
3449 997 3603 1059 face-

207 1092 399 1170 ἠμέρας
462 1096 767 1148 ποιεῖσθαι
831 1091 923 1154 τὰς
978 1087 1314 1162 παραινέσεις
1380 1087 1516 1144 πολὺ
1573 1088 1633 1142 τὸ
1691 1088 1864 1167 χάριεε

1970 1095 2089 1168 ret,
2122 1093 2311 1166 gratia
2340 1086 2590 1169 quadam
2619 1086 2901 1167 singulari
2927 1087 3217 1162 conditas,
3257 1086 3606 1168 plurimum-

207 1181 331 1255 μετὰ
386 1186 489 1237 τοῦ
557 1179 809 1260 ὠ-ρελετν
863 1178 1115 1259 ἐχούσας,
1163 1178 1257 1234 καί
1302 1176 1571 1233 ἀνανεύειν
1615 1178 1690 1240 εἰς
1723 1176 1870 1252 οὖραο

206 1270 335 1343 νοὸς,
390 1276 491 1326 καί
547 1270 815 1328 πέτεσθαι
878 1274 954 1340 τῷ
1012 1269 1112 1333 τῆς
1167 1266 1360 1345 ἀρετῆς
1420 1268 1597 1342 πτερῷ
1666 1286 1871 1342 παρεγ-

203 1364 346 1437 γυᾷν,
392 1363 504 1426 τῆς
557 1364 678 1436 γ’ἦς
727 1380 784 1413 τε
839 1355 1265 1414 ἀπαλλάττεσθαι
1326 1353 1421 1410 καί
1479 1355 1578 1422 τὴν
1640 1351 1871 1432 προσδο-

200 1448 451 1522 κωμένην
551 1448 919 1527 φαντάζεσθαι
997 1443 1294 1523 βασιλείαν,
1353 1444 1441 1501 καὶ
1501 1444 1598 1511 τῆς
1654 1442 1870 1522 γεέννης

196 1534 418 1593 δεδιέναι
466 1537 591 1601 τὴν
645 1535 900 1616 ιέιπειλὴν³
958 1537 1049 1594 καὶ
1092 1545 1445 1614 καταφρονεῖν
1488 1540 1595 1590 τῶν
1638 1535 1869 1612 γηίνων,

194 1628 275 1683 καὶ
304 1626 662 1704 προσμένειν
693 1626 755 1682 τὰ
786 1625 1078 1700 μέλλοντα,

270 1717 402 1789 μη¹.
455 1710 575 1773 Ἦν
627 1714 681 1772 δὲ
727 1716 883 1772 αδτὸν
913 1715 1046 1770 ίδεϊν
1105 1712 1196 1769 καί
1242 1710 1547 1784 δικάζοντα·
1592 1712 1761 1788 ταύτῃ
1791 1732 1871 1768 τοι

1958 1195 2078 1255 que
2108 1178 2427 1240 afferentes
2451 1177 2726 1240 utilitatis
2761 1197 2775 1238 :
2809 1185 2867 1239 et
2899 1188 2960 1237 ut
2991 1176 3053 1240 in
3087 1176 3300 1239 caelum
3335 1177 3604 1257 suspice-

1956 1274 2114 1339 rent,
2150 1274 2329 1347 alque
2385 1266 2493 1328 alis
2544 1266 2821 1328 virtutum
2873 1284 3107 1328 sursum
3160 1267 3599 1328 evolarentco-

1957 1354 2355 1432 hortabatur;
2407 1363 2464 1417 et
2491 1364 2649 1417 terra
2678 1356 2889 1417 relicta
2916 1364 3309 1437 praeparatum
3343 1355 3475 1418 coeli
3507 1375 3602 1419 re-

1955 1463 2137 1524 gnum
2170 1444 2570 1525 contemplari
2595 1444 2871 1525 jubebat;
2893 1444 3037 1507 alias
3065 1447 3274 1506 iterum
3311 1445 3603 1524 gehennae

1959 1534 2149 1595 minas
2184 1542 2479 1609 metuere,
2538 1541 2776 1597 terrena
2826 1542 3234 1611 contemnere,
3271 1535 3464 1598 futura
3492 1536 3602 1598 de-

1955 1622 2140 1703 nique
2173 1631 2542 1704 exspectare.

2036 1712 2137 1775 48.
2169 1711 2309 1773 Erat
2338 1712 2515 1774 etiam
2550 1715 2742 1794 ipsum
2780 1713 3374 1794 viderejudicantem
3410 1735 3425 1774 :
3461 1731 3599 1777 nam

196 1805 280 1860 καὶ
322 1803 536 1861 πολλοὶ
605 1803 837 1868 πολλοῖς
892 1803 1148 1881 πρότερον
1190 1815 1384 1866 κακοῖς
1429 1804 1519 1858 τὸν
1562 1803 1674 1879 βίον
1724 1799 1864 1879 ὑϐρί-

1961 1800 2272 1882 multi,qui
2305 1801 2468 1881 prius
2492 1803 2669 1864 variis
2703 1804 2937 1882 probris
2965 1804 3140 1866 vitam
3168 1821 3333 1865 suam
3359 1803 3600 1866 infama-

194 1899 402 1967 ζοντεςν
465 1892 829 1961 δικαιοσύνης
873 1894 1006 1969 μετᾶ
1052 1892 1151 1960 τὴν
1208 1891 1410 1947 ἐκείνου
1465 1894 1634 1970 κρίσιν
1683 1889 1864 1970 ὤφθη-

1961 1900 2195 1964 verant,
2232 1898 2367 1972 post
2398 1892 2531 1971 ejus
2579 1891 2872 1971 judicium
2908 1893 3172 1972 insignes
3192 1892 3438 1972 justitiae
3466 1893 3597 1955 cul-

196 2003 287 2038 σαν
318 1982 591 2060 ἐρασταὶ,
633 1985 724 2039 καὶ
754 1986 899 2061 ὥπερ
944 1979 1006 2036 ἄν
1041 1985 1076 2050 ἡ
1136 1981 1335 2037 ἐκείνου
1380 1985 1559 2060 ψῆφος
1607 1981 1669 2036 τὸ
1711 1980 1872 2048 ἦττον

194 2069 526 2143 ἀπένειμεν,
602 2071 749 2131 οὐδὲν
836 2071 1054 2128 ἔλαττον
1138 2070 1287 2131 οὗτος
1368 2077 1463 2126 τοὸ
1534 2068 1873 2136 νενικηκότος

197 2162 406 2238 χαίρων
482 2162 685 2238 ἀπῄει.
754 2160 923 2219 Ἀλλὰ
999 2167 1163 2217 ταῦτα
1235 2162 1333 2234 μὲν
1383 2159 1472 2215 καὶ
1535 2159 1600 2213 τὰ
1654 2164 1870 2215 τοιαῦτα

196 2248 350 2328 ἔργον
397 2251 564 2326 αὐτῷ
613 2252 750 2327 μετά
791 2251 890 2317 τὴν
949 2250 1172 2316 ἐννάτην
1230 2249 1364 2317 ἦσαν
1417 2248 1558 2326 ὥραν
1593 2267 1610 2284 ο
1643 2247 1741 2314 τὴν
1771 2249 1870 2325 γὰρ

202 2341 362 2396 νύκτα
422 2347 625 2398 πᾶσαν
676 2341 762 2397 καὶ
817 2343 879 2396 τὸ
951 2339 1142 2419 μέχρις
1215 2337 1438 2404 ἐννάτης
1507 2342 1607 2404 τῆς
1665 2335 1869 2413 ἡμέρας

200 2425 480 2505 διαστημα
523 2431 971 2510 προσευχόμενος
1029 2427 1248 2484 διετέλει
1285 2443 1298 2458 ⁶
1336 2427 1471 2501 μετὰ
1499 2424 1554 2481 δὲ
1586 2426 1681 2494 τὴν
1713 2423 1869 2481 ἐννά-

205 2537 299 2583 την
349 2525 553 2596 πρῶτα
617 2518 714 2594 μὲν
774 2520 869 2585 τὴν
912 2519 1055 2575 θείαν
1098 2514 1435 2573 διδασκαλίαν
1480 2529 1598 2578 τοῖς
1649 2522 1870 2589 παροῦσι

205 2607 475 2686 προσῆγε,
544 2608 638 2664 καὶ
697 2608 822 2664 εἶτα
877 2608 1008 2682 πρὸς
1065 2606 1165 2674 τὴν
1222 2606 1448 2664 ἑκάστου
1518 2604 1737 2672 α”ἷτησιν
1779 2605 1871 2669 τὰς

207 2694 374 2759 ἰάσεις
443 2696 846 2776 ἐπιμετρήσας,
923 2696 1132 2753 εὐθεῖάν
1189 2717 1246 2752 τε
1301 2696 1398 2764 τὴν
1458 2694 1632 2773 κρίσιν
1689 2691 1868 2770 ἐξῆγε,

211 2785 297 2839 καὶ
350 2799 474 2850 τοῖς
523 2783 923 2865 ἀμφισϐητοῦσι
989 2787 1084 2850 τὰς
1127 2785 1337 2849 στάσεις
1385 2782 1550 2841 διέλυε
1581 2800 1596 2815 ⁸
1657 2784 1775 2860 περὶ
1817 2781 1871 2839 δὲ

214 2870 359 2937 ἦλίου
388 2872 552 2930 δύσιν
586 2880 686 2942 τῆς
724 2877 854 2953 πρὸς
898 2875 991 2931 τὸν
1036 2874 1166 2931 Θεόν
1210 2873 1400 2932 λοιπὸν
1441 2872 1645 2953 ἤρχετο
1687 2870 1868 2928 διαλέ-

221 2956 366 3025 ξεως.

297 3041 408 3122 μθ’,
469 3051 629 3109 Ἀλλ’
686 3053 742 3110 ἐν
784 3053 986 3117 τούτοις
1018 3054 1093 3112 ὢν
1130 3055 1215 3111 καὶ
1245 3052 1383 3111 οὕτω
1430 3051 1655 3118 πολλοῖς
1712 3074 1870 3127 μερι-

229 3139 465 3222 ζόμενος,
529 3141 648 3200 οὖδὲ
707 3149 808 3210 τῆς
860 3150 966 3200 τῶν
1052 3144 1216 3222 ἁγίων
1288 3141 1625 3209 Ἐκκλησιῶν
1678 3141 1869 3217 ἠμέλει

235 3229 519 3306 οροντίδος,
579 3240 667 3289 νῦν
712 3233 812 3305 μὲν
873 3232 1170 3308 Ἑλληνικῇ
1219 3229 1489 3305 δυσιεϐείᾳ
1532 3231 1865 3311 μαχόμενος,

245 3319 327 3371 νῦν
405 3315 457 3372 δὲ
504 3322 601 3387 τὴν
679 3328 786 3377 τῶν
858 3318 1122 3381 Ἰουδαίων
1196 3319 1474 3377 καταλύων
1544 3321 1864 3398 θρασύτητα,

254 3400 437 3461 ἄλλοτε
491 3406 546 3464 δὲ
590 3411 681 3474 τὰς
731 3415 834 3466 τῶν
878 3413 1155 3488 αἱρετικῶν
1198 3407 1478 3472 σκεδαννὺς
1521 3411 1814 3487 συμμορίας
1850 3428 1863 3442 ·

244 3492 328 3578 καὶ
355 3502 501 3552 τοῦτο
556 3498 649 3572 μὲν
694 3498 913 3576 βασιλεῖ
968 3503 1082 3578 περὶ
1125 3499 1298 3555 ἁῦτῶν
1330 3497 1681 3572 ἐπιστέλλων,
1715 3505 1869 3556 τοῦτο

234 3576 285 3668 δὲ
311 3583 428 3648 τοὺς
468 3587 741 3668 ἄρχοντας
802 3591 876 3650 εἷς
935 3576 1045 3645 τὸν.
1085 3598 1179 3648 τοῦ
1209 3588 1341 3645 Θεοῦ
1367 3586 1528 3659 ζῆλον
1557 3585 1860 3661 διανιστῶν,

232 3667 335 3725 ἔστι
375 3669 428 3728 δὲ
471 3667 570 3732 ὅτε
597 3676 691 3732 aut:
723 3676 906 3741 αὒτοτς
940 3684 1045 3734 τῶν
1101 3674 1438 3743 Ἐκκλησιιῖυν
1484 3687 1604 3737 τοῖς
1647 3674 1865 3749 ποιμέσι

226 3757 435 3820 πλείονα
508 3769 786 3823 ποιεῖσθαι
849 3772 1165 3844 παρεγγυῶν
1246 3768 1351 3822 τῶν
1435 3765 1694 3839 ποιμνίων
1767 3765 1866 3831 τὴν

225 3846 533 3923 ἒπιμὲλειαν
567 3870 582 3884 ⁶
631 3853 771 3921 ἄξιον
805 3854 860 3913 δέ
890 3878 1031 3921 τινος
1084 3857 1171 3912 καὶ
1217 3853 1324 3912 τῶν
1379 3852 1661 3933 ἑπιμέρους
1718 3876 1864 3930 μνη-

222 3940 401 4003 σθῆναι
411 3990 426 4005 ,

294 4029 370 4093 ν’.
408 4030 698 4097 Θεοδόσιος
743 4035 771 4090 ὁ
816 4033 944 4099 Νέος
990 4036 1063 4098 είς
1095 4031 1154 4090 ὃν
1183 4032 1583 4113 καταδιαδοχὴν
1626 4031 1692 4088 τὰ
1724 4023 1860 4090 Ῥω-

220 4116 382 4187 μαίων
433 4127 692 4201 σκῆπτρα
735 4121 996 4199 μετέπεσε
1058 4122 1196 4202 (νέος
1256 4144 1312 4178 τε
1369 4123 1470 4201 γὰρ
1497 4120 1644 4200 ἦρξε,
1680 4124 1766 4177 καί
1794 4126 1863 4196 τῇ

219 4207 340 4281 πρὸς
379 4212 471 4266 τὸν
529 4212 747 4268 πάππον
793 4210 1167 4288 ἂντιδιαστολῇ
1198 4210 1328 4275 Νὲος
1360 4210 1660 4283 ἐκαλεῖτο),
1708 4212 1860 4272 οὗτος

220 4291 301 4349 οὖν
355 4298 384 4353 ὁ
428 4302 680 4380 χρηατὸς
719 4298 997 4364 Θεοδόσιος
1042 4302 1314 4379 μοχθηρίᾳ
1371 4306 1528 4356 τινῶν
1559 4300 1857 4378 χρήμασιν,

223 4380 271 4435 οἴ
300 4406 412 4461 μοι⁹
443 4389 553 4454 τήν
586 4388 855 4447 εὖσέϐειαν
911 4389 1247 4469 προϊεμένων
1305 4389 1637 4450 ἀναπεισθεὶς
1696 4391 1861 4466 ἐφῆκε

223 4484 329 4537 τθῖς
350 4478 500 4535 κατὰ
530 4484 629 4545 τὴν
659 4477 1005 4558 Ἀντιόχειαν
1034 4475 1303 4541 Ἰουδαίοις
1334 4478 1431 4542 τὰς
1458 4478 1715 4556 προτέρας
1748 4498 1864 4533 συθ-

228 4565 452 4641 αγωγάς,
512 4574 675 4625 Τοῦτο
732 4557 914 4635 μαθων
973 4569 1000 4623 δ
1044 4567 1209 4631 πολὺς
1252 4569 1318 4624 τὰ
1374 4570 1494 4624 θεῖα
1555 4568 1643 4623 καὶ
1670 4557 1928 4643 θερμὸςί)

223 4662 312 4716 τήν
357 4652 636 4713 εὐσέϐειαν
690 4659 907 4732 Συμεὼν
964 4657 1286 4724 ἀνοσιότητα
1318 4677 1373 4713 τε
1405 4659 1562 4715 αὐτοῦ
1592 4659 1688 4721 τῆς
1722 4657 1861 4731 πρά-

225 4732 341 4805 ξεως
401 4746 825 4823 καταγινώσκει,
887 4749 973 4802 καὶ
1029 4744 1167 4821 μετά
1223 4744 1428 4814 πολλῆς
1490 4749 1588 4811 τῆς
1647 4742 1859 4822 παρῤη-

227 4826 329 4894 σίας
384 4831 636 4907 ἐπιτιμᾷ.
699 4826 757 4892 Ὀ
803 4833 857 4891 δὲ
914 4836 1097 4891 αὐτίκα
1142 4833 1462 4911 παλινῳδίαν
1517 4854 1574 4890 τε
1604 4834 1725 4912 ἧσε,
1772 4835 1859 4890 καὶ

225 4914 308 4980 τὶς
363 4922 568 4988 οἰκείας
612 4922 966 4981 ἀνεκαλέσατο
996 4922 1277 4996 διατάξεις,
1313 4924 1400 4982 καὶ
1444 4923 1504 4979 ού
1550 4923 1672 4985 τοὺς
1715 4922 1856 4979 Ἰου-

224 4997 383 5092 ξαίους
434 5011 607 5088 μόνον
648 5013 843 5076 ταύτας
902 5012 1167 5092 ἀφείλετο,
1231 5012 1367 5068 ἀλλὰ
1423 5015 1511 5070 καὶ
1555 5011 1711 5069 αὐτὸν
1769 5012 1860 5067 τὸν

222 5088 459 5180 ὕπαρχον
524 5104 699 5176 (οὗτος
753 5103 853 5180 γὰρ
925 5088 1069 5176 αὐτῷ
1126 5104 1246 5165 τοὺς
1304 5103 1570 5180 πονηροὺς
1630 5100 1857 5163 ἐκείνους

227 5179 573 5261 ὗποϐεὸλῆκει
632 5179 951 5272 λογισμοὺς)
980 5197 1085 5247 τῶν
1141 5188 1411 5266 δημοσίων
1454 5179 1513 5247 τε
1574 5187 1858 5267 φροντίδων

290 5352 392 5424 (ιι)
426 5355 654 5414 Clarius
693 5357 1111 5428 Theodoretus,
1153 5378 1177 5411 tt
1210 5373 1341 5417 cum
1388 5358 1611 5432 aliquas
1660 5358 1861 5416 iecerit

230 5430 565 5484 curationes.
603 5449 625 5478 ι
918 5480 921 5483 .

295 5493 398 5565 (45)
426 5499 587 5573 Idem
622 5510 858 5557 narrant
889 5501 1157 5573 Evagrius
1188 5501 1290 5559 ttb.
1326 5513 1365 5569 ι,
1398 5515 1521 5571 cap.
1548 5500 1624 5573 713
1654 5523 1668 5568 ;
1694 5502 1862 5573 Nice-

237 5559 435 5642 Phbjus
467 5570 568 5627 lib.
604 5582 723 5642 xw,
757 5586 883 5642 cap.
918 5559 1318 5637 512'Batonius
1343 5559 1484 5629 tom:
1518 5559 1858 5639 V,an'n.432,

241 5642 294 5688 ιι.
322 5635 403 5695 51.
436 5641 507 5700 At
536 5655 600 5704 ιι.
635 5641 704 5701 49
734 5635 937 5701 recitat
969 5635 1143 5718 (Quod
1174 5645 1287 5702 huc
1317 5657 1546 5717 quoque
1567 5635 1861 5720 pertinet)

1962 1986 2119 2040 tores
2153 1980 2347 2042 effecti
2400 1988 2535 2042 sunt
2571 2001 2586 2040 :
2618 1989 2676 2041 et
2721 1999 2894 2061 quem
2925 1983 3055 2061 ejus
3085 1982 3349 2044 calculus
3381 1982 3597 2044 victum

1962 2067 2327 2141 declarabat,
2363 2068 2464 2130 ille
2488 2069 2879 2132 nihilominus
2909 2072 3131 2133 victore
3160 2071 3326 2132 laetus
3351 2071 3594 2133 recede-

1958 2157 2077 2218 bat.
2112 2156 2231 2223 Sed
2256 2158 2380 2219 haec
2412 2159 2652 2239 quidem
2689 2170 2745 2221 et
2802 2160 3021 2223 similia
3053 2169 3186 2239 post
3217 2161 3423 2223 horam
3477 2180 3592 2223 no-

1958 2264 2090 2307 nam
2124 2246 2462 2321 exercebat,
2500 2267 2633 2309 nam
2682 2258 2916 2310 noctem
2956 2267 3196 2311 omnem
3225 2256 3283 2311 et
3311 2249 3592 2313 diurnum

1954 2335 2211 2414 spatium
2243 2354 2431 2417 usque
2465 2337 2523 2396 in
2584 2337 2790 2398 horam
2841 2356 3057 2399 nonam
3094 2337 3393 2417 precando
3423 2346 3593 2400 tran-

1953 2423 2203 2502 sigebat.
2238 2423 2376 2486 Post
2438 2443 2653 2487 nonam
2710 2426 2912 2488 horam
2952 2429 3142 2507 primo
3173 2427 3412 2509 quidem
3445 2427 3595 2490 doc-

1956 2513 2169 2574 trinam
2206 2531 2433 2576 sacram
2493 2515 2888 2595 praesentibus
2945 2515 3313 2596 explicabat;
3374 2516 3595 2580 deinde

1954 2603 2321 2683 singulorum
2376 2605 2691 2684 postulatis
2745 2604 3037 2667 medelam
3086 2604 3411 2667 adhibebat
3438 2606 3590 2687 (44).

1955 2698 2014 2752 et
2041 2699 2268 2753 rectum
2296 2694 2590 2773 judicium
2646 2694 2894 2769 ferebat,
2959 2694 3369 2757 dubitantibus
3398 2713 3467 2756 ac
3499 2695 3597 2757 in-

1957 2790 2047 2842 ter
2104 2800 2169 2843 se
2229 2782 2663 2845 dissidentibus
2722 2784 3157 2845 controversias
3209 2782 3590 2847 dissolvebat.

1954 2869 2123 2933 Circa
2153 2870 2296 2934 solis
2327 2890 2610 2936 occasum
2645 2873 2860 2935 iterum
2909 2891 3044 2935 cum
3079 2871 3202 2936 Deo
3231 2872 3593 2954 colloquium

1952 2959 2166 3023 inibat.

2032 3048 2137 3112 49.
2174 3051 2372 3131 Atque
2403 3053 2462 3112 in
2493 3052 2589 3113 his
2618 3070 2752 3113 cum
2801 3059 2979 3127 esset,
3013 3059 3189 3133 atque
3219 3051 3297 3113 ita
3326 3051 3385 3112 in
3415 3053 3597 3116 multa

1955 3137 2200 3214 divisus,
2252 3159 2447 3220 neque
2504 3142 2895 3204 ecclesiarum
2955 3159 3161 3203 curam
3222 3140 3587 3221 negligebat,

1956 3246 2114 3290 nunc
2169 3231 2475 3310 gentilium
2537 3232 2905 3312 impietatem
2952 3233 3379 3313 oppugnando,
3434 3250 3593 3292 nunc

1950 3316 2291 3382 Judaeorum
2350 3321 2729 3382 dissolvendo
2784 3320 3118 3393 audaciam,
3152 3319 3298 3382 alias
3327 3321 3594 3396 denique

1952 3406 2370 3471 haereticorum
2404 3412 2749 3472 societatem
2801 3408 3189 3489 dissipando;
3233 3416 3353 3469 tum
3385 3426 3590 3485 regem

1951 3495 2027 3558 de
2070 3498 2414 3577 hujusmodi
2469 3498 2721 3577 negotiis
2781 3517 2888 3579 per
2934 3497 3332 3559 internuntios
3377 3497 3589 3560 admo-

1951 3603 2121 3661 nens,
2153 3594 2271 3647 tum
2308 3588 2641 3668 principum
2675 3589 2906 3649 animos
2953 3591 3012 3646 in
3049 3585 3149 3647 Dei
3178 3603 3442 3647 amorem
3478 3604 3587 3647 ex-

1949 3675 2208 3749 citando,
2245 3686 2302 3737 et
2333 3675 2731 3738 Ecclesiarum
2763 3674 3101 3758 pastoribus
3134 3676 3419 3756 majorem
3449 3692 3589 3752 gre-

1949 3784 2084 3844 gum
2117 3783 2321 3827 curam
2355 3765 2858 3829 commendando.
2893 3765 3145 3842 Dignum
3177 3773 3370 3829 autem
3401 3774 3494 3828 est
3516 3764 3591 3827 de

1948 3855 2148 3935 aliquo
2180 3854 2240 3915 in
2276 3855 2616 3936 particulari
2651 3856 3020 3920 meminisse.

2024 4035 2127 4095 50.
2158 4032 2531 4096 Theodosius
2578 4035 2787 4098 Junior
2827 4036 2967 4113 (45),
3006 4034 3081 4096 ad
3112 4051 3285 4114 quem
3318 4035 3589 4097 Romana

1946 4130 2179 4202 sceptra
2209 4141 2314 4203 per
2340 4125 2785 4185 successionem
2819 4123 3091 4185 devoluta
3122 4128 3292 4184 erant
3326 4123 3589 4201 (juvenis

1945 4212 2104 4271 enim
2131 4211 2208 4272 im
2220 4212 2546 4293 peravit,ac
2565 4212 2814 4292 proinde
2837 4214 2907 4277 ad
2931 4215 3018 4274 avi
3041 4212 3361 4274 discrimen
3374 4211 3405 4274 J
3415 4213 3589 4275 unior

1945 4301 2279 4381 appellatus
2300 4312 2431 4365 estt:
2454 4304 2585 4384 pius
2608 4303 2904 4382 igiturille
2917 4303 3286 4367 Theodosius
3306 4322 3591 4385 quorum-

1947 4389 2080 4451 dam
2121 4390 2529 4470 improbitate,
2576 4394 2676 4474 qui
2713 4394 2982 4474 pecuniis
3011 4394 3263 4475 (eheu!)
3302 4393 3581 4473 pietatem

1950 4478 2677 4559 prodebant,inductus,in
2703 4483 2849 4544 urbe
2871 4483 3189 4546 Antiochia
3218 4482 3460 4558 Judwis,
3504 4484 3589 4545 uti

1946 4568 2461 4650 prius,synagogas
2488 4571 2808 4634 concessit.
2845 4574 2966 4634 Hoc
2989 4572 3221 4650 cognito
3255 4590 3454 4635 rerum
3488 4572 3588 4634 di-

1949 4657 2212 4720 vinarum
2239 4671 2296 4721 et
2322 4661 2559 4740 pietatis
2586 4662 2850 4724 fervidus
2875 4662 3191 4723 admodum
3223 4662 3441 4723 zelator
3471 4661 3585 4744 Sy-

1947 4748 2615 4830 meon.reiitnpietatem
2639 4752 3031 4813 vehementer
3048 4751 3587 4831 arguit.etmn\ima

1944 4835 2221 4899 libertate
2234 4840 2758 4919 reprehenditﬂic
2772 4841 2969 4903 statim
2992 4840 3344 4904 sententiam
3368 4850 3583 4917 mutat,

1942 4934 2001 4985 et
2031 4928 2301 5007 proprias
2325 4929 2784 4992 constitutiones
2807 4939 3290 5010 revocat,easque
3314 4948 3431 4990 non
3459 4939 3586 4990 tan-

1944 5021 2067 5074 tum
2100 5015 2318 5078 Judzeis
2348 5019 2603 5097 sustulit,
2638 5019 2743 5079 sed
2778 5028 2832 5080 et
2861 5019 3056 5100 ipsum
3104 5028 3414 5099 praetorem
3460 5018 3586 5097 (hic

1943 5105 2103 5165 enim
2127 5106 2240 5185 ipsi
2265 5106 2552 5186 malignas
2577 5108 2708 5169 illas
2731 5107 3102 5170 inventiones
3120 5110 3524 5187 suggesserat)
3551 5125 3586 5169 a

1940 5210 2084 5254 cura
2118 5193 2353 5273 publica
2383 5196 2720 5278 removit,et
2743 5197 2801 5258 in
2830 5205 3050 5258 tantum
3077 5196 3411 5276 periculum
3438 5214 3586 5258 con-

1944 5360 2208 5432 ejusdem
2237 5364 2545 5437 ‘Thcodosii
2582 5363 2823 5437 litteras,
2863 5365 3071 5437 quibus
3102 5364 3448 5437 Symeonem
3472 5379 3585 5437 _ro-

1947 5443 2057 5502 gat,
2098 5443 2156 5492 ut
2184 5435 2255 5492 ad
2289 5451 2484 5504 pacem
2519 5434 2911 5492 Ecclesiarum
2962 5434 3327 5494 seruiendum
3353 5434 3583 5493 allabo-

1946 5511 2053 5578 ret,
2089 5519 2156 5562 ac
2185 5509 2465 5578 praecipue
2494 5507 2857 5578 utiloannem
2881 5508 3303 5578 Antiocheuum
3335 5509 3585 5575 patriar-

1944 5574 2112 5634 cham
2144 5574 2445 5637 a'Nesterii
2479 5576 2838 5636 defendendo
2870 5575 3136 5652 dogmate
3167 5574 3412 5636 revocet.
