4018 6136
189 272 280 346 385

1268 266 1455 340 VITA
1498 273 1560 338 S.
1608 270 1990 337 SYMEONIS
2029 268 2405 340 STYLITIE.

3396 272 3514 347 386

198 409 432 478 Ἀνιτολῆς
497 410 635 489 ὁρῶν
688 410 754 466 τὰ
825 408 995 467 δεινὸν
1074 410 1432 489 παριτείνετο,
1496 410 1583 467 καὶ
1637 411 1791 473 ναοὺς

1878 409 1949 472 ad
1981 419 2213 474 mentes
2239 411 2498 476 Orientis
2526 411 2875 475 horribilem
2906 413 2970 475 in
3001 413 3241 477 modum
3263 423 3515 497 proten-

196 502 469 575 μὲναάντας
516 500 605 554 καὶ
649 501 823 565 οἰκίας
865 500 1044 564 πάσας
1092 499 1306 577 ἐρείπια
1347 499 1536 574 ἐποίει,
1584 499 1677 556 καί
1723 503 1791 564 εἱς

1881 500 2154 561 debetur.
2184 504 2387 582 itaque
2406 502 2628 582 templa
2643 504 2841 564 omnia
2860 521 2928 563 ac
2949 503 3204 565 mdiiicia
3222 505 3349 566 solo
3369 514 3516 567 stra-

191 592 329 666 ἔὲαρος
386 588 659 656 κατέσπα,
729 591 827 653 τὰς
892 590 990 661 μὲν
1034 587 1086 654 ἐξ
1142 592 1343 668 ὀροφῆς
1415 588 1790 661 καταϐάλλων,

282 678 333 735 δὲ
374 680 464 736 καὶ
517 678 570 743 ἐξ
619 681 794 735 αὐτῶν
837 677 1108 756 κρηπίδων
1157 679 1489 755 ἀνατρέπων.
1551 677 1792 757 ’Ἀνθρω-

173 792 237 825 :ot
288 767 337 823 δὲ
379 771 468 824 καὶ
502 770 573 824 τα
623 766 849 847 διάφορα
878 774 984 824 τῶν
1036 767 1249 846 ἀλόγων
1292 768 1447 846 γένη,
1483 770 1531 823 οἱ
1562 769 1659 843 μὲν
1694 789 1795 824 κα-

170 858 577 937 ταστρεφομένης
637 855 786 913 ἔνδον
858 855 1361 933 ἀπολαμϐανόμενοι
1442 858 1538 925 τῆς
1598 859 1789 938 οἰκίας,

164 950 596 1026 συγκατεστρεφον
642 949 730 1004 καὶ
780 950 922 1004 οὗτοι
965 949 1057 1004 τὸν
1100 949 1240 1027 βιον,
1275 948 1322 1003 οἱ
1366 946 1421 1003 δὲ
1465 948 1793 1027 αὒτοσχεδίῳ

166 1038 292 1115 τάφῳ
316 1040 389 1111 τῷ
414 1042 521 1103 τῆς
555 1043 664 1114 γης
723 1037 967 1116 χάσματι
995 1034 1334 1093 ἐλεεινότατα
1363 1039 1788 1115 κατεχώννυντο.

164 1133 328 1203 Πικρώ
374 1128 558 1183 τοίνυν
621 1126 763 1183 οὕτω
820 1136 914 1186 τοῦ
997 1125 1214 1204 ὀλέθρου
1272 1125 1369 1182 καῖ
1429 1124 1792 1185 ἆνυποστάτου

166 1221 247 1282 τῆς
287 1216 552 1293 μάστιγος
585 1214 673 1272 διὰ
710 1215 887 1285 πάσης
940 1214 1151 1284 ἡλικίας
1211 1216 1296 1271 καὶ
1352 1214 1534 1292 γένους
1593 1218 1791 1274 παντὸς

163 1305 464 1384 σεβομένων,
530 1307 632 1380 μία
675 1307 764 1360 καὶ
806 1305 960 1371 κοινὴ
990 1311 1119 1361 πᾶσι
1166 1305 1445 1382 καταφυγὴ
1497 1306 1524 1360 ὁ
1581 1309 1791 1380 θαυμα-

163 1397 262 1460 ct‘o;
287 1396 486 1471 γίνεται
537 1394 788 1470 Συμεών.
841 1396 936 1451 Καὶ
986 1395 1157 1466 τούτῳ
1206 1391 1500 1467 διαλλακτῇ
1553 1400 1793 1473 χρῶνται

160 1487 268 1561 πρὸς
322 1486 412 1539 τὸν
457 1485 627 1559 θεὸν,
675 1484 763 1540 καὶ
792 1482 938 1540 λύσιν
971 1483 1262 1563 εὑρίσκουσι
1321 1488 1415 1539 τοῦ
1471 1490 1636 1540 κακοῦ
1692 1487 1790 1540 καὶ

160 1571 482 1650 ἀπαλλαγήν.
574 1582 643 1634 0:
689 1593 752 1650 γε
811 1571 990 1630 πολλὰ
1045 1572 1142 1640 τῆς
1193 1571 1465 1650 ῥᾳστώνης
1501 1572 1674 1628 αὐτῶν
1705 1574 1794 1629 καί

159 1662 385 1739 ἂκρασίας
444 1666 552 1719 καὶ
606 1669 713 1718 τῶν
758 1661 934 1719 ἄλλων
964 1662 1101 1718 κατὰ
1139 1663 1231 1718 τὸν
1274 1662 1387 1737 βίον
1430 1664 1612 1718 παθῶν
1654 1684 1792 1742 προ-

1882 590 1981 662 vit,
2016 590 2140 652 haec
2170 593 2411 671 quidem
2437 611 2468 652 e
2495 609 2729 653 summo
2754 591 3068 671 dejiciens,
3102 592 3217 654 alia
3246 611 3278 654 a
3298 593 3516 656 funda-

1882 682 2098 741 mentis
2126 681 2407 742 evellens.
2455 679 2740 742 Homines
2780 681 2854 742 ad
2900 683 3031 743 haec
3079 699 3212 743 cum
3263 681 3516 745 diversis

1880 772 2222 834 animalium
2270 773 2615 852 generibus,
2668 772 2751 834 illi
2797 772 3039 854 quidem
3091 774 3319 836 eversis
3355 774 3518 837 intus

1876 860 2189 923 interclusi
2211 861 2507 938 domibus,
2534 862 2710 923 simul
2741 871 2801 924 et
2830 862 2943 943 ipsi
2971 863 3148 924 vitam
3182 862 3254 924 ad
3289 863 3511 927 exitum

1878 952 2233 1031 perduxere,
2268 953 2349 1014 illi
2386 969 2524 1015 vero
2555 962 2726 1015 terrae
2752 953 3011 1016 scissura
3040 953 3218 1015 veluti
3255 973 3325 1016 ex
3357 963 3513 1017 tem-

1878 1059 2020 1121 pore
2045 1040 2157 1102 sibi
2180 1041 2500 1122 sepulchro
2528 1051 2730 1122 parato
2754 1041 3157 1105 miserandum
3183 1041 3243 1104 in
3272 1044 3513 1106 modum

1881 1129 1990 1192 \ivi
2016 1130 2475 1193 defodiebantur
2530 1130 2592 1192 In
2616 1139 2731 1193 tam
2756 1131 2973 1193 acerbo
2997 1131 3199 1209 exitio,
3234 1151 3369 1194 cum
3402 1133 3513 1194 ila-

1877 1219 2095 1297 gellum
2146 1232 2264 1280 tam
2320 1220 2700 1283 intolerabile
2751 1238 2856 1300 per
2905 1238 3142 1282 omnem
3197 1239 3404 1283 sexum
3459 1229 3518 1283 et

1876 1315 2107 1370 aetatem
2142 1310 2480 1389 ptomiscue
2509 1309 2788 1383 ferretur,
2823 1309 3067 1371 unicum
3101 1318 3226 1371 erat
3253 1315 3318 1373 et
3345 1328 3515 1372 com-

1877 1414 2056 1458 mune
2077 1398 2356 1459 omnibus
2385 1397 2659 1460 solatium
2688 1397 3071 1458 admirandus
3100 1397 3200 1460 ille
3230 1401 3514 1480 Symeon.

1876 1487 1962 1548 Eo
1992 1487 2146 1566 apud
2198 1488 2386 1549 Deum
2434 1486 2886 1549 reconciliatore
2932 1494 3202 1561 utuntur,
3252 1497 3310 1550 et
3357 1490 3519 1551 leva-

1878 1580 2038 1636 mlne
2069 1576 2333 1647 invento,
2382 1594 2416 1637 a
2447 1575 2605 1637 malo
2650 1594 2757 1637 suo
2791 1574 3143 1638 liberantur.
3181 1574 3312 1657 Ipse
3354 1576 3517 1639 enim

1879 1672 2186 1745 postquam
2232 1665 2490 1746 primum
2523 1667 2720 1728 luxum
2757 1675 2814 1728 et
2856 1666 3376 1746 intemperantiam
3408 1683 3519 1728 eo-

155 1771 285 1828 τερον
336 1761 677 1829 καταγνοὺς,
741 1753 829 1808 καὶ
885 1753 1081 1813 ἱκανῶς
1165 1753 1375 1812 τούτοις
1442 1749 1790 1831 ἐπιτιμήσας,

1878 1772 2008 1814 rum
2035 1754 2180 1834 (48),
2221 1754 2456 1835 aliaque
2487 1754 2718 1817 scelera
2746 1754 3261 1836 reprehendisset,
3299 1773 3522 1836 eosque

156 1847 238 1913 μιᾷ
263 1841 467 1903 πάντας
506 1840 650 1915 μετᾶ
693 1838 928 1918 δακρύων
960 1844 1133 1919 φωνῇ,
1186 1841 1338 1918 Κύριε
1381 1838 1624 1913 ἐλέησον,
1656 1841 1793 1918 κρά-

153 1937 241 2000 ζειν
282 1929 678 2008 προτρέπεται,
722 1928 878 1986 τοῦτο
922 1929 1019 2001 μὲν
1064 1931 1125 1984 τὸ
1158 1935 1316 1984 Θεῖον
1372 1931 1558 1992 αὒτοϊς
1615 1930 1790 1985 ἱλεού-

155 2041 315 2095 μενος,
349 2021 512 2076 τοῦτο
549 2017 605 2074 δὲ
635 2020 721 2075 καὶ
758 2019 831 2082 εἷς
884 2015 1147 2082 (ιιτάνιξιν
1205 2013 1374 2097 ἄγων,
1410 2015 1532 2085 ἑξῆς
1575 2015 1628 2072 δὲ
1670 2017 1792 2096 τρέ-

154 2130 290 2164 πεται
320 2109 393 2174 είς
421 2111 746 2188 προσευχὴν
777 2111 865 2165 καὶ
894 2108 1073 2167 αὐτός.

223 2286 323 2363 νγ’.
371 2288 483 2356 Τῆς
518 2288 660 2363 μετὰ
689 2285 923 2365 δακρύων
969 2286 1138 2342 τοῖνυν
1168 2284 1367 2351 ταύτης
1417 2283 1652 2355 δεήσεως
1697 2284 1791 2341 ἐπῖ

161 2375 274 2432 πολὺ
325 2376 679 2454 τεινομένης,
724 2382 800 2450 τῷ
842 2374 1035 2444 πλήθει
1089 2374 1410 2438 κάτασείσας
1442 2375 1648 2438 ἐκεῖνος
1695 2372 1789 2429 καῖ

160 2466 345 2533 σιωπὴν
402 2467 473 2533 τῇ
540 2468 683 2545 χειρὶ
740 2465 1010 2540 σημάνας,
1072 2461 1358 2540 περιαλγετ
1412 2461 1610 2543 σφόδρα
1661 2464 1791 2538 πρὸς

166 2555 325 2615 αὖτοὺς
378 2555 474 2612 καῖ
542 2560 696 2633 φωνῇ
744 2555 832 2610 καὶ
874 2552 1088 2631 γνώμῃ,
1136 2550 1357 2630 ’Ἄνδρες
1389 2551 1627 2632 ἀδελφοὶ,
1662 2551 1788 2630 ἔφη,

168 2642 193 2695 ἆ
227 2641 400 2716 μέλλω
442 2643 578 2722 πρὸς
611 2645 750 2717 ὒμᾶς
784 2642 948 2720 ἐρεῖν,
1006 2638 1181 2697 πολλὰ
1231 2643 1325 2705 τὴν
1369 2640 1506 2715 ἐμὴν
1536 2639 1792 2718 πρότερον

168 2730 468 2801 ὁδονῄσαντα
521 2730 761 2810 καρδίαν,
822 2733 910 2788 καὶ
965 2731 1129 2798 αὐτὴν
1184 2728 1341 2795 ὀξέως
1375 2730 1491 2805 ἐμοὶ
1522 2751 1788 2786 κατακεν-

167 2818 382 2885 τῆσαντα
422 2823 526 2888 τὴν
559 2823 774 2901 ψυχὴν,
806 2819 931 2877 οἶδά
967 2821 1040 2882 ὡς
1074 2818 1212 2875 οὕτω
1242 2820 1329 2875 καὶ
1360 2819 1494 2894 ὒμᾶς
1527 2817 1787 2894 διαθήσει,

172 2907 260 2983 ἐρῶ
285 2908 335 2965 δὲ
362 2909 533 2985 ὅμως.
594 2912 787 2989 Ὃρᾶτε
848 2908 964 2966 ὅσοι
1009 2911 1070 2965 τὸ
1100 2906 1306 2976 πλῆθος
1337 2907 1486 2982 ἐστὲ,
1518 2908 1608 2965 καὶ
1663 2907 1791 2973 ὅσας

174 2998 258 3068 μὶ)
307 2997 537 3079 δακρύων
595 3000 858 3076 σταγόνας
921 2999 1213 3077 προήκατε,
1265 2996 1398 3065 ὅσην
1442 2996 1498 3053 δὲ
1556 2997 1792 3076 κραυγὴν

178 3085 487 3164 ἆνεπέμψατε
522 3105 538 3119 ’
598 3088 720 3145 ἀλλ’
781 3089 855 3144 ἐνὶ
896 3094 1002 3145 τῶν
1045 3088 1295 3144 ἁπάντων
1327 3089 1354 3143 ὁ
1402 3088 1585 3166 Κύριος
1616 3108 1789 3164 προσ-

1874 1842 2246 1905 sufﬁcienter
2270 1844 2688 1924 increpuisset,
2711 1853 2831 1905 tum
2857 1845 3128 1905 hortatur
3154 1851 3218 1906 ut
3247 1842 3518 1906 unanimi

1876 1951 2016 1994 voce
2072 1951 2282 1995 omnes
2352 1952 2486 1995 cum
2548 1933 2823 2014 lacrymis
2880 1933 3206 1995 inclament
3261 1956 3275 1993 :
3337 1933 3518 2015 Kyrie

1877 2020 2126 2096 eleison,
2167 2023 2225 2083 id
2255 2028 2363 2096 est,
2417 2023 2675 2086 Domine
2728 2027 3039 2084 miserere.
3096 2022 3245 2085 Dein
3279 2023 3518 2105 placare

1875 2110 1949 2172 iis
1981 2113 2196 2188 Deum,
2229 2121 2288 2175 et
2320 2112 2391 2173 ad
2424 2112 2948 2194 compunctionem
2981 2112 3241 2176 excitare
3270 2131 3373 2175 eos
3402 2130 3511 2176 cu-

1878 2200 2072 2277 piens,
2103 2201 2176 2261 ad
2212 2219 2419 2282 preces
2444 2210 2504 2263 et
2536 2205 2661 2282 ipse
2691 2201 3077 2265 convertitur.

1958 2290 2058 2352 53.
2085 2288 2229 2352 Cum
2258 2291 2315 2351 in
2338 2291 2580 2370 longum
2610 2309 2746 2353 cum
2766 2291 3043 2371 larrymis
3066 2290 3523 2371 protenderetur

1876 2378 2247 2460 deprecatio,
2280 2379 2489 2441 annuit
2520 2380 2764 2461 populo,
2810 2398 2989 2443 manu
3023 2380 3324 2443 silentium
3356 2380 3520 2442 iudi-

1876 2486 2043 2541 ceus,
2080 2468 2326 2549 ipseque
2357 2469 2771 2532 vehementem
2809 2487 2952 2530 voce
2996 2477 3055 2530 et
3105 2487 3285 2532 sensu
3339 2470 3515 2532 dolo-

1876 2575 2002 2619 rem
2049 2576 2167 2637 pra;
2199 2578 2262 2620 se
2296 2558 2494 2620 ferens
2538 2558 2599 2620 in
2647 2559 2775 2620 hmo
2830 2557 3004 2620 verba
3044 2558 3314 2640 prorupit
3346 2578 3360 2619 :
3398 2558 3520 2621 Viri

1872 2646 2104 2721 fratres,
2141 2649 2354 2728 inquit,
2386 2666 2518 2729 quae
2561 2647 2828 2719 dicturus
2857 2665 2986 2708 sum
3024 2646 3210 2723 vobis,
3259 2646 3519 2729 primum

1874 2754 1976 2798 cor
2008 2737 2153 2799 mihi
2185 2737 2577 2800 vehementer
2623 2740 2914 2817 cruciant,
2955 2736 3354 2818 iutimumque
3383 2743 3521 2800 ani-

1878 2845 2036 2887 mum
2097 2827 2266 2906 quasi
2329 2827 2570 2889 vulnere
2626 2826 2883 2903 quodam
2945 2825 3340 2888 confodiunt:
3396 2824 3563 2889 scio'

1878 2914 2160 2992 equidem
2188 2915 2351 2992 quod
2383 2935 2451 2978 ea
2486 2917 2609 2997 ipsa
2639 2933 2742 2978 vos
2768 2913 2944 2977 etiam
2974 2914 3362 2978 vehementer
3395 2915 3524 2979 alii-

1876 3005 2060 3080 cient,
2095 3004 2286 3067 dicam
2320 3014 2542 3069 tamen.
2577 3003 2814 3086 Videte,
2841 3003 3116 3085 obsecro,
3149 3013 3370 3086 quanto
3401 3025 3523 3069 nu-

1878 3112 2042 3156 mero
2072 3092 2225 3170 sitis,
2254 3101 2546 3171 quantum
2577 3094 2966 3175 lacrymarum
3011 3093 3306 3169 fuderitis,
3344 3114 3523 3177 quem

182 3172 293 3254 ἐσχε
320 3178 375 3232 τὸ
402 3177 607 3252 οὗς,καὶ
639 3174 781 3250 μόνη
810 3177 996 3232 τούτου
1019 3177 1051 3243 ἡ
1075 3173 1251 3243 δέησις
1284 3172 1448 3242 ἀνέϐη
1481 3175 1551 3238 εἰς
1583 3174 1649 3230 τὰ
1679 3174 1791 3231 ὦτα

1878 3183 2200 3245 clamorem
2235 3183 2597 3259 emiseritis;
2634 3172 2829 3245 tamen
2861 3183 2963 3246 uni
2995 3182 3188 3244 solum
3221 3202 3293 3245 ex
3329 3172 3529 3246 omni-

184 3266 341 3322 αὑτοῦ.
373 3274 539 3324 Ταῦτα
597 3267 762 3322 εἰπὼν
821 3266 915 3322 τὸν
958 3262 1117 3343 ἄνδρα
1173 3265 1291 3321 τινὰ
1335 3264 1588 3338 ὀνομαστὶ
1618 3286 1789 3342 προσ-

189 3352 439 3428 ηγόρευε,
466 3358 549 3412 καὶ
573 3357 704 3435 πρὸς
736 3354 922 3412 ἐαυτὸν
952 3352 1207 3428 καλέσας,
1243 3355 1316 3418 εἰς
1348 3353 1585 3423 ἐπήκοον
1618 3353 1790 3409 ἀπάν-

192 3460 307 3514 των,
357 3445 416 3498 Ἣ
467 3446 558 3519 μὲν
605 3448 697 3520 σὴ,
734 3444 862 3525 ἔφη,
907 3444 1188 3524 προσευχὴ
1233 3444 1332 3511 τὴν
1378 3441 1582 3502 δικαίαν
1625 3443 1789 3522 ὀργὴν

184 3530 453 3606 φερομένην
480 3533 660 3602 ἵστησι
690 3541 784 3592 τοῦ
815 3540 969 3609 Θεοῦ,
1005 3534 1092 3589 καὶ
1138 3534 1199 3590 τὸ
1248 3530 1417 3589 δεινὸν
1475 3531 1598 3589 ὅσον
1643 3531 1790 3588 οῧπω

177 3618 428 3681 παύσεται.
470 3624 606 3701 Λέγε
664 3622 718 3679 δὲ
748 3621 915 3699 μηδὲν
943 3619 1417 3698 ὑποστειλάμενος,
1454 3623 1569 3677 τίνα
1612 3622 1787 3696 πράτ-

175 3728 268 3763 των
295 3708 446 3776 οὕτως
492 3712 860 3791 εὖηρέστησας
888 3717 966 3785 τῷ
996 3716 1112 3784 Θεῷ
1146 3731 1160 3745 ο
1208 3709 1412 3767 κελεύει
1468 3711 1568 3790 γάρ
1598 3733 1682 3767 σοι
1726 3712 1788 3767 τὸ

172 3804 311 3854 Θεῐον
350 3802 523 3858 πάντα
568 3804 762 3877 εἰπεῖν,
796 3804 870 3868 ὡς
912 3800 975 3857 ἂν
1001 3801 1104 3868 τὴν
1134 3801 1330 3881 ἀρετὴν
1377 3801 1464 3856 καὶ
1507 3800 1652 3858 οὗτοι
1682 3808 1786 3871 ζη-

170 3883 413 3954 λώσαντες
453 3893 590 3963 πρὸς
632 3892 698 3948 τὰ
738 3891 834 3947 ἴσα
876 3888 1249 3949 διαναστῶσιν.
1288 3881 1345 3948 Ὀ
1391 3888 1445 3945 δὲ
1494 3888 1699 3965 μᾶλλόν
1730 3911 1787 3946 τε

171 3976 447 4056 εὐλαϐεῖτο,
503 3982 596 4037 καὶ
637 3979 954 4056 ἁμαρτωλὸν
1014 3981 1201 4037 ἑαυτὸν
1231 3980 1317 4036 καθ
1364 3980 1562 4057 γυμνὸν
1595 3980 1787 4052 ἀρετῆς

174 4064 358 4134 ἁπάσης
401 4069 610 4145 ἐκάλει,
674 4071 761 4125 καὶ
820 4067 955 4145 μηδὲ
1015 4066 1301 4125 συνειδέναι
1351 4066 1534 4146 ἔλεγεν
1563 4066 1617 4123 εἴ
1650 4067 1791 4125 ⁷ποτέ

171 4174 213 4208 τι
250 4154 436 4234 ἀγαθὸν
488 4161 582 4216 τὸν
639 4158 850 4216 ἅπαντα
908 4159 1020 4235 βίον
1083 4158 1242 4217 αἱ)τοῦ
1293 4159 1380 4216 καὶ
1423 4156 1567 4214 ἄκων
1625 4156 1789 4236 ἐργά-

174 4264 323 4309 σαιτο.
366 4246 595 4317 Ἐπειδῆ
625 4247 681 4305 δὲ
728 4250 757 4305 ὁ
800 4251 945 4312 θεῖος
990 4248 1211 4323 Συμεὼν
1253 4246 1419 4312 πολὺς
1453 4247 1684 4304 ἐνέκειτο
1716 4246 1791 4305 ἔτι

172 4332 375 4393 κελεύων
430 4339 580 4413 αι’)τῷ
630 4338 805 4395 πάντα
852 4339 1050 4414 εἰπεῖν,
1085 4336 1237 4411 Ἐμοὶ
1271 4335 1572 4416 ἐργατικὸς,
1607 4335 1731 4416 ἔφη,
1767 4339 1794 4393 ὁ

176 4421 269 4496 βίος
302 4443 314 4455 ·
372 4430 698 4506 πρόσκειμαι
759 4428 859 4506 γὰρ
917 4431 986 4504 τῇ
1041 4430 1113 4505 γῇ
1169 4427 1261 4482 καὶ
1314 4426 1604 4502 ὑπόκειμαι
1670 4440 1794 4490 ταῖς

176 4509 335 4588 ὥραις,
369 4519 455 4573 καὶ
486 4523 671 4594 πρῶτα
707 4515 805 4592 μὲν
834 4512 1021 4594 γήδιόν
1050 4536 1100 4570 τι
1160 4512 1374 4588 ἐμαυτῷ
1435 4513 1657 4590 σπείρω,
1703 4515 1794 4570 τὸν

179 4596 223 4655 δὲ
246 4601 392 4660 ἄλλον
422 4605 622 4687 χρόνον
680 4608 870 4681 μισθοῦ
927 4607 1004 4680 τῷ
1030 4602 1340 4681 βουλομένῳ
1374 4602 1738 4682 ὅπηρετοῦμαι
1774 4619 1788 4632 '

239 4770 343 4846 (t8)
373 4771 659 4846 Evagrius
689 4786 923 4831 causam
955 4771 1131 4846 hujus
1153 4781 1512 4830 terraamotus
1534 4771 1793 4846 eamdem

181 4838 390 4925 fideli"
444 4838 777 4925 assignare.
837 4851 1005 4903 Τινῶν
1035 4838 1137 4920 μὲν
1184 4846 1323 4923 παρὰ
1351 4852 1442 4901 τοῦ
1470 4844 1587 4925 κατ’
1635 4846 1795 4912 αὐτὴν

180 4916 328 4995 δῆμου
369 4916 913 5005 παραγεγενημένων,
974 4916 1113 5005 πρὸς
1169 4916 1344 4982 πᾶσαν
1405 4923 1795 5005 ἐκϐακχευθέν-

184 5020 273 5055 των
313 5004 539 5081 μανίαν,
570 5008 748 5073 πάσης
794 5026 853 5062 τε
923 5004 1214 5084 Θηριώδους
1263 5005 1512 5062 ἐπέκεινα
1570 5005 1797 5084 γενομέ-

184 5102 272 5138 νων
300 5087 544 5162 γνώμης,
607 5086 786 5164 ὥσπερ
841 5085 896 5141 δὲ
945 5087 1222 5164 προοίμιον
1251 5099 1369 5150 τοϊς
1401 5084 1660 5164 τοιούτοις
1691 5108 1797 5142 κα-

186 5174 288 5247 κοῖς
316 5163 774 5247 παρασχομένωνέ
814 5185 839 5222 ι
892 5163 1257 5238 Quibusdam
1290 5183 1322 5226 e
1356 5163 1596 5247 populo,
1631 5165 1794 5247 omni

181 5237 651 5317 debacchaniib'us
713 5237 959 5317 insania.
1000 5255 1170 5317 atque
1212 5237 1793 5317 omnemibelluinam

182 5303 332 5390 longe
367 5317 782 5390 superantibus
804 5303 1139 5390 indoiemget
1170 5316 1344 5390 veluti
1378 5316 1606 5373 initium
1638 5330 1794 5390 prae:-

185 5378 365 5463 bitu'ris
383 5378 1010 5463 ejusmodimaloruma
1035 5386 1394 5463 Nicephorus
1413 5378 1795 5463 quoque'illud

184 5453 252 5513 ait
265 5453 436 5520 fuisse
455 5458 749 5522 malorum
771 5459 1019 5522 istorum
1044 5453 1596 5542 principium,'qu6d
1617 5459 1796 5597 ndgém

186 5537 277 5589 τῶν
338 5541 480 5597 Θείων
548 5540 730 5597 νόμων
810 5543 857 5597 οἱ
939 5540 1119 5597 ἐκεῖσε
1180 5543 1457 5597 γενόμενοι
1515 5542 1683 5597 Orioni)
1716 5561 1795 5597 εις

186 5537 277 5620 τῶν
338 5541 480 5598 Θείων
548 5540 730 5616 νόμων
810 5543 857 5597 οἱ
900 5537 1119 5620 Vincet—ae
1180 5537 1475 5620 γενόμενοί
1515 5537 1795 5620 Θηριώδεις

185 5614 299 5688 πρὸς
326 5625 488 5679 πᾶσαν
539 5614 766 5698 γνώμην
817 5619 1086 5700 ἐγένοντο,
1121 5614 1280 5696 μα’νίᾳ
1312 5614 1456 5698 πάσῃ
1489 5614 1793 5703 ἐκϐακχευ-

1874 3271 1985 3334 bus
2014 3272 2175 3335 Deus
2204 3290 2407 3335 aurem
2444 3271 2712 3353 praebuit,
2765 3272 3017 3354 ejusque
3064 3271 3254 3334 solius
3299 3270 3523 3355 depre-

1873 3368 2024 3424 catio
2055 3380 2235 3425 aures
2265 3369 2394 3441 ejus
2414 3361 2626 3442 attigit.
2653 3359 2760 3423 His
2780 3361 2954 3423 dictis
2983 3361 3176 3422 virum
3201 3363 3521 3444 quemdam
3557 3380 3561 3387 ‘

1873 3449 2227 3513 nominatim
2257 3451 2604 3533 compellat,
2637 3469 2705 3513 ac
2737 3450 3016 3515 omnibus
3035 3449 3417 3515 audientibus
3444 3453 3519 3514 ad

1873 3559 1936 3603 se
1968 3539 2179 3603 venire
2202 3540 2377 3621 jubet
2412 3558 2426 3604 :
2478 3542 2629 3615 Tua,
2677 3540 2893 3622 inquit,
2944 3540 3132 3603 oratio
3156 3541 3379 3621 justam
3410 3539 3521 3605 Dei

1872 3631 2020 3692 iram
2075 3631 2250 3705 sistit,
2302 3650 2370 3692 ac
2420 3630 2672 3712 proinde
2740 3628 2956 3692 malum
2988 3648 3167 3693 omne
3196 3639 3519 3712 quantum-

1873 3727 2164 3798 quantum
2224 3719 2424 3799 fuerit,
2474 3720 2748 3783 cessabit.
2807 3718 2910 3781 Dic
2959 3737 3098 3782 vero
3149 3719 3322 3796 mihi,
3369 3720 3522 3784 nihil

1873 3811 2179 3885 omittens,
2213 3829 2329 3891 qua
2357 3827 2422 3872 re
2455 3809 2826 3891 potissimum
2884 3809 2963 3870 ita
3024 3811 3146 3872 Deo
3197 3809 3522 3893 placuisti?

1872 3899 2142 3982 Praecipit
2171 3901 2330 3962 enim
2364 3899 2471 3962 tibi
2496 3901 2654 3963 Deus
2677 3906 2740 3961 ut
2769 3899 2971 3961 omnia
2987 3917 3281 3979 exponas,
3315 3909 3379 3962 ut
3400 3900 3520 3964 vir-

1874 3998 2058 4052 tutem
2083 3989 2363 4066 mmulati,
2399 3989 2471 4052 ad
2515 3988 2723 4052 eadem
2746 3989 3079 4071 praestanda
3107 3989 3514 4056 stimulentur.

1876 4078 1984 4142 Hic
2015 4098 2155 4142 vero
2187 4078 2375 4142 multo
2407 4079 2593 4161 magis
2643 4078 2967 4155 metuebat,
3021 4098 3089 4142 ac
3140 4089 3520 4160 peccatorem

1878 4188 1967 4245 se,
2000 4170 2282 4251 omnique
2326 4168 2537 4231 virtute
2584 4169 2810 4231 nudum
2860 4169 3277 4250 proclamabat,
3321 4190 3523 4252 neque

1879 4260 2184 4323 conscium
2219 4278 2350 4322 esse
2382 4260 2444 4321 in
2475 4259 2638 4323 omni
2668 4258 2787 4322 vita
2816 4257 2958 4322 boni
2988 4260 3290 4343 quippiam
3340 4261 3520 4324 etiam

1878 4350 2131 4411 invitum
2165 4350 2532 4430 prmstitisse.
2587 4350 2730 4411 Cum
2782 4366 2926 4411 vero
2983 4350 3218 4413 divinus
3261 4352 3521 4432 Symeon

1878 4439 2200 4502 admodum
2226 4439 2502 4515 instaret,
2536 4448 2596 4502 et
2617 4439 2690 4502 ad
2722 4438 3045 4502 dicendum
3079 4452 3362 4522 cogeret;
3395 4451 3520 4506 tum

1815 4545 1861 4598 ι)
1882 4528 2116 4593 tandem
2149 4529 2233 4591 sic
2262 4530 2344 4593 ait
2377 4547 2392 4593 :
2425 4528 2621 4592 Vitam
2660 4546 2844 4611 opere
2887 4547 3174 4592 manuum
3219 4540 3518 4612 sustento,

1878 4629 2054 4682 terra;
2073 4618 2343 4682 colendae
2363 4619 2655 4696 addictus,
2681 4627 2741 4681 et
2760 4619 2870 4681 sub
2901 4619 3000 4682 dio
3030 4619 3287 4697 dormio,
3314 4629 3372 4685 et
3401 4624 3525 4704 pri-

1877 4792 2075 4856 θέντες.
2141 4811 2164 4848 ιι
2220 4788 2375 4870 quod
2435 4806 2470 4870 a
2526 4787 2737 4870 divinis
2794 4788 3027 4868 legibus
3080 4789 3259 4852 alieni
3319 4790 3519 4868 cives,

1881 4870 2125 4928 belluini
2157 4868 2315 4928 omni
2367 4869 2584 4928 ratione
2634 4868 2856 4935 tierent,
2891 4873 3050 4928 omni
3085 4871 3279 4928 furore
3308 4871 3522 4929 debac-

1879 4945 2118 5000 chantes
2153 4957 2166 4998 :
2204 4961 2225 4990 ι
2273 4942 2470 5012 sicque
2499 4949 2741 5012 uterque
2786 4941 2987 4998 eadem
3040 4942 3265 5000 videtur
3298 4952 3521 5007 notare.

1879 5032 2008 5095 quae
2034 5013 2131 5075 hic
2163 5021 2401 5095 sanctus
2431 5012 2777 5095 perstringit
2823 5012 3081 5095 scelera,
3116 5014 3392 5092 ρᾳστώνην
3434 5017 3523 5095 καὶ

1879 5092 2156 5175 ἆκρασίαν,
2196 5092 2393 5175 luxum
2427 5092 2487 5175 et
2517 5093 3059 5175 intemperantiam,
3082 5100 3166 5175 et,
3201 5112 3334 5174 quae
3361 5094 3523 5157 scili-

1881 5171 1971 5231 cet
2001 5172 2278 5244 consequi
2309 5189 2372 5230 ea
2405 5173 2570 5241 solet,
2605 5171 2841 5231 humani
2887 5174 3192 5245 sanguinis
3218 5171 3523 5232 ‘fundendi

1876 5243 2215 5302 iibidinem.’
2236 5246 2523 5302 Barouits
2558 5246 2685 5301 loco
2707 5245 2901 5311 citato,
2933 5243 3107 5301 p.19
3137 5258 3255 5302 non
3285 5246 3527 5303 aliunde

1880 5317 2025 5373 male
2080 5317 2194 5372 haec
2243 5330 2505 5373 manasse
2555 5315 2864 5389 existimat,
2905 5329 3193 5389 quainiex
3224 5317 3527 5389 impietate

1881 5388 2164 5446 haereticae
2197 5389 2510 5459 pravitatis,
2529 5398 2754 5459 quae-ex
2773 5384 3019 5459 Nestorii
3044 5386 3143 5459 diu
3174 5384 3343 5445 isthic
3365 5402 3527 5446 com-

1877 5461 2084 5517 morati
2119 5456 2270 5530 malo
2305 5456 2853 5530 seminefpullulans
2880 5458 2991 5514 sub
3025 5458 3248 5516 Joanne
3280 5460 3527 5530 patriar-

1876 5532 1982 5588 cha
2034 5528 2373 5588 adoleverit.
2419 5528 2858 5600 Apollinaristas
2903 5539 3055 5600 certe
3104 5528 3526 5589 isthic—multos

1876 5602 2071 5667 fuisse,
2105 5600 2351 5659 ostendit
2398 5597 2550 5658 idem
2582 5597 2867 5657 Baronius
2901 5599 2970 5657 ad
3004 5614 3096 5659 an.
3134 5602 3260 5673 m,
3300 5616 3361 5658 n.
3395 5602 3448 5659 7.
