4018 6136
458 258 575 330 387
1746 266 2026 332 MENSIS
2070 263 2521 334 IANUARIUS.
3716 266 3848 337 388

456 420 554 463 mo
586 417 784 463 meum
814 394 961 462 mihi
982 398 1236 480 agellum
1269 400 1423 475 colo,
1456 398 1573 463 alio
1602 406 1796 462 autem
1830 409 2043 483 tempot

2253 401 2456 482 λλέγων
2497 402 2552 459 δὲ
2596 402 2662 459 τά
2704 424 2761 459 τε
2804 406 2869 461 hx
2921 406 3012 461 τού
3062 402 3264 483 χωρίου
3314 427 3407 479 μοι
3450 403 3840 482 ἆναδιδόμενα,

457 491 636 554 etiam
660 488 849 551 cuivis
868 489 1082 551 volenti
1105 498 1275 571 pacta
1291 490 1569 551 mercede
1586 489 1803 564 servio;
1820 490 2044 568 colliget

2254 495 2274 549 ηὶ
2340 493 2440 559 τὴν
2510 492 2569 548 ἐκ
2625 499 2722 564 τῆς
2779 493 3041 571 γεωργίας
3100 493 3425 572 μισθοφορὰν
3485 495 3625 569 τρισί
3667 503 3841 553 ταῦτα

455 598 596 642 vero
614 589 736 641 tum
753 597 885 660 qua;
908 597 975 641 ex
1004 579 1241 659 proprio
1257 577 1538 659 praediolo
1554 579 1699 641 mihi
1720 580 2042 659 proveniun

2247 582 2371 659 κιρῶ
2415 584 2626 660 μοίραις
2664 599 2677 612 ⁸
2725 584 2815 640 καὶ
2863 584 2959 650 τὴν
3010 584 3108 657 μὲν
3138 582 3392 657 ἀπονέμω
3420 594 3538 645 τοϊς
3572 582 3834 660 ἐνδεέσιν,

455 679 579 734 tum
605 686 738 750 qna:
758 686 827 731 ex
851 675 1027 730 terra;
1048 668 1275 729 cultura
1312 673 1371 728 in
1399 668 1737 730 mercedem
1765 668 2042 748 accipio,:

2248 669 2302 727 δὲ
2332 673 2424 727 τὸν
2468 670 2707 730 ὲπέτειον
2755 671 2868 729 λύει
2930 695 3020 746 μοι
3053 672 3236 752 φόρον,
3270 676 3339 749 τῇ
3371 671 3427 727 δὲ
3457 673 3530 734 είς
3559 674 3625 730 τὰ
3653 673 3833 753 ἀναγ-

453 770 577 822 tres
620 777 691 821 ea
736 766 932 837 partes
981 756 1314 826 distribuo;
1383 756 1633 836 primam
1685 755 2040 836 indigentibt

2243 773 2314 817 ιτα
2372 767 2615 841 χρῶμαι,
2684 761 3045 839 Εύαρεστῆσαι
3103 760 3158 817 δὲ
3231 766 3348 834 Θεῷ
3412 760 3560 819 οὐδὲν
3614 761 3830 838 ἐμαυτῷ

457 847 921 927 elargior,altera
942 863 1201 907 annuum
1226 845 1473 923 vectigal
1496 845 1923 921 solvo,tertiam
1958 865 2044 928 pat

2231 848 2419 912 5v0t81.
2474 853 2683 908 Τούτων
2726 853 2787 908 τὸ
2832 851 3014 928 μυρίον
3067 850 3246 908 ἐκεῖνο
3309 850 3511 918 πλῆθος
3560 852 3818 909 ἀκούσανο

453 948 572 1000 tem
604 943 664 996 in
696 934 1065 996 necessarios
1113 952 1255 996 usus
1300 934 1597 1013 expendo.
1648 932 1890 997 Interim
1939 955 2040 998 nu:

2230 960 2294 1018 ες,
2340 938 2723 1019 ὲπισχεθεῖσάν
2769 962 2825 996 τε
2874 941 2970 1007 τὴν
3026 941 3191 1019 ὀργὴν
3254 941 3443 1017 Κυρίου
3483 939 3700 1013 ἰδόντες,
3729 943 3817 998 καὶ

452 1044 630 1108 quam
661 1027 717 1087 in
746 1024 863 1084 vita
895 1042 988 1084 me
1017 1023 1238 1104 aliquid
1264 1022 1403 1085 boni
1426 1024 1621 1102 egisse
1654 1042 1935 1103 agnosco.
1962 1025 2039 1088 lia

2229 1034 2381 1084 πᾶσαν
2440 1030 2538 1098 τὴν
2592 1029 2905 1087 ἀκολουθίαν
2961 1037 3067 1087 τῶν
3138 1031 3436 1106 μόστίγων,
3512 1031 3816 1101 κατεπλήτ-

453 1115 528 1178 ab
558 1117 877 1176 innumera
922 1112 1229 1174 hominum
1277 1112 1661 1174 multitudine
1692 1112 1889 1175 audita
1919 1129 2040 1175 sunt

2235 1140 2338 1174 ιντο
2382 1118 2503 1192 μὲν,
2544 1120 2616 1180 ὡς
2663 1122 2828 1194 εἰκὸς,
2863 1118 3105 1190 ἐδόξαζον
3155 1118 3208 1175 δὲ
3253 1121 3313 1175 τὸ
3360 1119 3522 1176 Θεῖον
3553 1118 3822 1196 δάκρυσιν

452 1224 582 1286 quae
612 1221 746 1266 cum
778 1201 929 1263 iram
982 1201 1089 1264 Dei
1145 1200 1387 1281 placari,
1427 1201 1914 1282 flagellorumquo
1954 1222 2039 1264 ειη

2234 1210 2543 1285 Βχαριστοῦν
2599 1213 2676 1281 τῷ
2717 1210 2842 1285 ἱερῷ
2887 1210 3131 1289 Συμεὼν,
3180 1210 3462 1287 ηὖφήμουν
3520 1211 3610 1265 τὸν
3655 1211 3821 1288 ἁγρόυ

449 1311 681 1358 cessum
715 1291 839 1352 sisti
880 1289 1051 1365 vidit,
1098 1290 1531 1369 obstupefacta,
1585 1300 1647 1352 ut
1694 1291 1918 1353 decens
1943 1310 2036 1354 era

2240 1319 2302 1373 ιν,
2361 1297 2730 1377 προέπεμπον,
2773 1298 3097 1369 ἠσπάζοντο,
3165 1295 3537 1374 περιέϐαλλον,
3592 1300 3827 1377 χάριτας

450 1386 637 1448 Deum
659 1400 794 1444 cum
834 1380 1109 1460 lacrymis
1140 1379 1530 1456 gloriticavit;
1577 1378 1856 1461 Symeoni
1886 1400 2037 1442 o.nnt

2241 1384 2516 1466 ιολύγουν,
2563 1386 2783 1457 ἐζήλουν
2814 1388 2912 1454 τὴν
2945 1388 3160 1466 ἀρετὴν,
3195 1387 3568 1465 ἐπεμέμφοντο
3608 1390 3828 1449 ἑαυτοῖς

449 1473 664 1554 gratias
687 1480 962 1550 egerunt,
994 1467 1280 1531 rusticum
1326 1469 1491 1530 illum
1545 1469 1749 1531 faustis
1797 1472 2036 1533 acclamt

2249 1497 2274 1538 ς
2319 1476 2436 1551 περὶ
2480 1478 2539 1532 τὸ
2571 1476 2765 1554 ἀγαθὸν
2797 1475 3071 1556 ἀμελείας,
3114 1480 3201 1533 καὶ
3234 1475 3460 1541 πολλοῖς
3492 1476 3724 1541 ἐπίδοσις
3757 1478 3829 1545 ἦν

456 1561 720 1625 tionibus
751 1558 1251 1639 depraadicarunt,
1305 1558 1701 1634 deduxerunt,
1737 1561 2041 1622 salutarun

1873 1569 2088 1637 larunt,
2176 1573 2270 1621 τοῦ
2299 1562 2593 1645 βελτίονος,
2639 1565 2795 1643 ἐγγὺς
2827 1566 3016 1645 ἔχουσι
3042 1567 3104 1623 τὸ
3134 1563 3451 1644 ὑπόδειγμα,

447 1648 703 1732 amplexi
751 1656 912 1722 sunt,
947 1648 1165 1726 gratias
1213 1658 1481 1727 egerunt.
1520 1647 1800 1711 virtutem
1837 1650 2092 1711 aemulati
2123 1659 2283 1725 sunt,
2317 1652 2553 1733 seipsos
2614 1654 2989 1734 negligentia;
3016 1655 3078 1715 in
3108 1653 3280 1715 bonis
3308 1654 3589 1733 operibus
3636 1673 3829 1717 accu-

448 1747 656 1805 sarunt
687 1758 700 1800 :
740 1737 940 1799 multis
969 1736 1232 1817 denique
1262 1738 1322 1797 in
1352 1736 1567 1800 vicinia
1603 1737 2005 1801 habitantibus
2034 1739 2143 1801 fuit
2177 1740 2236 1801 id
2269 1740 2417 1804 utile
2446 1743 2517 1803 ad
2554 1742 2799 1805 meliora
2830 1744 3028 1806 animo
3057 1745 3421 1824 capessenda
3451 1744 3826 1824 exemplum.

1931 1872 2160 1933 CAPUT
2199 1875 2336 1934 XIV.

1370 1998 1607 2057 Moritur
1639 1998 1697 2057 S.
1728 2000 1944 2074 Symm
1980 2016 1993 2055 τ
2032 2015 2226 2074 corpus
2256 2004 2601 2062 Antiochiam
2630 2003 2889 2077 defertur.

521 2123 621 2188 54.
649 2121 903 2205 Symeon
932 2121 1054 2202 (49)
1081 2122 1282 2185 multis
1301 2121 1489 2203 iisque
1506 2123 1734 2200 magnis
1757 2120 2081 2185 benefactis
2105 2131 2108 2139 '

2244 2122 2349 2185 νδ¹.
2413 2125 2642 2191 Πολλοῖς
2694 2125 2832 2183 ούτω
2888 2124 3014 2204 γοῦν
3057 2126 3142 2181 καὶ
3202 2122 3457 2202 μεγάλοις
3511 2125 3540 2181 ὁ
3589 2126 3820 2201 Συμεὼν

440 2223 705 2289 ornatus,
758 2220 1074 2294 postquam
1124 2211 1450 2275 universim
1504 2213 1933 2293 quinquaginta
1986 2231 2027 2275 St

2235 2216 2546 2291 ιτορθώμασι
2579 2215 2897 2295 διαπρέψας,
2926 2215 3014 2271 καὶ
3045 2213 3145 2271 ὅλα
3202 2213 3296 2280 ἔτη
3350 2214 3551 2289 βιώσας
3614 2213 3668 2281 ἓξ
3717 2215 3822 2273 καί

437 2322 626 2366 annos
673 2302 913 2365 vixisset
944 2302 1095 2381 (50),
1148 2302 1339 2363 soluto
1392 2302 1657 2381 corporis
1708 2302 1968 2375 vinculo,
2016 2323 2024 2362 ε

2234 2306 2530 2377 ιντήκοντα,
2565 2304 2805 2369 λυθέντος
2849 2305 2992 2376 αύτῷ
3048 2310 3139 2360 τοῦ
3182 2300 3492 2381 συνδέσμου,
3550 2305 3679 2381 πρὸς
3721 2306 3821 2360 τὸν

436 2393 718 2454 dilectum
752 2409 953 2465 suum,
990 2391 1196 2472 purius
1249 2399 1307 2452 et
1357 2391 1603 2471 propius
1634 2391 1734 2452 illo
1770 2391 2023 2453 fruituru

2227 2392 2434 2464 ώμενον
2479 2390 2764 2467 διαϐαίνει,
2821 2392 3187 2470 καθαρώτερον
3250 2391 3392 2466 αὒτῷ
3463 2391 3814 2469 προσομιλή-

432 2480 978 2545 transivit.Materia
1021 2480 1266 2554 fluente,
1292 2480 1470 2542 homo
1499 2480 1735 2541 tandem
1770 2480 1842 2541 ab
1877 2482 1948 2542 iis
1978 2501 2015 2558 q

2229 2503 2277 2535 ›ν
2334 2484 2425 2537 καί
2486 2483 2861 2555 συνεσόμενος.
2916 2478 3091 2556 ’Ὑλῃς
3149 2478 3202 2535 δὲ
3255 2480 3477 2557 ῥεούσης
3538 2480 3816 2558 ἄνθρωπος

434 2578 575 2632 tunc
605 2571 665 2630 in
700 2569 874 2631 terris
908 2567 1225 2648 degebant,
1261 2569 1525 2631 creditus
1552 2577 1663 2642 est,
1711 2570 1867 2649 quod
1909 2578 2021 2631 antt

2216 2570 2330 2643 ’ναι,
2375 2584 2493 2634 τοῖς
2527 2571 2613 2626 ἐπὶ
2642 2576 2742 2649 γῆς
2772 2577 3064 2637 τηνικαῦτα
3092 2571 3420 2642 πιστεύεται,
3471 2570 3550 2645 μὴ
3586 2571 3803 2626 πώποτε

434 2668 678 2740 propter
700 2658 996 2732 laborum,
1022 2677 1156 2739 quae
1176 2667 1445 2719 naturam
1473 2675 1711 2719 omnem
1738 2659 2021 2738 superaba

2219 2667 2318 2716 μὺτο
2366 2661 2616 2738 πρότερον
2676 2659 2803 2737 παρ’
2848 2663 3031 2723 αὐτοῖς
3076 2660 3340 2734 νομισθεὶς
3404 2658 3490 2715 διὰ
3546 2661 3643 2726 τὴν
3696 2658 3806 2714 τῶν

432 2747 838 2819 tolerantiam,
887 2756 944 2807 et
976 2755 1134 2808 tanta
1164 2745 1751 2826 praeclarissimarum
1796 2749 2013 2809 virtutu

2220 2748 2339 2805 ivwv
2381 2751 2618 2828 ὑπερφυῆ
2664 2750 2961 2829 καρτερίαν,
3008 2749 3097 2820 καὶ
3127 2750 3191 2804 τὰ
3249 2755 3478 2805 τοσαῦτα
3534 2751 3631 2816 τῆς
3676 2749 3807 2827 ἀρε-

430 2835 689 2915 insignia
723 2853 899 2898 nemo
926 2834 1037 2896 sibi
1074 2835 1438 2915 persuadere
1470 2842 1722 2916 poterat.
1750 2837 1799 2898 A
1830 2856 2017 2917 corpo:

2221 2861 2257 2905 ις
2303 2838 2715 2917 κατορθώματα,
2776 2839 2970 2905 Διὲστη
3030 2839 3127 2914 μὲν
3168 2839 3263 2894 τοῦ
3329 2841 3600 2913 σώματος,
3633 2841 3660 2894 ὁ
3715 2840 3808 2896 καὶ

436 2933 749 3006 separatus
773 2934 885 2999 est,
910 2923 1008 3003 qui
1032 2924 1196 3003 prius
1216 2942 1313 2985 res
1332 2942 1650 3004 corporeas
1675 2943 1883 2987 omnes
1902 2925 2014 2987 abn

2220 2930 2360 2985 ›οτοῧ
2417 2929 2483 2984 τὰ
2542 2935 2632 2984 τοῦ
2676 2927 2924 3002 σώματος
2986 2926 3378 3005 ἀρνησάμενος,
3438 2929 3526 2984 καὶ
3581 2932 3659 3001 τῷ
3704 2928 3807 3003 μὲν

440 3023 696 3094 gaverat,
729 3021 786 3074 et
808 3013 1017 3093 tpiritu
1042 3012 1098 3073 in
1125 3012 1467 3075 (celestibus
1498 3017 1865 3089 versabatur,
1898 3034 2027 3096 angi

2217 3017 2424 3093 νεύματι
2487 3017 2551 3073 τὰ
2582 3016 2797 3096 οὒράνια
2826 3016 3157 3095 περιεπόλει,
3191 3016 3508 3096 ἂγγελιιιαϊς
3544 3039 3600 3073 τε
3637 3024 3804 3085 συνῆν

430 3103 695 3182 licisque
728 3120 847 3164 non
905 3120 1037 3163 raro
1085 3101 1503 3181 splendoribus
1554 3103 1886 3181 intererat;
1923 3124 2017 3166 nul

2213 3108 2522 3185 ιμπρότησι,
2585 3105 2678 3163 καί
2740 3109 2863 3184 περὶ
2922 3107 3049 3163 αὖτὸ
3106 3107 3166 3163 τὸ
3224 3106 3434 3186 πρῶτοι
3485 3107 3672 3185 ἐφετὸν
3704 3107 3800 3164 ἆν-

426 3201 624 3253 autem
658 3191 730 3254 ad
758 3191 956 3272 priora
1004 3210 1110 3253 sua
1161 3199 1287 3253 vota
1319 3192 1658 3254 revertitur.
1696 3193 1923 3273 Corpus
1948 3195 2013 3274 ja

2213 3195 2461 3274 τρέφετο.
2494 3198 2564 3254 Τὸ
2609 3203 2757 3271 οῶμε
2807 3194 2860 3251 δὲ
2893 3196 3034 3269 αὒτῷ
3063 3194 3159 3250 καί
3217 3196 3402 3275 ψυχῆς
3468 3196 3666 3274 ἔρημον
3710 3198 3800 3254 καὶ

430 3282 629 3343 anima
662 3299 915 3343 vacuum
952 3289 1099 3357 erat,
1126 3288 1185 3341 et
1214 3280 1343 3341 sine
1373 3280 1583 3360 spiritu
1616 3281 1891 3344 relictum
1915 3302 2017 3346 :nt

2212 3307 2353 3341 τνουν
2384 3284 2731 3364 καταλειφθὲν
2777 3283 2894 3341 οὗδὲ
2952 3282 3087 3340 οὕτω)
3130 3290 3237 3342 τῶν
3282 3284 3518 3352 σδνήθων
3551 3285 3799 3358 ἀποστῆ-

430 3391 551 3446 que
583 3379 783 3433 tamen
814 3370 901 3433 vel
935 3369 1022 3433 sic
1055 3372 1245 3451 potuit
1283 3389 1315 3432 a
1345 3372 1648 3433 consuetis
1693 3375 2017 3435 exercitatit

2226 3397 2241 3429 l.
2300 3372 2483 3440 ἤθελεν
2548 3373 2742 3449 Ξίθλων,
2804 3373 2921 3433 οὖδὲ
2978 3379 3047 3449 τῇ
3118 3373 3188 3450 γῆ
3246 3373 3656 3447 κατακλιθῆναι,
3711 3386 3808 3435 τοῦ

427 3459 604 3522 nibus
635 3461 942 3523 abstinere
976 3482 988 3518 :
1025 3478 1160 3522 nam
1195 3459 1285 3521 vel
1336 3460 1407 3523 ad
1458 3460 1754 3523 modicam
1804 3464 2005 3544 quiete

2219 3486 2276 3519 ον
2299 3465 2474 3544 βραχύ
2505 3487 2552 3520 τι
2583 3462 3061 3520 διαναπαύσασθαιο
3093 3462 3214 3520 ἀλλ’
3246 3462 3429 3539 ἔμενεν
3470 3464 3547 3521 ’ἑτι
3579 3463 3666 3521 ἐπὶ
3710 3473 3805 3523 τοῦ

429 3551 776 3630 captandam
828 3550 889 3611 in
925 3562 1081 3612 terra
1110 3549 1390 3612 reclinari
1420 3551 1741 3626 recusavit,
1775 3571 1979 3614 verum
2011 3555 2016 3612 i

2034 3572 2068 3614 n
2155 3553 2345 3611 στύλου
2378 3553 2567 3633 ἑστὼς,
2601 3552 2772 3632 ὄρθιον
2804 3553 3200 3632 χαρακτηρίζον
3230 3555 3322 3609 τὸν
3354 3553 3617 3624 ἀθλητήν,

429 3640 706 3702 columna
736 3647 1000 3701 erectum
1034 3639 1379 3719 permansit,
1438 3640 1531 3701 sui
1578 3641 1793 3721 pugilis
1824 3642 2068 3723 figuram

426 3729 499 3792 ad
540 3730 731 3790 vivum
763 3728 1126 3809 exprimens.

506 3819 608 3882 55.
643 3817 1032 3898 Posteaquam
1064 3835 1201 3879 vero
1248 3818 1307 3878 in
1354 3820 1653 3900 pulverem
1686 3826 2069 3885 extenuatum

2234 3823 2331 3886 νε’.
2383 3819 2603 3888 Ἐπειδὴ
2660 3819 2713 3876 δὲ
2757 3821 2831 3884 εἷς
2876 3827 3009 3900 χοῦν
3066 3819 3342 3888 ὲλεπτώθη
3402 3822 3490 3879 καὶ
3532 3827 3601 3899 τῇ
3632 3828 3704 3901 γῇ
3734 3824 3797 3881 τὸ

426 3916 601 3971 terrae
629 3906 889 3969 debitum
926 3906 1231 3986 persolvit,
1284 3925 1481 3987 neque
1532 3908 1715 3971 lutum
1767 3912 1896 3985 ejus
1944 3930 2013 3972 cu

2212 3933 2357 3969 ςνειον
2399 3909 2696 3987 διελύσατο,
2742 3907 2857 3970 οὔδε
2891 3908 3027 3966 οὕτω
3076 3911 3165 3966 τὸν
3208 3910 3410 3967 ἑκείνου
3454 3909 3655 3991 πηλὸν,
3701 3916 3799 3970 οἷα

425 3998 589 4062 lestis
619 3994 831 4076 Opifex
861 3997 1025 4076 quasi
1070 3994 1317 4057 honoris
1368 4015 1580 4077 expers
1629 3997 1911 4075 neglexit,
1965 4018 2012 4061 St

2211 4015 2216 4070 ι
2261 3999 2435 4068 πηλὸν
2479 3999 2668 4075 ἄτιμον
2699 4001 2727 4056 ὁ
2763 3999 3095 4075 Δημιουργὸς
3126 3996 3391 4076 περιεῖδεν
3428 4019 3441 4033 ·
3475 3998 3615 4056 ἀλλὰ
3642 4001 3798 4080 τάφῳ

422 4085 750 4151 venerabili
784 4084 1015 4146 tumulo
1068 4084 1439 4146 reconditum
1501 4086 1701 4147 multis
1762 4087 2009 4149 miracul

2208 4088 2453 4165 ηϐασμίως
2510 4087 2844 4168 παραδοθεὶς,
2887 4088 3115 4162 θαύμασι
3186 4088 3330 4164 βρύει
3391 4087 3621 4154 πολλοῖς
3656 4105 3670 4119 ·
3734 4091 3795 4147 ού

424 4176 638 4241 claruit
670 4195 684 4235 :
715 4194 845 4257 quae
873 4192 990 4235 non
1024 4183 1254 4235 tantum
1287 4172 1443 4238 circa
1472 4176 1815 4253 sepult-rum
1842 4184 2007 4254 patra

2204 4182 2266 4257 ιρὶ
2324 4180 2480 4235 αὐτὸν
2522 4176 2576 4234 δὲ
2633 4179 2722 4234 τὸν
2779 4177 2945 4257 τάφον
2998 4177 3064 4232 τὰ
3119 4177 3358 4251 θαύματα
3420 4179 3608 4258 μόνον,
3655 4177 3791 4235 ἀλλὰ

423 4273 567 4330 sont
594 4266 740 4346 (5t),
774 4281 980 4326 verum
1009 4264 1186 4326 etiam
1210 4263 1271 4325 in
1300 4264 1754 4347 quibuscunqne
1781 4266 1925 4329 locis
1956 4286 2008 4328 m

2201 4270 2234 4325 ιὶ
2293 4268 2437 4333 ὅσοις
2497 4268 2526 4324 ὁ
2579 4267 2870 4342 θαυμάσιος
2956 4264 3293 4345 ἐνδιατρίψειε
3353 4268 3595 4346 χωρίοις,
3667 4268 3788 4331 τοὺς

418 4356 621 4420 riticus
646 4354 747 4416 ille
777 4354 866 4415 vir
896 4362 1163 4415 versatus
1195 4354 1437 4433 egregia
1466 4355 1569 4417 illa
1597 4356 1926 4418 certamina
1957 4375 2005 4418 Sl

2199 4358 2275 4434 ιὲρ
2355 4358 2557 4434 φύσεως
2633 4357 2706 4420 είς
2782 4354 3013 4419 ἐκείνους
3068 4354 3370 4433 ἠγωνίσατο
3415 4356 3640 4430 πόνους,
3699 4359 3786 4413 καὶ

421 4445 672 4520 biverat,
704 4461 775 4505 ea
804 4443 1006 4504 omnia
1033 4443 1202 4523 quasi
1250 4443 1555 4524 specimen
1588 4445 1887 4522 quoddam
1926 4465 2002 4508 mt

2197 4453 2308 4503 ιῦτα
2357 4446 2535 4524 ὥσπερ
2597 4442 2842 4510 ἐπίδειξιν
2886 4447 3018 4523 πρὸς
3062 4443 3273 4511 ἄλληλα
3335 4446 3435 4514 τῆς
3493 4451 3601 4501 τῶν
3656 4449 3784 4503 θαυ-

422 4545 539 4598 tuae
572 4532 991 4601 miraculorum
1036 4532 1430 4594 aemulationis
1483 4551 1604 4614 prae
1662 4551 1726 4595 se
1783 4534 2009 4597 ferentia

2197 4537 2325 4593 ίτων
2381 4533 2681 4615 φιλοτιμίας
2740 4535 3054 4611 ποιούμενα,
3118 4533 3495 4614 δαψιλέστερον
3526 4536 3784 4593 πάντοθεν

421 4623 667 4687 uberius
699 4622 961 4702 undique
991 4622 1207 4683 divinis
1232 4622 1404 4684 donis
1437 4622 1867 4688 etferebantur.

1526 4622 1867 4688 erebantur.
2141 4639 2264 4687 ταῖς
2296 4625 2481 4705 ⁸χάρισι
2526 4629 2735 4700 κομῶσι
2764 4636 2888 4688 ταῖς
2931 4623 3113 4689 θείαις.

502 4713 602 4777 56.
633 4711 761 4774 Non
808 4711 992 4772 multo
1030 4719 1299 4791 tempore
1329 4719 1479 4791 post,
1516 4730 1652 4773 cum
1686 4712 1802 4773 Leo
1834 4731 2058 4791 cogno-

2222 4715 2349 4788 vg’.
2385 4715 2570 4792 Χρόνῳ
2610 4711 2664 4770 δὲ
2695 4715 2756 4770 ού
2798 4712 2983 4788 πολλῷ
3025 4712 3264 4794 ὕστερον,
3300 4714 3446 4772 Λέων
3478 4716 3574 4792 μὲν
3603 4717 3631 4772 ὁ
3663 4713 3774 4773 Μέ-

422 4810 621 4868 mento
649 4798 1099 4881 Magnus(52)ad
1117 4800 1352 4880 imperii
1371 4800 1774 4879 gubernacula
1798 4803 2007 4865 sedere

2195 4827 2239 4868 ις
2270 4804 2663 4879 ὀνομαζόμενος
2708 4803 2794 4859 ἐπὶ
2824 4803 2929 4859 τῶν
2961 4807 3058 4872 τῆς
3090 4803 3265 4885 ἀρχῆς
3325 4805 3609 4865 καθίστατο
3643 4804 3782 4874 σκή-

418 4913 536 4979 qua
560 4899 909 4973 tempestate
940 4899 997 4951 et
1019 4891 1333 4979 Martyrius
1366 4890 1497 4971 (53)
1521 4910 1721 4955 rerum
1757 4910 2005 4955 sacraru‘

2193 4916 2346 4974 τρων,
2422 4899 2716 4971 Μαρτύριος
2780 4891 2833 4948 δὲ
2876 4893 2983 4950 τῶν
3026 4894 3180 4970 ἱερῶν
3235 4891 3404 4963 ἐπέϐη
3471 4894 3780 4975 φροντίδων,

418 4978 547 5050 erat
576 4982 1036 5056 administrator,
1072 4978 1386 5060 splendido
1411 4981 1731 5043 admodum
1776 4993 2005 5064 apparat

2191 4987 2231 5040 ιὶ
2259 4984 2550 5061 πανήγυρις
2581 4981 2799 5061 λαμπρὰ
2841 4983 2877 5050 ἡ
2935 4988 3028 5040 τοῦ
3074 4982 3211 5039 θείου
3266 4983 3517 5059 σώματος
3580 4984 3778 5042 ἐκείνου

491 5153 610 5225 (t9)
638 5150 701 5225 Id
738 5163 967 5225 quoque
999 5150 1242 5225 refertur
1274 5150 1335 5225 in
1364 5149 1705 5209 Theodortti
1737 5149 2055 5219 Philmheo,
2143 5151 2358 5225 loculos
2380 5159 2703 5225 sanctarum
2719 5149 3229 5225 re_liquiaru_m,sed
3248 5149 3414 5225 etiam
3439 5150 3779 5225 apud_sum—

418 5221 521 5283 sed
562 5221 816 5281 additum
873 5221 1141 5295 ῐιο-ιιιὶοΔ
1166 5222 1477 5295 quopiam;
1519 5236 1651 5295 cum
1688 5231 1947 5295 mortuus
1987 5228 2056 5279 sit
2141 5224 2392 5295 Interius
2414 5223 2637 5280 virtutis
2668 5229 2722 5279 et
2755 5221 2994 5295 diuturae
3014 5221 3417 5295 decertationis
3447 5221 3779 5295 monimen-

419 5306 552 5353 ante
581 5298 919 5365 Symeonam
952 5291 1363 5366 Theodoretus.
1391 5291 1473 5366 Et
1516 5293 1670 5366 abest
1694 5293 1750 5350 in
1785 5295 1924 5351 edit.
1945 5295 2052 5352 Su-
2139 5304 2256 5352 tum
2284 5291 2620 5366 {magnam
2645 5295 2902 5366 inquam,
2930 5292 3095 5366 illam
3110 5299 3164 5366 et
3184 5291 3527 5366 celebratam
3551 5294 3777 5352 colum-

418 5363 1124 5447 rii,_e§"interpretati_one
1153 5363 1403 5447 Alberici
1434 5364 1642 5447 Longi.
1856 5435 1870 5447 _
2133 5363 2462 5447 na‘m‘hujus
2478 5364 2618 5436 justi
2641 5375 2694 5422 et
2714 5363 2984 5447 laudibus
3014 5363 3348 5447 celebrandi
3374 5364 3694 5447 Symgonis.
3737 5386 3759 5417 ι

494 5438 611 5506 (50)
640 5434 700 5491 tn
725 5434 1371 5508 exercitationescjlicet
1401 5434 1737 5494 monastica.
1770 5434 1908 5492 Vide
1928 5450 2050 5508 quae
2200 5436 2313 5508 (52)
2347 5434 2641 5494 Ceirenus
2678 5450 2830 5495 anno
2869 5435 3078 5493 Leonis
3124 5436 3177 5500 ι,
3219 5434 3428 5493 Christi
3467 5434 3573 5491 460
3609 5450 3770 5495 mor-

420 5505 839 5579 dictasuntjn
881 5506 1100 5579 l’_::e'at.
1135 5506 1161 5575 §
1203 5505 1256 5562 3.
1520 5578 1549 5579 η
1947 5505 1966 5508 “
2133 5505 2299 5564 tuum
2324 5508 2552 5579 θεῖαι
2597 5523 2759 5579 onem
2793 5508 3012 5564 scribit.

493 5578 612 5650 (51)
639 5575 699 5632 1n
733 5575 1090 5633 Theodoreto
1128 5579 1366 5634 habetur
1401 5594 1413 5634 :
1456 5598 1480 5628 α
1517 5578 1630 5636 Non
1664 5580 1853 5636 solum
1897 5584 2044 5652 apud
2204 5579 2322 5649 (53)
2344 5578 2443 5636 llic
2467 5575 2773 5651 Martyrius
2806 5590 2958 5637 anno
2992 5576 3095 5634 459
3127 5578 3321 5656 sedem
3349 5578 3770 5639 Antiochenam
