4018 6136
241 292 325 371 389

1329 301 1515 370 VITA
1560 307 1619 370 s.
1663 296 2044 375 SYMEONIS
2087 295 2454 372 STYLITAEI.

3462 288 3589 375 3'96

238 440 547 517 μετακομιδὴ
596 444 706 500 ἀπὸ
766 448 867 510 τῆς
897 441 1126 519 μάνδρας
1182 442 1317 520 πρὸς
1373 441 1471 509 τὴν
1523 441 1860 523 Ἀντιόχειαν

1958 441 2567 522 ςδοτίοοτροιιίεΐιιηιιε
2592 456 2661 502 ex
2687 436 2934 501 mandra
2952 434 3010 498 in
3029 432 3237 498 urbem
3259 435 3572 503 Antioche-

232 530 384 605 ἤγετο,
439 533 522 605 τῷ
573 533 674 606 μὲν
718 537 827 589 τῶν
878 530 1169 607 λαμπάδων
1201 532 1336 610 φωτὶ
1365 533 1587 609 στυγνὸν
1617 531 1856 589 δεικνῦσα

222 621 292 674 τὸν
345 617 525 693 ἥλιον,
583 629 663 696 τῷ
714 620 769 677 δὲ
830 627 931 677 τῶν
989 622 1415 699 προπεμπόντων
1478 620 1689 696 πλήθει,
1752 628 1856 678 τῶν

217 730 260 763 τε
328 712 853 786 προϋπαντώντων,
908 712 993 767 καὶ
1052 717 1157 766 τῶν
1222 711 1474 769 πάντοθεν
1541 710 1591 776 ἐξ
1644 711 1857 777 ἀπάσης

213 797 411 866 ἦλιιίας
472 798 892 879 περιρρεόντων,
958 798 1079 856 αὐτό
1130 821 1187 855 τε
1231 802 1291 855 τὸ
1339 798 1459 874 ὄρος
1493 801 1587 855 καί
1618 802 1712 864 τὰς
1755 822 1855 855 πε-

212 886 377 953 διάδας
438 897 886 969 στενοχωροῦτα,
948 895 1129 965 Παρῆν
1190 887 1244 944 δὲ
1314 888 1409 945 καὶ
1465 891 1493 945 ὁ
1563 896 1667 946 τῶν
1713 889 1859 962 ἑῴων

213 977 498 1054 ταγμάτων
562 980 870 1057 στρατηγὸς
927 975 1320 1056 Ἀρδαϐούριος,
1377 980 1495 1042 τοὺς
1542 981 1655 1056 περὶ
1705 978 1858 1034 αὐτὸν

217 1064 530 1143 δορυῖιόρους
602 1068 841 1146 φύλακας
888 1073 965 1140 τῷ
1007 1066 1245 1142 λειψάνῳ
1300 1067 1724 1144 ἐγκαταστήσας,
1777 1069 1862 1122 καὶ

217 1154 304 1220 τὴν
358 1155 596 1211 ὶκείνων
639 1154 880 1233 φυλακην
924 1155 1175 1234 μέγιστον
1206 1154 1427 1227 κώλυμα
1463 1169 1582 1217 ταῖς
1616 1160 1719 1212 τῶν
1744 1155 1858 1212 πό-

216 1241 339 1299 λεων
386 1242 613 1323 ἐφόδοις
661 1246 1003 1323 ἓπιτειχίσας
1040 1263 1056 1280 ο
1118 1243 1472 1323 ἐφιλονείκουν
1520 1246 1619 1323 γὰρ
1661 1246 1861 1311 ἑκάστη

214 1334 295 1389 τὸν
320 1333 524 1390 ἄσυλον
560 1341 750 1391 τοῦτον
806 1335 1066 1413 θησαυρὸν
1117 1335 1503 1413 προαρπάσασα
1545 1335 1670 1412 παρ’
1703 1335 1864 1409 ἑαυτῇ

209 1426 551 1485 καταθεῖναι,
1169 1444 1176 1450 ·

282 1512 382 1582 ιζ’,
435 1510 536 1569 Ἐν
588 1514 831 1592 ὀχήματι
875 1514 1047 1572 τοίνυν
1076 1514 1170 1567 τοῦ
1222 1513 1363 1577 ἱερυύ
1407 1512 1652 1588 σώματος
1699 1508 1873 1589 φερο-’

209 1600 386 1675 μένου,
424 1605 508 1665 ὡς
546 1601 654 1670 ἤδη
683 1603 821 1659 κατὰ
874 1602 973 1668 τὴν
1035 1604 1206 1679 Μερὸν
1256 1604 1317 1657 τὸ
1371 1603 1568 1682 χωρίον
1628 1601 1858 1680 ἐγένετο,

1943 551 2075 594 nam
2102 532 2472 611 deportatum
2490 536 2576 591 est
2591 532 2883 592 .Mmstum
2905 525 3343 608 quodammodo
3364 536 3424 590 et
3447 530 3577 592 tris-

1946 632 2058 682 tem
2085 621 2270 681 solem
2297 618 2907 680 efticiebatluminum
2929 621 3136 694 ingens
3158 616 3351 693 copia,
3382 624 3576 680 comt-

1944 712 2189 771 tantium
2214 727 2383 787 teque
2430 718 2605 789 atque
2654 706 3040 785 obviantium;
3092 712 3152 765 et
3184 705 3580 789 undequaque

1943 800 2138 861 omnis
2170 801 2354 861 aetatis
2390 818 2459 860 eo
2510 797 2941 859 conﬂuentium
2983 793 3292 857 multitudo
3318 806 3578 859 montem

1942 888 2133 968 ipsum
2168 897 2225 949 et
2256 906 2498 968 campos
2525 895 2801 966 angustos
2823 881 3366 946 reddebat.Aderat
3387 885 3583 947 orien-

1946 977 2146 1037 talium
2173 978 2473 1057 copiarum
2495 976 2612 1038 dux
2639 971 3139 1052 Ardaburius,qui
3162 990 3301 1033 suos
3322 974 3584 1037 hastatos

1944 1066 2133 1129 sacris
2164 1065 2432 1146 reliquiis
2456 1066 2742 1127 adhibens
2771 1062 3144 1134 custodes,et
3178 1062 3412 1124 illorum
3437 1082 3580 1126 cus-

1946 1156 2162 1217 todiam
2201 1161 2475 1236 tanquam
2513 1172 2747 1216 murum
2793 1168 3121 1231 apponens,
3158 1150 3442 1215 adversus
3475 1170 3581 1215 ur-

1947 1245 2108 1305 bium
2165 1244 2485 1305 vicinarum
2540 1250 2843 1305 incursum
2898 1239 3200 1301 muniebat
3258 1259 3271 1301 :
3334 1242 3583 1321 singulae

1947 1335 2104 1395 enim
2140 1333 2405 1395 civitates
2434 1334 2550 1395 sibi
2581 1351 2815 1395 sacrum
2856 1330 3015 1392 hunc
3051 1329 3395 1392 thesaurum
3429 1350 3583 1412 prte-

1941 1424 2141 1502 ripere
2170 1431 2346 1503 atque
2376 1422 2531 1502 apud
2564 1440 2629 1483 se
2662 1421 2955 1483 collocare
2987 1416 3324 1482 studebant.

2024 1513 2274 1575 57.Cum
2298 1513 2524 1573 interea
2544 1510 2697 1573 sacri
2723 1509 2995 1589 corporis
3017 1508 3249 1568 sarcina
3268 1509 3455 1572 rheda
3483 1510 3585 1573 de-

1946 1603 2062 1664 lata
2095 1601 2165 1663 ad
2196 1620 2329 1662 eum
2364 1602 2558 1662 locum
2585 1601 2706 1680 (54)
2735 1599 2830 1660 cui
2854 1599 3050 1659 Meros
3076 1598 3435 1679 nomen,qui
3458 1600 3585 1663 An-

208 1690 334 1769 ὅπερ
395 1691 454 1747 ἒν
506 1689 654 1764 δεξιᾷ
699 1693 911 1747 εἰσιόντι
962 1694 1062 1758 την
1093 1688 1437 1770 Ἀντιόχειαν
1482 1703 1684 1764 κεῖται,
1736 1689 1864 1756 ἔστη

1958 1690 2230 1752 liochiam
2263 1689 2634 1751 venientibus
2684 1689 2753 1750 ad
2789 1688 3063 1749 dextrum
3098 1684 3250 1746 latus
3278 1690 3425 1748 situs
3471 1697 3582 1765 est,

211 1779 303 1853 μὲν
350 1781 555 1856 ἀθρόον
614 1784 675 1837 τὸ
732 1780 946 1860 ὄχημα,
981 1782 1069 1837 καὶ
1119 1786 1215 1847 τῆς
1259 1779 1345 1837 ἐπὶ
1391 1782 1491 1847 τὴν
1534 1781 1688 1837 πόλιν
1746 1780 1863 1857 εἴρ-

210 1891 335 1947 γετο
395 1872 652 1947 πορείας,
717 1869 1016 1936 ’Ἒκπληξις
1068 1867 1123 1925 δὲ
1167 1870 1368 1934 πάντας
1425 1871 1511 1926 καὶ
1572 1868 1686 1932 δέος
1743 1874 1869 1949 εἶχε

212 1964 280 2036 τῇ
321 1958 622 2035 παραδόξῳ
650 1960 742 2016 τοῦ
771 1961 1055 2039 ὀχήματος
1097 1958 1372 2038 ἐπισχέσει
1406 1976 1421 1991 ⁸
1474 1960 1562 2016 καί
1604 1981 1681 2022 τις
1737 1959 1870 2036 ἀνὴρ

212 2055 346 2119 τῶν,
397 2048 433 2103 ἃ
497 2046 680 2105 πολλὰ
736 2046 855 2103 κατ’
899 2047 1077 2103 ἐκεῖνο
1103 2048 1171 2113 ἦν
1202 2050 1263 2103 τὸ
1295 2050 1519 2128 χωρίον,
1577 2049 1872 2122 μνημάτων

220 2134 575 2217 ἔξορμηθεῖς,
622 2136 803 2216 δρόμῳ
863 2138 1004 2214 παρὰ
1056 2137 1149 2204 τὴν
1211 2140 1352 2216 ἱεραν
1414 2138 1610 2217 ἐχώρει
1664 2138 1818 2215 σορόν
1855 2154 1869 2167 ⁸

222 2225 360 2282 ἄλλα
421 2248 485 2283 τε
548 2227 814 2305 περιπαθῆ
869 2227 1008 2302 βοῶν
1051 2228 1139 2282 καὶ
1189 2225 1572 2304 ὀλοφυρόμενος
1633 2235 1726 2283 τοῦ
1769 2228 1875 2301 μύ-

225 2335 347 2380 σους
407 2316 663 2379 ὲλεεινῶς
722 2316 953 2388 ἑαιτὸν,
1046 2315 1292 2380 ἀνεθῆναί
1343 2336 1399 2370 τε
1462 2322 1558 2382 τῆς
1614 2317 1874 2393 μάστιγος

225 2402 401 2463 ἐδεῖτο
446 2407 544 2461 καὶ
597 2410 702 2460 τῶν
759 2403 964 2479 δεσμων
1001 2424 1015 2438 ο
1063 2403 1129 2470 ἧν
1182 2403 1234 2459 δὲ
1287 2407 1322 2472 ἡ
1394 2404 1584 2480 μάστιξ
1641 2407 1871 2483 πονηρὸς

224 2493 391 2551 παλαι
438 2493 649 2569 δαίμων
693 2493 1025 2563 ἐπιπηδήσας
1087 2495 1251 2573 αὐτῷ,
1306 2496 1379 2558 εἰς
1412 2498 1594 2569 iit-17.93»
1624 2516 1673 2549 τι
1718 2502 1875 2569 σῶμα

226 2586 482 2660 γυναικὸς
514 2580 837 2660 ἐνυϐρίσαντι
880 2582 1214 2660 στρεϐλώσας
1264 2603 1323 2638 τε
1382 2584 1540 2639 αὐτοῦ
1596 2586 1689 2645 τὰς
1736 2597 1872 2663 χεῖ·-

228 2693 319 2749 ρας
365 2672 517 2737 εὖθὺς
560 2671 766 2736 ἀλύτοις
796 2670 1035 2747 δεσμοῖς,
1082 2674 1170 2728 καὶ
1230 2671 1350 2735 τοὺς
1395 2669 1695 2751 ὀφθαλμοὺς
1750 2672 1870 2729 δια-

232 2761 489 2839 στρέψας,
553 2764 642 2817 καὶ
696 2761 892 2839 τρόμον
950 2764 1092 2830 αὖτῴ
1144 2761 1469 2840 ἐμποιήσας,
1517 2763 1602 2817 καὶ
1659 2759 1875 2838 δεσμώ-

234 2870 329 2916 την
380 2854 526 2930 παρὰ
581 2858 658 2925 τῷ
702 2856 799 2917 τῆς
860 2849 1184 2929 ὅϐρισμὲνης
1211 2851 1361 2929 τάτρῳ
1392 2851 1555 2930 μέχρι
1588 2853 1675 2907 καὶ
1717 2875 1873 2919 τηνι-

241 2946 401 2995 καῦτα
460 2939 734 3019 κατέχων,
778 2940 865 2995 καὶ
906 2946 1148 3019 συνεχῶς
1180 2942 1337 2998 αὐτὸν
1368 2938 1741 2997 καταϐάλλωνι
1775 2947 1873 3010 τῆς

241 3026 485 3105 χαλεπῆς
520 3028 702 3107 ὥσπερ
736 3026 934 3107 ὕϐρεως
986 3029 1194 3094 ἓκείνης
1251 3026 1397 3092 δίκας
1452 3032 1742 3089 ἐκτίνοντα.
1780 3020 1872 3089 Ὧν

247 3113 310 3181 δὴ
351 3117 559 3174 πάντων
616 3116 835 3174 ἒλέλυτο
892 3116 1195 3194 παραδόξως
1244 3120 1312 3193 τῇ
1362 3126 1502 3196 σορῷ
1529 3118 1877 3197 προσδραμὼν

252 3206 335 3261 καὶ
378 3209 435 3262 το
465 3208 559 3281 μὲν
590 3208 783 3287 ὄχημα
834 3206 1066 3263 ἐκινεῖτο
1124 3206 1333 3280 αὐτίκα,
1384 3209 1472 3264 καὶ
1526 3207 1874 3287 λαμπρότατα

260 3294 354 3361 τὴν
406 3297 553 3353 πόλιν
594 3296 783 3371 εἰσῄει,
838 3298 874 3363 ἡ
906 3292 962 3350 δὲ
1014 3297 1103 3351 τὸν
1150 3296 1474 3372 ποθούμενον
1513 3296 1753 3378 δέχεται,
1790 3303 1876 3356 καὶ

267 3396 382 3443 τοῖς
434 3386 629 3449 eiulat;
674 3384 897 3451 κόλποις
948 3384 1307 3443 ἐναποτίθεται
1361 3393 1428 3464 aii
1483 3390 1873 3467 ἒπιιιανεστάτῃ

270 3478 359 3529 τοῦ
411 3482 683 3533 Κασσιανοῦ
734 3472 1014 3547 ἐγκλησία,
1093 3482 1277 3550 Μικρῳ
1342 3474 1396 3532 δὲ
1454 3477 1669 3556 ὕστερον
1737 3480 1876 3546 θείας

262 3562 426 3638 ὄψεώς
462 3562 908 3644 ἐπιφοιτησάσης,
940 3565 1079 3642 ἱερὸν
1134 3564 1311 3642 ἕτερον
1343 3564 1568 3633 πλησίον
1599 3566 1820 3644 ἱδρύεται
1857 3586 1870 3599 ⁶

252 3654 336 3709 καὶ
386 3656 448 3712 τὸ
486 3657 634 3712 θεῖον
690 3654 744 3711 ἐν
801 3656 943 3728 αὐτῷ
986 3656 1318 3728 μετατίθεται
1377 3654 1649 3732 λείψανον,
1700 3643 1761 3716 "0
1816 3681 1876 3738 γε

247 3742 353 3815 μὴν
410 3749 501 3798 τοῦ
557 3749 724 3798 κακοῦ
782 3739 909 3820 παρ’
966 3740 1127 3797 αὐτοῦ
1199 3742 1299 3809 τὴν
1377 3741 1524 3799 λύσιν
1579 3746 1764 3824 ἑὺρὼν,
1820 3752 1881 3806 οὐ

243 3833 428 3908 μικρὸν
480 3829 535 3895 ἐξ
578 3830 779 3887 ἐκείνου
823 3829 980 3908 μέρος
1029 3830 1101 3894 εἷς
1135 3832 1327 3910 ἀρετὴν
1357 3831 1588 3908 ἐπιδοὺς,
1622 3836 1877 3915 νεωκόρος

235 3919 381 3977 τοῦδε
441 3923 642 3998 γίνεται
697 3926 789 3976 τοῦ
832 3920 957 3994 νεὼ,
1024 3922 1111 3976 καὶ
1178 3922 1278 3988 τὴν
1339 3929 1433 3978 τοῦ
1472 3924 1588 3999 βίου
1638 3928 1770 4003 πρὸς
1819 3929 1880 3983 τὸ

237 4009 445 4086 βέλτιον
507 4007 835 4091 μεταϐολὴν,
867 4008 1071 4066 δικαίαν
1114 4010 1349 4084 ἀμοιϐὴν
1378 4017 1455 4084 τῷ
1483 4014 1618 4091 ἁγίῳ
1646 4014 1832 4073 ἐκτίνει
1862 4037 1874 4051 ·

240 4098 265 4155 ὃ
306 4103 393 4157 καὶ
438 4098 649 4175 μᾶλλον
690 4100 1062 4156 ποθεινότατον
1120 4104 1262 4176 αὐτῷ
1318 4100 1405 4181 ἧν,
1463 4104 1496 4170 ἡ
1556 4111 1651 4161 τοῦ
1707 4106 1879 4164 ἱκέτου

237 4192 495 4271 σωτηρία.

1954 1779 2343 1860 pervenisset,
2379 1797 2593 1840 currus
2624 1777 2817 1839 subito
2849 1773 3175 1836 immobilis
3202 1774 3388 1850 stetit,
3410 1783 3587 1858 atque

1951 1869 2026 1931 ab
2051 1887 2121 1930 eo
2144 1869 2302 1946 quod
2327 1868 2384 1929 in
2409 1866 2619 1929 urbem
2642 1866 2868 1928 ferebat
2890 1867 3097 1924 itinere
3137 1863 3372 1942 penitus
3405 1882 3583 1928 arce-

1954 1958 2298 2022 batur.Haec
2323 1958 2627 2038 inopinata
2645 1972 2856 2019 currus
2886 1952 3139 2014 retentio
3172 1953 3445 2015 omnibus
3476 1955 3583 2016 ad-

1958 2048 2335 2108 mirationem
2361 2064 2478 2107 non
2506 2045 2702 2106 minus
2724 2060 2899 2125 quam
2934 2049 3223 2103 terrorem
3250 2041 3591 2122 injecit.Vir

1959 2137 2197 2217 quidam
2234 2155 2266 2196 e
2318 2144 2733 2205 monumento,
2784 2132 2980 2213 qualia
3034 2149 3151 2191 non
3196 2149 3378 2210 pauca
3425 2133 3591 2212 juxta

1958 2227 2154 2287 locum
2183 2225 2346 2286 illum
2377 2233 2544 2285 erant
2566 2223 3592 2301 condita,impetuegressus,magno

1957 2333 2132 2377 cursu
2154 2315 2224 2375 ad
2251 2333 2481 2375 sacrum
2510 2313 2769 2373 loculum
2797 2310 3098 2371 ferebatur
3123 2326 3137 2370 :
3164 2316 3222 2369 et
3244 2327 3376 2370 cum
3397 2312 3589 2373 varios

1957 2403 2141 2464 animi
2165 2402 2448 2462 tumultus
2469 2399 2799 2462 vociferans
2832 2405 3170 2471 testaretur,
3206 2404 3327 2457 tum
3360 2399 3591 2460 scelera

1956 2493 2084 2572 ipse
2098 2509 2202 2552 sua
2216 2486 3183 2565 miserabiliterlamentabatur;a.l
3200 2486 3324 2547 haec
3335 2486 3589 2549 vinculis

1958 2580 2265 2660 etﬂagello
2297 2579 2444 2641 solvi
2486 2576 2811 2660 postulabat
2847 2594 2860 2638 :
2902 2592 3078 2656 porro
3109 2574 3433 2653 ﬂagellum,
3471 2596 3588 2659 quo

1955 2675 2464 2736 cruciabatur,erat
2485 2671 2702 2727 daemon
2726 2666 3140 2738 malignus,qui
3164 2666 3300 2723 olim
3318 2670 3374 2723 in
3400 2673 3589 2739 ipsum

1962 2760 2232 2822 mulieris
2256 2759 2524 2820 cadaveri
2549 2757 2884 2837 petulanter
2899 2752 3012 2813 vim
3043 2752 3421 2829 inferentem,
3441 2755 3587 2816 iusi-

1958 2849 2504 2928 lierat,stalimque,
2534 2864 2743 2908 manus
2775 2843 2861 2904 illi
2893 2840 3313 2904 insolubilibus
3340 2846 3593 2907 vinculis

1959 2939 2398 3016 constringens,
2432 2944 2491 2998 et
2520 2935 2724 2997 oculos
2753 2932 2907 2995 (cede
2936 2938 3588 3012 contorquens,tremo-

1892 3004 1934 3054 ο
1958 3043 2210 3107 remque
2230 3004 2819 3097 incutiens,vinctum
2838 3022 2967 3101 ‘jam
3001 3019 3143 3082 inde
3163 3004 3350 3099 juxta
3365 3022 3591 3085 violatae

1961 3116 2231 3180 mulieris
2259 3113 2595 3195 sepulcrum
2629 3113 2746 3174 huc
2778 3128 2968 3191 usque
2990 3108 3348 3187 detinuerat,
3385 3121 3445 3172 et
3474 3120 3590 3174 tam

1961 3206 2212 3287 insignis
2247 3202 2624 3265 contumeliae
2656 3218 2856 3282 poenas
2890 3198 3321 3279 persolventem
3354 3201 3592 3262 assidue

1960 3292 2562 3378 opprimens.Quibus
2584 3291 2837 3353 vinculis
2859 3307 2991 3350 mox
3018 3297 3081 3349 ut
3108 3287 3181 3349 ad
3205 3288 3464 3378 loculum
3491 3309 3589 3352 sa-

1960 3377 2127 3450 crum
2150 3382 2626 3449 accurrit,statim
2644 3380 2930 3443 liberatus
2951 3386 3181 3458 estzquo
3202 3377 3593 3446 facto,currus

1960 3477 2121 3539 illico
2152 3482 2345 3535 motus
2398 3480 2506 3545 est,
2559 3480 2617 3532 et
2664 3466 3147 3551 splendidissimo
3192 3477 3473 3547 apparatu
3530 3471 3591 3532 in

1961 3565 2172 3629 urbem
2197 3560 2827 3637 illatus,desideratum
2844 3558 3186 3619 thesaurum
3212 3557 3593 3637 propriogre-

1963 3657 2084 3718 mio
2107 3652 2466 3731 suscepit,ac
2496 3650 2557 3711 in
2590 3645 2805 3711 illustri
2835 3645 3097 3709 Cassiani
3128 3645 3384 3707 ecclesia
3405 3648 3592 3710 collo-

1963 3746 2133 3809 cavit.
2168 3742 2349 3806 Paulo
2393 3740 2611 3803 deinde
2661 3746 2793 3819 post
2819 3736 3018 3798 divina
3048 3735 3274 3798 visione
3302 3754 3591 3818 superve-

1962 3838 2188 3908 niente,
2222 3831 2378 3895 aliud
2417 3828 2698 3910 templum
2732 3828 2789 3889 in
2840 3825 3033 3888 vicino
3075 3826 3205 3888 loco
3237 3825 3591 3890 aedificatum

1965 3926 2096 4003 fuit,
2119 3926 2175 3985 in
2208 3941 2325 4003 quo
2358 3936 2524 3982 sacra
2545 3919 2774 4000 lipsana
2802 3916 3091 3978 collocata
3121 3924 3278 3980 sunt.
3314 3917 3422 3979 llle
3453 3935 3596 3981 vero

1963 4015 2067 4099 qui
2099 4012 2237 4077 mali
2267 4013 2540 4074 levamen
2563 4007 2635 4070 ab
2680 4008 2808 4087 ipso
2840 4014 3201 4099 consecutus
3231 4006 3447 4099 fuerat,
3478 4026 3599 4069 non

1965 4097 2174 4185 exiguo
2204 4103 2277 4165 ab
2310 4101 2413 4163 illo
2445 4108 2712 4180 tempore
2736 4099 2794 4158 in
2820 4097 3032 4159 virtute
3076 4114 3394 4177 progressu
3418 4098 3594 4172 facto,

1962 4198 2075 4261 fuit
2106 4195 2281 4273 hujus
2317 4191 2522 4271 templi
2569 4187 3062 4260 tedituus,etvitte
3084 4187 3144 4246 in
3179 4187 3392 4248 melius
3425 4206 3597 4248 com-

245 4280 661 4355 mutationem,
689 4279 908 4359 justam
943 4279 1282 4342 mercedem
1315 4290 1519 4344 sancto
1551 4287 1832 4364 persolvit
1864 4314 1878 4358 :
1942 4308 2058 4355 nec
2090 4285 2211 4349 ulla
2240 4281 2463 4363 gratior
2493 4277 2781 4363 supplicis
2810 4277 2998 4358 ipsius
3027 4275 3215 4339 salute
3243 4275 3516 4353 accidere
3548 4277 3605 4343 ei

242 4381 494 4452 poterat.

1732 4539 1961 4602 CAPUT
1999 4541 2111 4600 XV.

885 4686 1144 4761 Reliquias
1172 4705 1208 4746 a
1235 4687 1407 4748 Leone
1452 4691 1579 4766 imp.
1612 4693 1875 4767 expotum.
1922 4694 2201 4769 Templum
2230 4691 2291 4748 in
2327 4694 2513 4755 monte,
2563 4686 2627 4743 in
2658 4699 2758 4759 quo
2792 4685 2961 4743 stetit.

316 4831 435 4909 νη’.
470 4840 576 4909 Τῆς
636 4839 691 4896 δὲ
725 4846 830 4898 τῶν
875 4840 1143 4918 λειψάνων
1182 4851 1339 4923 σοροῦ
1370 4845 1539 4902 πάντα
1565 4847 1728 4904 τόπον
1757 4861 1871 4913 τοῖς

2020 4846 2272 4912 58.Cum
2289 4841 2506 4905 deinde
2518 4857 2685 4903 sacra
2697 4854 2846 4900 urna
2860 4853 3098 4899 omnem
3119 4832 3274 4898 circa
3286 4835 3592 4918 regionem

239 4930 475 5004 θαύμασι
546 4928 1028 5005 διαλαμϐανούσης,
1089 4933 1117 4988 ὸ
1172 4933 1272 5001 τὴν
1329 4932 1690 5012 αὖτοκρατορα
1741 4936 1881 4993 Ῥω-

241 5021 420 5094 μαίοις
453 5018 647 5076 διέπων
681 5020 883 5100 ἀρχὴν,
945 5022 1005 5078 οὗ
1060 5020 1125 5089 δη
1184 5030 1357 5102 μικρῷ
1415 5024 1637 5102 πρόσθεν
1668 5028 1695 5082 ὁ
1723 5025 1881 5105 λόγος

242 5107 513 5183 ἐμνήσθη,
560 5110 852 5187 γράμματα
896 5109 1096 5186 πέμπει
1153 5122 1524 5193 Αντιοχεῦσιν,
1575 5112 1655 5193 ἐφ’
1706 5116 1792 5180 οἷς
1820 5116 1882 5170 τὸ

241 5206 334 5255 τοῦ
397 5199 553 5277 ἁγίου
585 5206 743 5275 σῶμα
798 5200 925 5276 πρὸς
955 5200 1054 5267 τὴν
1084 5199 1325 5276 βασιλίδα
1354 5201 1510 5258 πόλιν
1539 5201 1879 5276 διακομίσαι.

244 5367 509 5437 adeptus,
541 5380 667 5423 eam
698 5380 848 5423 anno
880 5366 977 5424 471
1017 5368 1234 5428 dimisit
1267 5373 1340 5427 ob
1365 5369 1673 5428 seditiones
1706 5370 1884 5428 Zeno-

243 5444 338 5496 nis
367 5438 599 5496 comitis
629 5445 685 5495 et
712 5437 859 5495 Petri
888 5437 1154 5497 Fullonis
1202 5456 1372 5513 opera
1402 5451 1600 5499 contra
1635 5458 1695 5500 se
1725 5444 1884 5500 exci-

243 5518 439 5655 ιὸιιῗὲί)
469 5584 535 5642 In
569 5583 751 5642 altera
780 5582 907 5641 Vita
939 5594 1023 5641 est
1050 5580 1393 5657 Horae.Nam
1422 5594 1627 5657 printer
1658 5585 1883 5641 Meroen

255 5659 595 5744 Ethiopian,
630 5659 742 5716 ἔστι
774 5661 861 5715 καὶ
896 5658 1095 5736 Μερόη,
1148 5656 1339 5741 inquit
1368 5655 1718 5742 Stephanus,
1750 5659 1884 5714 κατὰ

1967 4934 2384 5001 miraculorum
2420 4931 2579 4994 fama
2608 4927 3239 5009 complecteretur,qui
3271 4924 3603 4989 Romanum

1966 5028 2283 5108 imperium
2316 5018 2793 5094 administrabat,
2812 5017 2887 5079 de
2906 5036 3023 5098 quo
3044 5016 3220 5108 paulo
3244 5022 3383 5108 ante
3408 5034 3606 5108 sermo

1966 5104 2275 5196 incidit,ad
2299 5110 2702 5175 Antiochenos
2730 5108 2953 5170 litteras
2977 5104 3429 5196 scribit,quibus
3450 5107 3606 5168 sacri

1966 5195 2236 5287 corporis
2266 5202 2503 5266 exuvias
2526 5199 2599 5262 ad
2629 5198 2851 5278 regiam
2876 5196 3086 5259 urbem
3109 5195 3399 5275 asportari
3428 5213 3562 5258 man
3579 5228 3604 5244 -

1967 5374 2224 5437 ἀνατολὰς
2285 5379 2382 5441 τῆς
2433 5372 2550 5447 περὶ
2613 5365 3241 5448 ΔάφνηνἈντιοχείαςἐ
3298 5361 3484 5448 ι-Εει
3544 5371 3604 5429 et

1969 5459 2152 5515 Meroe
2183 5454 2253 5512 ad
2281 5443 2561 5511 orientem
2597 5443 2907 5505 Antiochia;
2954 5443 3183 5517 quaead
3212 5443 3491 5517 Daphnen
3526 5465 3540 5499 :
3580 5465 3607 5497 ι

1966 5532 2044 5586 ita
2085 5527 2204 5595 ille,
2243 5523 2344 5597 qui
2374 5522 2510 5597 alibi
2542 5520 2822 5597 Daphnen
2861 5519 2939 5575 ait
2969 5516 3097 5597 esse
3138 5516 3609 5581 «celeberrimum

1967 5587 2316 5659 suburb'inin
2349 5587 2659 5651 Antiochiae
2688 5604 2891 5648 versus
2918 5587 3219 5649 orientem.
3252 5610 3272 5640 ι
