4018 6136
412 342 528 421 399

405 577 809 640 instituerent.
844 575 1034 638 Ambo
1062 595 1199 638 vero
1233 593 1265 637 e
1296 576 1443 637 vivis
1485 576 1869 651 excedentes,
1905 598 2039 641 eum

403 668 753 748 relinquunt
773 683 1022 747 puerum
1052 664 1370 727 duodocim
1403 683 1592 728 annos
1622 666 1912 728 natum.ls
1942 685 2043 729 au-

405 758 673 832 tem,hac
700 756 825 817 sola
852 755 1039 817 veluti
1072 754 1480 817 consolatione
1507 754 1765 829 inventa,
1798 766 2044 837 prOpter

394 846 689 927 jacturam
715 854 1028 925 parentum
1054 843 1317 923 confugit
1334 845 1406 905 ad
1439 844 1705 906 divinum
1738 847 2037 927 quoddam

407 943 699 1015 tempum,
725 932 1003 995 omnibus
1026 932 1150 994 suis
1169 931 1389 994 divitiis
1413 932 1744 995 distributis
1768 935 2042 1015 pauperi-

401 1022 536 1099 bus,
572 1031 629 1085 et
658 1022 718 1083 in
749 1021 935 1102 prima
968 1028 1139 1083 aetate
1169 1038 1304 1083 cum
1332 1020 1715 1105 Macario,qui
1739 1022 2043 1087 habitabat

400 1113 685 1176 Edessam
709 1111 887 1190 (2),et
906 1128 1107 1172 sacros
1126 1109 1337 1172 Libros
1359 1110 2041 1193 interpretabatur,cou-

399 1219 640 1282 gressus
665 1207 724 1263 et
764 1208 1049 1275 versatus,
1079 1198 1367 1280 quidquid
1390 1207 1514 1262 erat
1543 1202 1604 1262 in
1636 1201 1722 1263 eis
1753 1202 2001 1282 pulcher
2020 1237 2040 1247 -

396 1291 644 1366 rimum,
679 1308 866 1372 pauco
896 1296 1165 1369 tempore
1196 1288 1454 1368 collegit.

467 1384 591 1445 2.Et
614 1398 748 1442 cum
770 1383 1020 1455 primum
1042 1382 1276 1453 quidem
1302 1383 1637 1441 accessisset
1655 1384 1726 1441 ad
1743 1383 2038 1446 lavacrum

396 1468 1014 1550 regenerationis,per
1030 1485 1240 1547 aquam
1257 1475 1315 1531 et
1334 1467 1604 1548 spiritum
1620 1479 2028 1549 regeneratus,

400 1558 718 1622 declinavit
741 1556 814 1618 ad
834 1557 1011 1618 vitam
1064 1556 1449 1618 monasticam
1481 1556 1566 1635 (3)
1595 1579 1608 1620 :
1646 1558 1863 1621 deinde
1896 1580 2030 1624 cum

399 1650 454 1711 ei
484 1648 672 1709 visum
706 1653 886 1721 esset,
920 1664 953 1707 a
983 1646 1117 1706 vino
1148 1653 1208 1707 et
1234 1645 1621 1708 obsoniorum
1648 1666 1755 1711 esu
1787 1652 2032 1714 omnino

394 1733 925 1809 abstinere,stalim
957 1742 1232 1816 tanquam
1261 1753 1329 1796 ex
1360 1735 1705 1798 carceribus
1722 1738 2030 1818 depugna-

1691 353 1971 420 MENSIS
2022 352 2474 421 JANUARIUS.

408 488 483 551 ab
511 492 754 550 ineunte
775 493 943 549 aetate
964 484 1025 548 in
1044 485 1335 566 religione
1356 495 1416 551 et
1445 505 1585 569 erga
1613 486 1800 550 Deum
1827 491 2042 570 pietate
2064 501 2100 549 Α
2125 491 2237 563 ϐείᾳ
2295 494 2627 571 enauigauit“
2664 511 2679 527 -

3648 348 3773 423 400

2752 493 2836 549 καὶ
2899 490 3308 559 τελευτήσαντες
3396 491 3558 573 ἄμφω
3650 494 3769 550 νέον

2128 583 2283 639 αὒτὸν
2342 581 2750 641 καταλείπουσιν
2820 581 2939 645 ἔτος
3025 604 3129 640 που
3183 579 3475 638 δωδέκατον
3537 579 3762 660 ἄγοντα,

2128 662 2184 728 Ὀ
2228 670 2280 726 δὲ
2325 674 2499 747 μόνην
2542 670 2719 751 ὥσπερ
2764 670 3101 749 παράκλησιν
3144 670 3228 727 ἐπὶ
3285 677 3351 747 τῇ
3400 675 3508 728 τῶν
3564 674 3765 750 γονέων

2124 759 2369 837 ἀποϐολῇ
2413 762 2503 817 τὸν
2546 763 2677 817 Θεὸν
2722 762 3002 839 εὑρηκὼς,
3077 759 3159 821 εἵς
3217 783 3333 817 τινα
3392 764 3538 818 θεῖον
3592 785 3760 820 κατα-

2123 852 2298 929 φεύγει
2361 852 2508 929 ναὸν,
2542 851 2713 906 πάντα
2761 864 2875 912 τοῖς
2910 850 3220 924 πενομένοις
3254 852 3344 906 τὸν
3389 849 3612 906 πλοῦτον
3640 850 3756 907 δια-

2122 941 2466 1015 νειμοὶμενος,
2511 942 2599 997 καὶ
2646 942 2789 1017 παρᾶ
2846 941 2944 1008 τὴν
2988 941 3207 1019 πρώτην
3268 940 3486 1007 ἡλικίαν
3519 943 3759 1016 μακαρίω

2122 1029 2229 1085 τινὶ
2287 1031 2383 1096 τὴν
2442 1027 2666 1087 ’Ἐδεσαν
2733 1032 2986 1102 οἰκοῦντι,
3058 1030 3155 1086 καὶ
3197 1028 3290 1086 τὰς
3332 1028 3475 1108 ἱερὰς
3536 1029 3762 1109 διερμη-

2126 1120 2325 1175 νεύοντι
2381 1117 2587 1195 βίϐλους
2646 1115 2788 1197 ἀνδρὶ
2842 1118 3257 1197 συγγενόμενος,
3304 1123 3408 1175 πᾶν
3453 1117 3481 1173 ὅ
3537 1142 3588 1175 τι
3620 1120 3762 1178 κάλ-

2124 1207 2301 1263 λιστον
2350 1208 2402 1265 ἐν
2465 1209 2681 1271 ταύταις
2740 1208 2984 1286 ὕπῆργεν
3041 1205 3096 1262 ἐν
3149 1205 3311 1284 ὀλίγῳ
3384 1207 3564 1287 χρόνῳ
3630 1231 3761 1265 συν-

2122 1296 2287 1361 έλεξε,

2200 1377 2275 1463 β’.
2326 1387 2423 1445 Καὶ
2481 1392 2663 1463 πρῶτα
2722 1386 2819 1461 μὲν
2850 1392 2926 1460 τῷ
2957 1391 3053 1453 τῆς
3104 1374 3509 1465 παλιγγενεσίας
3551 1385 3762 1463 λουτρῷ

2121 1476 2444 1556 προσελθὼν,
2479 1473 2549 1530 δι’
2590 1472 2777 1539 ὕδατός
2828 1498 2884 1533 τε
2936 1478 3035 1531 καὶ
3098 1475 3396 1546 πνεύματος
3454 1476 3755 1555 ἀναγεννη-

2113 1569 2243 1640 θεὶς,
2282 1569 2407 1645 πρὸς
2464 1568 2554 1622 τὸν
2614 1564 2896 1641 μοναδικὺν
2941 1565 3191 1621 ἀπέκλινε
3244 1567 3356 1643 βίον
3390 1583 3405 1598 ⁸
3440 1566 3623 1624 ἔπειτα
3652 1566 3752 1624 δό-

2114 1657 2204 1723 ξαν
2248 1657 2391 1731 αὒτῷ
2418 1662 2510 1712 τοῦ
2540 1655 2688 1712 οἴνου
2718 1677 2774 1711 τε
2832 1657 2913 1712 καὶ
2958 1655 3054 1722 τῆς
3115 1656 3415 1734 ὀψοφαγίας
3469 1663 3538 1722 είς
3592 1656 3751 1721 τέλος

2113 1746 2442 1826 ἀπέχεσθαι,
2490 1745 2635 1807 εὐθὺς
2676 1745 2857 1821 ὥσπερ
2915 1744 2973 1801 ἐκ
3034 1746 3252 1825 πρώτης
3303 1750 3559 1824 γραμμῆς
3616 1750 3751 1823 πρὸς

392 1827 495 1890 bal
524 1827 807 1890 adversus
837 1843 1049 1886 omnes
1105 1825 1301 1886 carnis
1344 1825 1694 1907 voluptates.
1749 1825 2021 1910 Seipsum

2111 1825 2300 1903 ἡδονᾶς
2334 1833 2507 1897 πάσας
2540 1833 2632 1898 τὰς
2675 1838 2773 1901 τῆς
2825 1836 3018 1913 σαρκὸς
3063 1833 3382 1914 ἀπεμάχετο
3417 1852 3430 1867 ⁸
3484 1836 3754 1902 νηστείαις

395 1925 594 1980 autem
628 1916 891 1978 formans
915 1914 1263 1993 jejuniis,se
1292 1914 1362 1977 ad
1397 1914 1551 1978 hanc
1573 1917 1801 1979 firmam
1836 1926 1894 1980 et
1916 1927 2028 1981 sta-

391 2004 575 2070 bilem
603 2005 849 2068 deduxit
878 2003 1467 2086 consuetudinem,ut
1498 2024 1654 2068 nona
1677 2007 1825 2070 hora
1840 2009 2029 2073 semel

391 2098 454 2160 in
491 2098 588 2160 die
614 2095 979 2160 comederet.
1013 2094 1197 2158 Erant
1244 2104 1442 2159 autem
1478 2097 1535 2160 ei
1568 2096 1747 2160 etiam
1782 2099 2024 2177 quidam

392 2188 541 2262 certi
570 2187 800 2249 dierum
835 2186 1113 2260 ambitus,
1150 2184 1211 2247 in
1243 2185 1463 2267 quibus
1497 2194 1617 2247 tota
1647 2187 2027 2251 hebdomada

392 2275 780 2357 permanebat
822 2275 1091 2355 jejunus.
1150 2272 1483 2337 Plurimum
1512 2284 1707 2337 autem
1747 2277 1876 2339 vita;
1905 2295 2029 2339 suae

393 2371 628 2447 tempus
654 2362 1039 2444 impendebat
1061 2362 1340 2444 precibus
1371 2372 1432 2426 et
1457 2364 1821 2445 lacrymis.A
1850 2385 2024 2428 scur—

389 2454 606 2517 rilitate
620 2461 678 2516 et
696 2452 819 2514 risu
841 2460 1065 2513 tantum
1091 2452 1615 2532 aberat,quantum
1632 2455 1933 2533 judicabat
1958 2474 2026 2518 ea

388 2562 522 2607 esse
552 2560 689 2605 vere
718 2542 992 2604 ridicula.
1027 2542 1249 2603 Contra
1278 2549 1477 2602 autem
1502 2561 1606 2603 eos
1626 2544 1725 2623 qui
1749 2543 2026 2623 lugebant

388 2631 666 2695 studebat
695 2630 1004 2705 imitari,et
1032 2630 1408 2691 existimabat
1429 2650 1565 2693 esse
1595 2632 1806 2712 dignos
1830 2633 2022 2697 beati-

385 2720 716 2783 tudinibus.
745 2717 1057 2781 Silentium
1090 2728 1286 2780 autem
1318 2721 1650 2800 amplexus,
1682 2731 1739 2783 et
1768 2722 2024 2784 assiduae

385 2809 625 2872 deditus
655 2807 1372 2883 meditationi,videbatur
1398 2828 1638 2890 semper
1668 2810 2018 2889 cogitabun-

385 2899 498 2960 dus
523 2907 580 2961 et
609 2897 852 2960 tristitia
896 2897 1106 2978 plenus
1149 2897 1221 2958 iis
1241 2897 1343 2979 qui
1368 2898 1440 2959 ad
1464 2917 1601 2960 eum
1632 2900 2020 2979 accedebant,

388 2989 618 3051 etiamsi
650 2987 865 3069 spiritu
890 2988 947 3049 in
983 3006 1048 3048 se
1075 2995 1364 3069 perpetuo
1387 2988 1779 3051 exsultaretet
1802 2990 2026 3053 laetare-

380 3086 500 3143 tur.
535 3078 598 3141 Si
658 3076 894 3158 quando
944 3085 1139 3138 autem
1203 3077 1451 3138 verbum
1504 3077 1559 3139 ei
1592 3097 1662 3139 ex
1696 3098 1802 3141 ore
1833 3080 2022 3141 visum

2110 1922 2165 1980 δὲ
2210 1922 2388 1980 τυπῶν
2441 1921 2627 1978 ἑαυτὸν
2677 1924 2750 1988 εἷς
2806 1922 2953 1986 ἔθους
3008 1922 3181 2001 ἤγαγε
3250 1921 3401 1990 πῆξιν
3456 1924 3594 1981 κατᾶ
3651 1925 3753 1993 τὴν

2109 2012 2334 2081 ἐννάτην
2391 2012 2532 2090 ὥραν
2611 2009 2749 2077 ἅπαξ
2805 2012 2904 2080 τῆς
2960 2011 3160 2091 ἡμέρας
3218 2012 3518 2083 σιτίζεσθαι.
3579 2007 3754 2070 ¹Ἦσαν

2109 2101 2164 2158 δὲ
2222 2102 2309 2158 καί
2336 2123 2492 2181 Δτινες
2536 2104 2677 2175 αὒτῷ
2733 2102 2948 2180 ἡμερῶν
3004 2100 3264 2181 περίοδοι,
3299 2102 3352 2158 ἐν
3385 2106 3474 2164 αἷς
3503 2105 3592 2159 καὶ
3646 2102 3752 2170 ὅλη

2108 2199 2293 2248 τοῦτον
2336 2178 2499 2271 ἒῖχεν
2540 2192 2575 2259 ἡ
2626 2178 2873 2266 ἐϐδομάς,
2936 2190 3038 2249 To'v
3077 2178 3143 2267 ire
3202 2190 3307 2266 μὴν
3366 2190 3581 2248 πλείονα
3644 2194 3749 2259 τῆς

2108 2281 2250 2352 ζωῆς
2285 2280 2479 2360 χρόνον
2540 2292 2872 2359 προσευχαῖς
2932 2281 3015 2335 καὶ
3075 2278 3319 2357 δακρυσιν
3377 2278 3559 2355 ἔνεμεν
3594 2298 3610 2317 ⁶
3653 2283 3749 2339 εὖ-

2108 2369 2393 2449 τραπελίας
2454 2370 2550 2445 μέν
2605 2369 2692 2425 οὖν
2738 2376 2990 2426 τοσοῦτον
3046 2368 3249 2448 ἀπεῖχε
3318 2371 3406 2425 καὶ
3485 2370 3746 2449 γέλωτος,

2108 2461 2218 2534 ὅσῳ
2247 2468 2410 2517 ταῦτα
2443 2462 2529 2516 καθ
2582 2458 2832 2537 γελώτων
2881 2458 3092 2526 ἀληθῶς
3149 2457 3350 2536 ἔκρινεν
3403 2457 3539 2524 ἄξια.
3605 2460 3748 2518 T05-

2108 2552 2315 2607 ναντίον
2359 2547 2411 2604 δὲ
2457 2550 2575 2610 τοὺς
2630 2551 2943 2609 πενθοῦντας
3000 2549 3086 2604 καὶ
3129 2545 3321 2617 ζηλοῦν
3381 2546 3620 2626 ἔσπευδε⁹
3657 2550 3748 2605 καὶ

2108 2645 2458 2717 μακαρισμῶν
2514 2636 2682 2703 ἀξίους
2743 2640 2933 2715 ἡγεῖτο
2968 2653 2983 2669 ⁸
3044 2637 3142 2703 τὴν
3175 2634 3229 2691 δὲ
3261 2637 3467 2702 σιωπὴν
3506 2636 3742 2709 ἀσπαζό-

2107 2751 2287 2804 μενος,
2324 2731 2412 2784 καί
2472 2733 2537 2804 τῇ
2572 2739 2792 2807 συνεχεῒ
2852 2724 3050 2801 μελέτῃ
3083 2725 3462 2801 προσκείμενος
3496 2726 3579 2782 ἐπὶ
3611 2749 3745 2783 συν-

2109 2817 2246 2881 νοίας
2278 2818 2451 2895 ὡρᾶτο
2482 2815 2596 2893 ἀεῖ,
2630 2819 2717 2872 καὶ
2749 2816 3038 2894 κατηφείας
3071 2813 3283 2891 πλήρης
3316 2827 3434 2878 τοϊς
3466 2814 3747 2893 παραϐάλ-

2108 2908 2313 2986 λωσιν,
2350 2909 2394 2963 εἶ
2420 2908 2607 2980 καὶτῷ
2640 2906 2899 2980 πνεύματι
2934 2903 3017 2959 διὰ
3048 2905 3246 2969 παντὸς
3280 2904 3333 2959 ἐν
3366 2904 3537 2978 ἑαυτῷ
3567 2905 3750 2983 ἠγαλ-

2109 2996 2260 3053 λιατο
2291 2997 2386 3053 καὶ
2445 2994 2681 3076 ἔχαιρεν,
2720 2997 2775 3051 Εἰ
2806 2993 2859 3050 δέ
2892 3016 3019 3050 ποτε
3047 2995 3129 3053 καῖ
3166 2994 3311 3070 ῥῆμα
3369 2991 3561 3059 δόξειεν
3603 2994 3745 3069 αὖτῷ

2109 3085 2359 3165 προέσθαι
2405 3095 2496 3143 τοῦ
2538 3085 2828 3160 στόματος,
2868 3087 2918 3139 αἱ
2979 3086 3119 3139 θεῖαι
3179 3085 3378 3161 Γραφαὶ
3433 3086 3492 3139 τὸ
3544 3082 3742 3140 λαλού-

386 3175 547 3231 esset
574 3166 1097 3242 emittere,divinae
1120 3166 1444 3262 Scriptor-aa
1461 3176 1630 3262 erant
1660 3168 1717 3229 id
1751 3167 1905 3248 quod
1932 3169 1987 3231 lo
2006 3206 2021 3220 -

2111 3197 2270 3250 μενον
2300 3175 2365 3242 ῆν
2397 3191 2411 3205 ⁶
2449 3183 2695 3237 τοσοῦτος
2728 3175 2825 3251 γὰρ
2886 3174 3026 3247 αὖτῷ
3067 3175 3211 3236 θεῖος
3246 3174 3446 3229 τούτων
3480 3173 3609 3251 ἔρως
3654 3173 3747 3229 ἒν-

384 3258 930 3337 quebatur.Tantus
954 3258 1111 3319 enim
1142 3274 1347 3318 earum
1374 3255 1611 3318 divinus
1639 3276 1809 3319 amor
1828 3260 2021 3338 ipsum

2110 3264 2372 3339 ἔσκηψεν,
2417 3266 2491 3327 ὡς
2536 3261 2673 3337 μηδὲ
2702 3264 2862 3320 ὕπνου
2919 3262 3113 3341 σχεδον
3155 3261 3354 3318 ἐθέλειν
3383 3268 3452 3339 τῇ
3481 3264 3599 3342 περὶ
3627 3264 3751 3319 ταύο

383 3354 624 3428 ceperat
661 3356 723 3409 ut
755 3349 843 3410 vix
871 3364 1148 3408 somnum
1180 3346 1597 3428 velletcapere
1623 3357 1865 3429 propter
1885 3367 2023 3411 con-

381 3437 602 3499 tinuam
637 3455 844 3499 earum
899 3436 1370 3498 meditationem.
1421 3435 1480 3498 Si
1531 3438 1771 3516 quando
1826 3446 2021 3500 autem

381 3545 601 3608 corpus
632 3525 865 3588 volebat
895 3527 1189 3587 modicum
1222 3526 1766 3606 requiescere,non
1795 3526 2022 3608 absque

381 3615 612 3676 intensa
648 3615 940 3690 oratione,
976 3633 1087 3675 nec
1120 3613 1251 3676 sine
1283 3613 1494 3676 calidis
1520 3614 1793 3696 lacrymis
1825 3624 1883 3677 et
1911 3635 2019 3696 ge-

378 3723 562 3765 nuum
594 3704 848 3766 ﬂexione
904 3722 1178 3765 somnum
1210 3703 1503 3765 sumebat.
1560 3706 1678 3766 Sed
1721 3705 1847 3767 haec
1879 3705 2015 3786 qui-

378 3793 691 3865 dem,dum
716 3794 1006 3873 puerilem
1032 3794 1228 3855 adhuc
1253 3804 1457 3873 ageret
1487 3802 1782 3872 a‘atatem,a
1813 3805 2016 3859 sancto

375 3889 545 3945 recte
575 3891 741 3961 gesta
771 3892 929 3944 sunt.

453 3972 842 4052 3.Postquam
871 3980 1067 4033 autem
1101 3970 1175 4033 ab
1201 3988 1271 4031 ea
1295 3972 1417 4049 jam
1452 3973 1800 4048 excessit,et
1831 3975 2012 4056 coepit

376 4077 508 4122 esse
528 4060 1155 4135 adolescens,carnem
1191 4058 1433 4141 quidem
1464 4060 1685 4121 nullam
1718 4081 1851 4123 cum
1884 4064 2012 4145 spi-

373 4149 487 4211 ritu
521 4150 837 4229 agitantem
871 4149 1227 4211 seditionem
1248 4148 1507 4210 reddidit
1532 4167 1639 4229 per
1672 4151 2012 4233 sancliSpi-

374 4238 523 4299 ritus
539 4239 979 4320 operationem;
1005 4237 1359 4319 quibusdam
1385 4247 1579 4300 autem
1608 4258 1739 4319 quae
1767 4251 1905 4302 sunt
1939 4242 2011 4303 ad

376 4344 542 4388 esum
569 4327 739 4389 valde
761 4327 1189 4406 exilia,cor;'us
1214 4326 2013 4405 reﬁciebat,adeoutmultos

375 4414 505 4476 dies
534 4416 659 4477 solo
685 4434 835 4494 pane
857 4424 1220 4486 vesceretur,
1243 4423 1399 4477 etne
1425 4435 1575 4495 pane
1595 4419 1835 4498 quidem
1874 4422 1975 4501 plu
1993 4456 2009 4466 -

371 4502 561 4579 ribus,
597 4505 701 4566 sed
734 4504 807 4565 iis
866 4523 994 4586 quas
1051 4523 1120 4567 eo
1184 4514 1352 4567 erant
1410 4505 1481 4567 ad
1512 4507 1792 4569 alendum
1824 4512 2011 4589 magis

374 4593 753 4675 exilia.Aqua
776 4602 971 4656 autem
998 4602 1125 4655 erat
1154 4595 1209 4655 ei
1243 4607 1413 4674 potus
1443 4601 2012 4661 suavissimus.Non-

370 4700 675 4763 nunquam
707 4692 903 4745 autem
935 4683 1272 4745 abstinebat
1305 4684 1479 4745 etiam
1529 4684 1603 4745 ab
1661 4705 1771 4747 usu
1828 4687 2008 4767 ignis.

449 4772 787 4851 4.Cumque
808 4774 893 4834 sic
922 4773 1293 4852 pervenisset
1322 4773 1392 4834 ad
1423 4792 1661 4836 omnem
1690 4776 2006 4839 humanam

366 4860 923 4938 virtutem,fuitcito
944 4862 1312 4923 clarissimus
1343 4862 1612 4924 omnium
1647 4865 1736 4924 sui
1772 4876 2009 4947 tempo-

366 4952 473 5012 ris.
508 4950 779 5032 Seipsum
815 4970 954 5031 ergo
987 4951 1163 5012 tradit
1188 4951 1469 5013 Ecclesia;
1498 4953 1917 5031 Antiochonae;
1953 4965 2011 5017 et

369 5060 503 5103 cum
539 5042 927 5123 processisset
959 5043 1031 5104 ad
1089 5042 1509 5117 sacerdotium,
1548 5045 1855 5105 constituit
1887 5044 2009 5107 illic

371 5132 694 5193 maximum
726 5131 934 5193 ludum
969 5131 1321 5193 lltterarium
1356 5132 1475 5211 (4),
1509 5131 1581 5192 iis
1632 5132 1733 5212 qui
1782 5133 2006 5214 ubique

440 5298 758 5426 ggg‘liilsdessa
790 5300 931 5359 urbs
989 5301 1432 5371 Mesopotamiae,
1482 5298 1639 5356 haud
1670 5300 1872 5371 procul
1900 5302 2006 5360 Sa-

370 5384 627 5428 mosaus.

441 5442 516 5522 (3)
548 5441 653 5523 De“
679 5442 999 5523 monachis,
1059 5442 1294 5523 rituque
1329 5441 1459 5499 illos
1488 5440 1872 5523 consectandi
1898 5458 2007 5523 an-

368 5510 547 5585 tiquis
573 5512 689 5567 illis
715 5512 1089 5585 temporibus,
1126 5510 1459 5585 priusquam
1492 5513 1749 5585 cmnobia
1776 5513 2007 5585 publice

363 5582 876 5652 constituerentur,
935 5582 1165 5638 consul:
1224 5582 1435 5652 poSset,
1488 5600 1519 5640 c
1600 5584 1634 5639 6
1673 5582 2010 5641 Εἰσί-στολίσι

363 5652 743 5722 ecclesiastica!
762 5652 816 5706 S.
852 5651 1133 5722 Dionysii,
1163 5651 1593 5710 et’BalIhasaris
1616 5654 1861 5712 Corderii
1898 5670 2008 5713 no-

365 5725 473 5782 stri
505 5725 561 5780 in
593 5720 739 5778 illud
774 5720 1205 5781 Animadversio
1228 5741 1247 5795 ;
1270 5727 1489 5784 nctatio
1524 5727 1659 5783 item
1680 5724 1837 5787 Petri
1872 5724 2009 5794 Hal-

2033 4568 2078 4622 Ο

2105 3376 2200 3416 τας
2244 3351 2484 3419 διηνεκεῖ
2527 3352 2726 3427 μελέτῃ
2771 3348 3200 3426 μεταλαμϐάνειν
3233 3366 3247 3380 '
3285 3348 3340 3407 εἴ
3388 3372 3517 3407 ποτε
3577 3349 3632 3407 δὲ
3686 3354 3750 3409 τὸ

2107 3450 2263 3518 σῶμα
2322 3444 2387 3499 τὰ
2442 3442 2631 3519 μέτρια
2686 3439 3060 3497 διαναπαύσειν
3118 3438 3400 3513 ἠϐούλετο,
3462 3444 3558 3499 οὔκ
3626 3442 3754 3498 ἄνευ

2104 3537 2413 3611 προσευχῆς
2486 3531 2751 3605 ἐκτενοῦς,
2813 3529 2927 3589 ούδὲ
3006 3529 3128 3585 ἄνευ
3212 3533 3421 3608 θερμῶν
3479 3528 3745 3609 δακρύων,

2104 3623 2191 3679 καὶ
2248 3622 2485 3701 γονάτων
2540 3620 2760 3685 κλίσεως
2815 3619 2979 3676 ὕπνου
3036 3619 3324 3699 μετεῖχεν,
3380 3616 3545 3675 Ἀλλὰ
3578 3622 3747 3677 ταῦτα

2101 3711 2201 3788 μὲν
2227 3711 2445 3789 πρώτην
2480 3711 2566 3768 καὶ
2597 3707 2847 3777 παιδικὴν
2906 3706 3087 3789 ἄγοντι
3116 3708 3216 3776 τὴν
3245 3705 3457 3776 ἠλικίαν
3488 3715 3564 3784 τῷ
3594 3709 3736 3788 ἁγίῳ

2101 3799 2418 3876 κατώρθωτο
2429 3847 2441 3861 ,

2175 3974 2256 4053 γ’.
2290 3976 2440 4032 Ἐπεὶ
2470 3975 2523 4031 δὲ
2567 3974 2671 4045 ἤδη
2714 3976 2914 4042 ταύτην
2941 3976 2999 4031 τὲ
3050 3972 3304 4054 ὑπερέϐη,
3360 3977 3449 4031 καὶ
3508 3977 3582 4042 εἷς
3642 3999 3739 4034 νε-

2097 4065 2338 4141 αιίσκους
2381 4063 2563 4121 τελεῖν
2615 4062 2833 4141 ἤρξατο,
2895 4064 3245 4121 ἀστασίαστον
3290 4065 3389 4137 μὲν
3437 4067 3537 4133 τὴν
3567 4067 3740 4145 σάρκα

2096 4155 2173 4226 τῷ
2237 4154 2495 4223 πνεύματι
2551 4160 2619 4230 τῇ
2663 4153 2895 4231 ἐνεργείᾳ
2938 4160 3028 4208 τοῦ
3059 4154 3209 4231 ἁγίου
3240 4154 3546 4229 Πνεύματος
3592 4179 3738 4233 παρ-

2097 4243 2363 4311 εστήσατο
2395 4259 2410 4274 ⁸
2461 4249 2560 4299 τισὶ
2619 4241 2673 4299 δὲ
2732 4246 2836 4298 τῶν
2893 4244 2965 4306 εἷς
3011 4243 3206 4320 βρῶσιν
3238 4242 3450 4299 λεπτῶν
3488 4246 3547 4299 τὸ
3578 4250 3737 4321 σῶμα

2098 4332 2335 4401 συνίστη,
2398 4333 2470 4395 ὡς
2533 4332 2610 4411 ἐφ’
2657 4332 2873 4394 ἱκαναῖς
2923 4331 3149 4406 ἡμέραις
3181 4330 3322 4404 ἄρτῳ
3357 4333 3503 4407 μόνῳ
3532 4339 3739 4413 κεχρῆ-

2097 4424 2236 4493 σθαι,
2297 4424 2383 4478 καὶ
2440 4420 2578 4495 μηδὲ
2633 4422 2774 4497 ἄρτῳ
2831 4434 2952 4484 ταῖς
3011 4419 3272 4494 πλειοσιν,
3324 4420 3461 4477 ἄλλά
3518 4426 3617 4478 τινὶ
3647 4424 3735 4478 καί

2095 4511 2278 4566 τούτου
2307 4512 2437 4588 πρὸς
2468 4512 2668 4591 τροφὴν
2700 4509 3024 4586 λεπτοτέρῳ.
3087 4510 3264 4588 ’Ὑδωρ
3317 4508 3372 4565 δέ
3432 4513 3574 4585 αὖτῷ
3625 4534 3730 4568 πο-

2094 4601 2185 4654 τὸν
2234 4597 2439 4664 ἥδιστον
2471 4615 2483 4629 ⁶
2522 4598 2631 4655 ἔστι
2664 4598 2717 4654 δὲ
2749 4598 2836 4653 ὅτε
2870 4602 2959 4655 καί
2995 4605 3092 4666 τῆς
3144 4600 3234 4654 τοῦ
3279 4602 3437 4677 πυρὸς
3468 4599 3727 4679 ἀπείχετο

2093 4689 2364 4765 χρήσεως.

2174 4774 2248 4834 δ’.
2302 4779 2398 4833 Καὶ
2429 4776 2595 4842 οὕτως
2651 4778 2723 4839 εἷς
2782 4776 2925 4832 ἇίπαν
2986 4781 3084 4843 τῆς
3134 4776 3250 4833 κατ’
3298 4776 3567 4855 ἄνθρωπον
3596 4774 3724 4853 ἀρε-

2093 4870 2192 4931 τῆς
2265 4865 2585 4944 ἀφικόμενος
2651 4869 2753 4921 τῶν
2828 4863 2910 4945 ἐφ’
2971 4865 3159 4922 ἑαυτοῦ
3229 4867 3459 4947 τάχιστα
3516 4866 3730 4921 πάντων

2094 4953 2318 5033 ὑπῆρξεν
2368 4954 2817 5029 ὀνομαστότατος.
2873 4961 2951 5026 Τῇ
3009 4956 3097 5010 οὗν
3156 4952 3484 5034 Ἀντιοχέων
3536 4954 3728 5021 ἐκκλη-

2091 5043 2176 5116 σίᾳ
2207 5042 2377 5121 φέρων
2409 5043 2595 5098 ἑαυτὸν
2625 5041 2855 5115 δίδωσιν,
2890 5045 2976 5099 καὶ
3038 5044 3111 5105 εἰς
3170 5045 3458 5121 ἱερωσύνην
3503 5040 3731 5121 προϐὰς,

2088 5130 2461 5190 διδασκαλεῖον
2505 5132 2757 5209 μέγιστον
2798 5135 2916 5189 εκεῖ
2963 5133 3350 5212 συνεστήσατο,
3411 5138 3516 5189 τῶν
3559 5132 3733 5189 ἁπαν-

2089 5298 2210 5381 toi;
2232 5299 2417 5357 nostri
2449 5300 2506 5356 in
2538 5313 2667 5370 cap.
2703 5298 2733 5354 7
2762 5298 2900 5358 Vitae
2930 5299 3189 5371 ejusdem
3217 5300 3276 5358 S.
3315 5298 3571 5371 Dionysii
3600 5316 3632 5358 a
3664 5315 3731 5359 se

2090 5371 2505 5512 θάἱλῗέοὴοιεε
2534 5440 2699 5513 olim,
2750 5442 3067 5514 praesertim
3129 5459 3306 5503 sacrae
3336 5442 3727 5506 catecheseos,

2091 5528 2120 5570 a
2186 5512 2898 5591 ghris_ti_anis_doctoribu_s
2957 5515 3194 5591 aperiri
3228 5515 3459 5591 solitas,
3496 5521 3733 5591 constat

2093 5597 2177 5672 ex,
2193 5584 2486 5672 ’Eusebio,
2513 5584 2810 5672 Ba'r‘ontoL
2835 5583 3013 5672 ⁸Ροιιίο
3038 5658 3052 5672 _
3070 5588 3298 5672 lialloix
3327 5594 3370 5642 t.
3400 5584 3459 5672 ll

2090 5655 2880 5801 ggztsogiméxigmgpommno,
2933 5661 2990 5712 et
3038 5658 3132 5716 hic
3178 5672 3340 5717 num.
3394 5657 3449 5726 1,
3501 5655 3730 5715 Macarii
