4018 6136
288 280 373 352 401
1620 278 1809 345 VITA
1854 280 1912 342 S.
1962 280 2002 342 L

2054 280 2279 345 FCIANI
2296 323 2311 340 .
3540 275 3660 347 402

279 426 425 501 ταχοῦ
500 416 984 494 σπουδαιοτάτων,
1046 419 1118 484 ὡς
1186 418 1343 475 αὖτὸν
1415 416 1717 498 ἀλλαχόθεν
1789 413 1993 488 ἄλλῳΑ

2056 423 2190 476 rant
2247 412 2697 494 studiosissimi,
2728 407 2967 474 aliunde
3015 411 3088 473 ad
3121 408 3316 501 ipsum
3362 413 3657 477 acceden-

272 508 713 588 ἀφικνουμένων.
774 505 1025 575 ’Ἡσκητο
1070 506 1135 586 ,δὲ
1199 508 1297 575 τὴν
1341 507 1677 586 ὀξυγραφίαν,
1737 506 1823 560 καὶ
1880 505 1941 558 τὸ

2054 503 2203 566 ibus.
2239 502 2304 565 In
2361 503 2635 565 celeriter
2662 510 2857 563 autem
2911 500 3231 563 scribendo
3262 510 3388 564 erat
3437 503 3663 566 exerci-

265 598 463 653 ἐκεῖθεν
518 597 681 672 αἶ)τῷ
709 599 1087 675 ποριζόμενον,
1120 597 1232 670 ἅμα
1284 597 1384 669 μὲν
1428 597 1600 669 ἑαυτῷ
1630 598 1757 671 πρὸς
1812 620 1940 675 τρο-

2054 600 2199 671 atus,
2235 593 2393 674 quod
2457 612 2524 654 ex
2560 610 2629 653 eo
2690 590 3059 673 acquirebat,
3094 591 3273 652 simul
3304 591 3548 672 quidem
3607 598 3666 653 et

258 688 383 765 φὴν,
420 686 546 760 ἅμα
617 684 793 743 δὲκαὶ
838 700 957 750 τοῖς
1003 686 1224 752 πένησιν
1284 686 1561 766 ἐχορήγει·
1626 687 1842 765 καὶγὰρ
1900 689 1943 743 εἶ

2056 680 2140 743 ibi
2190 681 2262 743 ad
2320 682 2695 754 alimentum,
2731 689 2789 743 et
2818 679 3180 763 pauperibus
3225 679 3663 762 suppeditabat.

252 778 326 851 μὴ
385 778 521 848 πρὶν
567 776 611 844 ἢ
662 782 859 857 τροφῆς
924 776 1077 841 οὗτος
1134 773 1451 850 μεταλάϐοι,
1510 774 1677 851 ἕτεροι
1708 782 1800 831 τοῦ
1837 775 1943 830 ἀπὸ

2054 770 2257 831 Etenim
2295 771 2434 848 nisi,
2468 771 2817 852 priusquam
2843 772 2969 852 ipse
3000 770 3199 831 cibum
3247 778 3532 843 sumeret,
3564 768 3669 832 alii

249 869 353 921 τῶν
414 867 597 923 αὖτοῦ
634 873 841 946 χειρῶν
896 866 1009 943 βὲου
1054 866 1405 945 μετάσχοιεν,
1436 863 1639 921 ἀδικίαν
1695 865 1756 920 τὸ
1799 870 1943 941 πρᾶ-

2054 859 2239 933 'ictus,
2274 879 2450 940 quem
2506 859 2780 921 manibus
2811 856 3133 939 quaerebat,
3168 867 3370 920 essent
3418 859 3663 940 partici-

2024 967 2147 1028 pes,
2185 949 2459 1029 iniquum
2493 966 2625 1010 esse
2656 947 2935 1011 ducebat.
2987 950 3048 1011 ls
3075 965 3214 1026 ergo
3248 966 3381 1009 cum
3424 947 3668 1011 vidisset

2024 1055 2227 1098 sacros
2284 1035 2492 1099 Libros
2551 1055 2683 1098 esse
2737 1036 2906 1098 valde
2963 1036 3348 1111 adulteratos,
3394 1054 3532 1097 cum
3604 1046 3667 1100 et

2025 1133 2261 1206 tempus
2295 1125 2482 1187 multa
2514 1132 2574 1187 in
2607 1126 2693 1187 eis
2738 1126 3125 1206 corrupisset,
3161 1125 3564 1205 continuaque
3593 1125 3667 1187 ab

2024 1215 2154 1275 aliis
2187 1217 2245 1275 in
2278 1215 2393 1276 alia
2426 1214 2761 1290 translatio,
2792 1222 2851 1277 et
2882 1213 3120 1297 quidam
3164 1213 3439 1275 homines
3467 1213 3667 1277 scele-

2024 1303 2332 1378 ratissimi,
2367 1304 2468 1386 qui
2525 1303 2838 1383 gentilitati
2894 1309 3206 1385 praeerant,
3240 1302 3437 1364 conati
3469 1308 3670 1365 essent

252 978 364 1035 γμα
426 956 680 1015 ἒτίθετο.
740 958 905 1020 Οὗτος
951 958 1038 1011 οῦν
1100 956 1185 1011 καὶ
1241 956 1337 1019 τὰς
1375 955 1519 1033 ἱερὰς
1549 952 1763 1030 βὶϐλους
1819 951 1941 1009 ἰδὼν

254 1044 391 1102 πολὺ
455 1047 527 1101 τὸ
566 1047 730 1101 νόθον
788 1042 1183 1120 εἶσδεξαμένας,
1218 1052 1310 1102 τοῦ
1340 1066 1397 1101 τε
1450 1044 1646 1123 χρόνου
1690 1040 1939 1117 λυμηνα-

258 1137 421 1207 μένου
489 1133 688 1191 πολλὰ
722 1141 827 1191 τῶν
893 1134 947 1189 ἐν
992 1134 1206 1206 αὐταῖς,
1240 1136 1332 1190 καὶ
1392 1134 1486 1201 τῆς
1544 1154 1799 1212 συνεχους
1846 1129 1935 1211 ἀφ’

259 1223 460 1299 ἐτέρων
526 1224 614 1286 εἷς
659 1222 813 1300 ἕτερα
873 1221 1228 1301 μεταθέσεως,
1267 1224 1354 1279 καὶ
1399 1223 1581 1296 μέντοι
1640 1222 1727 1277 καὶ
1782 1242 1942 1276 τινων

258 1311 575 1385 ἀνθρώπων
642 1311 1022 1387 πονηροτάτων
1085 1310 1138 1367 οἳ
1214 1318 1306 1368 τοῦ
1369 1309 1729 1384 Ἑλληνισμοῦ
1803 1330 1941 1386 προ-

262 1402 620 1480 εσττζκεσαν,
684 1401 1016 1479 παρατρέψαι
1075 1401 1163 1457 τὸν
1231 1400 1284 1455 ἐν
1343 1400 1532 1465 αὐταῖς
1592 1401 1708 1455 νοῦν
1754 1418 1942 1475 πειρα-

2054 1399 2369 1454 iervertere
2426 1411 2631 1454 eorum
2701 1391 3201 1472 intelligentiam;
3275 1391 3401 1471 ipse
3457 1409 3668 1455 omnes

262 1490 561 1567 σαμένων,
604 1491 691 1546 καὶ
734 1489 869 1546 πολὺ
903 1492 963 1544 τὸ
1007 1487 1256 1556 κίϐδηλον
1318 1490 1371 1545 ἐν
1427 1490 1640 1551 ταύταις
1698 1486 1942 1543 διασπει-

2054 1500 2234 1542 ἰιι-ευδ
2269 1487 2543 1563 sumpsit,
2580 1491 2637 1544 et
2669 1500 2737 1543 ex
2792 1480 2990 1561 lingua
3022 1480 3322 1543 renovavit
3349 1480 3663 1558 Hebraica,

262 1581 513 1658 ράντων,
579 1579 737 1640 αὗτὸς
784 1579 989 1640 ἁπάσας
1054 1577 1333 1634 ἀναλαεὼν
1396 1578 1455 1634 ἐκ
1511 1584 1607 1644 τῆς
1668 1572 1944 1653 Ἐϐρα’ίδος

2054 1589 2204 1652 luam
2239 1571 2425 1651 ipsam
2455 1589 2690 1652 quoque
2720 1570 2945 1632 sciebat
2992 1569 3459 1646 accuratissime,
3490 1569 3550 1630 in
3582 1570 3671 1631 eis

264 1668 634 1723 ἀνενεώσατο
692 1663 962 1743 γλώττης,
1024 1665 1089 1732 ἢν
1138 1666 1225 1721 καὶ
1283 1666 1445 1732 αὒτὴν
1502 1662 1815 1743 ἧκριόωκὼς
1874 1663 1946 1726 εἷς

2054 1660 2400 1738 :orrigendis
2435 1660 2755 1742 plurimum
2813 1659 3038 1721 laboris
3080 1659 3423 1721 conferens.
3484 1658 3667 1721 Porro

262 1757 330 1811 τὰ
389 1754 653 1831 μάλιστα
699 1757 789 1833 ἦν,
826 1753 987 1811 πόνον
1047 1760 1115 1829 τῇ
1168 1755 1520 1830 ἒπανορθώσει
1553 1753 1633 1809 ὅτι
1692 1756 2002 1837 πλεῖστονε

2054 1759 2224 1811 ιιιιεηι
2286 1750 2622 1811 divinorum
2674 1768 2910 1832 quoque
2953 1749 3293 1830 dogmatum
3351 1749 3669 1829 puritatem

263 1845 761 1922 εἰσενεγκάμενος.
834 1846 905 1901 Οῦ
962 1842 1070 1917 μὴν
1130 1841 1206 1917 δὲ,
1266 1841 1403 1899 ἀλλὰ
1458 1844 1545 1898 καὶ
1610 1840 1944 1921 καθαρότητα

2054 1841 2162 1920 luis
2195 1839 2267 1900 ab
2298 1840 2412 1902 alio
2442 1857 2515 1902 ex
2547 1839 2620 1901 iis
2650 1860 2748 1921 qui
2779 1840 3021 1902 fuerunt
3068 1837 3171 1901 illo
3204 1849 3499 1920 tempore,
3535 1856 3666 1900 me-

260 1940 371 1989 τῶν
435 1935 611 1990 θείων
669 1929 974 2011 δογμάτων,
1033 1934 1107 1993 τίς
1173 1933 1235 1986 ἂν
1285 1931 1370 2011 ὑφ’
1437 1932 1614 2008 ἑτέρου
1667 1936 1770 1986 τῶν
1826 1926 1943 1985 κατ’

2054 1928 2143 1990 ius
2176 1947 2354 2008 quam
2387 1928 2461 1992 ab
2494 1929 2623 2011 ipso
2653 1928 2837 1991 fuisse
2881 1936 3171 1992 servatam
3199 1928 3494 1991 invenerit
3525 1925 3552 1989 ἲ

260 2023 494 2081 ἐκεῖνον
559 2025 651 2079 τὸν
686 2021 879 2101 χρόνον
920 2020 1219 2100 γενομένων
1272 2022 1400 2100 ὑπὲρ
1430 2029 1612 2079 τοῦτον
1642 2021 1782 2099 εὕροι
1842 2042 1942 2098 φυο

263 2110 631 2188 λαττομὲνην
665 2131 682 2192 ς

1809 2223 2045 2284 CAPUT
2076 2224 2147 2281 ll.

1184 2354 1244 2411 S.
1296 2353 1527 2411 Lactant
1572 2350 2055 2424 comprehenditur.
2110 2348 2414 2406 Puerorum
2452 2349 2780 2406 constantia.

361 2484 445 2541 ε’.
522 2482 745 2549 Ἐπειδὴ
803 2480 856 2537 δὲ
917 2478 1240 2555 Μαξιμιανὸς
1304 2481 1330 2534 ὁ
1378 2478 1628 2546 Βασιλεὺς
1699 2480 1952 2548 ἐλύττησε

281 2575 429 2629 κατὰ
493 2579 592 2641 τῆς
630 2570 954 2638 Ἐκκλησίας
1011 2593 1106 2629 του
1136 2578 1360 2648 Χριστοῦ
1388 2573 1585 2628 λύσσαν
1640 2572 1948 2653 ἀμήχανον,

284 2664 415 2739 ῥᾷον
470 2663 716 2736 οἰόμενος
759 2660 811 2725 ἒξ
862 2660 1146 2737 ἀνθρώπων
1196 2662 1370 2717 θέσθαι
1426 2663 1485 2717 τὸ
1532 2668 1635 2716 τῶν
1696 2662 1951 2739 Χριστια-

292 2758 403 2807 νῶν
449 2752 647 2829 ὄνομα,
697 2752 741 2806 εἰ
798 2750 917 2812 τοὺς
979 2750 1035 2805 ἐν
1090 2756 1248 2807 πᾶσιν
1323 2751 1645 2829 ἀκροτάτους
1714 2749 1953 2808 ἐκποδὼν

297 2839 555 2908 δυνηθείη
616 2840 964 2913 ποιήσασθαι,
1010 2841 1228 2896 ἐπύθετο
1285 2840 1382 2916 μὲν
1422 2841 1542 2918 περὶ
1596 2843 1687 2897 τοῦ
1744 2838 1953 2918 ἀνδρὸς,

302 2930 396 2987 ἅτε
458 2929 669 2996 πολλῆς
700 2928 981 3007 πανταχοῦ
1040 2929 1160 3004 περὶ
1195 2930 1348 2985 αὐτοῦ
1405 2929 1499 2996 τῆς
1530 2930 1716 3008 φήμης
1775 2927 1952 2985 διαθε-

307 3022 496 3087 ούσης’
556 3018 727 3081 δεινὸς
760 3016 816 3074 δὲ
873 3019 1029 3074 αὐτὸν
1062 3017 1193 3096 ἔρως
1226 3017 1435 3085 εἰσῆλθε
1493 3020 1583 3075 τὸν
1611 3017 1768 3096 ἄνδρα
1826 3040 1954 3098 χει-

311 3112 597 3186 ρωσασθαι.
663 3110 761 3166 Καὶ
791 3106 991 3182 πέμπει
1044 3106 1107 3174 δὴ
1141 3109 1258 3172 τοῦς
1311 3109 1456 3187 χειρὶ
1496 3107 1951 3183 συλληψεμένους⁹

315 3202 343 3255 δ
398 3196 453 3254 δὲ
500 3198 706 3275 μαθὼν,
770 3200 864 3256 οὐκ
931 3195 1229 3269 αὐτόμολος
1285 3199 1359 3262 εἰς
1429 3200 1520 3254 τὸν
1587 3197 1820 3253 κίνδυνον
1862 3197 1951 3275 ἧν,

2113 2478 2170 2540 5.
2209 2478 2354 2540 Cum
2408 2483 2606 2539 autem
2642 2473 3025 2538 Maximianus
3053 2476 3376 2555 imperator
3419 2476 3675 2539 maxima

2037 2566 2289 2646 quadam
2322 2565 2490 2628 rabie
2520 2576 2677 2627 esset
2709 2566 2972 2647 percitus
3001 2564 3282 2627 adversus
3316 2563 3531 2627 Christi
3558 2563 3674 2626 Ec-

2036 2657 2299 2729 clesiam,
2327 2663 2764 2736 conareturque
2794 2654 3194 2718 Christianum
3223 2672 3441 2716 nomen
3470 2652 3677 2717 delere

2040 2764 2109 2806 ex
2143 2743 2508 2819 hominibus,
2543 2763 2646 2806 eos
2675 2746 2773 2825 qui
2807 2752 2975 2806 erant
3004 2743 3226 2806 summi
3254 2742 3411 2807 inter
3441 2760 3676 2820 omnes,

2039 2834 2383 2913 longissime
2413 2852 2723 2896 removere
2753 2833 3023 2908 studens,
3055 2832 3130 2894 de
3159 2832 3259 2894 illo
3292 2830 3532 2913 quidem
3563 2849 3677 2894 au-

2038 2923 2152 2996 dit,
2186 2933 2248 2984 ut
2281 2923 2356 2985 de
2383 2942 2499 3004 quo
2537 2942 2748 3002 magna
2798 2922 2953 2984 fama
2984 2923 3332 3002 pervaderet
3359 2922 3418 2983 in
3469 2939 3678 2984 omnes

2038 3020 2234 3093 partes
2268 3034 2279 3076 :
2345 3031 2620 3092 magnum
2657 3031 2797 3075 vero
2846 3031 2985 3075 eum
3018 3012 3264 3074 incessit
3311 3010 3677 3074 desiderium

2038 3102 2205 3164 illum
2237 3101 2298 3163 in
2331 3120 2496 3164 suam
2532 3100 2847 3180 redigendi
2881 3108 3257 3182 potestatem.
3290 3100 3467 3165 Mittit
3496 3100 3680 3180 igitur

2038 3191 2140 3272 qui
2170 3210 2306 3253 eum
2342 3192 2954 3269 comprehenderent.
2985 3190 3091 3252 Ille
3122 3208 3262 3252 vero
3293 3209 3428 3252 cum
3461 3190 3519 3252 id
3553 3209 3675 3254 res-

323 3285 460 3343 ἁλλὰ
510 3289 594 3344 οιὰ
629 3288 869 3367 φυλακῆς
912 3284 1151 3343 ἐποιεῖτο
1194 3288 1280 3343 καὶ
1328 3286 1615 3366 ἀσφαλείας
1672 3284 1863 3364 μηδὲν,
1894 3286 1955 3341 τό

2054 3280 2295 3353 :ivisset,
2325 3299 2443 3342 non
2475 3299 2538 3342 se
2568 3299 2675 3342 sua
2706 3291 2917 3361 sponte
2937 3280 3196 3359 conjecit
3222 3280 3283 3341 in
3316 3279 3673 3360 periculum,

333 3396 397 3450 γε
462 3379 527 3437 εὶς
593 3378 746 3433 αὐτὸν
817 3376 948 3443 ἧκον
1004 3373 1365 3452 ῥιψοκίνδυνον
1421 3377 1708 3450 ὑπομεῖναι
1785 3374 1951 3453 δόξαι,
1984 3449 2002 3453 _

2054 3368 2140 3431 sed
2173 3369 2492 3448 diligenter
2522 3369 2789 3444 cavebat,
2815 3378 3102 3448 quantum
3135 3369 3195 3431 in
3226 3387 3296 3430 eo
3325 3371 3501 3431 situm
3527 3377 3675 3444 erat,

336 3449 467 3538 μηδὲ
520 3466 609 3532 τὴν
659 3465 987 3532 Ἐκκλησίαν
1006 3449 1264 3543 μεγάλην
1323 3465 1420 3533 τὴν
1466 3449 1549 3543 ἐφ’
1583 3466 1754 3538 ἑαυτῷ
1817 3449 2002 3521 κατέ(

2054 3476 2115 3520 ie
2147 3458 2449 3520 videretur
2479 3469 2705 3521 temere
2735 3459 2903 3520 adire
2927 3458 3213 3540 pericula,
3247 3476 3447 3536 neque
3475 3456 3680 3520 Eccle-

330 3554 511 3632 ήφειαν
567 3553 906 3633 προξενῆσαι,
968 3553 1245 3633 Ἀσφαλης
1303 3565 1427 3633 γοῦν
1484 3555 1556 3618 εἰς
1589 3552 1805 3628 δύναμιν
1864 3554 1953 3627 ἦν,

2054 3546 2144 3609 sia)
2200 3556 2441 3628 propter
2491 3566 2557 3609 se
2610 3565 2879 3626 magnam
2935 3548 3149 3610 afferre
3199 3546 3518 3610 tristitiam.
3552 3545 3680 3610 Sibi

321 3645 395 3708 ὡς
449 3652 600 3702 τοῦτο
633 3649 728 3701 καὶ
789 3647 881 3701 τοῦ
914 3645 1100 3721 Κυρίου
1143 3644 1503 3710 πεποιηκότος
1553 3666 1610 3699 τε
1654 3644 1741 3700 καὶ
1775 3641 1953 3699 διαλε-

2054 3654 2180 3714 argo
2214 3634 2453 3697 cavebat
2478 3654 2581 3716 pro
2616 3635 2864 3711 viribus,
2892 3643 3092 3717 utpote
3113 3635 3271 3713 quod
3302 3634 3415 3697 hoc
3442 3654 3679 3717 quoque

319 3731 567 3808 ξαμένου,
627 3735 715 3791 καὶ
781 3741 887 3790 τῶν
934 3735 1089 3790 αὐτοῦ
1147 3737 1399 3808 μαθητῶν
1470 3735 1690 3806 ὁμοίως.
1754 3734 1851 3790 Καὶ
1892 3731 1957 3798 δὴ

2054 3723 2326 3786 Dominus
2373 3724 2637 3799 fecisset,
2676 3734 2733 3786 et
2788 3725 3049 3805 dixisset,
3096 3736 3157 3786 et
3207 3725 3339 3804 ejus
3395 3723 3676 3805 discipuli

320 3827 417 3890 τῆς
474 3822 682 3886 πόλεως
717 3823 978 3885 ὃπεκστὰς
1032 3822 1114 3878 ἐπ’
1162 3822 1324 3900 ἀγροῦ
1354 3845 1496 3885 τινος
1538 3823 1752 3900 ὑπῆρχε
1784 3842 1955 3878 κατα-

2054 3813 2337 3875 ;imiliter.
2400 3813 2448 3876 E
2503 3814 2736 3876 civitate
2792 3813 2993 3895 itaque
3049 3814 3373 3889 excedens,
3420 3814 3479 3875 in
3537 3832 3678 3894 agro

316 3912 707 3989 κρυπτόμενος,
769 3911 1099 3988 Παγκράτιος
1153 3908 1205 3966 δὲ
1256 3932 1337 3975 τις
1395 3916 1492 3977 τῆς
1520 3915 1685 3976 αὐτῆς
1743 3911 1958 3967 Ἀντιο-

2054 3902 2297 3984 quodam
2350 3902 2588 3965 latebat.
2622 3903 2969 3966 Pancratius
3025 3913 3221 3965 autem
3254 3903 3495 3984 quidam
3550 3903 3681 3966 Au-

317 4002 498 4081 χείας,
529 4000 627 4066 τὴν
683 4000 780 4074 μὲν
811 4006 902 4055 τοῦ
960 3996 1310 4077 πρεσϐυτέρου
1339 4002 1501 4073 τιμὴν
1556 3999 1722 4079 ἔχων,
1756 4005 1854 4065 τῆς
1909 3997 1961 4054 δὲ

2054 3992 2518 4081 tiochenus,qui
2573 3992 2901 4073 presbyteri
2934 3992 3173 4073 quidem
3208 4001 3334 4081 erat
3388 3993 3679 4055 honorem

317 4088 613 4147 Σαϐελλίου
663 4089 1099 4166 ὑποφρονήμασιν
1151 4088 1602 4167 ὑπενηνεγμένος,
1650 4089 1709 4145 ἐκ
1767 4087 1968 4145 πολλοῦ

2054 4080 2550 4155 assecutus,idem
2584 4100 2720 4143 vero
2750 4081 3047 4144 sentiebat
3077 4082 3230 4162 quod
3256 4080 3547 4144 Sabellius
3572 4081 3683 4163 (5),

315 4184 383 4254 τῇ
434 4179 529 4235 τοῦ
584 4175 766 4254 ἀνδρὸς
820 4174 945 4252 δόξῃ
1001 4174 1407 4250 διαϐασκαίνων,
1441 4175 1753 4256 προδίδωσιν
1809 4177 1965 4234 αὐτὸν

2054 4172 2162 4250 iam
2198 4170 2296 4232 diu
2329 4179 2465 4232 ante
2492 4172 2653 4234 illius
2682 4174 2880 4251 gloriae
2937 4172 3229 4247 invidens,
3262 4172 3458 4251 ipsum
3491 4172 3690 4252 prodit

315 4268 437 4332 τοῖς
466 4269 837 4336 ἁναζητοῦσιν.

2054 4261 2121 4322 iis
2152 4260 2250 4339 qui
2281 4260 2600 4339 quaerebat.

396 4355 510 4429 ς’.
549 4355 652 4413 Καὶ
695 4356 722 4410 ὃ
754 4355 852 4428 μὲν
902 4353 989 4411 ἐπὶ
1018 4354 1113 4413 τὴν
1161 4352 1519 4427 Νικομήδειαν
1546 4352 1732 4431 ἧτειτο
1775 4358 1964 4421 τεθνη-

318 4442 564 4518 ξόμενος·
624 4443 740 4500 ἐκεῖ
798 4448 895 4514 μὲν
940 4464 1040 4519 γαρ
1089 4445 1116 4498 ὁ
1175 4441 1501 4516 Μαξιμιανὸς
1558 4441 1642 4513 ἧν,
1702 4442 1867 4506 πολὺς
1910 4442 1964 4498 δὲ

319 4535 407 4590 καὶ
461 4530 796 4594 παντοδαπὸς
827 4531 1029 4607 ἐγίνετο
1084 4535 1271 4610 φθόνος
1303 4534 1408 4587 τῶν
1463 4533 1553 4587 τὸν
1598 4533 1819 4608 Χριστὸν
1864 4533 1961 4610 ἀρε⁸

322 4625 529 4677 νεῖσθαι
598 4620 676 4695 μὴ
743 4618 1106 4695 βουλομένων.
1166 4621 1271 4682 Καὶ
1330 4622 1483 4677 τοῦτο
1542 4620 1662 4693 μὲν,
1712 4620 1966 4695 ’Ἁνθιμον

322 4710 421 4778 τῆς
453 4712 617 4777 αὐτῆς
650 4707 775 4765 ὄντα
807 4707 1162 4784 Νικομηδείας
1196 4708 1483 4771 ἐπίσκοπος
1516 4708 1717 4765 ἀνελὼν
1748 4709 1775 4764 ὃ
1798 4709 1968 4776 Magi-

2130 4351 2188 4412 6.
2225 4348 2295 4410 Et
2324 4348 2423 4409 ille
2450 4350 2686 4429 quidem
2713 4349 3125 4413 Nicomediam
3147 4348 3475 4412 ducebatur
3498 4352 3686 4415 mori-

2048 4436 2379 4502 turus.lllic
2405 4439 2563 4500 enim
2600 4448 2727 4501 erat
2761 4438 3174 4519 Maximianus,
3200 4438 3303 4516 qui
3325 4458 3597 4520 magnam
3626 4449 3689 4506 et

2050 4546 2229 4591 omne
2257 4544 2448 4604 genus
2472 4528 2693 4590 cacdem
2722 4528 2971 4591 faciebat
2998 4546 3230 4603 eorum,
3256 4527 3356 4609 qui
3391 4529 3688 4593 Christum

2050 4636 2168 4679 non
2194 4614 2470 4678 volebant
2493 4617 2884 4697 negare.Nam
2911 4617 3693 4699 etAnthimum(6).quierat

2052 4708 2370 4787 episcopus
2415 4706 2682 4786 ejusdem
2719 4707 3108 4787 Nicomediae,
3136 4706 3516 4769 interfectum
3568 4707 3691 4788 igni

325 4800 517 4873 μιανὸς
575 4820 612 4853 π
631 4799 694 4875 »ρὶ
724 4794 1111 4875 παραδέδωκεν·
1175 4806 1329 4855 τουτο
1360 4796 1413 4852 δὲ
1474 4799 1697 4871 Πέντρον
1728 4798 1816 4854 τόν
1872 4804 1967 4866 τῆς
1992 4814 2002 4865 1

2056 4794 2320 4869 tradidit,
2357 4803 2416 4857 et
2444 4795 2684 4859 Petrum
2716 4798 3034 4859 antistitem
3087 4796 3171 4873 (Ἰ)
3200 4794 3599 4871 Alexandriae,
3635 4804 3695 4859 et

326 4885 724 4964 Ἀλεξανδρείας
795 4886 1003 4963 ’ἐγορον
1086 4890 1239 4944 τοῦτο
1308 4885 1386 4959 δὲ,
1446 4886 1675 4950 πολλοὺς
1750 4888 1972 4964 ἀγαθοὺς

2060 4890 2275 4952 multos
2296 4888 2444 4951 alios
2462 4886 2778 4967 praeclaros
2796 4895 2852 4946 et
2873 4886 3056 4947 fortes
3080 4884 3596 4957 viros.Quinetiam
3621 4885 3697 4946 ad

328 5000 381 5033 τε
446 4978 532 5033 καὶ
587 4977 858 5053 γενναίους
906 4974 1111 5055 ἄνδρας.
1177 4978 1274 5034 Καὶ
1354 4978 1426 5036 εἰς
1484 4984 1703 5034 τοσοῦτο
1775 4978 1973 5054 προέϐη

2060 4987 2276 5041 tantam
2302 4975 2592 5059 processit
2614 4976 2985 5041 saevitiammt
3009 4993 3082 5035 ne
3100 4973 3426 5036 infantibus
3451 4971 3693 5053 quidem

326 5068 428 5134 τῆς
461 5066 555 5123 ὲπῖ
608 5066 816 5128 τούτοις
849 5066 1157 5139 ὠμότητος,
1190 5066 1321 5122 ὥστε
1371 5066 1566 5140 καὶμὴ
1616 5066 1813 5123 παὶδων
1871 5091 1973 5134 νη-

2060 5078 2351 5147 parceret,
2381 5066 2486 5128 sed
2516 5065 2677 5145 ipsos
2708 5082 2943 5144 quoque
2973 5064 3381 5138 interimeret;
3411 5061 3694 5141 quoniam

327 5157 465 5213 πίων
523 5153 715 5230 κομιδῇ
775 5153 1067 5234 φείδεσθαι,
1126 5154 1265 5211 ἀλλὰ
1320 5157 1408 5211 καὶ
1465 5155 1649 5220 αὐτο-ὂς
1708 5158 1969 5235 ἀναιρεῖν

406 5320 811 5405 ςεξβψψιυξ
844 5320 1077 5379 tollebat
1098 5336 1487 5405 personarum
1526 5325 1970 5405 tn_sanctissima

330 5393 609 5452 Trinitate
639 5393 976 5455 discrimen,
998 5393 1153 5450 unde
1176 5393 1538 5466 sequebatur,
1572 5395 1801 5451 Patrem
1830 5411 1974 5466 quo-

331 5481 443 5535 que
473 5466 836 5520 incarnatum
872 5479 998 5519 esse
1035 5473 1089 5519 et
1112 5478 1341 5530 passum
1377 5483 1390 5529 ;
1427 5464 1495 5519 ad
1529 5467 1644 5535 haec
1675 5464 1973 5523 materiam

335 5537 648 5607 ingenitam
681 5535 996 5607 asserebat.

337 5604 476 5665 tom.
507 5606 580 5665 ll.
611 5620 706 5665 an.
743 5604 870 5673 260,
903 5620 962 5664 n.
994 5607 1059 5663 6t
1094 5616 1147 5664 et
1180 5620 1302 5679 seq.

1036 5535 1174 5603 Quas
1215 5535 1397 5592 fusius
1455 5534 1629 5594 tradit
1688 5538 1978 5596 Baronius

2059 5175 2168 5219 nec
2193 5164 2421 5238 poterat
2452 5154 2692 5235 quidem
2709 5153 2797 5216 eis
2820 5152 3269 5233 persuadere,ut
3299 5158 3602 5231 gustarem
3623 5168 3698 5214 ea

2128 5327 2207 5396 (6)
2264 5327 2346 5383 De
2402 5324 2458 5380 S.
2520 5322 2792 5396 Δηιῃὶωο
2826 5319 3122 5396 Δβρῖθοορο
3182 5317 3606 5376 Nicomediensi
3644 5327 3701 5377 et

2056 5391 2306 5469 martyre
2337 5408 2572 5469 agemns
2593 5392 2667 5469 ⁸2Ἰ
2702 5391 2882 5469 April,

2129 5461 2301 5535 (πε.
2366 5461 2951 5535 ΡριτὶᾲΑιοχδη-στίιιὶ
3012 5461 3492 5535 episcopi__vitam
3534 5461 3701 5518 dabi-

2061 5530 2293 5597 mus'26
2333 5533 2604 5595 Novemb.
2637 5536 2732 5591 ubi
2768 5532 2840 5589 de
2869 5545 3125 5604 tempore
3183 5530 3347 5589 caedis
3377 5530 3502 5601 ejus
3558 5547 3700 5603 age-

2062 5625 2213 5670 mus.
