4018 6136
352 303 470 370 403

1636 311 1918 375 MENSIS
1972 311 2424 375 JANUARIUS.

3607 309 3729 377 404

353 461 485 524 quae
504 439 987 505 sacriﬁcabanlur
1013 439 1542 504 daamonibus.Non
1567 442 1728 504 enim
1756 457 1992 523 persua-

2080 440 2215 500 διότι
2259 443 2338 516 μὴ
2369 441 2586 507 δυνατὸς
2637 442 2703 510 ἦν
2746 441 2944 500 πείθειν
3001 443 3187 507 αὐτοὺς
3219 442 3567 521 ἀπογεύεσθαι
3625 449 3736 500 τῶν

353 532 552 606 debat,
587 533 690 594 sed
723 530 1076 593 resistebant
1107 530 1298 611 pueri,
1335 539 1537 611 aperte
1567 530 1933 592 corroborati
1965 550 1997 594 ο

353 622 630 702 quodam,
666 621 821 702 quod
854 619 965 682 sub
999 629 1305 698 aspectum
1337 629 1542 700 aperte
1573 638 1692 682 non
1723 619 1992 695 cadebat,

351 711 676 783 auxilio,ad
706 709 892 783 magis
910 709 1269 788 arguendam
1299 709 1660 782 daemonum,
1699 716 1757 771 et
1787 728 1993 771 eorum

352 801 453 882 qui
485 799 572 862 eis
603 799 954 872 inserviunt,
987 816 1104 858 non
1137 797 1329 858 solum
1384 797 1853 878 improbitatem,
1887 798 1992 861 sed

352 892 526 952 etiam
552 887 1047 951 imbecillitatem:
1079 886 1375 967 siquidem
1407 895 1633 967 apertae
1655 886 1993 950 eratimbe-

352 978 638 1057 cillitatis,
668 996 782 1038 non
811 993 983 1056 posse
1009 975 1237 1037 ﬁrmam
1272 995 1340 1039 ac
1371 976 1620 1038 validam
1657 994 1824 1038 suam
1849 977 1993 1038 red-

351 1067 494 1128 dere
524 1066 904 1136 sententiam,
933 1065 1190 1127 maxime
1213 1083 1347 1126 cum
1380 1065 1578 1128 omnia
1611 1073 1918 1146 cuperent,
1938 1073 1995 1127 et

349 1160 538 1217 omnia
565 1158 1129 1229 experirentur.Fult
1161 1168 1352 1216 autem
1381 1161 1694 1217 maximum
1713 1161 1993 1217 auxilium

347 1243 444 1323 iis,
472 1244 573 1324 qui
593 1243 968 1305 considerate
992 1251 1051 1304 et
1073 1261 1140 1304 ex
1162 1243 1391 1322 judicio
1425 1243 1993 1325 decertabant,pue-

346 1351 546 1395 rorum
572 1334 643 1393 ad
674 1341 924 1394 mortem
949 1350 1136 1412 usque
1159 1332 1440 1394 fortitudo
1471 1342 1527 1394 et
1557 1335 1909 1410 constantia,
1933 1342 1996 1396 ut

347 1423 449 1502 qui
480 1422 987 1496 erubescerent,si
1011 1431 1404 1484 cernerentur
1419 1423 1621 1503 pueris
1653 1423 1992 1500 inferiores,

346 1509 529 1571 rebus
549 1509 829 1589 gravibus
851 1519 911 1572 et
935 1511 1164 1591 asperis
1185 1511 1550 1585 illatis,sicut
1568 1511 1792 1580 illi.non
1815 1513 1994 1576 resis-

349 1599 918 1680 tentes.Quicunque
943 1608 1142 1661 autem
1161 1619 1370 1662 rursus
1397 1601 1814 1680 frangerentur
1835 1603 1992 1683 peri.

349 1687 524 1760 culis,
561 1689 634 1749 iis
658 1706 974 1768 puerorum
1004 1689 1424 1769 perpessiones
1446 1689 1995 1772 aﬂ‘erebantrcpre-

345 1777 896 1858 hensionem,qnod
922 1795 1039 1839 non
1068 1785 1184 1838 tam
1209 1787 1455 1859 prepter
1485 1778 1776 1841 malorum
1800 1781 1992 1859 gravi-
2018 1809 2054 1859 Β

345 1873 554 1940 tatem,
593 1885 769 1947 quam
821 1874 1063 1945 propter
1092 1869 1273 1928 animi
1309 1866 1644 1943 mollitiem,
1679 1887 1782 1931 eos
1813 1869 1995 1931 victos

346 1954 532 2017 fuisse
553 1956 993 2034 appareret.Sic
1016 1955 1161 2016 nihil
1191 1965 1559 2034 temere,nec
1590 1957 1815 2038 absque
1836 1959 1992 2039 opti-

347 2062 444 2104 ma
472 2043 700 2105 ratione
731 2063 924 2124 neque
958 2053 1070 2117 est,
1106 2063 1300 2126 neque
1330 2045 1460 2125 fuit,
1495 2064 1690 2126 neque
1733 2066 1992 2128 unquam

343 2131 522 2193 fuerit
552 2150 756 2194 eorum
801 2152 930 2214 quae
959 2152 992 2194 a
1015 2132 1136 2194 Deo
1169 2133 1578 2196 conceduntur
1605 2145 1664 2196 et:
1693 2136 1822 2216 ejus
1855 2155 1991 2217 pro-

342 2221 604 2283 videntia
636 2242 651 2284 :
713 2223 1012 2303 quomodo
1045 2231 1182 2283 tunc
1240 2222 1426 2284 multa
1455 2223 1698 2303 quidem
1749 2227 1908 2287 varia
1939 2233 1999 2286 et

344 2309 700 2389 multiplicia
736 2321 1068 2372 evenerunt
1099 2311 1157 2372 in
1191 2312 1415 2387 pueris.
1443 2311 1526 2373 Ex
1559 2311 1779 2394 quibus
1798 2315 1995 2376 omni-

344 2397 456 2460 bus
510 2418 691 2460 unum
725 2399 1004 2474 narrabo,
1043 2400 1200 2480 quod
1235 2409 1323 2461 est
1368 2401 1624 2464 maxime
1655 2403 1900 2481 dignum
1933 2413 1998 2466 ut

345 2488 664 2549 mandetur
697 2489 1026 2553 memoriae.
1061 2487 1158 2552 Sic
1191 2487 1350 2550 enim
1377 2489 1552 2552 habet
1585 2513 1600 2548 :

429 2575 884 2639 7.Maximianus
905 2597 1040 2640 cum
1069 2579 1216 2640 duos
1239 2577 1522 2658 quosdam
1546 2598 1758 2658 pueros
1773 2600 1995 2660 genere

342 2665 802 2742 fratres,illustri
826 2668 954 2729 loco
977 2675 1446 2743 natos,curasset
1467 2667 1994 2751 slstendos;primo

343 2760 578 2830 quidem
600 2761 921 2817 conabatur
943 2775 1042 2817 eos
1061 2760 1406 2831 quibusdam
1443 2762 1742 2830 promissis
1767 2764 1956 2820 inesca
1972 2795 1988 2806 -

345 2861 437 2920 re,
465 2844 681 2924 quibus
701 2844 1077 2906 existimabat
1107 2863 1318 2925 pueros
1344 2845 1603 2906 maxime
1635 2846 1993 2923 illiciendos;

343 2947 539 3008 postea
555 2935 729 3008 jussit
751 2941 831 2995 eis
855 2938 1048 2994 afferri
1074 2953 1142 2995 ex
1171 2939 1392 3008 iis,quze
1414 2948 1575 2995 erant
1593 2955 1616 2994 a
1633 2940 1746 3008 pud
1783 2942 1997 3012 ipsum,

344 3023 677 3098 sacriﬁciis,
706 3031 765 3086 et
796 3042 927 3103 quae
956 3023 1287 3084 videntibus
1319 3025 1520 3102 pueris
1542 3025 1992 3098 sacriﬁcaverat,

2079 544 2196 596 τοῖς
2259 530 2471 607 δαίμοσι
2522 530 2815 605 θυομένων.
2878 530 2950 589 Οὔ
2979 532 3080 610 γὰρ
3123 531 3348 605 ἔπειθεν,
3381 531 3500 589 ἀλλ’
3553 535 3734 590 ἀντεῖ-

2078 645 2180 700 χον
2241 625 2288 677 οἱ
2322 618 2508 684 παῖδες
2569 620 2670 677 ὑπό
2700 643 2843 686 τινος
2900 619 3167 687 ἐπιδάλώς
3203 620 3425 699 ἂοράτου
3481 623 3730 697 βοηθείας

2078 710 2432 788 νευρούμενοι,
2486 710 2619 784 πρὸς
2678 708 2910 788 ἔλεγχον
2965 712 3179 784 μείζονα
3236 715 3336 778 τῆς
3381 717 3490 767 τῶν
3531 709 3721 786 δαιμό-

2078 821 2180 855 νων
2241 801 2329 854 καὶ
2397 804 2505 854 τῶν
2561 799 2766 864 τούτοις
2843 799 3282 876 ὃπηρετουμένων
3353 803 3412 858 οὗ
3475 802 3721 879 πονηρίας

2077 886 2180 955 ἤδη
2256 888 2442 966 μόνον,
2502 885 2639 943 ἀλλὰ
2708 889 2795 942 καὶ
2875 889 3166 952 ἀσθενείας⁸
3242 887 3396 968 εἴπερ
3468 887 3718 969 ἐμφανοῦς

2077 975 2347 1039 ἀσθενείας
2404 977 2468 1043 ἧν
2519 977 2579 1032 τὸ
2640 975 2717 1051 μὴ
2775 973 3020 1034 δύνασθαι
3075 978 3284 1055 κυρείαν
3329 975 3587 1043 ἐπιδεῖξαι
3629 979 3725 1045 τὴν

2079 1065 2279 1122 ἑαυτῶν
2339 1063 2564 1140 γνώμην
2622 1064 2795 1120 πάντα
2867 1065 3356 1142 προθυμουμένους,
3417 1062 3592 1130 ἄλλως
3646 1085 3726 1142 τε,

2083 1156 2166 1210 καὶ
2223 1159 2353 1209 πᾶσι
2384 1153 2484 1220 τὴν
2546 1166 2740 1230 πεῖραν
2795 1153 3189 1232 προσάγοντας·
3251 1155 3337 1210 καὶ
3383 1153 3480 1227 μὲν
3524 1151 3590 1220 δὴ
3646 1155 3734 1210 καὶ

2079 1243 2329 1318 βοήθημα
2360 1247 2610 1320 μέγιστον
2665 1243 2864 1321 ἐγίνετο
2906 1255 3024 1304 τοῖς
3058 1241 3117 1299 ἐκ
3173 1241 3432 1321 λογισμοῦ
3461 1241 3556 1298 καῖ
3609 1243 3733 1321 κρί-

2078 1353 2210 1393 σεως
2241 1330 2651 1410 ἀγωνιζομένοις
2713 1334 2747 1400 ἡ
2778 1338 2886 1388 τῶν
2915 1330 3116 1387 παίδων
3164 1331 3292 1411 ἔρχι
3323 1332 3547 1389 θανάτου
3603 1353 3735 1410 καρ-

2077 1423 2220 1498 τερία
2276 1422 2364 1478 καὶ
2421 1421 2688 1501 ἔνστασις,
2724 1421 2779 1477 ἐν
2835 1423 3066 1500 αἰσχύνῃ
3129 1421 3490 1496 ποιουμένοις,
3525 1421 3732 1478 εἶπαί-

2078 1508 2180 1566 δων
2241 1512 2451 1591 ὀφθεῖεν
2483 1509 2682 1576 ἥττους
2736 1516 2803 1587 τῇ
2833 1517 2939 1567 τῶν
2971 1508 3153 1566 δεινῶν
3196 1511 3455 1589 ἑπαγωγῆ
3483 1513 3556 1574 ὡς
3587 1510 3735 1569 ἐκεῖ·

2078 1623 2159 1657 νοι
2217 1601 2295 1676 μὴ
2325 1600 2718 1674 άνθιστάμενοι,
2755 1600 2908 1658 ’Ὁσοι
2947 1599 3001 1656 δὲ
3045 1599 3206 1656 πάλιν
3263 1602 3394 1678 πρὸς
3426 1601 3549 1665 to);
3605 1625 3732 1657 κιν-

2077 1687 2255 1749 δύνους
2323 1687 2606 1746 ὀκλάσειαν
2673 1690 2882 1754 τούτους
2943 1691 3016 1754 εὶς
3074 1690 3400 1768 κατηγορίαν
3442 1689 3609 1746 ἐτέλει
3663 1690 3734 1746 τὰ

2076 1782 2180 1833 τῶν
2230 1776 2426 1834 παίδων
2461 1779 2782 1855 παγήματα,
2829 1780 2902 1842 ὡς
2960 1780 3088 1858 οὖχί
3144 1780 3400 1857 βαρύτητι
3447 1786 3553 1836 τῶν
3617 1778 3732 1834 δειο

2078 1872 2180 1921 νῶν
2223 1865 2453 1948 μᾶλλον,
2506 1868 2541 1936 ἢ
2602 1867 2940 1947 χαλαρότητι
2999 1867 3273 1946 λογισμῶν
3333 1870 3564 1943 οἰκείων,
3629 1869 3736 1934 τὴν

2077 1957 2244 2022 ἧτταν
2301 1958 2770 2031 δπομεμενηκᾶτες
2835 1958 3148 2036 φανείησαν,
3210 1956 3390 2021 Οὕτως
3449 1956 3598 2014 οὖδέν
3658 1959 3736 2014 εἱ-

2077 2057 2235 2101 καῖον
2291 2043 2406 2101 οὐδὲ
2437 2043 2598 2122 λόγου
2661 2053 2754 2102 τοῦ
2783 2047 3058 2124 κρατίστου
3116 2048 3284 2126 χωρὶς
3315 2045 3432 2103 οὔτε
3488 2046 3579 2126 ἦν,
3612 2047 3737 2102 οὔτε

2079 2133 2244 2207 ἔστιν,
2279 2132 2396 2191 οὔτε
2456 2137 2669 2208 μήποτε
2726 2133 2945 2213 γένηται
2983 2138 3089 2191 τῶν
3144 2137 3246 2192 ὑπὸ
3303 2143 3436 2194 Θεοῦ
3484 2137 3578 2193 καί
3629 2136 3736 2204 τῆς

2081 2225 2240 2280 αὐτοῦ
2295 2226 2543 2301 προνοίας
2575 2223 3059 2303 συγχωρουμένων·
3123 2223 3304 2302 ὥσπερ
3347 2225 3434 2282 οὖν
3469 2227 3553 2282 καὶ
3609 2226 3737 2282 τότε

2081 2311 2295 2369 ποικίλα
2350 2311 2446 2386 μὲν
2477 2311 2572 2368 καὶ
2617 2311 2752 2369 ἄλλα
2779 2314 2897 2390 περὶ
2952 2315 3070 2378 τοὺς
3102 2312 3300 2379 παῖδας
3332 2313 3531 2392 ἐγίνετο
3559 2313 3731 2381 πάθη⁸

2078 2400 2130 2456 ἓν
2183 2399 2260 2475 δέ,
2291 2403 2321 2456 ’6
2378 2403 2463 2457 καὶ
2495 2402 2720 2476 μνήμης
2765 2401 2872 2458 ἔστι
2907 2401 3137 2476 μάλιστα
3180 2401 3347 2484 ἄξιον,
3379 2401 3735 2483 διηγήσομαι.

2079 2487 2240 2568 Ἔχει
2271 2491 2369 2567 γὰρ
2397 2487 2520 2547 ὧδε.

2156 2578 2234 2650 ζ’,
2282 2582 2342 2637 'O
2401 2578 2728 2644 Μαξιιιιανὸς
2782 2578 2872 2636 δύο
2923 2580 3068 2642 τινας
3114 2579 3310 2646 παῖδας
3362 2578 3616 2660 ἀδελφοὺς
3672 2583 3736 2639 τὸ

2076 2666 2248 2745 γένος,
2315 2669 2422 2724 τῶν
2479 2667 2741 2745 λαμπρῶν
2827 2670 3154 2748 γενομένων,
3220 2672 3729 2746 παραστησάμενος.

2073 2757 2138 2812 τὰ
2194 2763 2378 2834 πρῶτα
2410 2757 2506 2832 μὲν
2549 2756 2875 2838 ὑποσχέσεσί
2928 2779 3066 2814 τισιν
3109 2758 3381 2839 ἐπεχείρει
3441 2757 3731 2834 δελεάξειν,

2080 2846 2201 2907 οἵας
2276 2845 2412 2918 ᾤετο
2461 2847 2641 2902 παισὶν
2707 2845 2793 2902 ὅτι
2859 2846 3093 2922 μάλιστα
3149 2849 3462 2926 γενήσεσθαι
3521 2848 3735 2928 ἐπαγω-

2079 2937 2331 3010 γοτάτας·
2395 2936 2483 2990 καὶ
2543 2935 2855 3014 προσφέρειν
2912 2935 3153 2992 ἐκέλευεν
3205 2939 3390 3001 αὐτοῖς
3431 2942 3539 2992 τῶν
3603 2937 3729 3016 παρ’

2078 3021 2220 3096 αὐτῷ
2274 3023 2542 3096 θυμάτων,
2580 3026 2653 3079 ὧν
2709 3023 2793 3079 ἐπ’
2824 3022 3122 3104 ὀφθαλμοῖς
3182 3026 3286 3080 τῶν
3318 3023 3520 3082 παίδων
3573 3026 3724 3090 θύσας

343 3119 411 3172 ιιι
457 3121 516 3172 et
545 3119 876 3206 gustarent‘1
913 3120 970 3172 et
1005 3111 1181 3206 nullis
1205 3111 1410 3206 *malis
1438 3112 1835 3178 allicere-tur.
1872 3113 1992 3177 Illis

2078 3110 2168 3190 ἧν,
2207 3111 2289 3189 ἐφ’
2351 3112 2457 3185 ᾧτε
2511 3113 2928 3190 ἀπογεύσασθαι,
2961 3113 3050 3169 καὶ
3103 3121 3284 3170 κακῶν
3313 3114 3540 3180 ἀπαθεῖς
3599 3129 3730 3192 μεῖ-

339 3208 538 3262 autem
563 3200 995 3270 aversantibus.
1028 3209 1086 3260 et
1117 3200 1570 3282 deﬂentibus,et
1603 3211 1664 3263 ut
1691 3214 1992 3284 poterant,

2080 3223 2187 3261 ναι.
2247 3211 2361 3258 Των
2406 3198 2460 3256 δὲ
2521 3202 3001 3282 ἀποστρεφομένων
3062 3223 3118 3258 τε
3177 3205 3265 3260 καὶ
3310 3203 3732 3283 ἀνακλαιόντων,

337 3288 543 3369 lingua
592 3293 677 3352 eis
711 3289 1081 3351 balbutiente
1134 3289 1492 3363 dicentibus,
1528 3292 1683 3372 quod
1745 3312 1863 3353 non
1913 3294 1992 3356 sic

2081 3290 2173 3344 καὶ
2220 3291 2294 3352 ὡς
2323 3288 2582 3357 ἢδύναντο
2633 3291 2946 3370 φασκόντων
2977 3296 3074 3358 τῆς
3128 3291 3380 3370 γλώσσης
3411 3295 3594 3358 αὺτοῖς
3654 3294 3734 3350 ἔτι

346 3379 700 3442 didicissent
729 3398 761 3441 a
786 3379 1270 3460 parentibus,sed
1295 3379 1445 3440 alius
1465 3389 1619 3441 esset
1646 3382 1853 3444 modus
1884 3401 1992 3463 quo

2085 3376 2504 3453 ψελλιζομένης,
2538 3381 2626 3436 καὶ
2682 3379 2764 3436 ὅτι
2819 3382 2923 3460 οὐχ
2967 3381 3133 3444 οὕτως
3189 3383 3331 3459 παρὰ
3375 3396 3492 3446 τοῖς
3537 3383 3742 3441 ’ἑαυτῶν

342 3467 388 3529 ii
435 3467 802 3544 utebantur;
851 3467 1109 3528 minatus
1139 3474 1251 3545 est,
1283 3465 1358 3528 ab
1410 3467 1494 3528 ira
1545 3478 1824 3545 mutatus,
1859 3471 1992 3553 quin

2088 3468 2350 3546 πατράσιν
2393 3471 2767 3543 μεμαθηκότες
2821 3469 3037 3544 εἴησαν,
3075 3469 3197 3527 ἀλλ’
3253 3470 3430 3551 ἕτερος
3461 3472 3553 3539 εἴη
3615 3476 3741 3548 τρόο

345 3557 522 3619 etiam
546 3559 724 3620 variis
757 3576 862 3618 eos
892 3556 1085 3618 affecit
1114 3555 1644 3620 verberibus.Cum
1675 3577 1809 3620 vero
1833 3557 1992 3642 pueri

2084 3580 2184 3620 πος
2244 3557 2272 3612 ὃ
2301 3556 2428 3634 παρ’
2495 3557 2714 3621 ἐκείνοις
2769 3558 3110 3635 τελούμενος,
3147 3559 3353 3626 ἠπείλει
3410 3559 3745 3635 μεταϐαλλό-

343 3646 577 3710 fortiter
635 3647 1015 3726 resisterent,
1049 3654 1105 3707 et
1155 3645 1322 3706 nullo
1355 3646 1531 3708 modo
1585 3648 1872 3711 cederent
1900 3668 1992 3712 eos

2085 3668 2242 3723 μενος
2302 3646 2469 3727 αὖθις,
2502 3650 2589 3704 καὶ
2648 3646 2713 3716 δὴ
2770 3649 2860 3704 καὶ
2917 3654 3187 3727 προσῆγεν
3247 3654 3429 3715 αὐτοῖς
3490 3651 3741 3717 ποικίλας

346 3741 546 3810 utique
571 3738 764 3796 divina
798 3739 1106 3796 rohorante
1125 3739 1367 3799 virtute;
1403 3737 1634 3809 quidam
1653 3755 1684 3797 e
1706 3742 1992 3814 sophistis,

2083 3736 2283 3799 αἰκίας,
2339 3726 2431 3800 Ὠς
2463 3734 2517 3792 δέ
2573 3737 2661 3792 καὶ
2703 3738 2834 3814 πρὸς
2865 3739 3061 3793 ταύτας
3109 3726 3156 3793 οἱ
3186 3736 3378 3801 παῖδες
3437 3738 3736 3819 ἀπομαχό-

346 3821 448 3901 qui
478 3820 603 3881 illic
633 3820 838 3882 aderat
871 3821 1045 3880 simul
1075 3838 1206 3880 cum
1248 3820 1636 3900 imperatore,
1672 3831 1729 3882 et
1757 3823 1827 3883 ad
1874 3824 1992 3886 haec

2085 3846 2236 3900 μενοι
2294 3823 2546 3899 ἵσταντο,
2609 3827 2694 3882 καὶ
2763 3824 3006 3901 οὐδαμῶς
3066 3825 3357 3883 ἐνεδίδοσαν
3427 3829 3526 3894 τῆς
3595 3831 3739 3894 θείας

341 3927 478 3971 eum
508 3910 768 3972 maxime
794 3908 1077 3971 incitabat
1108 3917 1166 3970 et
1197 3908 1542 3983 inducebat,
1577 3910 1880 3989 pollicitus
1907 3921 1992 3974 est

2082 3915 2269 3974 αὐτοὺς
2333 3911 2505 3984 δήπου
2553 3914 2885 3992 ρωννυούσης
2929 3915 3225 3990 δυνάμεως·
3287 3916 3392 3972 τῶν
3461 3919 3540 3980 τὶς
3585 3939 3737 3998 σοφι-

341 4016 404 4058 se
427 4003 616 4060 statim
643 4000 983 4058 effecturum
1014 4012 1076 4058 ut
1108 4001 1211 4071 ipsi
1247 4002 1638 4059 comederent.
1675 4003 1992 4061 Ridiculum

2080 4004 2219 4059 στῶν
2248 4003 2412 4060 ἐκεῖθι
2483 4008 2560 4076 τῷ
2619 4001 2836 4079 βασιλεῖ
2890 4007 3074 4082 παρὼν
3131 4007 3158 4061 ὁ
3217 4006 3349 4082 πρὸς
3397 4006 3462 4062 τὰ
3518 4015 3734 4064 τοιαῦτα

342 4086 502 4148 enim
529 4105 662 4148 esse
688 4086 1000 4158 dicebat,si
1025 4105 1055 4146 a
1079 4086 1278 4166 pueris
1298 4086 1493 4147 adhuc
1521 4086 1992 4150 balbutientibus

2078 4091 2312 4166 μάλιστα
2371 4097 2660 4169 παρορμῶν
2722 4114 2778 4148 τε
2834 4094 2920 4150 καὶ
2979 4095 3366 4172 ὑφηγούμενος,
3428 4094 3584 4159 αὖτὸς
3639 4096 3735 4152 ὓπ-

343 4177 686 4239 viderentur
702 4175 972 4256 superari
997 4175 1400 4237 Romanorum
1431 4176 1992 4257 imperatores.Tale

2088 4181 2216 4247 ἑστη
2280 4181 2700 4259 παρασκευάσειν
2756 4182 2944 4245 αὖτοὺς
3005 4182 3186 4240 αὐτίκα
3249 4183 3542 4258 βρώσεσθαι
3599 4207 3732 4240 παν.

343 4265 484 4346 quid
511 4284 654 4345 ergo
681 4265 1079 4328 machinatur:
1117 4283 1248 4325 cum
1281 4265 1476 4346 sinapi
1508 4266 1825 4347 quamdam
1854 4286 1992 4329 acu-

2084 4269 2173 4334 τός
2228 4277 2320 4326 τοῦ
2397 4269 2846 4349 προσφερομένου·
2921 4269 3316 4348 καταγέλαστον
3390 4272 3491 4350 γάρ
3574 4274 3728 4330 εἷνα-

340 4358 621 4414 tissimam
653 4367 706 4414 et
744 4357 984 4414 toleratu
1019 4357 1414 4414 diﬁicillimam
1446 4361 1831 4429 excogitasset
1861 4374 1992 4417 con-

2085 4359 2282 4416 παίδων
2342 4359 2416 4415 ἔτι
2449 4357 2845 4433 ψελλιζομένων
2897 4373 3116 4437 φανεῖεν
3173 4360 3220 4415 οἷ
3284 4351 3567 4436 Ῥωμαίων
3623 4363 3728 4437 βα-

340 4441 686 4521 fectionem,
719 4460 924 4504 eorum
962 4444 1201 4522 quidem
1229 4452 1403 4523 caput
1435 4445 1572 4523 pilis
1591 4446 1992 4527 nudavit;cum

344 4539 534 4554 ---μμ
576 4531 1086 4554 nmmum,”
1160 4531 1305 4554 μη,
1356 4553 1365 4554 ,
1419 4544 1464 4554 ε.
1666 4537 1708 4554 κ.
1779 4535 1791 4547 .

2083 4448 2254 4512 σιλεῖς
2307 4447 2501 4515 ἥττους
2535 4450 2832 4525 γενόμενοι.
2903 4455 3228 4528 Μηχανᾶται
3279 4449 3450 4508 τοίνυν
3505 4449 3723 4506 τοιόνδε’

2129 4538 2139 4554 1
2443 4537 2456 4554 ς
2843 4534 2884 4554 5'
2969 4539 2979 4554 1
3231 4539 3244 4554 ι
3324 4536 3346 4554 ἢ
3560 4539 3569 4554 Ι
3719 4545 3723 4552 .

339 4539 540 4592 autem
576 4531 1000 4593 medicamenti
1030 4531 1114 4608 id,
1150 4531 1308 4612 quod
1341 4544 1468 4595 erat
1522 4535 1987 4610 crassissimum,

343 4619 706 4684 illivisset.ut
729 4639 796 4681 ex
822 4622 1045 4701 majore
1070 4621 1339 4694 materia,
1365 4623 1688 4704 repentina
1716 4631 1774 4685 et
1804 4625 1994 4705 major

341 4709 521 4770 simul
541 4709 731 4770 virtus
762 4709 1117 4791 profundum
1145 4713 1584 4791 penetraret,in
1617 4713 1751 4792 igne
1771 4731 1992 4776 accen-

339 4817 467 4861 sum
490 4817 588 4859 eos
611 4803 802 4860 intulit
831 4803 1126 4860 balneum.
1163 4803 1280 4862 Hoc
1301 4806 1362 4860 in
1389 4804 1519 4862 loco
1545 4807 1866 4876 pueri,cum
1894 4823 1991 4865 vo-

339 4884 446 4946 luti
475 4883 727 4963 quodam
757 4883 1004 4945 fulmine
1034 4884 1150 4945 icta
1172 4894 1375 4946 essent
1398 4903 1606 4946 eorum
1642 4885 1858 4966 capita,
1885 4887 1991 4950 hac

338 4973 470 5052 ipsa
520 4972 666 5033 hora
697 4972 928 5034 fuerunt
977 4971 1244 5035 inclinati
1274 4976 1346 5035 ad
1400 4973 1598 5035 solum
1632 4993 1842 5054 usque.
1876 4979 1999 5040 Nec

340 5065 522 5124 multo
548 5077 672 5137 post
697 5067 908 5124 cadens
931 5081 1132 5124 eorum
1165 5078 1325 5124 aetate
1345 5069 1531 5124 minor
1555 5069 1706 5138 prior
1736 5079 1818 5128 est
1840 5087 1994 5128 mor-

341 5156 502 5225 tuus,
552 5169 686 5215 cum
752 5170 870 5212 non
929 5152 1218 5232 potuisset
1268 5153 1552 5215 resistere
1605 5155 1994 5234 magnitudini

341 5239 595 5301 ﬂammae
625 5259 894 5302 accensae
929 5241 988 5302 in
1023 5242 1296 5302 calvaria.
1335 5243 1480 5303 Cum
1507 5251 1699 5303 autem
1725 5243 1873 5306 alter
1901 5249 1987 5305 vi-

341 5330 516 5387 disset
547 5332 780 5389 fratrem
825 5332 1126 5398 cecidisse,
1157 5347 1330 5404 quam
1363 5336 1610 5391 maxima
1645 5337 1820 5405 potuit
1854 5351 1991 5396 voce

342 5412 499 5474 bona
532 5415 706 5475 verba
739 5426 830 5478 est
883 5419 1118 5492 effatus,
1155 5418 1353 5479 fratris
1382 5418 1689 5480 exsultans
1718 5421 1982 5495 victoria,

342 5519 600 5581 cumque
619 5504 928 5582 amplexus
951 5513 1040 5566 est
1062 5513 1120 5566 et
1139 5506 1460 5582 osculatus,
1487 5516 1546 5569 et
1574 5527 1708 5569 eum
1741 5512 1980 5588 procla-

339 5589 522 5654 mavit
571 5589 881 5669 victorem,
917 5593 1165 5656 assidue
1191 5595 1529 5662 exclamans
1563 5615 1576 5660 :
1613 5597 1825 5664 Frater
1869 5601 1972 5684 mi,

2081 4538 2277 4600 νάπυος
2350 4537 2470 4592 τινὰ
2544 4557 2739 4614 ausu-sv
2830 4534 3088 4603 ὀξυτάτην
3159 4539 3247 4593 καὶ
3318 4536 3728 4617 δυσκαρτέρητοι

2073 4625 2384 4695 ἐπινοήσας,
2446 4623 2674 4699 ἐψίλωσε
2745 4624 2843 4700 μέν
2899 4624 3083 4691 αὐτοῖς
3141 4626 3236 4688 τὰς
3310 4623 3541 4704 κεφαλὰς
3613 4633 3719 4681 τῶν

2073 4717 2302 4793 τριχῶν·
2362 4713 2510 4771 τοῦδε
2568 4714 2848 4792 φαρμάκου
2893 4715 3208 4794 παχύτατον
3267 4713 3588 4785 ἐπιπλάσας,
3644 4711 3718 4769 ’ἶν’

2074 4797 2134 4858 ἔκ
2189 4800 2433 4866 πλείονος
2492 4806 2591 4868 τῆς
2644 4799 2777 4868 ὕλης
2820 4801 2980 4880 ἁθρόα
3025 4813 3109 4858 και
3168 4800 3366 4858 πλείων
3420 4803 3454 4870 ἡ
3511 4799 3724 4875 δύναμις

2080 4890 2109 4957 ἦ
2167 4899 2259 4948 τοῦ
2310 4891 2498 4968 βάθους
2551 4890 2956 4970 καθαπτομένη,
3017 4893 3088 4956 είς
3145 4889 3462 4972 πυριφλεγές
3514 4892 3723 4946 εἰσεκό-

2078 5002 2200 5054 μισε
2259 4981 2567 5057 βαλανεῖον,
2641 4978 2893 5037 Ἐνταῦθα
2934 4979 3000 5044 δὴ
3050 4981 3097 5036 οἱ
3153 4979 3344 5043 παῖδες
3387 4979 3569 5058 ὥσπερ
3624 4981 3726 5036 τινὶ

2076 5069 2343 5148 πρηστῆρι
2402 5070 2495 5132 τὰς
2539 5068 2773 5148 κεφαλὰς
2827 5070 3112 5145 βληθὲντες
3172 5069 3404 5146 αὖθωρὸν
3466 5071 3722 5143 συνεκάμ-

2075 5162 2280 5238 φθησαν
2337 5159 2530 5236 μέχρις
2589 5156 2832 5237 ἐδάφους.
2873 5160 2971 5217 Καὶ
3028 5156 3147 5232 μετ’
3205 5157 3264 5214 οὺ
3301 5156 3432 5213 πολὺ
3487 5159 3664 5214 πεσὼν
3697 5161 3725 5214 ὁ

2074 5247 2326 5319 νεώτερος
2385 5247 2550 5308 ςὺτῶν
2609 5247 2811 5320 ἔθανεν,
2845 5247 2940 5303 οὒκ
2997 5247 3274 5326 ἀντισχὼν
3324 5247 3456 5323 πρὸς
3511 5247 3572 5303 τὸ
3632 5247 3724 5321 μὲε

2073 5339 2220 5412 Υίθτθίδς
2247 5341 2348 5403 τῆς
2398 5335 2707 5415 ἐξαφθείσης
2765 5342 2858 5392 τοῦ
2913 5336 3126 5413 κρανίου
3173 5333 3394 5414 φλογός⁸
3443 5335 3470 5391 ὁ
3501 5333 3554 5390 δέ
3613 5335 3724 5391 ἕτε-

2071 5446 2159 5502 ρσς
2216 5427 2287 5488 ὼς
2319 5422 2432 5481 ε’ίδε
2493 5428 2724 5481 πεσόντα
2762 5427 2854 5480 τὸν
2911 5423 3136 5503 ἀδελφὸν
3187 5424 3536 5502 ἀνευφήμησε
3591 5427 3724 5490 ὁπη-

2069 5512 2213 5570 λίκον
2265 5511 2494 5580 ἠδύνατο
2523 5513 2780 5591 μέγιστον
2809 5520 2878 5590 τῇ
2909 5517 3004 5570 τοῦ
3059 5512 3286 5593 ἀδελφοῦ
3319 5535 3437 5588 vta-rt
3485 5512 3720 5589 ἐπαγαλι

2063 5601 2314 5678 λόμενος,
2374 5605 2463 5659 καὶ
2521 5599 2820 5682 περιλαϐὼν
2876 5603 3031 5662 αὐτόν
3087 5602 3278 5682 Εφίλει,
3342 5603 3428 5658 καὶ
3484 5603 3716 5683 νικηφο-
