4018 6136
266 291 353 360 405
1607 288 1794 352 VITA
1848 286 1909 349 S.

1985 286 2293 351 JUCIANI.
3517 282 3636 350 460

255 450 321 508 ρον
355 424 509 501 ἐϐόα,
562 427 670 483 καὶ
725 431 971 506 συνεχῶς
1007 441 1021 455 ⁸
1055 422 1279 505 Ἀδελφέ
1323 447 1446 499 μου,
1484 422 1786 494 νενίκηκας,
1824 420 1911 477 ἐκ·

1995 417 2413 498 vicisti,donec
2446 418 2557 479 hoc
2581 416 2804 480 dictum
2837 416 3151 495 eloquens,
3171 432 3431 508 eumque
3461 434 3631 508 com-

249 506 459 594 ιαρᾶτει,
514 516 748 595 μέχρις
795 517 856 573 οὖ
913 515 1006 571 καί
1053 513 1208 573 αυτὸς
1263 519 1420 569 τοῦτο
1467 511 1591 577 ἔπος
1650 510 1906 589 ἐπιφθεγ-

1993 507 2260 588 plectens
2323 515 2379 568 et
2436 508 2734 582 osculans,
2771 506 2899 587 ipse
2951 525 3191 587 quoque
3225 506 3541 582 exspiravit
3571 521 3632 570 et

240 608 450 685 τέμενος
500 607 669 680 αὐτῷ
735 605 824 662 καὶ
879 602 1365 682 περιπλεγνύμενυς
1417 602 1504 658 καὶ
1532 599 1699 682 φιλῶν
1729 621 1907 677 προσ-

1985 597 2195 676 jacuit,
2258 597 2506 659 fratrem
2555 599 2679 678 jam
2711 597 2865 657 ulnis
2897 605 3132 658 tenens.
3167 595 3402 659 Accidit
3431 603 3627 658 autem

234 694 594 766 auémeaosv,
650 695 752 751 ααὶ
816 692 990 750 ἔκειτο
1040 690 1144 758 ἤδη
1204 693 1293 748 τὸν
1349 689 1574 769 ἀδελφὸν
1619 688 1898 766 ἐτη-(καλι-

1991 686 2093 748 ἰΙΙο
2128 696 2397 768 tempore
2449 688 2581 750 haec
2636 687 2943 768 perpessio
2995 686 3273 764 maxima,
3306 698 3369 749 et
3398 686 3493 765 iis,
3528 687 3632 768 qui

228 784 441 860 σμένος.
508 785 623 841 Καὶ
680 786 846 847 πάθος
906 782 1160 859 μέγιστον
1216 778 1280 848 δὴ
1336 788 1516 838 τοῦτον
1547 779 1667 834 κατ’
1700 777 1907 833 ἐκεῖνον

1989 775 2291 853 videbant,
2335 777 2589 839 maxime
2625 775 3006 850 miserabilis,
3041 775 3168 856 ipsa
3190 775 3435 856 quidem
3469 785 3632 839 certe

228 872 412 940 συνέϐη
475 874 583 929 τὸν
651 879 878 953 χρόνον,
944 871 1034 927 καὶ
1088 883 1206 932 τοϊς
1266 871 1456 947 ὁρῶσιν
1517 867 1904 938 ἐλεεινότατον,

1990 872 2155 926 aetate
2187 867 2522 927 attrahente
2575 865 2969 946 plurimorum
3025 865 3255 926 animos
3280 866 3353 927 ad
3388 865 3626 927 miseri-

228 964 385 1029 αὖτῆς
448 952 665 1028 δήπου
714 967 812 1028 τῆς
855 959 1066 1031 ἡλικίας
1113 960 1183 1025 εἰς
1239 962 1424 1016 οἶκτον
1456 959 1549 1022 τὰς
1580 963 1684 1012 τῶν
1715 952 1904 1011 πλειό-

1991 953 2278 1015 cordiam.
2314 953 2383 1016 Et
2415 973 2514 1016 eos
2547 953 2785 1035 quidem
2832 954 2871 1014 ii
2932 953 3035 1035 qui
3086 953 3158 1015 ad
3190 954 3355 1034 ipsos
3406 973 3630 1034 genere

228 1073 325 1106 νων
356 1050 601 1126 γνώμας
664 1047 1074 1124 ἐπισπωμένης.
1136 1050 1231 1105 Καὶ
1261 1046 1480 1110 τούτους
1512 1046 1614 1123 μὲν
1657 1046 1703 1102 οἱ
1733 1066 1905 1121 προσ-

1991 1042 2344 1119 aitinebant,
2403 1064 2539 1107 cum
2602 1044 3003 1117 sustulissent,
3066 1042 3434 1124 sepelierunt
3491 1063 3628 1108 cum

225 1142 444 1210 ήκοντες
497 1138 845 1215 ἀνελόμενοι
878 1138 967 1194 σὺν
995 1150 1113 1199 τοῖς
1160 1134 1342 1200 ἄλλοις
1383 1134 1583 1210 ἔθαψαν
1613 1135 1762 1190 παισὶ
1814 1132 1903 1189 διὰ

1987 1131 2119 1194 aliis
2170 1133 2396 1212 pueris,
2453 1139 2697 1215 propter
2751 1150 2945 1194 causae
2995 1133 3505 1196 communitatem.
3558 1132 3629 1195 Et

223 1232 281 1286 τὸ
323 1230 515 1286 κοινὸν
568 1233 687 1297 τῆς
732 1228 901 1285 αἰτίας
937 1247 949 1261 ⁸
1013 1229 1100 1283 καὶ
1158 1232 1244 1282 νῦν
1280 1225 1422 1282 ἔστιν
1455 1227 1624 1281 αὖτῶν
1655 1225 1714 1279 τὸ
1760 1245 1902 1300 μαρ-

1986 1221 2099 1282 hoc
2130 1228 2219 1283 est
2253 1221 2599 1303 martyrium
2632 1221 2791 1283 circa
2819 1219 3252 1297 Nicomediam,
3304 1220 3464 1302 quod
3511 1239 3625 1282 no-

223 1320 394 1398 τιῖριον
427 1320 560 1396 περὶ
602 1319 710 1386 τὴν
741 1315 1122 1392 Νικομήδειαν,
1174 1321 1275 1372 τῶν
1333 1315 1536 1383 νηπίων
1568 1312 1706 1371 οὕτω
1737 1311 1901 1390 μέχρι

1987 1309 2252 1373 minatur
2286 1310 2633 1392 martyrium
2677 1311 3015 1384 infantium,
3067 1326 3257 1392 usque
3283 1310 3346 1372 in
3377 1310 3628 1375 hodier--

224 1415 315 1467 τοῦ
339 1405 644 1487 παρόντος
681 1404 1113 1483 ὀνομαζομένων.

1988 1417 2127 1465 nam
2157 1398 2340 1467 diem.

1757 1549 1991 1609 CAPUT
2029 1550 2124 1607 Ill.

1157 1677 1429 1734 Lucianus
1457 1675 1634 1734 varios
1680 1677 1938 1735 convertit
1967 1693 1981 1735 :
2018 1678 2317 1751 conjicitur
2352 1681 2412 1736 in
2454 1694 2735 1737 carcerem.

305 1804 400 1873 η’.
480 1816 527 1865 Ο
578 1805 652 1873 δὴ
700 1805 988 1868 Λουκιανὸς
1027 1802 1211 1869 ἐπειδὴ
1256 1808 1354 1869 τῆς
1388 1800 1766 1865 Καππαδοκίας
1798 1803 1933 1860 ἐπ-1

2065 1806 2124 1868 8.
2159 1806 2305 1868 Cum
2335 1812 2536 1867 autem
2567 1805 2884 1877 Lucianus,
2941 1805 3081 1867 dum
3138 1806 3484 1882 duceretur,
3519 1828 3624 1871 ve-

227 1894 327 1962 έόη
387 1895 713 1974 φερόμενός
770 1915 910 1950 τισιν
950 1892 1215 1971 ἐντυχὼν,
1248 1892 1366 1949 ἐκεῖ
1394 1898 1502 1948 τῶν
1553 1907 1674 1955 τοις
1714 1891 1901 1956 ὅπλοις

1986 1895 2177 1956 nisset
2206 1895 2264 1956 in
2297 1894 2731 1977 Cappadociam
2768 1894 2877 1974 (8.),
2924 1901 2984 1956 et
3029 1895 3409 1958 convenisset
3438 1915 3623 1977 quos-

227 1984 724 2060 στρατευομένων,
797 1990 1137 2058 Χριστιανοτς
1207 1982 1307 2055 μὲν
1363 1980 1528 2053 οὖσιν,
1607 1983 1680 2043 εἰς
1738 1980 1898 2059 ἀρνή-

227 2095 369 2137 σεως
431 2072 495 2130 δέ
563 2095 685 2136 πως
740 2072 978 2148 ἀνάγκην
1035 2071 1401 2150 ἀφικομένοις,
1448 2069 1764 2127 ἀνεκαλεῖτο
1805 2072 1900 2133 τὰς

228 2170 463 2241 γνὲιμας
515 2164 725 2240 αὒτῶν,
782 2159 1086 2224 ὑποδεικνύς
1139 2181 1197 2215 τε
1255 2158 1348 2215 καῖ
1380 2161 1768 2239 ὑφηγούμενος,
1826 2164 1898 2222 ὡς

224 2254 612 2331 αἱσχρότατον
676 2250 738 2306 ἂν
769 2248 862 2315 εἴη
915 2249 1153 2321 πάντων,
1185 2245 1373 2326 ἄνδρας
1416 2252 1513 2304 καὶ
1546 2259 1711 2308 ταῦτα
1745 2271 1901 2326 στρα-

230 2342 436 2404 τιώτας
494 2342 751 2418 ἀγεννεῖς
809 2340 1058 2418 ὀφθῆναι,
1095 2339 1184 2395 καὶ
1237 2339 1368 2416 πρὸς
1410 2360 1512 2404 την
1555 2345 1647 2395 τοὺ
1674 2339 1898 2398 θανάτου

228 2444 429 2499 πεῖραν
464 2429 892 2503 ἀτολμωτάτους
927 2444 941 2458 ⁸
985 2430 1059 2483 ὧν
1117 2428 1207 2483 καὶ
1263 2441 1514 2504 γυναῖκες
1569 2425 1674 2495 ἤδη
1722 2428 1891 2500 τινὲς,

235 2519 452 2593 μᾶλλον
509 2517 572 2575 δὲ
629 2520 716 2574 καὶ
770 2515 960 2578 παῖδες
1013 2517 1266 2594 γεγόνασι
1315 2516 1632 2591 κρείττονες⁸
1685 2523 1801 2582 πῶς
1850 2515 1894 2573 δ’

234 2607 298 2663 ἂν
331 2610 531 2683 ὃμεϊς,
580 2606 707 2687 ἔφη,
768 2608 865 2662 τοῦ
909 2605 1167 2681 ἐπικήρου
1209 2602 1468 2680 βασιλέως
1519 2603 1896 2683 προκινδυνεύ-

243 2720 401 2777 σητε,
434 2700 538 2754 τδρ
596 2697 835 2772 οὐράνιον
880 2694 1104 2769 ἑτοίμως
1166 2692 1304 2750 οὕτω
1353 2691 1746 2770 προδεδωκότες
1787 2715 1803 2766 ;
1850 2696 1898 2750 τί

244 2784 300 2842 δὲ
355 2788 457 2844 καί
525 2787 586 2843 τὸ
645 2786 874 2864 χύρωμα
913 2785 949 2851 ἢ
1008 2782 1259 2861 φύλαγμα
1301 2782 1432 2857 ὑμῖν
1479 2784 1760 2859 γενήσεται
1793 2805 1895 2839 σω⁹

246 2876 459 2952 τηρίας,
523 2876 567 2931 εἰ
629 2875 838 2936 ἐκεῖνος
897 2874 1030 2945 ὑμας
1092 2875 1278 2929 αὐτίκα
1333 2871 1477 2949 τύχῃ
1532 2876 1637 2927 τῶν
1699 2869 1899 2928 ἐνθένδε

254 2965 753 3039 μεταπεμψάμενος
790 2978 807 3035 ;
839 2956 953 3029 Ἆρ’
1012 2961 1245 3018 ἐννοεῖτε
1298 2961 1370 3021 ὡς
1429 2959 1587 3019 αὐτὸς
1617 2957 1785 3016 διέπει
1812 2961 1899 3016 καὶ

258 3055 571 3129 πρυτανεύει
601 3050 719 3108 τόδε
762 3052 823 3108 τὸ
855 3056 1005 3128 πᾶν;
1053 3051 1303 3111 κάκεῖνος
1345 3047 1456 3103 ἔστι
1506 3049 1647 3118 ζωῆς
1697 3070 1755 3103 τε
1809 3055 1899 3110 καὶ

1988 1983 2123 2045 dam
2155 1983 2277 2045 illic
2311 1985 2553 2065 milites,
2587 1983 2691 2063 qui
2748 1992 2916 2045 erant
2968 1984 3209 2063 quidem
3266 1985 3616 2062 Christiani,

1985 2075 2175 2136 coacti
2224 2083 2421 2136 autem
2456 2075 2692 2136 fuerant
2746 2074 3067 2155 abnegare,
3121 2093 3325 2136 eorum
3359 2083 3618 2138 mentem

1983 2164 2307 2237 revocavit,
2343 2163 2665 2225 ostendens
2695 2172 2753 2224 et
2783 2181 3113 2242 exponens,
3167 2164 3323 2244 quod
3376 2166 3457 2227 sit
3486 2184 3621 2227 om-

1984 2252 2147 2315 nium
2198 2253 2633 2332 turpissimum,
2692 2253 2851 2314 viros
2898 2272 3121 2330 eosque
3178 2253 3401 2315 milites
3432 2255 3622 2318 videri

1982 2342 2223 2421 ignavos
2273 2360 2339 2403 ac
2369 2341 2798 2421 pusillanimes,
2835 2350 2896 2404 et
2934 2343 3004 2402 ad
3039 2343 3244 2404 mortis
3274 2343 3618 2406 adeundum

1982 2430 2310 2511 periculum
2340 2430 2772 2502 timidissimos,
2808 2430 3026 2512 quibus
3069 2430 3340 2506 quaedam
3366 2433 3488 2511 jam
3523 2433 3624 2494 fe-

1982 2519 2181 2599 minae,
2217 2528 2396 2599 atque
2425 2519 2573 2580 adeo
2608 2518 2799 2599 pueri,
2834 2521 3004 2581 fuere
3056 2520 3419 2600 superiores.
3452 2520 3617 2594 Quo-

1982 2608 2159 2670 modo
2192 2616 2393 2669 autem
2426 2608 2893 2688 vos,inquit,pro
2926 2626 3066 2688 rege
3096 2609 3320 2671 caduco
3351 2619 3409 2671 et
3438 2618 3621 2673 terre-

1982 2714 2058 2759 no
2090 2698 2358 2776 pericula
2383 2695 2761 2778 adibitis,qui
2793 2698 3103 2761 caelestem
3135 2706 3251 2759 tam
3276 2699 3396 2761 cito
3426 2700 3623 2780 prodi-

1982 2785 2192 2849 deritis
2218 2786 2243 2847 ?
2271 2786 2436 2858 Quod
2465 2797 2663 2847 autem
2696 2787 2812 2847 erit
2857 2787 3022 2848 vobis
3055 2788 3490 2849 munimentum
3521 2797 3623 2852 aut

1982 2875 2327 2954 praesidium
2362 2873 2652 2951 salutis,si
2676 2875 2778 2936 ille
2804 2893 2906 2937 vos
2928 2894 3060 2937 mox
3092 2876 3233 2937 hinc
3249 2877 3623 2940 accersierit?

1980 2961 2111 3025 Non
2143 2964 2412 3044 cogitatis
2444 2983 2578 3026 eum
2612 2966 2726 3026 hoc
2750 2965 3098 3027 universum
3132 2973 3190 3027 et
3209 2983 3419 3045 regere
3444 2975 3504 3029 et
3521 2966 3623 3028 ad-

1986 3052 2358 3127 ministrare;
2390 3053 2682 3135 illumque
2712 3064 2771 3116 et
2799 3054 2930 3116 vitae
2958 3073 3093 3116 esse
3115 3055 3618 3135 dispensatorem,

265 3146 487 3201 θανάτου
559 3143 786 3219 κύριος;
854 3139 1044 3213 Πολλῷ
1129 3151 1302 3196 τοίνυν
1359 3136 1572 3213 βέλτιόν
1628 3136 1736 3193 ἐστι
1808 3144 1933 3216 τοῦ(

1985 3151 2044 3204 et
2075 3147 2280 3204 mortis
2311 3142 2652 3204 dominum?
2684 3143 2786 3205 Est
2815 3162 2959 3224 ergo
2988 3144 3163 3224 longe
3197 3145 3427 3218 melius,
3465 3164 3620 3225 prae-

267 3232 518 3307 παρόντος
577 3232 692 3307 βίου
750 3229 910 3306 λόγον
937 3227 1145 3284 ἐλάττω
1179 3228 1579 3301 ποιησαμένους
1628 3226 1723 3293 τῆς
1772 3226 1896 3301 παρ’

277 3318 456 3392 ἐκείνῳ
500 3334 687 3399 τυχεῖν
730 3317 1085 3386 ἀτελευτήτου
1130 3314 1548 3393 μακαριότητος,
1600 3315 1635 3383 ἢ
1678 3317 1775 3381 τῆς
1807 3315 1898 3370 ἐν-

283 3412 441 3464 ταῦθα
487 3415 620 3479 ζωῆς
674 3406 1125 3487 περισχομένους,
1174 3405 1368 3470 ταότης
1427 3401 1483 3459 δὲ
1543 3402 1692 3459 οὐδὲν
1737 3405 1898 3472 ἧττον

283 3492 593 3574 διαμαρτεῖν,
624 3497 923 3571 μέλλοντας
974 3493 1110 3558 ἴσως
1155 3495 1243 3550 καὶ
1284 3495 1384 3549 ὑπὸ
1441 3491 1714 3566 πολεμίων
1763 3493 1899 3549 ταύ-

275 3605 373 3650 την
425 3584 788 3666 ἀφαιρεθῆναι,
839 3584 1092 3649 κάκείνης
1151 3605 1208 3639 τε
1279 3584 1557 3654 ἐκπεσεῖν,
1608 3583 1696 3637 καὶ
1752 3580 1901 3647 δίκην

271 3670 343 3729 ἔτι
372 3672 591 3747 διδόναι,
636 3673 1136 3747 κολασθησομένους
1185 3671 1440 3733 ἀθάνατα,
1503 3671 1730 3735 Τούτους
1761 3670 1903 3727 ἐκεῖ·

266 3783 341 3817 νοι
390 3762 661 3838 δεξάμενοι
712 3763 835 3827 τοὺς
878 3760 1098 3838 λόγους,
1142 3759 1580 3838 ἐγνωσιμάχουν,
1636 3763 1733 3816 καὶ
1776 3780 1900 3834 μετ·

266 3850 418 3926 έμελε
476 3854 656 3932 σφίσιν
713 3849 1131 3929 ἀρνησαμένοις,
1183 3848 1278 3905 καί
1340 3848 1483 3911 αὖθις
1543 3847 1625 3926 ἐφ’
1679 3849 1894 3911 ἑαυτοὺς

261 3940 640 4003 ἐπανελθόντες
711 3941 797 3996 καὶ
855 3937 1368 4017 παῤῥησιασάμενοι,
1427 3938 1518 3993 τὸν
1578 3937 1708 4013 ὑπὲρ
1773 3945 1897 4015 Χρι-

262 4040 386 4089 στοῦ
441 4029 669 4088 θάνατον
727 4030 775 4086 οἱ
830 4026 1042 4093 πλείους
1069 4028 1398 4105 ὑπέστησαν,
1432 4026 1576 4087 ὄντες
1607 4029 1702 4083 οὐκ
1732 4026 1892 4083 ἐλάτ-

259 4141 375 4185 τους
424 4121 514 4176 τὸν
560 4119 781 4196 ἀριθμὸν
836 4117 1232 4188 τεσσαράκοντα
1268 4133 1282 4149 ⁸
1339 4115 1480 4178 τινὲς
1535 4113 1591 4170 δὲ
1653 4117 1742 4171 καὶ
1799 4114 1896 4171 πέ-

259 4230 373 4273 σαις
446 4209 726 4266 κολάσεων
784 4204 948 4263 ἰδέαις
1008 4204 1557 4282 προσαγωνισάμενοι,
1633 4205 1898 4275 ἐπέζησαν

257 4297 328 4356 ἔτι
375 4297 547 4373 μηδὲν
603 4297 821 4375 ἀγεννὲς
880 4296 1015 4359 μετὰ
1058 4295 1157 4362 τὴν
1215 4292 1460 4369 δευτέραν
1520 4306 1714 4371 πεῖραν
1773 4295 1898 4350 ὅπο-

1986 3240 2218 3293 sentem
2253 3232 2431 3292 vitam
2464 3232 2659 3293 minus
2687 3235 3447 3315 curantes,consequi,qu:e
3466 3235 3621 3315 apud

1984 3319 2150 3380 illum
2170 3338 2474 3399 nunquam
2495 3320 3389 3399 desinit,beatitudinem,quam
3415 3323 3619 3395 vitam,

1984 3427 2117 3488 quae
2145 3408 2241 3469 hic
2273 3417 2385 3481 est,
2433 3410 2884 3492 amplectentes,
2937 3409 3011 3472 ab
3061 3411 3172 3472 hac
3204 3410 3392 3471 nihilo
3424 3412 3626 3473 secius

1984 3497 2285 3568 excidere,
2326 3506 2390 3558 ut
2446 3499 2543 3579 qui
2604 3499 2760 3559 forte
2816 3499 2944 3560 sitis
2977 3508 3038 3560 et
3096 3499 3204 3562 hac
3252 3499 3517 3579 privandi
3549 3499 3622 3562 ab

1984 3586 2284 3658 hostibus,
2312 3596 2370 3647 et
2399 3587 2560 3648 illam
2595 3606 2713 3648 non
2738 3588 3095 3653 assecuturi.
3122 3596 3178 3650 et
3207 3595 3499 3669 praeterea
3517 3589 3623 3649 da-

1984 3678 2099 3736 turi
2128 3692 2335 3753 prenas
2359 3676 2644 3755 puniendi
2671 3678 3159 3741 immortalesllli
3177 3696 3317 3758 ergo
3336 3696 3470 3740 cum
3497 3679 3623 3740 haec

1982 3763 2373 3844 audivissent,
2402 3766 2809 3843 resipuerunt,
2846 3775 2904 3828 et
2954 3786 3057 3829 eos
3092 3768 3363 3848 pmuituit
3394 3785 3458 3829 se
3513 3786 3626 3829 ne.

1979 3853 2251 3932 gasse.Et
2279 3872 2414 3914 cum
2449 3871 2661 3916 rursus
2691 3854 2763 3915 ad
2787 3873 2851 3917 se
2876 3855 3288 3930 rediissent,et
3310 3856 3500 3918 libere
3526 3876 3627 3920 es-

1979 3951 2112 4004 sent
2126 3943 2923 4025 locuti,plurimi(9)propter
2940 3945 3242 4007 Christum
3260 3953 3511 4006 mortem
3533 3966 3629 4008 su-

1981 4031 2243 4112 bierunt,
2277 4051 2412 4095 cum
2442 4041 2643 4094 essent
2666 4053 2782 4094 non
2818 4034 3131 4114 pauciores
3159 4053 3412 4097 numero
3447 4054 3622 4116 quam

1982 4121 2413 4201 quadraginta;
2478 4123 2749 4184 nonnulli
2798 4132 2996 4184 autem
3050 4143 3183 4185 cum
3217 4124 3624 4186 decertassent

1980 4209 2268 4271 adversus
2302 4211 2501 4272 omnia
2528 4229 2749 4289 genera
2767 4213 3506 4291 suppliciorum,vixerunt
3527 4215 3630 4275 ad-

1983 4300 2120 4373 huc,
2155 4318 2291 4360 cum
2318 4300 2461 4361 nihil
2494 4307 2668 4379 turpe
2698 4309 2758 4362 et
2785 4300 3059 4380 ignavum
3096 4320 3215 4381 prae
3245 4320 3309 4362 se
3343 4302 3624 4366 tulissent

260 4387 654 4463 μεμενηκότες,
686 4384 824 4442 ἀλλὰ
867 4384 962 4440 καὶ
1009 4383 1109 4450 τὴν
1160 4381 1419 4460 προτέραν
1476 4382 1574 4448 τῆς
1628 4383 1896 4458 ἀρνήσεως

1985 4388 2044 4449 in
2097 4389 2361 4451 secunda
2392 4390 2756 4469 experientia
2791 4411 2808 4467 ;
2845 4391 2947 4453 sed
2985 4393 3147 4471 prius
3177 4411 3417 4473 quoque
3454 4392 3625 4472 judi-

259 4477 409 4545 δίκην
494 4482 564 4552 τῇ
646 4477 733 4531 νῦν
805 4474 936 4551 ὑπὲρ
1007 4469 1273 4534 εὐσεϐείας
1350 4471 1591 4527 ἐνστάσει
1641 4470 1933 4561 διαλυσοὶ-1

1985 4479 2143 4539 cium
2204 4478 2564 4557 negationis,
2623 4481 2841 4541 invicta
2905 4469 3349 4562 deinceps'pro
3408 4469 3625 4562 pietate

260 4588 437 4642 μενοι.

1992 4567 2324 4629 constantia
2353 4567 2736 4631 delevissent.

335 4655 408 4719 θ’.
460 4646 519 4712 ιΟ
580 4651 635 4709 δὲ
681 4652 969 4716 Λουκιανὸς
1001 4650 1238 4727 πάρεργα
1296 4649 1392 4716 τῆς
1439 4646 1561 4706 ὁδου
1602 4658 1769 4709 ταῦτα
1823 4651 1911 4706 καὶ

2050 4657 2788 4730 9.Lucianusaulem,cum
2814 4658 2872 4719 in
2898 4658 3148 4720 transitu
3166 4659 3400 4721 itineris
3424 4661 3551 4722 haec
3572 4669 3631 4722 et

256 4752 479 4803 τοιαῦτα
534 4741 702 4799 πλείω
742 4739 1186 4815 διαπραξάμενος,
1252 4739 1324 4799 εἰς
1382 4738 1483 4804 τὴν
1546 4738 1908 4814 Νικομήδειαν

1994 4748 2155 4818 plura
2175 4749 2507 4819 hujusmodi
2532 4749 3065 4813 oﬂecisset,delatus
3098 4763 3181 4808 est
3212 4752 3624 4810 Nicomediam.

259 4833 534 4910 ἐκομίσθη
568 4851 580 4863 ·
642 4832 826 4887 τούτου
869 4830 923 4885 δὲ
969 4836 1060 4884 τοῦ
1103 4826 1290 4906 ἀνδρὸς
1337 4827 1590 4901 ὁμιληταὶ
1652 4832 1906 4906 γεγόνασι

1994 4832 2176 4903 Hujus
2198 4841 2384 4889 autem
2399 4834 2505 4889 viri
2531 4833 2689 4889 luere
2716 4834 2875 4891 multi
2900 4836 3291 4900 tamiliares.et
3316 4838 3467 4891 exiis
3486 4851 3629 4893 non-

257 4924 502 5000 πλείους,
563 4923 648 4975 καὶ
692 4921 739 4975 οἱ
798 4918 894 4991 μὲν
938 4918 1115 4974 αὐτόθι
1174 4915 1527 4992 συμπαρῆσαν
1578 4919 1720 4989 αὐτῷ
1775 4917 1905 4973 κατᾶ

1991 4917 2136 4973 nulli
2159 4932 2286 5000 cum
2310 4931 2377 4972 eo
2401 4917 2636 4974 aderant
2660 4919 2988 4977 deeertante
3009 4920 3465 4985 Nicomedim,alii
3492 4921 3628 4977 abe-

257 5013 362 5079 τὴν
414 4998 776 5082 Νικομήδειαν
808 5004 1188 5084 ἀγωνιζομένῳ
1219 5020 1233 5034 ’
1272 5006 1318 5061 οἱ
1345 5002 1398 5060 δὲ
1429 5002 1488 5061 οὔ
1523 5023 1538 5039 ⁸
1585 5004 1636 5070 ἐξ
1666 5005 1741 5060 ὧν
1762 5027 1903 5069 τινες

1986 5008 2142 5062 rant.
2178 4998 2260 5060 Ex
2293 5000 2508 5079 quibus
2530 5020 2662 5062 cum
2689 5002 2875 5082 aliqui
2904 5002 2978 5063 ad
3007 5021 3110 5064 eos
3132 5004 3530 5064 accessissent
3559 5005 3621 5079 ii,

257 5098 641 5180 προϐαλόντων
695 5098 881 5158 αὐτοῖς
926 5102 1030 5151 τῶν
1091 5095 1365 5160 ἐλληνίσαι
1407 5094 1768 5174 βιασαμένων,
1812 5094 1903 5150 ἐν·-

1987 5093 2091 5174 qui
2144 5093 2435 5172 cogebant
2490 5093 2858 5157 Christianos
2914 5096 3091 5157 ritum
3124 5097 3295 5177 sequi
3330 5098 3624 5175 gentium,

259 5189 450 5248 έδοσαν
502 5186 600 5262 μὲν
658 5187 723 5242 τὰ
774 5187 960 5263 πρῶτα
1017 5184 1091 5256 μὴ
1152 5180 1455 5248 δυνηθέντες
1505 5183 1725 5252 ἀρκέσαι
1772 5185 1902 5259 πρὸς

1988 5185 2180 5265 primo
2215 5185 2453 5264 quidem
2489 5196 2818 5260 cesserunt,
2850 5198 2914 5247 ut
2943 5188 3046 5267 qui
3079 5207 3195 5249 non
3229 5197 3474 5269 possent
3504 5199 3626 5251 tor-

262 5280 357 5342 τὰς
413 5275 675 5353 βασάνους
711 5291 726 5306 ⁸
762 5274 948 5330 ἔπειτα
979 5271 1163 5346 μέντοι
1191 5274 1478 5333 Λουκιανὸς
1527 5274 1555 5327 ὁ
1598 5275 1742 5334 θεῖος
1802 5271 1903 5350 (ἔτι

1988 5273 2205 5334 mentis
2235 5273 2511 5335 sufﬁcere
2540 5284 2638 5350 ;at
2658 5293 2794 5335 cum
2815 5274 3054 5336 divinus
3069 5275 3372 5337 Lucianus
3407 5276 3626 5354 (adhuc

263 5370 365 5446 γὰρ
416 5363 536 5445 ἔζη)
591 5361 1094 5443 προσκαλεσάμενος
1140 5361 1351 5433 αὐτοὺς,
1385 5362 1473 5417 καὶ
1530 5359 1714 5434 λόγοις
1759 5384 1902 5416 παν-

1986 5361 2148 5423 enim
2173 5362 2540 5439 vivebat)eos
2554 5364 2626 5424 ad
2651 5382 2716 5425 se
2732 5365 3227 5435 accersivisset,et
3248 5383 3427 5427 omne
3439 5384 3631 5445 genus

337 5536 416 5604 (8)
448 5531 597 5589 Hinc
629 5540 803 5604 patet,
832 5526 1098 5604 terrestri
1137 5528 1345 5604 itinere
1377 5528 1701 5586 Antiochiae
1738 5527 1901 5586 Nico-

2056 5529 2136 5605 (9)_
2181 5528 2247 5585 Hi
2281 5543 2417 5605 cum
2456 5530 2585 5605 aliis
2610 5532 2874 5605 gloriasse
2909 5535 2963 5590 in
3007 5533 3232 5595 eadem.
3269 5534 3629 5605 Cappadocia

272 5596 519 5669 mediam
545 5596 886 5677 pefduct’um
921 5613 1043 5657 esse
1075 5596 1415 5657 Lucianum.

1989 5602 2173 5677 passis
2205 5600 2479 5661 coluntur
2510 5601 2578 5660 23
2609 5601 2757 5663 Maii.
