4018 6136
414 306 529 372 407

1698 318 1977 381 MENSIS
2029 319 2060 380 J
2065 320 2170 383 AN
2178 320 2481 387 UARIUS.

3684 319 3802 390 408

415 452 797 517 sermonibus
816 473 1024 517 eorum
1044 454 1274 516 animos
1297 453 1747 528 correxisset,et
1771 458 2054 531 quantum

2150 455 2299 517 ποίοις
2327 455 2499 512 αὑτῶν
2531 455 2829 531 ἀνορθώσας
2872 458 2966 519 τὰς
3017 455 3265 532 γνώμας,
3324 458 3416 513 καὶ
3448 455 3563 530 ὅσῷ
3596 458 3655 513 τὸ
3684 480 3798 514 κιν-

415 543 492 603 sit
520 545 1020 622 transgressionis
1054 543 1383 624 periculum
1419 545 1874 615 ostendisset,et
1900 541 2056 622 quod

415 649 594 692 nemo
627 651 857 707 eorum,
921 635 1017 713 qui
1080 652 1247 695 suam
1296 632 1629 713 prodiderit
1663 631 1721 691 in
1751 632 2055 692 Christum

412 722 1123 799 confessionem,eii‘ugiet
1142 725 1436 784 ﬂammam
1459 740 1529 800 ge
1542 722 1917 801 henna3,qua3
1939 739 2057 781 non

423 818 619 890 potest
642 813 936 891 exstingui
965 834 979 892 ;
1010 813 1171 873 ducti
1209 811 1583 891 pmnitentia,
1618 809 1689 872 ab
1720 828 1791 871 eo
1824 809 2055 871 reducti

415 906 635 960 suntin
666 900 1019 963 Ecclesiam.

503 990 600 1049 10.
658 988 735 1050 Ex
763 989 837 1049 iis
895 998 1117 1059 autem,
1173 989 1275 1069 qui
1308 987 1380 1050 ad
1416 989 1743 1050 Lucianum
1776 997 2060 1049 venerant

416 1074 1163 1144 Nicomediam,erateliam
1182 1078 2053 1158 AntoniusllO),discipulorum

417 1182 661 1225 suorum
695 1166 1120 1228 dilectissimus
1155 1187 1169 1226 :
1212 1175 1669 1246 quo,poslquam
1700 1164 1887 1236 venit,
1916 1183 2055 1224 usus

419 1262 507 1314 est
532 1255 799 1316 ministro
822 1256 891 1317 ad
912 1254 1647 1335 scribendasepistolas,ut
1669 1255 1797 1336 ipse
1820 1274 2053 1333 quoque

419 1344 676 1403 ostendit
700 1344 993 1405 Lucianus
1024 1346 1081 1404 in
1104 1362 1220 1405 una
1244 1344 1512 1422 epistola.
1540 1343 1621 1405 Ex
1645 1344 1717 1404 iis
1738 1355 1932 1404 autem
1956 1350 2051 1423 qui

419 1431 687 1506 aberant,
725 1444 889 1495 erant
923 1434 1162 1514 quidem
1202 1435 1400 1513 plures
1441 1433 1574 1505 viri,
1603 1451 1671 1493 ex
1704 1432 2057 1493 mulieribus

418 1529 615 1582 autem
644 1522 996 1593 Eiislolia,et
1027 1523 1416 1594 Dorothea,et
1446 1524 1689 1583 Severa.
1726 1522 1913 1583 Aiunt
1944 1540 2054 1583 au-

420 1618 539 1669 tem
560 1610 849 1689 Pelagiam
869 1611 917 1690 (t
945 1614 994 1692 Ι)
1017 1631 1251 1691 quoque
1276 1612 1457 1671 fuisse
1482 1630 1549 1671 ex
1575 1612 1703 1690 ejus
1726 1611 2053 1688 discipulis.

421 1717 550 1778 quae
572 1701 902 1763 Antiochiae
925 1701 1105 1779 Syriae
1125 1702 1283 1763 vixit:
1310 1719 1443 1780 quze
1465 1699 1642 1759 etiam
1666 1699 1884 1759 dicitur
1906 1701 2060 1780 seip-

421 1805 546 1848 sam
584 1807 614 1850 e
648 1797 800 1850 tecto
832 1790 1126 1851 altissimo
1154 1789 1475 1868 dejecisse,
1510 1807 1642 1849 cum
1668 1787 2060 1850 accessissent

2150 1788 2363 1862 Ἀμανῴ
2395 1796 2471 1862 τῷ
2529 1791 2635 1868 ὄρει
2686 1792 2955 1867 βιώσασα-δ
2994 1808 3006 1822 ’

424 1878 523 1956 qui
554 1896 682 1939 eam
719 1887 888 1940 erant
919 1878 1440 1957 compreliensuri,
1479 1877 1695 1936 timens
1736 1896 1811 1936 ne
1833 1876 2063 1938 abomi-

423 1966 684 2027 nandum
718 1969 858 2044 quid
892 1988 998 2047 per
1028 1968 1143 2028 vim
1176 1967 1498 2029 sustineret
1543 1969 1696 2043 (erat
1747 1966 1903 2027 enim
1936 1973 2059 2027 vir-

426 2056 549 2135 go),
584 2065 642 2118 et
672 2076 741 2118 eo
775 2058 950 2120 modo
1008 2076 1141 2119 esse
1201 2066 1491 2118 mortuam
1528 2076 1541 2117 :
1578 2074 1751 2136 quam
1788 2055 1966 2117 etiam
1999 2058 2059 2117 in

426 2145 780 2208 hodiernum
808 2165 994 2226 usque
1023 2147 1180 2208 diem
1210 2147 1505 2208 honorant
1536 2154 1811 2223 tanquam
1845 2154 2059 2224 marty-

424 2253 574 2305 rem,
613 2236 712 2313 qui
738 2244 875 2297 sunt
910 2243 1174 2297 amantes
1208 2243 1552 2315 martyrum.

512 2326 571 2387 ll
591 2324 796 2386 .Porro
821 2335 1018 2386 autem
1041 2343 1173 2387 cum
1189 2324 1262 2385 de
1279 2325 1538 2385 Luciano
1562 2342 1594 2384 a
1611 2324 1809 2383 multis
1831 2324 2063 2385 audiret

423 2413 1067 2485 Maximianus,lantam
1094 2415 1152 2474 in
1178 2415 1308 2493 ejus
1332 2413 1482 2474 facie
1502 2412 1765 2473 insidere
1788 2431 2063 2475 reveren-

424 2503 660 2576 tiam,ut
682 2503 730 2564 si
753 2522 887 2564 eum
913 2504 1103 2565 solum
1124 2502 1627 2576 vidisset,veniret
1647 2501 1706 2561 in
1731 2502 2059 2581 periculum

425 2611 503 2654 ne
525 2592 693 2654 ﬁeret
710 2593 1106 2667 Christianus;
1136 2601 1445 2670 postquam
1466 2589 1644 2669 jussit
1668 2599 1729 2651 ut
1753 2590 1851 2651 ille
1878 2592 2064 2652 addu-

425 2688 687 2750 ceretur,
721 2681 938 2742 timens
969 2699 1045 2742 ne
1074 2680 1187 2740 sibi
1221 2680 1334 2740 tale
1384 2679 1527 2758 quid
1562 2680 1901 2752 accederet,
1935 2681 2061 2741 velo

426 2769 745 2847 interjecto
768 2780 1002 2848 separat
1026 2768 1323 2829 sermonis
1346 2767 1922 2845 congressionem,et
1938 2788 2066 2831 ver-

429 2858 502 2918 ba
527 2858 731 2933 procul
765 2859 836 2918 ad
863 2878 999 2920 eum
1027 2858 1729 2931 emittebat,intermedio
1749 2868 1920 2921 utens
1941 2879 2062 2920 ser-

429 2947 623 3007 monis
646 2947 1019 3008 minislro.Et
1043 2947 1298 3026 primum
1319 2945 1559 3023 quidem
1589 2947 1987 3025 pollicebatur.
2002 2969 2065 3010 se

429 3035 887 3097 innumerabilia
918 3036 972 3096 ei
996 3054 1128 3096 esse
1152 3036 1439 3113 largituru
1451 3044 1594 3110 m,et
1612 3053 1810 3095 rerum
1843 3056 2023 3115 geren
2040 3073 2063 3084 -

430 3124 633 3181 darum
656 3125 985 3182 habiturum
1009 3139 1137 3180 eum
1163 3138 1287 3179 esse
1318 3124 1735 3191 consiliarium,
1762 3134 1816 3181 et
1839 3126 2061 3183 Patrem

3357 548 3448 600 καὶ
3500 548 3575 608 ὡς
3635 545 3800 607 οὔδεὶς

2140 632 2237 698 τὴν
2290 636 2361 698 εἰς
2421 636 2644 709 Χριστὸν
2704 635 2991 709 ὁμολογίαν
3046 633 3427 711 καταπροδοὺς
3466 632 3799 712 διαδράσεται

2140 540 2360 607 δυνῶδες
2420 547 2517 611 τῆς
2577 542 2911 620 παραϐάσεως
2975 543 3274 620 ὑποδείξας,

2141 722 2237 787 τὴν
2290 720 2543 778 ἄσϐεστον
2588 723 2761 801 φλόγα
2812 728 2910 789 τῆς
2964 723 3179 799 γεέννης
3215 724 3415 801 εἰπὼν,
3467 729 3802 803 μεταγνῶναί

2140 832 2196 864 τε
2252 812 2659 889 παρεσκεύασεν,
2717 813 2805 867 καὶ
2855 814 2927 876 εἷς
2960 813 3059 878 τὴν
3091 810 3429 879 Ἐκκλησίαν
3460 813 3793 893 ἐπανήγαγεν

2140 899 2307 961 αὖθις,

2222 979 2281 1047 ι’.
2328 993 2441 1047 re»
2473 989 2526 1046 δὲ
2558 993 2629 1056 εἷς
2676 995 2774 1058 τὴν
2834 990 3192 1065 Νικομήδειαν
3237 998 3322 1065 τῷ
3368 998 3661 1067 Aouman
3702 994 3797 1051 ἐπ-

2141 1076 2495 1151 εληλυθότων,
2561 1082 2653 1136 καὶ
2690 1080 3013 1146 Ἀντωνῖνος
3065 1083 3131 1150 ἦν
3175 1088 3285 1137 τῶι
3338 1084 3506 1138 αὖτοῦ
3552 1086 3800 1155 μαθητῶν

2139 1167 2165 1220 ὸ
2216 1166 2651 1247 ἆγαπητότατος,
2700 1174 2788 1224 καὶ
2832 1167 3060 1242 διακόνῳ
3104 1191 3164 1244 γε
3208 1171 3393 1242 τούτῳ
3449 1167 3638 1236 ἐπειδὴ
3697 1169 3797 1248 ἀφ-

2139 1256 2280 1311 ίκετο
2330 1257 2460 1331 πρός
2518 1258 2614 1325 τὴν
2662 1258 2767 1312 τῶν
2810 1258 3105 1313 ἐπιστολῶν
3137 1258 3424 1338 ἐχρήσατο
3457 1258 3695 1335 γραφήν,
3729 1261 3797 1322 ὡς

2138 1346 2226 1399 καὶ
2273 1346 2425 1406 αὑτὸς
2479 1348 2506 1400 ὁ
2557 1348 2841 1408 Λουκιανὸς
2893 1350 2950 1402 ἒν
3003 1354 3099 1420 μιᾷ
3146 1347 3416 1413 ἐπιστολὴ
3452 1354 3612 1403 τοῦτο
3641 1344 3797 1413 δεδῆ-

2141 1434 2310 1489 λωκεν
2346 1455 2358 1469 ·
2408 1436 2511 1490 τῶν
2541 1433 2593 1489 δὲ
2640 1436 2883 1490 ἀπόντων
2934 1434 3133 1500 ἀνδρῶν
3196 1436 3298 1510 μὲν
3356 1437 3582 1501 πλείους
3641 1437 3797 1513 ἐτύγ-

2139 1546 2327 1601 χανον,
2393 1532 2656 1600 γυναικῶν
2712 1523 2765 1579 δὲ
2857 1525 3159 1593 Εὒστόλια,
3221 1528 3313 1582 καὶ
3381 1526 3657 1602 Δωροθέα,
3717 1528 3799 1581 καὶ

2142 1612 2433 1691 Σεσουήρα,
2493 1616 2633 1679 Φησὶ
2686 1613 2739 1669 δὲ
2786 1616 2873 1669 καὶ
2935 1615 3195 1686 Πελαγίαν
3249 1622 3359 1671 τῶν
3422 1620 3589 1673 αὑτοῦ
3647 1616 3800 1691 γενέ-

2143 1704 2257 1755 σθαι
2308 1705 2635 1780 μαθητριῶν,
2682 1703 2779 1770 τὴν
2833 1702 2888 1757 ἐν
2942 1703 3246 1782 Ἀντιοχείᾳ
3300 1704 3405 1770 τῆς
3438 1705 3633 1780 Συρίας
3670 1705 3804 1778 πρὸς

3072 1791 3193 1859 ἥτις
3228 1793 3451 1869 λέγεται
3486 1795 3573 1848 καὶ
3614 1794 3807 1858 ἑαυτὴν

2146 1877 2340 1933 ἄνωθεν
2372 1879 2478 1935 ἀπὸ
2537 1880 2755 1956 στέγους
2800 1881 3141 1956 ὑψηλοτάτου
3196 1883 3417 1958 βαλεῖν,
3474 1882 3803 1939 ἐπιστάντων

2145 1971 2277 2041 αὑτῇ
2321 1973 2425 2023 τ’ὒν
2484 1968 2933 2049 συλληψομένων,
2993 1970 3097 2027 δέει
3157 1980 3247 2028 τοῦ
3312 1975 3451 2046 μήτι
3505 1974 3639 2047 πρὸς
3687 1972 3802 2048 βίαν

2142 2056 2429 2129 ὑπομεῖναι
2488 2066 2592 2114 τῶν
2669 2060 2949 2117 ἀπευκτῶν
3028 2063 3306 2138 (παρθένος
3372 2063 3477 2139 γὰρ
3536 2060 3658 2139 ἧν),
3719 2061 3803 2115 καὶ

2142 2152 2296 2201 τοῦτο
2352 2147 2638 2204 ἀποθανεῖν
2697 2151 2788 2204 τὸν
2837 2151 3029 2226 τρόπον
3065 2165 3079 2180 ⁸
3143 2151 3209 2218 ἣν
3258 2152 3350 2207 καὶ
3408 2153 3487 2215 εἰς
3520 2148 3671 2228 δεῦρο
3713 2171 3797 2205 τι-

2145 2234 2321 2301 μῶσιν
2349 2239 2420 2320 ᾡς
2453 2238 2688 2315 μάρτυρα
2711 2244 3003 2315 γενομένην
3034 2243 3082 2295 οἱ
3112 2239 3536 2320 φιλομάρτυρες.

2227 2324 2319 2382 ια’.
2358 2316 2415 2383 εΟ
2462 2327 2642 2400 μέντοι
2674 2331 2962 2392 Λουκιανὸς
3016 2332 3088 2392 ὡς
3138 2335 3236 2395 τῆς
3290 2329 3663 2403 Νικομηδείας
3693 2331 3788 2384 ἐπ’

2146 2412 2240 2479 ἐϐη
2273 2417 2562 2492 φερόμενος
2618 2420 2758 2494 παρα
2802 2418 3016 2473 πολλῶν
3065 2422 3091 2475 ὁ
3146 2420 3482 2493 Μαξιμιανὸς
3530 2419 3794 2475 πυνθανό-

2147 2525 2330 2581 μενος,
2391 2505 2516 2561 ὥσει
2571 2508 2657 2561 καὶ
2728 2508 2890 2580 μόνον
2975 2510 3221 2565 θεάσαιτο
3297 2511 3393 2565 τὸν
3460 2506 3646 2587 ἄνδρα,
3700 2509 3792 2563 κᾶν

2147 2595 2504 2671 χριστιανίσαι
2540 2594 2889 2651 κινδυνεύσειε
2925 2616 2939 2630 ⁶
3001 2600 3266 2663 τοσαύτην
3329 2599 3434 2674 γὰρ
3494 2598 3627 2653 αἱδὼ
3656 2618 3791 2673 προ-

2150 2686 2403 2748 ¹λιοιθῆσθαι
2436 2685 2532 2749 τῆς
2564 2692 2655 2739 τοῦ
2686 2683 2867 2762 ἆνδρὸς
2916 2692 3148 2764 μορφῆς,
3200 2685 3381 2749 δείσας
3440 2689 3518 2759 μή
3580 2709 3631 2741 τι
3687 2686 3789 2741 πά-

2148 2774 2226 2826 θοι
2271 2779 2530 2835 τοιοῦτον,
2593 2775 3037 2849 παραπετάσματι
3096 2775 3245 2849 μέσῳ
3316 2776 3642 2854 διατειχίζει
3698 2774 3793 2839 τὴν

2148 2859 2382 2933 ὁμιλίαν,
2428 2863 2515 2918 καὶ
2560 2862 2618 2916 ἐκ
2672 2874 2875 2939 μακροῦ
2931 2866 3051 2926 τοὺς
3106 2867 3238 2937 πρὸς
3315 2866 3480 2920 αὑτὸν
3539 2863 3785 2937 διέπεμπε

2147 2948 2359 3027 λόγους,
2398 2951 2545 3025 μέσῳ
2570 2958 2647 3025 τῷ
2678 2959 2780 3007 τῶν
2813 2952 2987 3030 λόγων
3046 2952 3273 3026 διακόνῳ
3317 2956 3633 3033 χρώμενος.
3694 2953 3781 3009 Καὶ

2147 3044 2355 3116 πρῶτον
2397 3040 2494 3111 μὲν
2543 3042 2871 3119 ὑπισχνεῖτο
2929 3044 3085 3118 μυρία
3125 3041 3261 3108 δῆτα
3313 3042 3775 3122 φιλοτιμούμενος,

2148 3126 2442 3198 σύμϐουλόν
2498 3151 2557 3184 τε
2610 3134 2716 3185 τῶν
2764 3131 3039 3205 πρακτέων
3086 3133 3240 3187 αὑτὸν
3272 3131 3431 3212 ἕξειν,
3468 3132 3565 3189 καὶ
3598 3130 3786 3204 πατέρα

430 3208 830 3289 imperatoriae
844 3209 1231 3289 dignitatis,et
1245 3209 1471 3270 socium
1499 3209 1919 3271 sollicitudinis
1936 3231 2060 3291 quae

2150 3220 2241 3283 τῆς
2316 3218 2599 3292 βασιλικῆς
2663 3220 2829 3292 ἀξίας,
2885 3222 2973 3276 καὶ
3031 3223 3286 3276 κοινωνὸν
3336 3225 3443 3289 τῆς
3499 3223 3629 3299 ὑπὲρ
3689 3227 3785 3275 τῶν

428 3320 535 3383 pro
558 3321 786 3364 summa
809 3321 1009 3365 rerum
1036 3302 1392 3382 suscipitur;
1441 3310 1498 3363 et
1523 3301 1691 3381 plura
1712 3302 1825 3363 alia
1850 3305 2056 3383 hujus-

436 3392 618 3454 modi:
645 3411 751 3471 pro
778 3392 990 3473 quibus
1013 3392 1292 3453 omnibus
1319 3410 1503 3452 unum
1529 3391 1719 3451 solum
1745 3392 1977 3454 dicebat
1999 3413 2065 3456 se

432 3494 887 3563 peieremempe
905 3491 966 3544 ut
986 3481 1098 3543 diis
1120 3482 1504 3544 sacrificaret.
1534 3480 1677 3544 Cum
1706 3492 1899 3543 autem
1935 3484 2058 3558 ille,

429 3570 628 3631 audita
653 3572 942 3633 donorum
971 3571 1551 3650 magnitudine,qure
1574 3571 1646 3631 de
1670 3571 1757 3632 eis
1780 3572 2063 3634 diceban-

427 3660 729 3736 tur,nihili
755 3662 1017 3732 fecisset,
1041 3669 1099 3721 et
1122 3680 1196 3721 ne
1228 3660 1569 3722 universum
1604 3662 1845 3741 quidem
1882 3682 2059 3724 mun—

427 3750 567 3810 dum
594 3768 723 3810 esse
746 3769 883 3813 cum
910 3750 1129 3828 pietate
1152 3750 1212 3809 in
1234 3750 1419 3810 Deum
1437 3750 1865 3811 conferendum
1887 3752 2063 3813 dixis-

427 3846 538 3909 set,
575 3847 717 3899 tunc
741 3839 864 3915 jam
900 3847 1154 3898 mutatus
1209 3839 1562 3916 imperator,
1598 3840 1853 3899 minatus
1880 3850 1970 3901 est
2000 3861 2067 3904 se

427 3928 496 3988 ad
523 3926 880 4007 supplicium
909 3926 962 3987 ei
987 3945 1116 3987 esse
1148 3926 1895 4006 intentaturum,quidquid
1930 3931 2064 3990 lon-

425 4034 561 4095 gum
586 4026 824 4095 tempus
846 4015 1259 4087 invenisset,et
1283 4015 1331 4074 si
1360 4016 1503 4095 quid
1530 4015 1657 4094 ipse
1684 4025 1881 4093 posset
1903 4017 2067 4079 inve-

427 4106 557 4166 nire
579 4124 793 4166 novum
823 4114 880 4165 et
900 4104 1253 4166 inauditum.
1280 4104 1388 4165 lllo
1411 4112 1606 4165 autem
1632 4105 1917 4167 adversus
1940 4107 2065 4168 haec

424 4195 761 4257 interritam
795 4200 1131 4274 Opponente
1164 4193 1566 4267 audaciam,et
1599 4203 1801 4273 parato
1826 4194 2068 4275 prodire

428 4284 490 4346 in
518 4283 911 4358 aciem,valde
935 4283 1273 4361 indignatus
1303 4282 1792 4363 imperator,eum
1823 4285 2063 4365 quidem

422 4373 612 4435 noluit
631 4390 809 4450 quam
829 4372 1082 4453 primum
1106 4372 1314 4434 tollere
1328 4372 1405 4433 de
1424 4372 2062 4453 medio;putabatenim

2147 3306 2285 3362 ὅλων
2321 3306 2613 3385 φροντίδος,
2664 3311 2751 3365 καὶ
2808 3309 2945 3365 ἄλλα
2990 3308 3159 3365 πλείω
3211 3318 3456 3386 τοιαῦτα,
3494 3315 3570 3367 ὧν
3619 3308 3784 3367 ἁπάν-

2146 3419 2250 3451 των
2297 3395 2492 3475 ἔφλσκε
2528 3398 2837 3470 μονώτατον
2871 3398 3143 3455 ἀνταιτεῖν
3187 3401 3247 3455 τὸ
3290 3401 3447 3457 θύσαι
3483 3414 3600 3463 τοῖς
3622 3403 3782 3459 θεοῖς.

2147 3483 2294 3541 Ἐπεὶ
2339 3485 2394 3540 δὲ
2448 3487 2652 3548 ἐκεῖνος
2714 3487 2942 3548 ἀγούσας
3000 3491 3062 3544 τὸ
3119 3489 3223 3544 τῶν
3268 3488 3483 3566 δωρεῶν
3540 3489 3779 3564 μέγεθος,

2142 3576 2200 3629 ἐν
2243 3574 2425 3653 φαύλῳ
2481 3597 2537 3630 τε
2593 3577 2712 3638 τοὺς
2758 3578 2873 3652 περὶ
2913 3579 3106 3633 τούτων
3155 3577 3343 3653 λόγους
3378 3579 3665 3654 πεποίητο,
3699 3576 3783 3630 καὶ

2145 3662 2259 3719 οὒδέ
2293 3667 2448 3720 αὑτὸν
2482 3665 2581 3744 ἐφη
2612 3667 2703 3721 τὸν
2750 3665 2958 3721 ἅπαντα
3012 3669 3215 3740 κόσμον
3260 3667 3503 3732 ἀντάξιον
3563 3666 3658 3731 τῆς
3712 3665 3780 3725 εἷς

2145 3755 2234 3808 τὸν
2291 3756 2417 3808 Θεὸν
2477 3752 2740 3818 εόσεὸείας
2818 3757 3069 3825 τίθεσθαι,
3132 3757 3253 3811 τότε
3316 3754 3381 3823 δὴ
3447 3752 3781 3831 μετέϐαλλὸ-

2150 3863 2306 3913 μενος
2362 3846 2389 3897 ὁ
2442 3846 2651 3918 κρατῶν
2699 3843 2900 3910 ἠπείλει
2953 3851 3056 3900 πᾶν
3108 3845 3135 3900 8
3187 3867 3236 3900 το.
3269 3847 3381 3900 τεὸ
3414 3846 3615 3922 μακρὸς
3643 3843 3779 3921 χρό-

2150 3952 2234 3994 νος
2294 3931 2492 4006 ἐξεῦρεν
2554 3930 2700 3994 εἶδος
2754 3935 2825 3992 εἷς
2885 3933 3106 3989 κόλασιν
3138 3934 3345 3998 ἐπάξειν
3408 3940 3574 4009 αὒτῷ,
3616 3933 3701 3987 καὶ
3730 3926 3782 3985 εἴ

2147 4040 2299 4096 τιπερ
2344 4020 2498 4083 αὑτὸς
2544 4020 2782 4099 ἐφευρετν
2841 4021 3081 4089 δυνηθείη
3147 4024 3481 4100 καινότερον,
3552 4022 3779 4080 Ἐκείνου

2150 4106 2203 4162 δὲ
2267 4113 2358 4163 καὶ
2421 4112 2550 4187 πρὸς
2608 4119 2771 4166 ταῦτα
2820 4114 2882 4167 τὸ
2939 4112 3148 4190 θαῤῥεϊν
3200 4113 3629 4183 ἀκαταπλήκτως
3660 4132 3780 4188 προ-

2148 4196 2500 4272 ϐαλλομένου,
2563 4201 2649 4254 καὶ
2704 4202 2833 4278 πρὸς
2887 4201 3295 4278 ἀντιπαράταξιν
3340 4202 3773 4282 ἀπομαχομένου,

2148 4289 2657 4364 ὑπεραγανακτήσας
2706 4291 2732 4343 ὁ
2783 4291 3030 4365 βασιλεὺς
3089 4290 3299 4347 ἀνελεῖν
3344 4292 3439 4365 μὲν
3489 4293 3640 4347 αὑτὸν
3697 4285 3777 4340 διὰ

2149 4376 2364 4455 ταχέων
2398 4376 2493 4431 οὒκ
2536 4376 2786 4452 ἐγίνωσκε
2841 4377 2956 4434 δεῖν
2991 4395 3004 4409 ⁸
3059 4386 3364 4458 χαριεῖσθαι
3422 4384 3520 4459 γὰρ
3551 4379 3774 4451 ἐνόμιζεν

425 4481 490 4524 se
520 4462 607 4524 sic
638 4462 691 4523 ei
713 4461 1406 4541 gratiﬁcalurum,utqui
1430 4480 1564 4523 eum
1594 4462 1752 4523 illico
1778 4463 2060 4526 liberaret

2152 4469 2291 4536 αὑτῴ
2348 4467 2447 4530 την
2505 4466 2694 4539 ἁθρόαν
2750 4474 2857 4522 τῶν
2918 4467 3177 4547 χαλεπῶν
3238 4470 3577 4547 ἀπαλλαγήν·
3612 4486 3767 4538 προσ·

425 4570 460 4613 a
490 4552 684 4626 malis;
706 4553 806 4613 sed
826 4551 1005 4631 jussit
1032 4552 1087 4612 in
1113 4568 1411 4612 carcerem
1441 4552 1775 4631 conjectum
1800 4557 2060 4634 torqueri

424 4642 601 4703 variis
629 4641 841 4703 modis.

2149 4553 2294 4620 ἑταξε
2347 4552 2401 4609 δὲ
2459 4558 2614 4611 αὑτὸν
2699 4557 2768 4617 είς
2826 4557 2924 4623 τὴν
2985 4560 3195 4635 εἱρκτὴν
3254 4558 3581 4633 ἐμϐληθέντα
3642 4551 3769 4609 κατᾶ

2146 4644 2418 4709 ποικίλους
2449 4647 2508 4701 τὸ
2540 4646 2697 4720 σῶμα
2728 4645 3103 4725 στρεϐλοῦσθαι
3134 4650 3257 4714 τοὺς
3292 4650 3537 4725 τρόπους.

1911 4777 2148 4837 CAPUT
2202 4777 2294 4835 ιν.

1777 4890 1844 4946 In
1883 4890 2158 4948 tormentis
2188 4890 2432 4945 moritur.

505 5013 755 5078 12.Cum
778 5032 911 5076 eum
932 5030 1077 5090 ergo
1097 5013 1468 5093 accepissent
1489 5012 1778 5093 ii,quibus
1794 5014 1908 5076 hoc
1930 5023 2057 5076 erat

420 5115 948 5188 imperatum,eum
982 5103 1182 5163 multis
1214 5111 1270 5164 et
1294 5102 1471 5163 variis
1500 5104 1754 5165 alfecere
1783 5105 2059 5166 cruciati-

422 5201 559 5273 bus,
596 5197 807 5276 quibus
831 5201 957 5257 erat
980 5193 1226 5271 quidem
1250 5212 1488 5271 gravem
1515 5203 1866 5275 accepturus
1884 5195 2056 5257 dolo-

495 5364 609 5433 (lO)
640 5365 741 5421 Hic
774 5372 878 5425 est,
943 5363 999 5416 ni
1064 5358 1251 5433 fallor,
1296 5374 1466 5431 quem
1508 5362 1744 5428 Nicrph.
1804 5362 1899 5417 lib.
1936 5375 2059 5427 vm,

423 5432 546 5503 cap.
600 5434 687 5495 31.
724 5442 776 5489 et
809 5434 906 5489 lib.
943 5446 1021 5499 ιχ,
1054 5446 1101 5485 c.
1142 5432 1228 5486 i7.
1272 5433 1585 5488 Antonium
1634 5442 1819 5496 vocat,
1854 5434 2072 5503 aitque,

2234 5017 2333 5094 ιβ’,
2392 5017 2796 5092 Παραλαϐόντες
2868 5020 3038 5075 τοίνυν
3125 5024 3279 5078 αὑτὸν
3350 5027 3397 5079 οἱ
3453 5026 3577 5100 πρὸς
3630 5021 3773 5072 τοῦτο

2154 5108 2478 5184 τεταγμένοι
2534 5107 2780 5171 ποικίλας
2842 5109 3040 5185 ἐπῆ-ίον
3100 5115 3239 5186 αὐτῴ
3291 5114 3378 5168 καὶ
3429 5108 3774 5185 πολυτρόπους

2144 5198 2343 5272 αἰκίας,
2393 5198 2485 5261 αῖς
2534 5196 2877 5275 ἀλγυνεῖσθαι
2938 5200 3035 5272 μὲν
3091 5199 3329 5279 σφοδρῶς
3385 5201 3623 5276 ἔμελλεν,
3681 5194 3772 5249 ἀν·

2143 5373 2384 5440 ceplore
2448 5379 2614 5433 opem
2690 5365 2758 5420 ad
2811 5367 3217 5440 preniti-niiam
3281 5371 3515 5433 lerenie,
3588 5362 3773 5440 iisdem

2159 5436 2557 5497 renuntiasse;
2592 5438 2855 5506 quamvis
2881 5438 3085 5493 deinde
3121 5439 3184 5496 in
3244 5441 3361 5497 Arii
3425 5436 3778 5495 declinaverit

423 5504 582 5561 Tarsi
624 5505 826 5560 Cilicia:
875 5507 1208 5569 episcopum
1258 5503 1464 5570 fuisse,
1513 5515 1566 5559 et
1600 5515 1903 5572 postquam
1939 5519 2072 5560 cum
2159 5520 2404 5562 errores.

424 5575 554 5631 aliis
607 5574 844 5631 Luc-iani
882 5573 1203 5641 discipulis,
1245 5586 1391 5642 quos
1453 5582 1727 5637 recenset,
1775 5577 2077 5633 tormentis

425 5648 611 5704 victus
642 5647 711 5704 ad
743 5642 1059 5716 gentiliiias
1092 5642 1533 5714 superstitiones
1566 5644 2079 5718 deﬂexisset,prac-

2233 5580 2352 5647 (ll)
2381 5577 2597 5635 Colitur
2637 5578 2695 5636 S.
2730 5578 2956 5650 Pelagia
2982 5581 3016 5635 9
3043 5578 3223 5640 Junii.
