4018 6136
259 317 375 386 409

1648 318 1831 384 VITA
1875 317 1935 380 S.
1983 316 2270 381 LUCIAN
2277 316 2325 379 Ι.

3553 309 3673 381 410

260 455 413 524 θέξειν
462 454 524 515 δὲ
579 454 794 541 χρόνον
848 460 939 517 imi
997 455 1166 515 πολὺν
1210 455 1591 532 κολαζόμενος·
1641 457 1729 510 καὶ
1783 458 1967 515 τοῦτολ

2047 454 2368 531 ἐω,1οηεο
2402 458 2596 514 autem
2623 456 2889 541 tempore
2920 448 2980 512 in
3007 449 3202 531 poenis
3233 448 3570 541 duraturus.
3604 450 3678 514 Et

260 547 376 627 μὲν,
423 548 504 612 εἷς
570 552 686 617 τὴν
741 547 1070 622 ποδοκάκην,
1122 546 1271 614 ξύλον
1342 544 1397 602 δὲ
1458 544 1734 623 πρόμηκές
1796 542 1938 599 ἔστιν

258 634 742 719 στρεϐλωτήριον,
802 637 1132 718 ἀμφοτέρους
1221 640 1379 695 αὐτοῦ
1433 636 1552 700 τοὺς
1610 632 1775 696 πόδας
1845 635 1931 689 ὲν-

257 725 529 803 εϐἱϐαζον,
603 728 704 785 ἐπὶ
772 727 1000 803 τέσσαρα
1050 727 1299 805 τρήματα
1355 723 1746 799 διελκύσαντες,
1810 720 1941 800 ὅπερ

256 816 365 874 ἐστὶ
411 818 479 873 τὸ
546 822 661 885 τῆς
738 818 995 894 τιμωρίας
1055 816 1252 882 ταύτης
1326 814 1635 893 βαρύτερον,
1690 810 1782 868 ἅτε
1838 816 1942 867 τῶν

257 905 507 985 γλουτῶν
593 905 929 985 ἑκατέρωθεν
1016 906 1161 978 αὒτῷ
1230 906 1414 981 βιαίως
1499 902 1939 981 ἔξαρθρουμένων·

261 995 417 1052 τοῦτο
479 993 572 1071 δὲ,
613 998 760 1053 κατὰ
791 995 961 1054 νώτου
990 996 1190 1058 παντὸς
1234 991 1405 1056 δεινὰς
1438 992 1710 1068 ὀστράκων
1766 988 1944 1052 ἀκίδας

260 1087 676 1165 κακομηχάνῳ
734 1085 925 1163 γνώμῃ
978 1084 1176 1144 πυκνὰς
1222 1081 1317 1138 καί
1363 1095 1612 1160 συνεχεῗς
1656 1079 1943 1155 ὑπεστόρε-

258 1196 381 1249 σαν,
447 1175 551 1231 καὶ
614 1174 717 1230 ’ἶνα
776 1196 836 1253 γε
892 1171 1029 1249 μηδὲ
1101 1172 1410 1251 στρέφεσθαι
1467 1173 1543 1243 τῷ
1587 1168 1769 1241 δικαίῳ
1828 1166 1942 1238 ἐξῆ,

260 1261 397 1340 μηδέ
460 1268 759 1322 κινεῖσθαι
809 1261 1221 1342 τιτρωσκομένῳ
1279 1273 1398 1320 ταῖς
1466 1259 1728 1321 τοιαύταις
1774 1257 1940 1331 ἀκίσι,

262 1349 643 1420 διατείναντες
702 1356 861 1411 αὒτοῦ
916 1353 1011 1415 τὰς
1072 1353 1269 1431 χεῖρας
1324 1348 1409 1404 ἐπί
1460 1372 1567 1403 τινι
1627 1345 1762 1417 ξύλῳ
1817 1346 1943 1423 ὑπὲρ

260 1441 516 1521 κεφαλῆς
592 1442 832 1517 κειμένῳ
902 1440 1178 1515 ἓδέσμουν,
1230 1442 1325 1498 Καὶ
1392 1435 1528 1494 ἄλλα
1585 1459 1642 1494 τε
1712 1436 1941 1493 πλεῖστα

262 1530 548 1611 ἑνύόριξον
636 1534 803 1605 αὐτῷ,
864 1535 951 1587 καὶ
1005 1529 1072 1597 δὴ
1129 1531 1218 1585 καὶ
1276 1534 1475 1608 τροφῆς
1550 1529 1705 1586 αὒτὸν
1765 1526 1948 1603 εἶργον

264 1621 522 1697 ἀπάσης,
585 1620 735 1688 πλὴν
792 1622 837 1676 εἰ
874 1627 977 1676 νῶν
1021 1616 1148 1692 παρ’
1192 1622 1377 1682 αὐτοῖς
1438 1618 1639 1695 μιαρῶς
1683 1616 1949 1689 θυομένων

266 1710 562 1783 ἐθελήσειε
621 1722 950 1788 μετασχετνο
1012 1709 1212 1766 τούτων
1269 1709 1367 1786 γὰρ
1416 1706 1511 1762 καί
1569 1701 1948 1780 ἐπιδαψιλευό-

268 1822 427 1874 μενοι
478 1800 722 1878 ὤρεγον.
774 1792 831 1856 Ὀ
877 1797 932 1855 δὲ
990 1799 1199 1875 μυρίους
1262 1795 1465 1871 μᾶλλον
1528 1796 1807 1871 ἀνθῃρεῖτο
1850 1796 1950 1848 θα-

268 1889 499 1965 νάτους,
544 1891 643 1946 καὶ
688 1887 824 1945 ἴδιον
865 1888 931 1955 ἧν
980 1886 1124 1960 αὒτῷ
1167 1886 1377 1961 μένοντι
1438 1885 1675 1955 ἆποσίτῳ
1723 1896 1844 1945 ταῖς
1890 1880 1949 1934 ἐκ

267 1986 367 2037 τοῦ
392 1978 579 2055 λιμοῦ
624 1979 1067 2057 παραφθείρεσθαι
1099 1975 1332 2049 κεδόσιν,
1364 1975 1398 2041 ἢ
1449 1974 1543 2029 καί
1577 1974 1745 2048 μόνην
1805 1971 1945 2027 ἐκεί-

271 2092 384 2125 νων
443 2071 754 2144 ὗπομεῒναι
788 2070 884 2125 τὴν
941 2066 1085 2123 θέαν’
1153 2070 1250 2121 καὶ
1297 2063 1532 2139 διέμενεν
1592 2061 1813 2127 οὕτωςὸ
1859 2066 1948 2115 τοῦ

274 2161 527 2237 Χριστοῦ
595 2158 794 2237 μάρτυς
837 2161 915 2230 τῷ
983 2155 1125 2230 λιμῷ
1181 2152 1697 2224 καταδαπανώμενος
1751 2149 1945 2205 τέσσα-

275 2268 364 2326 ρες
397 2247 503 2304 καί
561 2245 788 2309 δεκάτας
835 2246 1010 2307 πάσας
1041 2244 1269 2323 ἡμέρας,
1304 2243 1368 2298 τὰ
1412 2243 1609 2311 συνῆοη
1639 2262 1695 2296 τε
1755 2244 1947 2317 ποιῶν⁷

278 2339 371 2394 καὶ
446 2335 646 2416 λόγοις
714 2332 1051 2399 διδασκαλίας
1138 2332 1493 2409 ἐπιθαρσύνων
1562 2330 1681 2393 τοὺς
1752 2328 1804 2384 ἐν
1876 2332 1952 2397 τῷ

280 2425 659 2506 δεσμωτηρίῳ
743 2424 828 2480 διὰ
911 2425 1133 2500 Χριστὸν
1217 2419 1785 2494 κατακεκλεισμένους,
1865 2416 1951 2472 καὶ

283 2530 638 2597 προσευχαῖς
672 2514 1093 2588 ἐπιμονωτάταις
1125 2512 1495 2586 ἐπιστηρίζων,

372 2606 489 2684 ιγ’.
553 2605 777 2671 Ἐπειδὴ
822 2602 875 2659 δέ
932 2625 1072 2667 τινες
1131 2603 1322 2677 ἡμέραι
1382 2598 1755 2665 διεληλύθεσαν
1814 2598 1954 2667 αυτῷ

289 2697 499 2777 τρόπον
548 2696 610 2752 ’όν
663 2694 877 2773 εἴρηται
938 2692 1281 2767 κακουμένῳ,
1315 2691 1402 2745 καὶ
1457 2688 1640 2766 ἤγγιζε
1699 2689 1795 2761 μὲν
1852 2684 1954 2751 ἤδη

294 2776 403 2842 τῶν
466 2785 776 2865 Θεοφανίων
806 2785 839 2850 ἡ
900 2783 1084 2860 ἑορτὴ,
1119 2782 1238 2843 τοὺς
1300 2778 1353 2834 δὲ
1385 2779 1626 2853 μαθητὰς
1689 2776 1957 2854 (παρῆσαν

296 2876 400 2955 γὰρ
462 2864 644 2935 αὐτόθι
676 2872 888 2935 πλείους
943 2872 1004 2927 Ex
1063 2893 1119 2928 τε
1162 2871 1259 2937 τῆς
1304 2869 1642 2947 Ἀντιοχείας
1676 2868 1816 2939 αὐτῷ
1873 2864 1959 2919 καί

301 2985 467 3021 τινων
569 2962 750 3023 ἄλλων
833 2963 1011 3018 τόπων
1118 2957 1605 3036 συναθροισθέντες)
1690 2954 1960 3033 κατηφιᾷν

306 3053 500 3130 εἰσῄει,
558 3051 874 3131 λογιμένοδς
934 3054 1004 3116 ὡς
1050 3051 1234 3109 αὒτίκα
1297 3070 1353 3103 τε
1411 3047 1624 3110 τούτους
1684 3043 1961 3101 ἀπολιπὼν

315 3143 594 3223 οἰχήσεται
653 3143 752 3219 μὲν
806 3144 833 3198 ὁ
893 3138 1227 3213 διδάσιιαλος,
1261 3136 1434 3197 οὒκέτι
1490 3134 1772 3210 δυνάμενος
1832 3134 1959 3188 ἀντ-

2027 561 2184 603 nunc
2217 542 2457 622 quidem
2505 542 2563 601 in
2597 540 2832 620 cippum
2866 546 2977 609 (est
3021 548 3218 601 autem
3248 540 3362 601 hoc
3395 543 3673 603 tormenti

2022 649 2209 710 genus
2232 628 2783 708 oblongumjambos
2805 628 2934 709 ejus
2959 628 3142 703 pedes
3175 627 3674 703 immittebant,ad

2024 728 2275 800 quatuor
2305 719 2709 781 distrahentes
2743 717 3031 780 foramina
3063 739 3077 780 :
3125 718 3281 799 quod
3313 718 3552 799 quidem
3587 725 3678 781 est

2028 815 2083 869 in
2110 814 2219 871 hoc
2242 814 2530 884 supplicio
2554 813 2980 883 gravissimum.
3010 827 3138 869 cum
3163 812 3434 883 utrinque
3460 824 3676 868 coxen-

2028 897 2194 960 dices
2251 899 2539 959 violenter
2571 916 2603 959 e
2635 898 2759 959 suis
2806 906 3152 959 moveantur
3178 897 3477 959 articulis:
3515 915 3675 958 nunc

2029 997 2224 1049 autem
2252 988 2309 1048 in
2338 995 2455 1047 toto
2490 987 2667 1048 dorso
2689 1005 2900 1066 graves
2934 996 3216 1048 testarum
3248 986 3489 1048 aculeos
3519 986 3674 1048 den-

2031 1095 2128 1137 sos
2160 1086 2216 1137 et
2247 1076 2561 1138 continuos
2582 1076 2839 1152 maligno
2866 1076 3067 1137 animo
3102 1074 3581 1138 substernebant:
3618 1080 3676 1135 et

2031 1183 2089 1227 ut
2113 1185 2185 1227 ne
2210 1171 2405 1227 liceret
2432 1171 2661 1241 quidem
2687 1172 2803 1226 viro
2828 1170 2982 1241 justo
3006 1185 3065 1227 se
3097 1172 3341 1238 vertere,
3364 1177 3420 1226 et
3448 1183 3521 1227 ne
3554 1184 3677 1227 mo-

2028 1256 2147 1316 veri
2173 1255 2439 1334 quidem,
2469 1255 2608 1317 dum
2636 1255 2852 1317 talibus
2872 1255 3242 1317 sauciaretur
3264 1254 3507 1335 aeuleis;
3544 1255 3675 1335 ejus

2031 1345 2305 1407 manibus
2326 1346 2611 1419 extensis,
2646 1364 2751 1406 eas
2782 1344 3076 1407 vinciebat
3107 1352 3165 1405 in
3195 1344 3448 1425 quodam
3483 1344 3666 1422 ligno,

2028 1430 2184 1511 quod
2220 1439 2345 1492 erat
2376 1431 2631 1511 positum
2680 1451 2861 1512 super
2892 1436 3021 1511 ejus
3054 1441 3253 1512 caput.
3304 1431 3457 1503 Quin
3491 1431 3671 1493 etiam

2030 1520 2163 1583 aliis
2181 1539 2416 1601 quoque
2439 1520 2637 1582 multis
2659 1540 2792 1582 eum
2825 1520 3120 1582 afﬁciebat
3150 1519 3353 1602 probis
3373 1540 3439 1582 ac
3470 1529 3673 1583 contu-

2034 1609 2255 1688 meliis,
2290 1618 2346 1668 et
2378 1627 2512 1670 eum
2555 1609 2731 1670 etiam
2764 1606 3049 1671 arcebant
3075 1607 3145 1669 ab
3180 1609 3343 1669 omni
3370 1607 3526 1685 cibo,
3559 1607 3677 1670 nisi

2032 1698 2208 1759 vellet
2264 1698 2421 1758 vesci
2452 1697 2525 1758 iis
2561 1717 2692 1778 quae
2733 1698 2805 1760 ab
2837 1699 2981 1778 ipsis
3012 1698 3498 1760 sacrificabantur
3531 1719 3547 1779 ;
3608 1716 3677 1760 ea

2036 1790 2191 1849 enim
2217 1786 2434 1847 affatim
2458 1787 2865 1867 porrigebant.
2897 1787 3002 1849 llle
3028 1796 3223 1848 autem
3255 1787 3558 1849 maluisset
3580 1805 3677 1848 su-

1977 1857 2013 1882 D
2035 1876 2163 1938 bire
2185 1884 2407 1938 mortes
2430 1857 2517 1937 vel
2546 1857 3107 1951 inn’umerabiles,et
3134 1876 3413 1938 libentius
3435 1894 3679 1938 manens

2026 1965 2291 2046 jejunus,
2320 1965 2601 2045 paulatim
2636 1985 2667 2026 a
2692 1966 2842 2027 fame
2880 1973 3038 2027 esset
3069 1973 3477 2046 consumptus,
3502 1982 3679 2045 quam

2031 2055 2119 2114 vel
2168 2055 2405 2117 illorum
2441 2054 2631 2115 solum
2687 2073 2894 2134 passus
2924 2063 3081 2116 esset
3112 2063 3520 2133 conspectum.
3581 2052 3681 2116 Sic

2033 2143 2212 2223 igitur
2260 2143 2583 2223 permansit
2613 2143 2830 2207 Christi
2876 2161 3104 2222 servus,
3142 2145 3304 2226 quia
3345 2144 3503 2206 fame
3529 2162 3681 2206 con-

2034 2232 2405 2306 sumebatur,
2440 2241 2591 2295 totos
2622 2233 3072 2313 quatuordecim
3123 2232 3250 2295 dies
3279 2233 3503 2297 faciens
3530 2251 3681 2296 con-

2034 2332 2222 2392 sueta,
2258 2333 2317 2384 et
2364 2323 2559 2384 verbis
2591 2323 2880 2384 doctrinae
2908 2325 3169 2385 animum
3203 2324 3429 2387 addens
3479 2323 3553 2386 iis
3581 2322 3687 2404 qui

2038 2431 2143 2492 pro
2178 2411 2408 2475 Christo
2461 2421 2632 2473 erant
2665 2412 2880 2474 inclusi
2910 2413 2968 2473 in
3002 2431 3265 2489 carcere,
3297 2421 3356 2474 et
3399 2430 3501 2475 eos
3532 2431 3683 2475 con-

2037 2502 2282 2563 ﬁrmans
2311 2502 2807 2564 constantissimis
2838 2510 2896 2563 et
2928 2503 3228 2583 perpetuis
3260 2501 3558 2583 precibus.

2118 2592 2215 2654 13.
2251 2591 2398 2653 Cum
2420 2600 2616 2652 autem
2649 2591 2886 2671 aliquod
2908 2593 3028 2670 jam
3061 2591 3191 2652 dies
3221 2591 3595 2666 transissent,
3629 2600 3689 2653 et

2039 2699 2150 2760 qua
2181 2698 2250 2740 eo
2280 2680 2479 2754 modo,
2515 2698 2630 2760 quo
2664 2679 2922 2740 diximus
2950 2680 3555 2760 aﬂligehatur,etjam
3581 2699 3687 2761 ap-

2041 2769 2472 2848 propinquaret
2496 2768 2738 2848 quidem
2767 2767 2897 2829 dies
2928 2768 3110 2829 festus
3134 2767 3683 2849 Theophaniorum;
3725 2774 3731 2781 ’

2042 2856 2364 2937 discipulos
2396 2866 2589 2918 autem
2650 2858 2789 2937 (jam
2824 2858 2983 2919 enim
3017 2858 3069 2919 ei
3114 2856 3311 2935 plures
3342 2858 3591 2920 aderant
3621 2878 3691 2920 ex

2041 2946 2355 3008 Antiochia
2414 2957 2469 3007 et
2502 2966 2571 3008 ex
2622 2948 2753 3008 aliis
2813 2946 2957 3009 locis
2990 2947 3356 3027 congregati)
3411 2946 3693 3010 subiisset

2045 3035 2304 3110 tristitia,
2328 3041 2677 3116 reputantes
2700 3038 2847 3111 fore,
2877 3036 3041 3098 uteis
3065 3037 3236 3098 satim
3268 3036 3491 3098 relictis
3520 3036 3691 3099 abeat

2046 3124 2287 3206 quidem
2310 3126 2735 3204 magister,non
2761 3126 2960 3188 valens
2985 3126 3268 3187 resistere
3290 3125 3583 3187 diuturnis
3606 3124 3691 3187 illi

367 3203 444 3223 υ.-
653 3203 666 3219 .
1214 3203 1226 3213 .
1618 3203 1627 3210 .

320 3231 467 3307 ἐῴειν
519 3233 652 3312 πρὸς
711 3233 800 3287 τὸν
866 3229 1225 3309 πολυχρόνιον
1298 3228 1505 3283 ἐκεῖνον
1577 3223 1755 3299 λιμόνσ
1820 3224 1963 3281 αὐτοὶ

2047 3203 2184 3312 ξειφί
2221 3214 2611 3312 ;_ipsi.aut_em
2658 3232 3027 3296 nequaquam
3061 3214 3220 3293 digni
3250 3219 3693 3312 censeatur,qui

328 3317 384 3374 δὶ
436 3317 665 3397 οὐδαμῶς
726 3321 901 3393 τούτῳ
958 3319 1297 3396 συνεορτσὶσαι
1361 3316 1456 3382 τὴν
1520 3320 1615 3382 τῆς
1687 3317 1960 3393 θεοφανίας

336 3407 532 3489 ἡμέραν
599 3410 981 3480 ἆξιωθήσοντας
1061 3407 1260 3487 (πόῤῥω
1324 3407 1423 3483 γὰρ
1488 3404 1667 3464 αὐτοῖς
1728 3403 1965 3479 ἐφαίνετο

336 3497 504 3578 οὖσα),
539 3499 619 3556 καὶ
659 3499 736 3575 μή
780 3497 1027 3555 δύνασθαι
1088 3497 1279 3576 μέχρις
1341 3494 1500 3560 αἷιτῆς
1562 3495 1622 3548 τὸ
1668 3500 1758 3548 του
1815 3489 1962 3545 διδα-

326 3585 517 3647 σκάλου
574 3594 733 3664 σῶμα
764 3589 1106 3667 ἀποχρήσειν
1163 3588 1305 3659 αύτῷ
1335 3583 1423 3639 ἅτε
1473 3588 1571 3648 τῆς
1604 3581 1805 3643 ἀσιτίας
1864 3577 1964 3645 ’ἤδη

320 3678 381 3734 τὸ
437 3676 694 3735 πλεῖστον
752 3679 892 3751 αὐτῷ
938 3675 1396 3743 κατηναλωκυίας’
1447 3675 1473 3729 ὁ
1535 3669 1770 3745 ἀοίδιμος
1816 3669 1965 3724 ἐκεῖ-

316 3790 406 3833 νος
461 3766 597 3845 ἀνὴρ
649 3768 779 3835 πρὸς
838 3769 1002 3823 ταῦτα
1058 3768 1240 3828 αὐτοῖς
1299 3763 1778 3840 ἀντιφθεγγόμενος
1834 3757 1965 3836 θαῤ-

313 3856 429 3936 ῥεῖν
486 3858 723 3937 ἰσχυρῶς
756 3855 987 3917 ἐκέλευε.
1050 3853 1342 3920 Συνέσομαι
1374 3852 1473 3930 γὰρ
1537 3852 1685 3929 ὄιεϊν,
1721 3848 1844 3927 ἔφη,
1882 3851 1966 3937 καὶ

312 3935 413 4014 τὴν
470 3935 584 4003 τῶν
622 3946 911 4025 θεοφανίων
962 3943 1164 4022 ἡμέραν
1208 3944 1299 3998 σὺν
1329 3943 1455 4015 ὑμῖν
1510 3940 1765 4012 έορτάσω,
1803 3935 1967 4016 οἰχή-

314 4057 482 4110 σομαι
540 4032 596 4091 δὲ
628 4040 695 4112 τῇ
753 4033 1117 4114 ἐπιγινομένῃ.
1178 4033 1272 4089 Καὶ
1306 4031 1400 4105 μέν
1456 4026 1520 4095 δὴ
1554 4029 1637 4083 καὶ
1697 4025 1971 4114 ἐτελεύτηο

318 4147 410 4182 σεν
472 4125 545 4187 εἷς
579 4123 731 4202 ἔργον
788 4113 938 4188 οὗτος
992 4125 1019 4178 ὁ
1064 4121 1249 4200 λόγος,
1282 4122 1420 4184 θείας
1476 4117 1559 4173 ἐπ’
1615 4119 1754 4189 αὔτῷ
1810 4113 1969 4170 δυνά-

318 4235 468 4291 μεως
498 4219 680 4294 σαφῶς
710 4211 1163 4287 διαδεικνυμένης.

404 4301 503 4366 ιδ’,
564 4293 716 4360 Ἐπεὶ
760 4305 847 4358 οὖν
878 4304 912 4369 ἡ
962 4298 1387 4380 προσδοκωμένη
1434 4303 1529 4363 τῆς
1558 4298 1745 4372 ἑορτῆς
1802 4293 1974 4370 ἡμέρα

315 4391 671 4473 κατέλαυνεν,
745 4391 1015 4459 ἐπόθησαν
1076 4390 1172 4465 μὲν
1250 4390 1295 4444 οἱ
1374 4387 1604 4462 μαθηταὶ
1672 4382 1975 4446 τελευταίας

316 4480 389 4551 δὴ
421 4482 566 4554 παρᾶ
620 4491 714 4541 τοῦ
743 4478 1061 4537 διδασκάλου
1109 4479 1311 4544 ταύτης
1356 4479 1652 4533 ἀπολαῦσαι
1684 4495 1976 4548 μυσταγω-

2048 3301 2454 3381 Theophanim
2483 3301 2637 3363 diem
2676 3303 2887 3364 festum
2914 3322 3050 3364 cum
3079 3320 3150 3363 eo
3173 3302 3501 3378 celebrent;
3531 3302 3697 3365 vide-

2050 3391 2220 3452 batur
2251 3391 2409 3452 enim
2446 3392 2532 3452 eis
2564 3411 2694 3452 esse
2724 3392 2917 3453 adhuc
2949 3391 3119 3452 valde
3157 3400 3448 3465 remotus,
3482 3401 3543 3452 et
3575 3410 3695 3453 non

2051 3499 2225 3561 posse
2250 3482 2510 3557 magistri
2526 3499 2742 3560 corpus
2758 3498 2948 3561 usque
2968 3480 3040 3540 ad
3056 3499 3192 3540 eum
3214 3479 3371 3540 diem
3393 3479 3691 3556 sufﬁcere,

2051 3580 2251 3650 utpote
2284 3570 2439 3652 quod
2472 3570 2668 3631 inedia
2706 3570 2849 3631 illud
2875 3570 2997 3650 jam
3035 3588 3242 3649 magna
3266 3587 3333 3630 ex
3363 3577 3525 3648 parte
3549 3588 3693 3630 con-

2051 3661 2525 3741 SUH:p~l>SCl2Vll‘
2551 3660 2649 3721 ille
2670 3660 2921 3742 inclytus
2953 3678 3054 3721 eos
3083 3659 3421 3732 consolans,
3446 3655 3698 3739 jubebat

2051 3769 2179 3811 esse
2215 3749 2371 3811 bono
2404 3751 2601 3811 animo
2633 3772 2645 3812 :
2680 3748 2793 3810 Ero
2824 3753 3010 3828 enim,
3037 3748 3249 3829 inquit,
3286 3745 3613 3821 vobiscum,
3639 3756 3697 3810 et

2051 3840 2206 3901 diem
2240 3839 2452 3902 festum
2482 3839 3007 3919 Theorihaniorum
3033 3838 3333 3899 vobiscum
3356 3837 3690 3901 celebrabo:

2052 3929 2327 3992 recedam
2355 3940 2548 3989 autem
2585 3929 2891 4010 postridie.
2931 3928 3023 3990 Ad
3052 3928 3325 3989 effectum
3358 3933 3553 3987 autem
3586 3927 3697 3989 de-

2053 4018 2293 4079 ductum
2325 4019 2436 4079 fuit
2462 4017 2517 4079 id
2552 4017 2706 4099 quod
2740 4017 2990 4095 dim-rat,
3024 4026 3230 4098 aperte
3260 4015 3460 4078 divina
3491 4015 3698 4078 inhoc

2054 4116 2290 4169 ostensa
2321 4110 2557 4169 virtute.

2140 4286 2236 4347 ll.
2263 4283 2406 4348 Cum
2435 4304 2577 4362 ergo
2608 4284 2945 4345 advenisset
2969 4283 3097 4347 dies
3127 4285 3337 4362 festus,
3362 4284 3461 4367 qui
3485 4302 3698 4365 exspe-

2059 4374 2352 4449 ctabatur,
2379 4373 2796 4436 desiderabant
2819 4374 3056 4456 quidem
3084 4375 3360 4456 discipuli
3389 4376 3545 4437 hanc
3567 4374 3701 4435 ulti-

2060 4482 2212 4526 mam
2239 4485 2269 4524 δ
2294 4464 2578 4541 magistro
2608 4463 2891 4545 consequi
2918 4465 3177 4543 mysterii
3212 4464 3390 4525 divini
3424 4463 3702 4525 celebra-

319 4573 470 4648 γίας.
518 4569 724 4630 Ἐδόκει
781 4568 835 4627 δὲ
886 4567 1086 4648 ἄπορον
1130 4569 1276 4625 εἶναι
1335 4571 1446 4629 πῶς
1510 4564 1570 4620 ἂν
1622 4564 1653 4630 ἢ
1712 4562 1967 4640 τράπεζαν

2060 4554 2303 4615 tionem.
2354 4551 2683 4613 Videbatur
2731 4562 2926 4612 autem
2960 4569 3092 4613 esse
3142 4552 3412 4626 dubium,
3446 4570 3701 4633 quonam

322 4663 398 4724 εἰς
429 4661 532 4729 τὴν
588 4659 799 4734 εἱρκτὴν
846 4660 1206 4737 εἰσαγάγοιεν,
1240 4659 1275 4725 ἢ
1333 4656 1454 4719 τοὺς
1510 4660 1616 4710 τῶν
1647 4652 1811 4708 ἀθέων
1869 4649 1972 4709 λά·-

320 4754 465 4808 θοιεθ
522 4748 852 4829 ὀφθαλμοῦς,
896 4747 1112 4804 πολλῶν
1179 4747 1299 4802 τότε
1370 4749 1475 4801 τῶν
1546 4743 1640 4818 μὲν
1699 4740 1974 4818 παρόντων

320 4843 469 4915 εκεῖ,
501 4840 609 4896 τῶν
664 4836 719 4894 δὲ
769 4836 1273 4919 εἰσαφικνοὺμένων.
1320 4837 1381 4891 Ὀ
1425 4832 1479 4888 δὲ
1538 4832 1797 4909 τράπεζαν
1844 4829 1972 4919 μὲν,

324 4928 452 5010 ἔφη,
488 4925 605 4986 τόδε
656 4929 720 4984 τὸ
779 4915 912 5003 ἐμὸν
968 4926 1116 4983 ἔσται
1176 4924 1364 4991 στῆθος
1421 4924 1571 5010 ὑμῖν,
1605 4919 1662 4975 οὔ
1692 4941 1781 4994 μει
1839 4915 1978 5010 δοκῶ

322 5007 419 5097 τῆς
480 5013 753 5098 ἑξαψύχου
784 5014 916 5083 ὕλης
962 5014 1252 5092 ἀτιμοτέρα
1283 5009 1622 5091 γενησομένη
1682 5014 1817 5081 Θεῷ,
1854 5007 1977 5070 ναὸς

326 5094 384 5165 δὲ
438 5107 594 5186 ἅγιος
623 5094 781 5181 ὑμε’ς
835 5127 926 5179 μοι
972 5105 1279 5179 γενήσεσθε,
1315 5100 1650 5178 πανταχόθεν
1696 5118 1761 5173 με
1824 5117 1975 5186 περι-

325 5183 759 5279 ποιχεοὰμενον
821 5195 910 5252 καὶ
952 5192 1119 5255 οῧτως
1155 5190 1394 5247 ἐτελεῖτο
1456 5189 1553 5263 μὲν
1613 5194 1772 5242 ταῦτα
1831 5183 1977 5241 τόνδε

322 5296 417 5347 τὸν
452 5271 690 5367 ’τρόποι
720 5280 874 5351 ν”Ηδη
931 5283 1033 5362 γὰρ
1077 5282 1149 5343 ὣς
1212 5278 1307 5337 ἐπὶ
1368 5276 1589 5344 τελετῆς
1649 5274 1789 5346 ζωῆς
1825 5271 1974 5337 ὄντος

322 5376 419 5447 τοῦ
448 5362 733 5456 μάρτυρος,
768 5372 824 5430 οἵ
866 5394 924 5429 τε
954 5370 1183 5453 φύλακες
1227 5369 1462 5440 ἀνεῖντο,
1498 5366 1584 5422 καὶ
1619 5366 1770 5436 Θεὸς,
1806 5362 1975 5439 ’έγωγε

296 5450 655 5541 ὀἶμαιίτόν
711 5450 771 5519 τε
828 5450 1065 5540 μάρτυρα
1119 5465 1314 5534 τιμῶν,
1349 5459 1434 5514 καὶ
1489 5461 1594 5511 τῶν
1654 5456 1812 5510 αὗτοῠ
1867 5474 1974 5525 μα-

322 5539 501 5631 θητῶν
554 5539 978 5631 ἀπαραμύθητον
1005 5539 1226 5628 γᾶσρεῖναι
1283 5549 1375 5603 τὸν
1427 5549 1589 5631 πόθον
1637 5543 1712 5617 μὴ
1771 5539 1972 5631 ἀνεχό-

318 5629 957 5722 ίιέένοςλπαρασκωάζει
998 5639 1060 5696 τὸ
1118 5638 1247 5718 πρὸς
1315 5635 1413 5703 τὴν
1486 5630 1811 5709 ἐκκληρωτιν
1869 5629 1975 5687 τῶν

2059 4643 2235 4704 modo
2271 4660 2533 4703 mensam
2567 4641 2804 4722 quidem
2838 4640 2900 4701 in
2931 4659 3232 4704 carcerem
3265 4642 3577 4714 inferrent,
3606 4648 3707 4703 aut

2060 4732 2311 4794 laterent
2332 4731 2649 4811 impiorum
2678 4731 2903 4809 oculos,
2930 4749 3062 4792 cum
3100 4731 3263 4793 multi
3290 4732 3530 4813 quidem
3566 4738 3705 4792 tunc

2061 4821 2274 4902 partim
2299 4819 2416 4881 illic
2441 4818 2969 4901 adessent,partim
2994 4828 3189 4881 autem
3212 4819 3703 4894 accederent,ille

2061 4930 2223 4973 vero:
2254 4913 2453 4972 Mensa
2477 4909 2743 4986 quidem,
2778 4909 2990 4990 inquit,
3026 4910 3138 4971 erit
3167 4909 3331 4971 vobis
3363 4909 3471 4971 huc
3504 4926 3703 4969 meum

2064 5010 2439 5080 pectus,non,
2469 5008 2529 5059 ut
2558 4998 2835 5072 arbitror,
2862 4998 2983 5060 Deo
3016 4998 3208 5061 futura
3234 5005 3427 5060 minus
3458 5000 3708 5060 honesta

2064 5110 2131 5153 ea
2194 5110 2323 5170 qua:
2356 5091 2414 5151 fit
2448 5110 2515 5151 ex
2570 5091 2827 5151 inanima
2872 5093 3141 5165 materia,
3174 5091 3458 5170 templum
3504 5097 3708 5151 autem

2064 5192 2337 5241 sanctum
2367 5197 2469 5239 vos
2497 5179 2638 5239 miln
2663 5179 2954 5241 eritisme
2977 5180 3139 5239 omni
3161 5197 3227 5241 ex
3249 5188 3413 5260 parte
3443 5177 3705 5241 circum-

2064 5270 2297 5333 dantes.
2343 5268 2413 5330 Et
2444 5268 2529 5329 sic
2562 5269 2686 5328 haec
2718 5267 2866 5328 facta
2897 5268 3137 5348 quidem
3188 5276 3326 5330 sunt
3358 5270 3468 5329 hoc
3502 5266 3704 5331 modo.

2057 5358 2183 5422 Jam
2218 5358 2403 5431 enim,
2440 5366 2499 5416 ut
2550 5356 2708 5435 quod
2743 5367 2896 5419 esset
2929 5364 3168 5418 sanctus
3221 5357 3279 5418 in
3314 5357 3430 5418 ﬁne
3463 5356 3614 5432 vitae,
3648 5364 3710 5421 et

2059 5448 2293 5507 remissi
2323 5454 2490 5505 erant
2538 5442 2836 5515 custodes,
2873 5444 3017 5520 Deo,
3054 5457 3116 5506 ut
3148 5464 3255 5522 ego
3279 5444 3516 5525 quidem
3552 5445 3710 5507 arbi-

2065 5547 2208 5608 tror,
2252 5535 2352 5615 qui
2402 5542 2718 5612 martyrem
2767 5533 3062 5596 honorare
3095 5532 3347 5612 volebat,
3381 5542 3435 5594 et
3465 5552 3712 5597 suorum

2058 5623 2489 5707 discipulorum
2525 5640 2641 5683 non
2671 5622 3003 5686 sustinebat
3059 5620 3490 5687 inconsolabile
3525 5621 3715 5687 videri
