  <div class='ocr_page' id='page_1' title='image "/cluster/home/n/w/nwhite01/storage/ocr_20150623/114/mdp.39015028574344/213.png"; bbox 0 0 4018 6136; ppageno 0'>
   <div class='ocr_carea' id='block_1_1' title="bbox 305 282 3691 375">
    <p class='ocr_par' dir='ltr' id='par_1_1' title="bbox 305 282 3691 375">
     <span class='ocr_line' id='line_1_1' title="bbox 305 282 3691 375; baseline 0.001 -22"><span class='ocrx_word' id='word_1_1' title='bbox 305 282 416 355; x_wconf 68' lang='lat' dir='ltr'><strong>tu</strong></span> <span class='ocrx_word' id='word_1_2' title='bbox 1586 288 1868 352; x_wconf 88' lang='lat' dir='ltr'><strong>MENSIS</strong></span> <span class='ocrx_word' id='word_1_3' title='bbox 1930 288 2384 354; x_wconf 77' lang='lat' dir='ltr'><strong>JANUAMUS.</strong></span> <span class='ocrx_word' id='word_1_4' title='bbox 3555 290 3691 375; x_wconf 55' lang='lat'><strong>412;</strong></span> 
     </span>
    </p>
   </div>
   <div class='ocr_carea' id='block_1_2' title="bbox 307 418 1957 508">
    <p class='ocr_par' dir='ltr' id='par_1_2' title="bbox 307 418 1949 502">
     <span class='ocr_line' id='line_1_2' title="bbox 307 418 1949 502; baseline 0.001 -17"><span class='ocrx_word' id='word_1_5' title='bbox 307 418 699 500; x_wconf 82' lang='lat' dir='ltr'><strong>desiderium,</strong></span> <span class='ocrx_word' id='word_1_6' title='bbox 748 418 1069 496; x_wconf 79' lang='lat' dir='ltr'><strong>efﬁciente,</strong></span> <span class='ocrx_word' id='word_1_7' title='bbox 1132 425 1199 482; x_wconf 90' lang='lat' dir='ltr'><strong>ut</strong></span> <span class='ocrx_word' id='word_1_8' title='bbox 1252 418 1403 483; x_wconf 87' lang='lat' dir='ltr'><strong>citra</strong></span> <span class='ocrx_word' id='word_1_9' title='bbox 1456 418 1949 502; x_wconf 79' lang='lat' dir='ltr'><strong>impedimentum</strong></span> 
     </span>
    </p>
   </div>
   <div class='ocr_carea' id='block_1_3' title="bbox 2041 418 3697 508">
    <p class='ocr_par' dir='ltr' id='par_1_3' title="bbox 2041 424 3697 508">
     <span class='ocr_line' id='line_1_3' title="bbox 2041 424 3697 508; baseline 0.001 -26"><span class='ocrx_word' id='word_1_10' title='bbox 2041 425 2396 504; x_wconf 77' lang='grc' dir='ltr'><strong>προκειμένων</strong></span> <span class='ocrx_word' id='word_1_11' title='bbox 2454 424 2746 485; x_wconf 57' lang='grc' dir='ltr'>ἀκώλυτον</span> <span class='ocrx_word' id='word_1_12' title='bbox 2810 427 3014 495; x_wconf 84' lang='grc' dir='ltr'>πάντας</span> <span class='ocrx_word' id='word_1_13' title='bbox 3072 427 3170 508; x_wconf 81' lang='grc' dir='ltr'>γὰρ</span> <span class='ocrx_word' id='word_1_14' title='bbox 3227 428 3414 494; x_wconf 69' lang='grc' dir='ltr'>αὐτοὺς</span> <span class='ocrx_word' id='word_1_15' title='bbox 3446 431 3476 487; x_wconf 80' lang='grc' dir='ltr'><strong>ὁ</strong></span> <span class='ocrx_word' id='word_1_16' title='bbox 3532 430 3697 508; x_wconf 69' lang='grc' dir='ltr'>μάρσ.</span> 
     </span>
    </p>
   </div>
   <div class='ocr_carea' id='block_1_4' title="bbox 308 508 1957 596">
    <p class='ocr_par' dir='ltr' id='par_1_4' title="bbox 308 508 1954 593">
     <span class='ocr_line' id='line_1_4' title="bbox 308 508 1954 593; baseline -0.001 -17"><span class='ocrx_word' id='word_1_17' title='bbox 308 510 525 576; x_wconf 78' lang='lat' dir='ltr'><strong>ﬁerent</strong></span> <span class='ocrx_word' id='word_1_18' title='bbox 553 531 644 588; x_wconf 79' lang='lat' dir='ltr'><strong>ea,</strong></span> <span class='ocrx_word' id='word_1_19' title='bbox 679 530 811 593; x_wconf 80' lang='lat' dir='ltr'><strong>quae</strong></span> <span class='ocrx_word' id='word_1_20' title='bbox 842 519 1011 573; x_wconf 89' lang='lat' dir='ltr'><strong>erant</strong></span> <span class='ocrx_word' id='word_1_21' title='bbox 1041 510 1362 593; x_wconf 76' lang='lat' dir='ltr'><strong>proposita.</strong></span> <span class='ocrx_word' id='word_1_22' title='bbox 1394 508 1540 572; x_wconf 89' lang='lat' dir='ltr'><strong>Nam</strong></span> <span class='ocrx_word' id='word_1_23' title='bbox 1574 530 1710 573; x_wconf 90' lang='lat' dir='ltr'><strong>cum</strong></span> <span class='ocrx_word' id='word_1_24' title='bbox 1745 531 1954 576; x_wconf 91' lang='lat' dir='ltr'><strong>omnes</strong></span> 
     </span>
    </p>
   </div>
   <div class='ocr_carea' id='block_1_5' title="bbox 2041 508 3685 596">
    <p class='ocr_par' dir='ltr' id='par_1_5' title="bbox 2041 513 3685 596">
     <span class='ocr_line' id='line_1_5' title="bbox 2041 513 3685 596; baseline 0.004 -26"><span class='ocrx_word' id='word_1_25' title='bbox 2041 537 2123 577; x_wconf 86' lang='grc' dir='ltr'><strong>τυς</strong></span> <span class='ocrx_word' id='word_1_26' title='bbox 2177 513 2353 589; x_wconf 60' lang='grc' dir='ltr'>κύκλῳ</span> <span class='ocrx_word' id='word_1_27' title='bbox 2410 518 2888 596; x_wconf 78' lang='grc' dir='ltr'><strong>περιστησάμενος,</strong></span> <span class='ocrx_word' id='word_1_28' title='bbox 2924 519 2998 582; x_wconf 83' lang='grc' dir='ltr'><strong>ὡς</strong></span> <span class='ocrx_word' id='word_1_29' title='bbox 3042 517 3105 576; x_wconf 70' lang='grc' dir='ltr'>ἄν</span> <span class='ocrx_word' id='word_1_30' title='bbox 3161 520 3295 594; x_wconf 81' lang='grc' dir='ltr'>ὁμοῦ</span> <span class='ocrx_word' id='word_1_31' title='bbox 3349 519 3535 577; x_wconf 74' lang='grc' dir='ltr'>τοῦτον</span> <span class='ocrx_word' id='word_1_32' title='bbox 3591 520 3685 576; x_wconf 83' lang='grc' dir='ltr'><strong>καὶ</strong></span> 
     </span>
    </p>
   </div>
   <div class='ocr_carea' id='block_1_6' title="bbox 308 599 1957 686">
    <p class='ocr_par' dir='ltr' id='par_1_6' title="bbox 308 599 1956 683">
     <span class='ocr_line' id='line_1_6' title="bbox 308 599 1956 683; baseline 0 -19"><span class='ocrx_word' id='word_1_33' title='bbox 308 619 414 665; x_wconf 87' lang='lat' dir='ltr'><strong>eos</strong></span> <span class='ocrx_word' id='word_1_34' title='bbox 445 609 663 683; x_wconf 82' lang='lat' dir='ltr'><strong>martyr</strong></span> <span class='ocrx_word' id='word_1_35' title='bbox 695 601 936 663; x_wconf 84' lang='lat' dir='ltr'><strong>fecisset</strong></span> <span class='ocrx_word' id='word_1_36' title='bbox 966 601 1026 662; x_wconf 91' lang='lat' dir='ltr'><strong>in</strong></span> <span class='ocrx_word' id='word_1_37' title='bbox 1081 599 1285 662; x_wconf 91' lang='lat' dir='ltr'><strong>orbem</strong></span> <span class='ocrx_word' id='word_1_38' title='bbox 1320 600 1667 675; x_wconf 82' lang='lat' dir='ltr'><strong>consistere,</strong></span> <span class='ocrx_word' id='word_1_39' title='bbox 1702 610 1766 663; x_wconf 92' lang='lat' dir='ltr'><strong>ut</strong></span> <span class='ocrx_word' id='word_1_40' title='bbox 1799 602 1956 665; x_wconf 90' lang='lat' dir='ltr'><strong>inter</strong></span> 
     </span>
    </p>
   </div>
   <div class='ocr_carea' id='block_1_7' title="bbox 2041 599 3683 686">
    <p class='ocr_par' dir='ltr' id='par_1_7' title="bbox 2041 603 3683 686">
     <span class='ocr_line' id='line_1_7' title="bbox 2041 603 3683 686; baseline 0.002 -27"><span class='ocrx_word' id='word_1_41' title='bbox 2041 604 2161 682; x_wconf 90' lang='grc' dir='ltr'>παρ’</span> <span class='ocrx_word' id='word_1_42' title='bbox 2218 603 2484 673; x_wconf 75' lang='grc' dir='ltr'>ἀλλήλους</span> <span class='ocrx_word' id='word_1_43' title='bbox 2541 606 2760 670; x_wconf 76' lang='grc' dir='ltr'>στάντες</span> <span class='ocrx_word' id='word_1_44' title='bbox 2820 606 3068 686; x_wconf 79' lang='grc' dir='ltr'>ἀσφαλῶς</span> <span class='ocrx_word' id='word_1_45' title='bbox 3125 605 3507 686; x_wconf 77' lang='grc' dir='ltr'>περιλάϐωσιν,</span> <span class='ocrx_word' id='word_1_46' title='bbox 3552 607 3683 665; x_wconf 86' lang='grc' dir='ltr'>ἐκέ-</span> 
     </span>
    </p>
   </div>
   <div class='ocr_carea' id='block_1_8' title="bbox 305 690 1957 775">
    <p class='ocr_par' dir='ltr' id='par_1_8' title="bbox 305 690 1953 771">
     <span class='ocr_line' id='line_1_8' title="bbox 305 690 1953 771; baseline -0.001 -17"><span class='ocrx_word' id='word_1_47' title='bbox 305 709 374 754; x_wconf 86' lang='lat' dir='ltr'><strong>se</strong></span> <span class='ocrx_word' id='word_1_48' title='bbox 403 691 656 754; x_wconf 79' lang='lat' dir='ltr'><strong>invicem</strong></span> <span class='ocrx_word' id='word_1_49' title='bbox 690 690 843 753; x_wconf 82' lang='lat' dir='ltr'><strong>alter</strong></span> <span class='ocrx_word' id='word_1_50' title='bbox 874 708 1063 771; x_wconf 87' lang='lat' dir='ltr'><strong>prope</strong></span> <span class='ocrx_word' id='word_1_51' title='bbox 1093 690 1345 751; x_wconf 88' lang='lat' dir='ltr'><strong>alterum</strong></span> <span class='ocrx_word' id='word_1_52' title='bbox 1379 696 1624 766; x_wconf 82' lang='lat' dir='ltr'><strong>stantes,</strong></span> <span class='ocrx_word' id='word_1_53' title='bbox 1660 709 1796 753; x_wconf 89' lang='lat' dir='ltr'><strong>eum</strong></span> <span class='ocrx_word' id='word_1_54' title='bbox 1832 700 1953 754; x_wconf 90' lang='lat' dir='ltr'><strong>tuto</strong></span> 
     </span>
    </p>
   </div>
   <div class='ocr_carea' id='block_1_9' title="bbox 2041 690 3681 775">
    <p class='ocr_par' dir='ltr' id='par_1_9' title="bbox 2041 691 3681 775">
     <span class='ocr_line' id='line_1_9' title="bbox 2041 691 3681 775; baseline 0.003 -27"><span class='ocrx_word' id='word_1_55' title='bbox 2041 691 2156 749; x_wconf 85' lang='grc' dir='ltr'>λευε</span> <span class='ocrx_word' id='word_1_56' title='bbox 2207 697 2284 769; x_wconf 77' lang='grc' dir='ltr'>τῷ</span> <span class='ocrx_word' id='word_1_57' title='bbox 2327 695 2514 753; x_wconf 75' lang='grc' dir='ltr'>ἑαυτοῦ</span> <span class='ocrx_word' id='word_1_58' title='bbox 2565 698 2744 767; x_wconf 76' lang='grc' dir='ltr'>στήθει</span> <span class='ocrx_word' id='word_1_59' title='bbox 2803 695 3069 775; x_wconf 77' lang='grc' dir='ltr'>ἐπιφέρειν</span> <span class='ocrx_word' id='word_1_60' title='bbox 3110 698 3176 754; x_wconf 78' lang='grc' dir='ltr'><strong>τὰ</strong></span> <span class='ocrx_word' id='word_1_61' title='bbox 3241 696 3340 765; x_wconf 66' lang='grc' dir='ltr'>τῆς</span> <span class='ocrx_word' id='word_1_62' title='bbox 3394 698 3539 774; x_wconf 84' lang='grc' dir='ltr'>γείας</span> <span class='ocrx_word' id='word_1_63' title='bbox 3596 700 3681 753; x_wconf 82' lang='grc' dir='ltr'><strong>ἱε-</strong></span> 
     </span>
    </p>
   </div>
   <div class='ocr_carea' id='block_1_10' title="bbox 306 777 1957 862">
    <p class='ocr_par' dir='ltr' id='par_1_10' title="bbox 306 777 1950 861">
     <span class='ocr_line' id='line_1_10' title="bbox 306 777 1950 861; baseline 0.001 -20"><span class='ocrx_word' id='word_1_64' title='bbox 306 780 912 861; x_wconf 83' lang='lat' dir='ltr'><strong>comprehenderent.</strong></span> <span class='ocrx_word' id='word_1_65' title='bbox 922 778 1102 858; x_wconf 82' lang='lat' dir='ltr'><strong>jussit</strong></span> <span class='ocrx_word' id='word_1_66' title='bbox 1131 797 1237 840; x_wconf 91' lang='lat' dir='ltr'><strong>suo</strong></span> <span class='ocrx_word' id='word_1_67' title='bbox 1272 777 1494 859; x_wconf 82' lang='lat' dir='ltr'><strong>pectori</strong></span> <span class='ocrx_word' id='word_1_68' title='bbox 1526 779 1750 859; x_wconf 87' lang='lat' dir='ltr'><strong>imponi</strong></span> <span class='ocrx_word' id='word_1_69' title='bbox 1779 780 1950 861; x_wconf 82' lang='lat' dir='ltr'><strong>signa</strong></span> 
     </span>
    </p>
   </div>
   <div class='ocr_carea' id='block_1_11' title="bbox 2041 777 3675 862">
    <p class='ocr_par' dir='ltr' id='par_1_11' title="bbox 2041 782 3675 862">
     <span class='ocr_line' id='line_1_11' title="bbox 2041 782 3675 862; baseline 0.003 -23"><span class='ocrx_word' id='word_1_70' title='bbox 2041 782 2275 862; x_wconf 70' lang='grc' dir='ltr'>ρουργίας</span> <span class='ocrx_word' id='word_1_71' title='bbox 2338 782 2600 860; x_wconf 83' lang='grc' dir='ltr'>σύμϐολα.</span> <span class='ocrx_word' id='word_1_72' title='bbox 2675 785 2822 843; x_wconf 79' lang='grc' dir='ltr'>Ἐπεὶ</span> <span class='ocrx_word' id='word_1_73' title='bbox 2893 783 2947 842; x_wconf 75' lang='grc' dir='ltr'>δὲ</span> <span class='ocrx_word' id='word_1_74' title='bbox 3011 783 3157 843; x_wconf 82' lang='grc' dir='ltr'>ταῦτ’</span> <span class='ocrx_word' id='word_1_75' title='bbox 3200 786 3405 860; x_wconf 78' lang='grc' dir='ltr'>ἔθεσαν,</span> <span class='ocrx_word' id='word_1_76' title='bbox 3451 788 3524 853; x_wconf 75' lang='grc' dir='ltr'><strong>εἰς</strong></span> <span class='ocrx_word' id='word_1_77' title='bbox 3578 789 3675 844; x_wconf 76' lang='grc' dir='ltr'><strong>οὖ·-</strong></span> 
     </span>
    </p>
   </div>
   <div class='ocr_carea' id='block_1_12' title="bbox 304 867 1957 953">
    <p class='ocr_par' dir='ltr' id='par_1_12' title="bbox 304 867 1950 948">
     <span class='ocr_line' id='line_1_12' title="bbox 304 867 1950 948; baseline 0.001 -17"><span class='ocrx_word' id='word_1_78' title='bbox 304 868 490 931; x_wconf 89' lang='lat' dir='ltr'><strong>diviui</strong></span> <span class='ocrx_word' id='word_1_79' title='bbox 551 868 855 931; x_wconf 85' lang='lat' dir='ltr'><strong>sacriﬁcii.</strong></span> <span class='ocrx_word' id='word_1_80' title='bbox 906 871 1220 948; x_wconf 88' lang='lat' dir='ltr'><strong>Postquam</strong></span> <span class='ocrx_word' id='word_1_81' title='bbox 1280 867 1407 929; x_wconf 60' lang='lat' dir='ltr'><strong>haec</strong></span> <span class='ocrx_word' id='word_1_82' title='bbox 1437 868 1736 943; x_wconf 87' lang='lat' dir='ltr'><strong>fecissent,</strong></span> <span class='ocrx_word' id='word_1_83' title='bbox 1773 879 1832 932; x_wconf 92' lang='lat' dir='ltr'><strong>et</strong></span> <span class='ocrx_word' id='word_1_84' title='bbox 1888 870 1950 932; x_wconf 91' lang='lat' dir='ltr'><strong>in</strong></span> 
     </span>
    </p>
   </div>
   <div class='ocr_carea' id='block_1_13' title="bbox 2041 867 3674 953">
    <p class='ocr_par' dir='ltr' id='par_1_13' title="bbox 2041 868 3674 953">
     <span class='ocr_line' id='line_1_13' title="bbox 2041 868 3674 953; baseline 0.002 -24"><span class='ocrx_word' id='word_1_85' title='bbox 2041 873 2189 951; x_wconf 51' lang='grc' dir='ltr'>μανόν</span> <span class='ocrx_word' id='word_1_86' title='bbox 2244 895 2302 930; x_wconf 88' lang='grc' dir='ltr'><strong>τε</strong></span> <span class='ocrx_word' id='word_1_87' title='bbox 2332 872 2527 941; x_wconf 79' lang='grc' dir='ltr'>ἀνῆκεν</span> <span class='ocrx_word' id='word_1_88' title='bbox 2585 875 2730 939; x_wconf 77' lang='grc' dir='ltr'>εὒθὺς</span> <span class='ocrx_word' id='word_1_89' title='bbox 2763 878 3047 950; x_wconf 85' lang='grc' dir='ltr'>συμπεσὼν</span> <span class='ocrx_word' id='word_1_90' title='bbox 3081 872 3183 944; x_wconf 73' lang='grc' dir='ltr'>ἤδη</span> <span class='ocrx_word' id='word_1_91' title='bbox 3232 877 3294 932; x_wconf 82' lang='grc' dir='ltr'>τὸ</span> <span class='ocrx_word' id='word_1_92' title='bbox 3324 874 3541 953; x_wconf 81' lang='grc' dir='ltr'><strong>βλέμμα</strong></span> <span class='ocrx_word' id='word_1_93' title='bbox 3588 868 3674 933; x_wconf 74' lang='grc' dir='ltr'><strong>καὶ</strong></span> 
     </span>
    </p>
   </div>
   <div class='ocr_carea' id='block_1_14' title="bbox 305 955 1957 1045">
    <p class='ocr_par' dir='ltr' id='par_1_14' title="bbox 305 955 1953 1045">
     <span class='ocr_line' id='line_1_14' title="bbox 305 955 1953 1045; baseline -0.001 -23"><span class='ocrx_word' id='word_1_94' title='bbox 305 959 523 1022; x_wconf 65' lang='lat' dir='ltr'><strong>caelum</strong></span> <span class='ocrx_word' id='word_1_95' title='bbox 581 957 849 1039; x_wconf 87' lang='lat' dir='ltr'><strong>protinus</strong></span> <span class='ocrx_word' id='word_1_96' title='bbox 899 958 1136 1019; x_wconf 85' lang='lat' dir='ltr'><strong>sustulit</strong></span> <span class='ocrx_word' id='word_1_97' title='bbox 1192 955 1649 1045; x_wconf 89' lang='lat' dir='ltr'><strong>obtutum,cum</strong></span> <span class='ocrx_word' id='word_1_98' title='bbox 1678 960 1800 1037; x_wconf 91' lang='lat' dir='ltr'><strong>jam</strong></span> <span class='ocrx_word' id='word_1_99' title='bbox 1858 960 1953 1021; x_wconf 82' lang='lat' dir='ltr'><strong>vix</strong></span> 
     </span>
    </p>
   </div>
   <div class='ocr_carea' id='block_1_15' title="bbox 2041 955 3675 1045">
    <p class='ocr_par' dir='ltr' id='par_1_15' title="bbox 2041 962 3675 1045">
     <span class='ocr_line' id='line_1_15' title="bbox 2041 962 3675 1045; baseline 0.002 -28"><span class='ocrx_word' id='word_1_100' title='bbox 2041 962 2188 1036; x_wconf 82' lang='grc' dir='ltr'>μόλις</span> <span class='ocrx_word' id='word_1_101' title='bbox 2243 962 2516 1021; x_wconf 79' lang='grc' dir='ltr'>ἀνατεῖναι</span> <span class='ocrx_word' id='word_1_102' title='bbox 2575 962 2885 1040; x_wconf 86' lang='grc' dir='ltr'>δυνάμενος,</span> <span class='ocrx_word' id='word_1_103' title='bbox 2921 966 3009 1022; x_wconf 84' lang='grc' dir='ltr'><strong>καὶ</strong></span> <span class='ocrx_word' id='word_1_104' title='bbox 3065 965 3158 1030; x_wconf 86' lang='grc' dir='ltr'><strong>τᾶς</strong></span> <span class='ocrx_word' id='word_1_105' title='bbox 3211 967 3451 1037; x_wconf 78' lang='grc' dir='ltr'>συνήθεις</span> <span class='ocrx_word' id='word_1_106' title='bbox 3512 966 3675 1045; x_wconf 73' lang='grc' dir='ltr'>εὒχᾶς</span> 
     </span>
    </p>
   </div>
   <div class='ocr_carea' id='block_1_16' title="bbox 305 1044 1957 1135">
    <p class='ocr_par' dir='ltr' id='par_1_16' title="bbox 305 1044 1951 1129">
     <span class='ocr_line' id='line_1_16' title="bbox 305 1044 1951 1129; baseline 0 -19"><span class='ocrx_word' id='word_1_107' title='bbox 305 1056 506 1129; x_wconf 78' lang='lat' dir='ltr'><strong>posset</strong></span> <span class='ocrx_word' id='word_1_108' title='bbox 544 1047 877 1123; x_wconf 80' lang='lat' dir='ltr'><strong>extollere,</strong></span> <span class='ocrx_word' id='word_1_109' title='bbox 940 1055 1000 1108; x_wconf 93' lang='lat' dir='ltr'><strong>et</strong></span> <span class='ocrx_word' id='word_1_110' title='bbox 1053 1064 1266 1127; x_wconf 87' lang='lat' dir='ltr'><strong>preces</strong></span> <span class='ocrx_word' id='word_1_111' title='bbox 1326 1044 1553 1127; x_wconf 83' lang='lat' dir='ltr'><strong>peregit</strong></span> <span class='ocrx_word' id='word_1_112' title='bbox 1617 1056 1951 1110; x_wconf 77' lang='lat' dir='ltr'><strong>consuetas.</strong></span> 
     </span>
    </p>
   </div>
   <div class='ocr_carea' id='block_1_17' title="bbox 2041 1044 3683 1135">
    <p class='ocr_par' dir='ltr' id='par_1_17' title="bbox 2041 1044 3683 1135">
     <span class='ocr_line' id='line_1_17' title="bbox 2041 1044 3683 1135; baseline 0.001 -28"><span class='ocrx_word' id='word_1_113' title='bbox 2041 1049 2300 1127; x_wconf 72' lang='grc' dir='ltr'>ἐποιεῖτο,</span> <span class='ocrx_word' id='word_1_114' title='bbox 2348 1056 2467 1109; x_wconf 79' lang='grc' dir='ltr'>εἶτα</span> <span class='ocrx_word' id='word_1_115' title='bbox 2499 1054 2586 1110; x_wconf 83' lang='grc' dir='ltr'><strong>καὶ</strong></span> <span class='ocrx_word' id='word_1_116' title='bbox 2638 1051 2869 1110; x_wconf 76' lang='grc' dir='ltr'>πλεῖστα</span> <span class='ocrx_word' id='word_1_117' title='bbox 2926 1053 3252 1135; x_wconf 80' lang='grc' dir='ltr'>ἐπιθειάσας,</span> <span class='ocrx_word' id='word_1_118' title='bbox 3285 1056 3373 1111; x_wconf 86' lang='grc' dir='ltr'><strong>καὶ</strong></span> <span class='ocrx_word' id='word_1_119' title='bbox 3401 1055 3537 1111; x_wconf 81' lang='grc' dir='ltr'><strong>κατά</strong></span> <span class='ocrx_word' id='word_1_120' title='bbox 3574 1044 3683 1111; x_wconf 68' lang='grc' dir='ltr'>τὸν</span> 
     </span>
    </p>
   </div>
   <div class='ocr_carea' id='block_1_18' title="bbox 302 1134 1957 1222">
    <p class='ocr_par' dir='ltr' id='par_1_18' title="bbox 302 1134 1953 1218">
     <span class='ocr_line' id='line_1_18' title="bbox 302 1134 1953 1218; baseline 0.001 -19"><span class='ocrx_word' id='word_1_121' title='bbox 302 1134 533 1199; x_wconf 83' lang='lat' dir='ltr'><strong>Deinde</strong></span> <span class='ocrx_word' id='word_1_122' title='bbox 563 1155 701 1198; x_wconf 88' lang='lat' dir='ltr'><strong>cum</strong></span> <span class='ocrx_word' id='word_1_123' title='bbox 735 1136 936 1198; x_wconf 90' lang='lat' dir='ltr'><strong>divina</strong></span> <span class='ocrx_word' id='word_1_124' title='bbox 969 1136 1225 1218; x_wconf 84' lang='lat' dir='ltr'><strong>plurima</strong></span> <span class='ocrx_word' id='word_1_125' title='bbox 1257 1143 1414 1199; x_wconf 87' lang='lat' dir='ltr'><strong>esset</strong></span> <span class='ocrx_word' id='word_1_126' title='bbox 1441 1135 1671 1209; x_wconf 76' lang='lat' dir='ltr'><strong>eﬂ‘atus,</strong></span> <span class='ocrx_word' id='word_1_127' title='bbox 1698 1149 1757 1197; x_wconf 86' lang='lat' dir='ltr'><strong>et</strong></span> <span class='ocrx_word' id='word_1_128' title='bbox 1787 1155 1953 1200; x_wconf 88' lang='lat' dir='ltr'><strong>sacro</strong></span> 
     </span>
    </p>
   </div>
   <div class='ocr_carea' id='block_1_19' title="bbox 2041 1134 3679 1222">
    <p class='ocr_par' dir='ltr' id='par_1_19' title="bbox 2041 1134 3679 1222">
     <span class='ocr_line' id='line_1_19' title="bbox 2041 1134 3679 1222; baseline 0.003 -27"><span class='ocrx_word' id='word_1_129' title='bbox 2041 1141 2173 1216; x_wconf 77' lang='grc' dir='ltr'>ἱερὸν</span> <span class='ocrx_word' id='word_1_130' title='bbox 2255 1142 2450 1217; x_wconf 77' lang='grc' dir='ltr'>θεσμόν</span> <span class='ocrx_word' id='word_1_131' title='bbox 2508 1142 2715 1200; x_wconf 80' lang='grc' dir='ltr'>ἃπαντα</span> <span class='ocrx_word' id='word_1_132' title='bbox 2784 1144 2850 1200; x_wconf 73' lang='grc' dir='ltr'>τὰ</span> <span class='ocrx_word' id='word_1_133' title='bbox 2920 1134 3245 1222; x_wconf 87' lang='grc' dir='ltr'>προτεθέντο</span> <span class='ocrx_word' id='word_1_134' title='bbox 3300 1142 3679 1222; x_wconf 78' lang='grc' dir='ltr'>τελεσάμενος,</span> 
     </span>
    </p>
   </div>
   <div class='ocr_carea' id='block_1_20' title="bbox 300 1224 1957 1311">
    <p class='ocr_par' dir='ltr' id='par_1_20' title="bbox 300 1224 1953 1307">
     <span class='ocr_line' id='line_1_20' title="bbox 300 1224 1953 1307; baseline 0 -19"><span class='ocrx_word' id='word_1_135' title='bbox 300 1225 417 1288; x_wconf 92' lang='lat' dir='ltr'><strong>ritu</strong></span> <span class='ocrx_word' id='word_1_136' title='bbox 450 1225 654 1289; x_wconf 91' lang='lat' dir='ltr'><strong>omnia</strong></span> <span class='ocrx_word' id='word_1_137' title='bbox 685 1227 1017 1306; x_wconf 78' lang='lat' dir='ltr'><strong>peregisset</strong></span> <span class='ocrx_word' id='word_1_138' title='bbox 1071 1225 1391 1305; x_wconf 86' lang='lat' dir='ltr'><strong>proposita,</strong></span> <span class='ocrx_word' id='word_1_139' title='bbox 1426 1224 1556 1306; x_wconf 90' lang='lat' dir='ltr'><strong>ipse</strong></span> <span class='ocrx_word' id='word_1_140' title='bbox 1587 1232 1645 1285; x_wconf 88' lang='lat' dir='ltr'><strong>et</strong></span> <span class='ocrx_word' id='word_1_141' title='bbox 1674 1224 1783 1286; x_wconf 89' lang='lat' dir='ltr'><strong>fuit</strong></span> <span class='ocrx_word' id='word_1_142' title='bbox 1815 1245 1953 1307; x_wconf 89' lang='lat' dir='ltr'><strong>par-</strong></span> 
     </span>
    </p>
   </div>
   <div class='ocr_carea' id='block_1_21' title="bbox 2041 1224 3681 1311">
    <p class='ocr_par' dir='ltr' id='par_1_21' title="bbox 2041 1228 3681 1311">
     <span class='ocr_line' id='line_1_21' title="bbox 2041 1228 3681 1311; baseline 0.002 -25"><span class='ocrx_word' id='word_1_143' title='bbox 2041 1228 2193 1294; x_wconf 81' lang='grc' dir='ltr'>αύτός</span> <span class='ocrx_word' id='word_1_144' title='bbox 2242 1253 2299 1287; x_wconf 86' lang='grc' dir='ltr'><strong>τε</strong></span> <span class='ocrx_word' id='word_1_145' title='bbox 2331 1230 2563 1311; x_wconf 75' lang='grc' dir='ltr'>μετέσχε</span> <span class='ocrx_word' id='word_1_146' title='bbox 2612 1238 2719 1289; x_wconf 74' lang='grc' dir='ltr'><strong>τῶν</strong></span> <span class='ocrx_word' id='word_1_147' title='bbox 2776 1235 3101 1310; x_wconf 75' lang='grc' dir='ltr'><strong>μυστηρίων,</strong></span> <span class='ocrx_word' id='word_1_148' title='bbox 3133 1235 3255 1296; x_wconf 88' lang='grc' dir='ltr'>τούς</span> <span class='ocrx_word' id='word_1_149' title='bbox 3300 1255 3355 1290; x_wconf 88' lang='grc' dir='ltr'><strong>τε</strong></span> <span class='ocrx_word' id='word_1_150' title='bbox 3413 1231 3681 1308; x_wconf 72' lang='grc' dir='ltr'><strong>παρόντας</strong></span> 
     </span>
    </p>
   </div>
   <div class='ocr_carea' id='block_1_22' title="bbox 303 1312 1957 1403">
    <p class='ocr_par' dir='ltr' id='par_1_22' title="bbox 303 1312 1956 1403">
     <span class='ocr_line' id='line_1_22' title="bbox 303 1312 1956 1403; baseline 0.001 -25"><span class='ocrx_word' id='word_1_151' title='bbox 303 1316 496 1397; x_wconf 83' lang='lat' dir='ltr'><strong>ticeps</strong></span> <span class='ocrx_word' id='word_1_152' title='bbox 550 1312 1096 1389; x_wconf 88' lang='lat' dir='ltr'><strong>Sacramentorum,</strong></span> <span class='ocrx_word' id='word_1_153' title='bbox 1133 1323 1190 1377; x_wconf 90' lang='lat' dir='ltr'><strong>et</strong></span> <span class='ocrx_word' id='word_1_154' title='bbox 1225 1314 1563 1403; x_wconf 87' lang='lat' dir='ltr'><strong>transmisit</strong></span> <span class='ocrx_word' id='word_1_155' title='bbox 1582 1313 1655 1376; x_wconf 89' lang='lat' dir='ltr'><strong>ad</strong></span> <span class='ocrx_word' id='word_1_156' title='bbox 1702 1333 1804 1376; x_wconf 91' lang='lat' dir='ltr'><strong>eos</strong></span> <span class='ocrx_word' id='word_1_157' title='bbox 1856 1315 1956 1396; x_wconf 89' lang='lat' dir='ltr'><strong>qui</strong></span> 
     </span>
    </p>
   </div>
   <div class='ocr_carea' id='block_1_23' title="bbox 2041 1312 3678 1403">
    <p class='ocr_par' dir='ltr' id='par_1_23' title="bbox 2041 1321 3678 1403">
     <span class='ocr_line' id='line_1_23' title="bbox 2041 1321 3678 1403; baseline 0.002 -27"><span class='ocrx_word' id='word_1_158' title='bbox 2041 1326 2144 1403; x_wconf 85' lang='grc' dir='ltr'><strong>τῶν</strong></span> <span class='ocrx_word' id='word_1_159' title='bbox 2205 1323 2455 1395; x_wconf 77' lang='grc' dir='ltr'>μαθητῶν</span> <span class='ocrx_word' id='word_1_160' title='bbox 2510 1321 2767 1400; x_wconf 83' lang='grc' dir='ltr'>ἐπέτρεψε</span> <span class='ocrx_word' id='word_1_161' title='bbox 2811 1336 3133 1403; x_wconf 73' lang='grc' dir='ltr'>μετασχεῖν,</span> <span class='ocrx_word' id='word_1_162' title='bbox 3167 1324 3254 1379; x_wconf 78' lang='grc' dir='ltr'>καὶ</span> <span class='ocrx_word' id='word_1_163' title='bbox 3310 1334 3425 1387; x_wconf 80' lang='grc' dir='ltr'>τοῖς</span> <span class='ocrx_word' id='word_1_164' title='bbox 3482 1321 3678 1380; x_wconf 83' lang='grc' dir='ltr'>ἀποῦσι</span> 
     </span>
    </p>
   </div>
   <div class='ocr_carea' id='block_1_24' title="bbox 302 1402 1957 1492">
    <p class='ocr_par' dir='ltr' id='par_1_24' title="bbox 302 1402 1955 1492">
     <span class='ocr_line' id='line_1_24' title="bbox 302 1402 1955 1492; baseline -0.001 -23"><span class='ocrx_word' id='word_1_165' title='bbox 302 1404 574 1480; x_wconf 87' lang='lat' dir='ltr'><strong>aderant,</strong></span> <span class='ocrx_word' id='word_1_166' title='bbox 610 1412 675 1466; x_wconf 91' lang='lat' dir='ltr'><strong>ut</strong></span> <span class='ocrx_word' id='word_1_167' title='bbox 703 1405 835 1485; x_wconf 83' lang='lat' dir='ltr'><strong>ipso</strong></span> <span class='ocrx_word' id='word_1_168' title='bbox 867 1422 1104 1488; x_wconf 87' lang='lat' dir='ltr'><strong>quoque</strong></span> <span class='ocrx_word' id='word_1_169' title='bbox 1135 1404 1392 1466; x_wconf 88' lang='lat' dir='ltr'><strong>ostendit</strong></span> <span class='ocrx_word' id='word_1_170' title='bbox 1419 1403 1481 1465; x_wconf 91' lang='lat' dir='ltr'><strong>in</strong></span> <span class='ocrx_word' id='word_1_171' title='bbox 1513 1402 1714 1492; x_wconf 83' lang='lat' dir='ltr'><strong>ultima</strong></span> <span class='ocrx_word' id='word_1_172' title='bbox 1747 1404 1821 1466; x_wconf 91' lang='lat' dir='ltr'><strong>ad</strong></span> <span class='ocrx_word' id='word_1_173' title='bbox 1851 1423 1955 1468; x_wconf 86' lang='lat' dir='ltr'><strong>eos</strong></span> 
     </span>
    </p>
   </div>
   <div class='ocr_carea' id='block_1_25' title="bbox 2041 1402 3675 1492">
    <p class='ocr_par' dir='ltr' id='par_1_25' title="bbox 2041 1402 3675 1492">
     <span class='ocr_line' id='line_1_25' title="bbox 2041 1402 3675 1492; baseline 0.002 -30"><span class='ocrx_word' id='word_1_174' title='bbox 2041 1402 2349 1488; x_wconf 73' lang='grc' dir='ltr'>διέπεμψεν,</span> <span class='ocrx_word' id='word_1_175' title='bbox 2382 1409 2456 1473; x_wconf 83' lang='grc' dir='ltr'>ὡς</span> <span class='ocrx_word' id='word_1_176' title='bbox 2513 1409 2601 1467; x_wconf 85' lang='grc' dir='ltr'><strong>καὶ</strong></span> <span class='ocrx_word' id='word_1_177' title='bbox 2662 1410 2816 1474; x_wconf 72' lang='grc' dir='ltr'>αὒτὸς</span> <span class='ocrx_word' id='word_1_178' title='bbox 2849 1410 2902 1466; x_wconf 91' lang='grc' dir='ltr'><strong>ἐν</strong></span> <span class='ocrx_word' id='word_1_179' title='bbox 2936 1402 3017 1488; x_wconf 78' lang='grc' dir='ltr'><strong>τῇ</strong></span> <span class='ocrx_word' id='word_1_180' title='bbox 3061 1410 3269 1492; x_wconf 78' lang='grc' dir='ltr'>ἐσχάτῃ</span> <span class='ocrx_word' id='word_1_181' title='bbox 3300 1413 3430 1491; x_wconf 84' lang='grc' dir='ltr'>πρὸς</span> <span class='ocrx_word' id='word_1_182' title='bbox 3487 1411 3675 1474; x_wconf 76' lang='grc' dir='ltr'>αὐτοὺς</span> 
     </span>
    </p>
   </div>
   <div class='ocr_carea' id='block_1_26' title="bbox 305 1490 1957 1576">
    <p class='ocr_par' dir='ltr' id='par_1_26' title="bbox 305 1490 1951 1576">
     <span class='ocr_line' id='line_1_26' title="bbox 305 1490 1951 1576; baseline 0.001 -20"><span class='ocrx_word' id='word_1_183' title='bbox 305 1493 582 1575; x_wconf 88' lang='lat' dir='ltr'><strong>epistola.</strong></span> <span class='ocrx_word' id='word_1_184' title='bbox 642 1494 718 1556; x_wconf 89' lang='lat' dir='ltr'><strong>Et</strong></span> <span class='ocrx_word' id='word_1_185' title='bbox 752 1495 910 1556; x_wconf 89' lang='lat' dir='ltr'><strong>hunc</strong></span> <span class='ocrx_word' id='word_1_186' title='bbox 941 1493 1180 1576; x_wconf 89' lang='lat' dir='ltr'><strong>quidem</strong></span> <span class='ocrx_word' id='word_1_187' title='bbox 1214 1492 1369 1556; x_wconf 91' lang='lat' dir='ltr'><strong>diem</strong></span> <span class='ocrx_word' id='word_1_188' title='bbox 1431 1510 1566 1554; x_wconf 92' lang='lat' dir='ltr'><strong>cum</strong></span> <span class='ocrx_word' id='word_1_189' title='bbox 1600 1490 1688 1554; x_wconf 91' lang='lat' dir='ltr'><strong>eis</strong></span> <span class='ocrx_word' id='word_1_190' title='bbox 1718 1499 1951 1556; x_wconf 90' lang='lat' dir='ltr'><strong>transe-</strong></span> 
     </span>
    </p>
   </div>
   <div class='ocr_carea' id='block_1_27' title="bbox 2041 1490 3677 1576">
    <p class='ocr_par' dir='ltr' id='par_1_27' title="bbox 2041 1490 3677 1576">
     <span class='ocr_line' id='line_1_27' title="bbox 2041 1490 3677 1576; baseline 0.001 -24"><span class='ocrx_word' id='word_1_191' title='bbox 2041 1494 2292 1573; x_wconf 76' lang='grc' dir='ltr'>ἐπιστολῇ</span> <span class='ocrx_word' id='word_1_192' title='bbox 2364 1504 2527 1556; x_wconf 82' lang='grc' dir='ltr'>ταῦτα</span> <span class='ocrx_word' id='word_1_193' title='bbox 2611 1496 2934 1570; x_wconf 76' lang='grc' dir='ltr'>δεδήλωκεν.</span> <span class='ocrx_word' id='word_1_194' title='bbox 3008 1490 3358 1568; x_wconf 31' lang='grc' dir='ltr'>Καί-ταύτην</span> <span class='ocrx_word' id='word_1_195' title='bbox 3430 1499 3528 1576; x_wconf 78' lang='grc' dir='ltr'>μὲν</span> <span class='ocrx_word' id='word_1_196' title='bbox 3608 1498 3677 1567; x_wconf 74' lang='grc' dir='ltr'>δὴ</span> 
     </span>
    </p>
   </div>
   <div class='ocr_carea' id='block_1_28' title="bbox 304 1581 1957 1668">
    <p class='ocr_par' dir='ltr' id='par_1_28' title="bbox 304 1581 1957 1662">
     <span class='ocr_line' id='line_1_28' title="bbox 304 1581 1957 1662; baseline 0.002 -19"><span class='ocrx_word' id='word_1_197' title='bbox 304 1582 410 1661; x_wconf 91' lang='lat' dir='ltr'><strong>git,</strong></span> <span class='ocrx_word' id='word_1_198' title='bbox 441 1581 597 1644; x_wconf 89' lang='lat' dir='ltr'><strong>sicut</strong></span> <span class='ocrx_word' id='word_1_199' title='bbox 626 1589 753 1644; x_wconf 89' lang='lat' dir='ltr'><strong>erat</strong></span> <span class='ocrx_word' id='word_1_200' title='bbox 780 1581 1101 1662; x_wconf 85' lang='lat' dir='ltr'><strong>pollicitus.</strong></span> <span class='ocrx_word' id='word_1_201' title='bbox 1953 1652 1957 1655; x_wconf 28' lang='grc' dir='ltr'>λ</span> 
     </span>
    </p>
   </div>
   <div class='ocr_carea' id='block_1_29' title="bbox 2041 1581 3678 1668">
    <p class='ocr_par' dir='ltr' id='par_1_29' title="bbox 2041 1585 3678 1668">
     <span class='ocr_line' id='line_1_29' title="bbox 2041 1585 3678 1668; baseline 0.003 -27"><span class='ocrx_word' id='word_1_202' title='bbox 2041 1585 2130 1654; x_wconf 69' lang='grc' dir='ltr'>τὴν</span> <span class='ocrx_word' id='word_1_203' title='bbox 2188 1586 2392 1666; x_wconf 78' lang='grc' dir='ltr'>ἡμέραν</span> <span class='ocrx_word' id='word_1_204' title='bbox 2434 1586 2772 1668; x_wconf 74' lang='grc' dir='ltr'>συνδιήρκεσε</span> <span class='ocrx_word' id='word_1_205' title='bbox 2821 1589 3024 1655; x_wconf 83' lang='grc' dir='ltr'>τούτοις</span> <span class='ocrx_word' id='word_1_206' title='bbox 3078 1589 3257 1666; x_wconf 84' lang='grc' dir='ltr'>ὥσπερ</span> <span class='ocrx_word' id='word_1_207' title='bbox 3314 1590 3381 1659; x_wconf 78' lang='grc' dir='ltr'>ἦν</span> <span class='ocrx_word' id='word_1_208' title='bbox 3426 1590 3678 1668; x_wconf 75' lang='grc' dir='ltr'>ὑποσχό-</span> 
     </span>
    </p>
   </div>
   <div class='ocr_carea' id='block_1_30' title="bbox 2032 1697 2212 1753">
    <p class='ocr_par' dir='ltr' id='par_1_30' title="bbox 2032 1697 2212 1753">
     <span class='ocr_line' id='line_1_30' title="bbox 2032 1697 2212 1753; baseline 0.028 -22"><span class='ocrx_word' id='word_1_209' title='bbox 2032 1697 2212 1753; x_wconf 88' lang='grc' dir='ltr'>μενος.</span> 
     </span>
    </p>
   </div>
   <div class='ocr_carea' id='block_1_31' title="bbox 385 1758 1957 1848">
    <p class='ocr_par' dir='ltr' id='par_1_31' title="bbox 385 1758 1947 1839">
     <span class='ocr_line' id='line_1_31' title="bbox 385 1758 1947 1839; baseline 0 -17"><span class='ocrx_word' id='word_1_210' title='bbox 385 1760 485 1822; x_wconf 69' lang='lat'><strong>45.</strong></span> <span class='ocrx_word' id='word_1_211' title='bbox 517 1758 811 1822; x_wconf 87' lang='lat' dir='ltr'><strong>Postridie</strong></span> <span class='ocrx_word' id='word_1_212' title='bbox 851 1767 1046 1823; x_wconf 87' lang='lat' dir='ltr'><strong>autem</strong></span> <span class='ocrx_word' id='word_1_213' title='bbox 1081 1779 1214 1822; x_wconf 89' lang='lat' dir='ltr'><strong>cum</strong></span> <span class='ocrx_word' id='word_1_214' title='bbox 1249 1761 1547 1824; x_wconf 88' lang='lat' dir='ltr'><strong>venissent</strong></span> <span class='ocrx_word' id='word_1_215' title='bbox 1600 1761 1838 1839; x_wconf 79' lang='lat' dir='ltr'><strong>quidam</strong></span> <span class='ocrx_word' id='word_1_216' title='bbox 1872 1762 1947 1822; x_wconf 91' lang='lat' dir='ltr'><strong>ab</strong></span> 
     </span>
    </p>
   </div>
   <div class='ocr_carea' id='block_1_32' title="bbox 2041 1758 3677 1848">
    <p class='ocr_par' dir='ltr' id='par_1_32' title="bbox 2113 1764 3677 1848">
     <span class='ocr_line' id='line_1_32' title="bbox 2113 1764 3677 1848; baseline 0.004 -28"><span class='ocrx_word' id='word_1_217' title='bbox 2113 1764 2204 1825; x_wconf 86' lang='grc' dir='ltr'>ιε’.</span> <span class='ocrx_word' id='word_1_218' title='bbox 2270 1768 2354 1830; x_wconf 82' lang='grc' dir='ltr'>Εἷς</span> <span class='ocrx_word' id='word_1_219' title='bbox 2384 1765 2439 1845; x_wconf 66' lang='grc' dir='ltr'>δξ</span> <span class='ocrx_word' id='word_1_220' title='bbox 2480 1767 2579 1836; x_wconf 76' lang='grc' dir='ltr'>τὴν</span> <span class='ocrx_word' id='word_1_221' title='bbox 2610 1768 2883 1848; x_wconf 81' lang='grc' dir='ltr'>ὑστεραίαν</span> <span class='ocrx_word' id='word_1_222' title='bbox 2914 1769 3172 1827; x_wconf 79' lang='grc' dir='ltr'>ἐλθόντων</span> <span class='ocrx_word' id='word_1_223' title='bbox 3224 1772 3367 1848; x_wconf 77' lang='grc' dir='ltr'>παρὰ</span> <span class='ocrx_word' id='word_1_224' title='bbox 3394 1777 3487 1828; x_wconf 80' lang='grc' dir='ltr'>τοῦ</span> <span class='ocrx_word' id='word_1_225' title='bbox 3515 1772 3677 1848; x_wconf 87' lang='grc' dir='ltr'>βασι-</span> 
     </span>
    </p>
   </div>
   <div class='ocr_carea' id='block_1_33' title="bbox 302 1848 1957 1939">
    <p class='ocr_par' dir='ltr' id='par_1_33' title="bbox 302 1848 1951 1939">
     <span class='ocr_line' id='line_1_33' title="bbox 302 1848 1951 1939; baseline 0.001 -29"><span class='ocrx_word' id='word_1_226' title='bbox 302 1848 906 1939; x_wconf 75' lang='lat' dir='ltr'><strong>imperatore,visuri</strong></span> <span class='ocrx_word' id='word_1_227' title='bbox 964 1868 1038 1910; x_wconf 89' lang='lat' dir='ltr'><strong>an</strong></span> <span class='ocrx_word' id='word_1_228' title='bbox 1094 1850 1289 1912; x_wconf 84' lang='lat' dir='ltr'><strong>adhuc</strong></span> <span class='ocrx_word' id='word_1_229' title='bbox 1338 1850 1562 1913; x_wconf 84' lang='lat' dir='ltr'><strong>viveret</strong></span> <span class='ocrx_word' id='word_1_230' title='bbox 1619 1850 1951 1931; x_wconf 85' lang='lat' dir='ltr'><strong>(videbatur</strong></span> 
     </span>
    </p>
   </div>
   <div class='ocr_carea' id='block_1_34' title="bbox 2041 1848 3680 1939">
    <p class='ocr_par' dir='ltr' id='par_1_34' title="bbox 2041 1852 3680 1939">
     <span class='ocr_line' id='line_1_34' title="bbox 2041 1852 3680 1939; baseline 0.003 -29"><span class='ocrx_word' id='word_1_231' title='bbox 2041 1852 2166 1921; x_wconf 85' lang='grc' dir='ltr'>λὲως</span> <span class='ocrx_word' id='word_1_232' title='bbox 2222 1862 2379 1912; x_wconf 86' lang='grc' dir='ltr'>τινῶν</span> <span class='ocrx_word' id='word_1_233' title='bbox 2437 1862 2540 1913; x_wconf 81' lang='grc' dir='ltr'>τῶν</span> <span class='ocrx_word' id='word_1_234' title='bbox 2599 1858 2879 1933; x_wconf 71' lang='grc' dir='ltr'>ὀψομένων</span> <span class='ocrx_word' id='word_1_235' title='bbox 2939 1860 2983 1916; x_wconf 83' lang='grc' dir='ltr'><strong>εἰ</strong></span> <span class='ocrx_word' id='word_1_236' title='bbox 3040 1858 3112 1916; x_wconf 79' lang='grc' dir='ltr'>ἔτι</span> <span class='ocrx_word' id='word_1_237' title='bbox 3168 1881 3229 1939; x_wconf 82' lang='grc' dir='ltr'>γε</span> <span class='ocrx_word' id='word_1_238' title='bbox 3284 1859 3437 1933; x_wconf 63' lang='grc' dir='ltr'>διαζῇ</span> <span class='ocrx_word' id='word_1_239' title='bbox 3478 1860 3680 1936; x_wconf 77' lang='grc' dir='ltr'>(θιῦμα</span> 
     </span>
    </p>
   </div>
   <div class='ocr_carea' id='block_1_35' title="bbox 305 1926 1957 2030">
    <p class='ocr_par' dir='ltr' id='par_1_35' title="bbox 305 1926 1950 2019">
     <span class='ocr_line' id='line_1_35' title="bbox 305 1926 1950 2019; baseline 0.001 -20"><span class='ocrx_word' id='word_1_240' title='bbox 305 1926 465 1999; x_wconf 80' lang='lat' dir='ltr'><strong>enim</strong></span> <span class='ocrx_word' id='word_1_241' title='bbox 495 1937 586 2008; x_wconf 82' lang='lat' dir='ltr'><strong>eis</strong></span> <span class='ocrx_word' id='word_1_242' title='bbox 634 1937 802 2000; x_wconf 90' lang='lat' dir='ltr'><strong>valde</strong></span> <span class='ocrx_word' id='word_1_243' title='bbox 836 1937 1197 2013; x_wconf 87' lang='lat' dir='ltr'><strong>mirandum,</strong></span> <span class='ocrx_word' id='word_1_244' title='bbox 1230 1938 1386 2019; x_wconf 90' lang='lat' dir='ltr'><strong>quod</strong></span> <span class='ocrx_word' id='word_1_245' title='bbox 1438 1926 1950 2019; x_wconf 42' lang='lat' dir='ltr'><strong>vitam&#39;hucusque</strong></span> 
     </span>
    </p>
   </div>
   <div class='ocr_carea' id='block_1_36' title="bbox 2041 1926 3682 2030">
    <p class='ocr_par' dir='ltr' id='par_1_36' title="bbox 2041 1943 3682 2030">
     <span class='ocr_line' id='line_1_36' title="bbox 2041 1943 3682 2030; baseline 0.004 -30"><span class='ocrx_word' id='word_1_246' title='bbox 2041 1944 2132 2023; x_wconf 76' lang='grc' dir='ltr'>γὰρ</span> <span class='ocrx_word' id='word_1_247' title='bbox 2190 1946 2376 2009; x_wconf 73' lang='grc' dir='ltr'>αὐτοῦς</span> <span class='ocrx_word' id='word_1_248' title='bbox 2408 1943 2633 2011; x_wconf 79' lang='grc' dir='ltr'>ἐξαίσιον</span> <span class='ocrx_word' id='word_1_249' title='bbox 2689 1949 2723 2017; x_wconf 82' lang='grc' dir='ltr'><strong>ἡ</strong></span> <span class='ocrx_word' id='word_1_250' title='bbox 2757 1953 2855 2015; x_wconf 78' lang='grc' dir='ltr'><strong>τῆς</strong></span> <span class='ocrx_word' id='word_1_251' title='bbox 2915 1953 3056 2020; x_wconf 77' lang='grc' dir='ltr'>ζωῆς</span> <span class='ocrx_word' id='word_1_252' title='bbox 3090 1952 3247 2009; x_wconf 67' lang='grc' dir='ltr'>αὐτοῦ</span> <span class='ocrx_word' id='word_1_253' title='bbox 3276 1950 3438 2030; x_wconf 68' lang='grc' dir='ltr'>μέχρι</span> <span class='ocrx_word' id='word_1_254' title='bbox 3491 1950 3682 2007; x_wconf 87' lang='grc' dir='ltr'>τούτου</span> 
     </span>
    </p>
   </div>
   <div class='ocr_carea' id='block_1_37' title="bbox 302 2026 1957 2115">
    <p class='ocr_par' dir='ltr' id='par_1_37' title="bbox 302 2026 1953 2109">
     <span class='ocr_line' id='line_1_37' title="bbox 302 2026 1953 2109; baseline 0 -21"><span class='ocrx_word' id='word_1_255' title='bbox 302 2026 726 2108; x_wconf 81' lang='lat' dir='ltr'><strong>produxisset),</strong></span> <span class='ocrx_word' id='word_1_256' title='bbox 762 2036 1068 2108; x_wconf 89' lang='lat' dir='ltr'><strong>postquam</strong></span> <span class='ocrx_word' id='word_1_257' title='bbox 1129 2046 1312 2109; x_wconf 86' lang='lat' dir='ltr'><strong>pr0pe</strong></span> <span class='ocrx_word' id='word_1_258' title='bbox 1344 2046 1408 2090; x_wconf 93' lang='lat' dir='ltr'><strong>se</strong></span> <span class='ocrx_word' id='word_1_259' title='bbox 1470 2037 1697 2090; x_wconf 84' lang='lat' dir='ltr'><strong>stantes</strong></span> <span class='ocrx_word' id='word_1_260' title='bbox 1726 2028 1953 2109; x_wconf 85' lang='lat' dir='ltr'><strong>aspexit</strong></span> 
     </span>
    </p>
   </div>
   <div class='ocr_carea' id='block_1_38' title="bbox 2041 2026 3683 2115">
    <p class='ocr_par' dir='ltr' id='par_1_38' title="bbox 2041 2026 3683 2115">
     <span class='ocr_line' id='line_1_38' title="bbox 2041 2026 3683 2115; baseline 0.003 -25"><span class='ocrx_word' id='word_1_261' title='bbox 2041 2033 2411 2115; x_wconf 62' lang='grc' dir='ltr'>παράστασις),</span> <span class='ocrx_word' id='word_1_262' title='bbox 2465 2033 2648 2103; x_wconf 75' lang='grc' dir='ltr'>ἐπειδὴ</span> <span class='ocrx_word' id='word_1_263' title='bbox 2710 2034 2937 2104; x_wconf 82' lang='grc' dir='ltr'>πλησίον</span> <span class='ocrx_word' id='word_1_264' title='bbox 2995 2038 3179 2096; x_wconf 73' lang='grc' dir='ltr'>ἑαυτοῦ</span> <span class='ocrx_word' id='word_1_265' title='bbox 3240 2026 3463 2104; x_wconf 74' lang='grc' dir='ltr'>σταντας</span> <span class='ocrx_word' id='word_1_266' title='bbox 3524 2037 3683 2095; x_wconf 77' lang='grc' dir='ltr'>ἐθεά-</span> 
     </span>
    </p>
   </div>
   <div class='ocr_carea' id='block_1_39' title="bbox 305 2117 1957 2205">
    <p class='ocr_par' dir='ltr' id='par_1_39' title="bbox 305 2117 1949 2205">
     <span class='ocr_line' id='line_1_39' title="bbox 305 2117 1949 2205; baseline 0.001 -27"><span class='ocrx_word' id='word_1_267' title='bbox 305 2134 408 2178; x_wconf 85' lang='lat' dir='ltr'><strong>eos</strong></span> <span class='ocrx_word' id='word_1_268' title='bbox 430 2117 533 2205; x_wconf 75' lang='lat' dir='ltr'><strong>qui</strong></span> <span class='ocrx_word' id='word_1_269' title='bbox 563 2117 946 2197; x_wconf 84' lang='lat' dir='ltr'><strong>advenerant,</strong></span> <span class='ocrx_word' id='word_1_270' title='bbox 982 2135 1115 2178; x_wconf 92' lang='lat' dir='ltr'><strong>cum</strong></span> <span class='ocrx_word' id='word_1_271' title='bbox 1150 2136 1240 2198; x_wconf 87' lang='lat' dir='ltr'><strong>se,</strong></span> <span class='ocrx_word' id='word_1_272' title='bbox 1271 2124 1555 2198; x_wconf 89' lang='lat' dir='ltr'><strong>quantum</strong></span> <span class='ocrx_word' id='word_1_273' title='bbox 1594 2125 1824 2198; x_wconf 80' lang='lat' dir='ltr'><strong>poterat</strong></span> <span class='ocrx_word' id='word_1_274' title='bbox 1853 2137 1949 2179; x_wconf 85' lang='lat' dir='ltr'><strong>ex-</strong></span> 
     </span>
    </p>
   </div>
   <div class='ocr_carea' id='block_1_40' title="bbox 2041 2117 3679 2205">
    <p class='ocr_par' dir='ltr' id='par_1_40' title="bbox 2041 2124 3679 2205">
     <span class='ocr_line' id='line_1_40' title="bbox 2041 2124 3679 2205; baseline 0.004 -27"><span class='ocrx_word' id='word_1_275' title='bbox 2041 2144 2160 2179; x_wconf 73' lang='lat' dir='ltr'><strong>rato</strong></span> <span class='ocrx_word' id='word_1_276' title='bbox 2229 2125 2352 2189; x_wconf 80' lang='grc' dir='ltr'>τοὺς</span> <span class='ocrx_word' id='word_1_277' title='bbox 2396 2124 2775 2205; x_wconf 69' lang='grc' dir='ltr'>ἀφικομένους,</span> <span class='ocrx_word' id='word_1_278' title='bbox 2817 2124 3074 2194; x_wconf 72' lang='grc' dir='ltr'>ὁπηλίκον</span> <span class='ocrx_word' id='word_1_279' title='bbox 3138 2125 3352 2184; x_wconf 81' lang='grc' dir='ltr'>ἐδύνατο</span> <span class='ocrx_word' id='word_1_280' title='bbox 3409 2129 3679 2204; x_wconf 64' lang='grc' dir='ltr'>βιασάμε-</span> 
     </span>
    </p>
   </div>
   <div class='ocr_carea' id='block_1_41' title="bbox 306 2204 1957 2295">
    <p class='ocr_par' dir='ltr' id='par_1_41' title="bbox 306 2204 1947 2287">
     <span class='ocr_line' id='line_1_41' title="bbox 306 2204 1947 2287; baseline 0.001 -20"><span class='ocrx_word' id='word_1_281' title='bbox 306 2204 707 2287; x_wconf 75' lang='grc' dir='ltr'>ιεηάἰεεοι,ἐι</span> <span class='ocrx_word' id='word_1_282' title='bbox 733 2214 823 2268; x_wconf 80' lang='lat' dir='ltr'><strong>ter</strong></span> <span class='ocrx_word' id='word_1_283' title='bbox 852 2206 1118 2283; x_wconf 82' lang='lat' dir='ltr'><strong>dixisset,</strong></span> <span class='ocrx_word' id='word_1_284' title='bbox 1155 2205 1299 2269; x_wconf 89' lang='lat' dir='ltr'><strong>Sum</strong></span> <span class='ocrx_word' id='word_1_285' title='bbox 1329 2206 1700 2270; x_wconf 85' lang='lat' dir='ltr'><strong>Christianus</strong></span> <span class='ocrx_word' id='word_1_286' title='bbox 1727 2230 1742 2282; x_wconf 89' lang='lat'><strong>;</strong></span> <span class='ocrx_word' id='word_1_287' title='bbox 1770 2207 1947 2270; x_wconf 89' lang='lat' dir='ltr'><strong>simul</strong></span> 
     </span>
    </p>
   </div>
   <div class='ocr_carea' id='block_1_42' title="bbox 2041 2204 3679 2295">
    <p class='ocr_par' dir='ltr' id='par_1_42' title="bbox 2041 2212 3679 2295">
     <span class='ocr_line' id='line_1_42' title="bbox 2041 2212 3679 2295; baseline 0.005 -31"><span class='ocrx_word' id='word_1_288' title='bbox 2041 2234 2121 2275; x_wconf 80' lang='grc' dir='ltr'>νος</span> <span class='ocrx_word' id='word_1_289' title='bbox 2183 2212 2392 2289; x_wconf 77' lang='grc' dir='ltr'>ἑαυτὸν,</span> <span class='ocrx_word' id='word_1_290' title='bbox 2425 2215 2510 2272; x_wconf 82' lang='grc' dir='ltr'><strong>καὶ</strong></span> <span class='ocrx_word' id='word_1_291' title='bbox 2568 2215 2740 2293; x_wconf 88' lang='grc' dir='ltr'>τρίτον</span> <span class='ocrx_word' id='word_1_292' title='bbox 2776 2216 3006 2273; x_wconf 79' lang='grc' dir='ltr'>ἀνειπὼν</span> <span class='ocrx_word' id='word_1_293' title='bbox 3059 2217 3120 2273; x_wconf 82' lang='grc' dir='ltr'>τὸ</span> <span class='ocrx_word' id='word_1_294' title='bbox 3177 2215 3512 2295; x_wconf 83' lang='grc' dir='ltr'>Χριστιανός,</span> <span class='ocrx_word' id='word_1_295' title='bbox 3545 2219 3679 2293; x_wconf 79' lang='grc' dir='ltr'>εἶμι,</span> 
     </span>
    </p>
   </div>
   <div class='ocr_carea' id='block_1_43' title="bbox 300 2295 1957 2384">
    <p class='ocr_par' dir='ltr' id='par_1_43' title="bbox 300 2295 1407 2378">
     <span class='ocr_line' id='line_1_43' title="bbox 300 2295 1407 2378; baseline -0.002 -20"><span class='ocrx_word' id='word_1_296' title='bbox 300 2314 434 2360; x_wconf 90' lang='lat' dir='ltr'><strong>cum</strong></span> <span class='ocrx_word' id='word_1_297' title='bbox 468 2295 673 2359; x_wconf 81' lang='lat' dir='ltr'><strong>ultime</strong></span> <span class='ocrx_word' id='word_1_298' title='bbox 707 2315 850 2360; x_wconf 90' lang='lat' dir='ltr'><strong>voce</strong></span> <span class='ocrx_word' id='word_1_299' title='bbox 881 2295 1078 2359; x_wconf 90' lang='lat' dir='ltr'><strong>emisit</strong></span> <span class='ocrx_word' id='word_1_300' title='bbox 1110 2296 1407 2378; x_wconf 86' lang='lat' dir='ltr'><strong>spiritum.</strong></span> 
     </span>
    </p>
   </div>
   <div class='ocr_carea' id='block_1_44' title="bbox 2041 2295 3242 2384">
    <p class='ocr_par' dir='ltr' id='par_1_44' title="bbox 2041 2298 3242 2384">
     <span class='ocr_line' id='line_1_44' title="bbox 2041 2298 3242 2384; baseline 0.008 -29"><span class='ocrx_word' id='word_1_301' title='bbox 2041 2305 2098 2375; x_wconf 74' lang='grc' dir='ltr'><strong>τῇ</strong></span> <span class='ocrx_word' id='word_1_302' title='bbox 2139 2298 2412 2376; x_wconf 76' lang='grc' dir='ltr'>τελευταίᾳ</span> <span class='ocrx_word' id='word_1_303' title='bbox 2442 2309 2592 2381; x_wconf 74' lang='grc' dir='ltr'>φωνῇ</span> <span class='ocrx_word' id='word_1_304' title='bbox 2624 2309 2892 2384; x_wconf 79' lang='grc' dir='ltr'>συναφήκε</span> <span class='ocrx_word' id='word_1_305' title='bbox 2924 2306 2984 2362; x_wconf 82' lang='grc' dir='ltr'>τὸ</span> <span class='ocrx_word' id='word_1_306' title='bbox 3015 2312 3242 2382; x_wconf 79' lang='grc' dir='ltr'>πνεῦμα.</span> 
     </span>
    </p>
   </div>
   <div class='ocr_carea' id='block_1_45' title="bbox 1813 2457 2157 2517">
    <p class='ocr_par' dir='ltr' id='par_1_45' title="bbox 1813 2457 2157 2517">
     <span class='ocr_line' id='line_1_45' title="bbox 1813 2457 2157 2517; baseline -0.003 -1"><span class='ocrx_word' id='word_1_307' title='bbox 1813 2457 2046 2517; x_wconf 83' lang='lat' dir='ltr'><strong>CAPUT</strong></span> <span class='ocrx_word' id='word_1_308' title='bbox 2092 2459 2157 2516; x_wconf 86' lang='lat' dir='ltr'><strong>V.</strong></span> 
     </span>
    </p>
   </div>
   <div class='ocr_carea' id='block_1_46' title="bbox 1432 2595 2539 2671">
    <p class='ocr_par' dir='ltr' id='par_1_46' title="bbox 1432 2595 2539 2671">
     <span class='ocr_line' id='line_1_46' title="bbox 1432 2595 2539 2671; baseline 0.003 -17"><span class='ocrx_word' id='word_1_309' title='bbox 1432 2595 1572 2670; x_wconf 72' lang='lat' dir='ltr'><strong>Ejus</strong></span> <span class='ocrx_word' id='word_1_310' title='bbox 1605 2597 1906 2670; x_wconf 75' lang='lat' dir='ltr'><strong>sepultura.</strong></span> <span class='ocrx_word' id='word_1_311' title='bbox 1944 2595 2284 2671; x_wconf 69' lang='grc' dir='ltr'>Ηειειιοροιει</span> <span class='ocrx_word' id='word_1_312' title='bbox 2331 2599 2539 2660; x_wconf 75' lang='lat' dir='ltr'><strong>civitas.</strong></span> 
     </span>
    </p>
   </div>
   <div class='ocr_carea' id='block_1_47' title="bbox 376 2722 1957 2816">
    <p class='ocr_par' dir='ltr' id='par_1_47' title="bbox 376 2729 1946 2812">
     <span class='ocr_line' id='line_1_47' title="bbox 376 2729 1946 2812; baseline -0.003 -18"><span class='ocrx_word' id='word_1_313' title='bbox 376 2731 475 2795; x_wconf 73' lang='grc'><strong>46.</strong></span> <span class='ocrx_word' id='word_1_314' title='bbox 514 2734 666 2795; x_wconf 90' lang='lat' dir='ltr'><strong>Sunt</strong></span> <span class='ocrx_word' id='word_1_315' title='bbox 694 2739 890 2793; x_wconf 89' lang='lat' dir='ltr'><strong>autem</strong></span> <span class='ocrx_word' id='word_1_316' title='bbox 926 2731 1026 2812; x_wconf 89' lang='lat' dir='ltr'><strong>qui</strong></span> <span class='ocrx_word' id='word_1_317' title='bbox 1060 2731 1278 2805; x_wconf 86' lang='lat' dir='ltr'><strong>dicant,</strong></span> <span class='ocrx_word' id='word_1_318' title='bbox 1313 2748 1450 2792; x_wconf 91' lang='lat' dir='ltr'><strong>eum</strong></span> <span class='ocrx_word' id='word_1_319' title='bbox 1482 2730 1675 2792; x_wconf 89' lang='lat' dir='ltr'><strong>adhuc</strong></span> <span class='ocrx_word' id='word_1_320' title='bbox 1706 2729 1946 2811; x_wconf 83' lang='lat' dir='ltr'><strong>spiran-</strong></span> 
     </span>
    </p>
   </div>
   <div class='ocr_carea' id='block_1_48' title="bbox 2041 2722 3678 2816">
    <p class='ocr_par' dir='ltr' id='par_1_48' title="bbox 2114 2722 3678 2816">
     <span class='ocr_line' id='line_1_48' title="bbox 2114 2722 3678 2816; baseline 0.006 -30"><span class='ocrx_word' id='word_1_321' title='bbox 2114 2722 2235 2805; x_wconf 56' lang='lat' dir='ltr'><strong>ig&quot;.</strong></span> <span class='ocrx_word' id='word_1_322' title='bbox 2297 2733 2414 2791; x_wconf 78' lang='grc' dir='ltr'><strong>Εἱσί</strong></span> <span class='ocrx_word' id='word_1_323' title='bbox 2466 2733 2521 2791; x_wconf 86' lang='grc' dir='ltr'><strong>δέ</strong></span> <span class='ocrx_word' id='word_1_324' title='bbox 2572 2757 2710 2799; x_wconf 86' lang='grc' dir='ltr'>τινες</span> <span class='ocrx_word' id='word_1_325' title='bbox 2758 2749 2814 2793; x_wconf 74' lang='grc' dir='ltr'>οἵ</span> <span class='ocrx_word' id='word_1_326' title='bbox 2867 2736 3079 2815; x_wconf 80' lang='grc' dir='ltr'>λέγουσι</span> <span class='ocrx_word' id='word_1_327' title='bbox 3130 2738 3286 2795; x_wconf 75' lang='grc' dir='ltr'>αὒτὸν</span> <span class='ocrx_word' id='word_1_328' title='bbox 3336 2738 3411 2795; x_wconf 80' lang='grc' dir='ltr'>ἔτι</span> <span class='ocrx_word' id='word_1_329' title='bbox 3469 2739 3678 2816; x_wconf 82' lang='grc' dir='ltr'>μᾶλλον</span> 
     </span>
    </p>
   </div>
   <div class='ocr_carea' id='block_1_49' title="bbox 300 2817 1957 2910">
    <p class='ocr_par' dir='ltr' id='par_1_49' title="bbox 300 2817 1954 2910">
     <span class='ocr_line' id='line_1_49' title="bbox 300 2817 1954 2910; baseline -0.005 -25"><span class='ocrx_word' id='word_1_330' title='bbox 300 2830 420 2885; x_wconf 90' lang='lat' dir='ltr'><strong>tem</strong></span> <span class='ocrx_word' id='word_1_331' title='bbox 456 2823 783 2901; x_wconf 86' lang='lat' dir='ltr'><strong>projectum</strong></span> <span class='ocrx_word' id='word_1_332' title='bbox 817 2822 998 2884; x_wconf 80' lang='lat' dir='ltr'><strong>fuisse</strong></span> <span class='ocrx_word' id='word_1_333' title='bbox 1050 2821 1106 2880; x_wconf 92' lang='lat' dir='ltr'><strong>in</strong></span> <span class='ocrx_word' id='word_1_334' title='bbox 1141 2820 1498 2901; x_wconf 82' lang='lat' dir='ltr'><strong>profundum</strong></span> <span class='ocrx_word' id='word_1_335' title='bbox 1545 2820 1744 2910; x_wconf 86' lang='lat' dir='ltr'><strong>maris.</strong></span> <span class='ocrx_word' id='word_1_336' title='bbox 1778 2817 1954 2881; x_wconf 79' lang='lat' dir='ltr'><strong>Maxi-</strong></span> 
     </span>
    </p>
   </div>
   <div class='ocr_carea' id='block_1_50' title="bbox 2041 2817 3678 2910">
    <p class='ocr_par' dir='ltr' id='par_1_50' title="bbox 2041 2823 3678 2910">
     <span class='ocr_line' id='line_1_50' title="bbox 2041 2823 3678 2910; baseline 0.006 -35"><span class='ocrx_word' id='word_1_337' title='bbox 2041 2823 2263 2910; x_wconf 58' lang='lat' dir='ltr'><strong>ipmou‘:</strong></span> <span class='ocrx_word' id='word_1_338' title='bbox 2320 2825 2630 2905; x_wconf 76' lang='grc' dir='ltr'>ὑπάρχοντα</span> <span class='ocrx_word' id='word_1_339' title='bbox 2662 2831 2739 2900; x_wconf 83' lang='grc' dir='ltr'><strong>τῷ</strong></span> <span class='ocrx_word' id='word_1_340' title='bbox 2794 2831 2893 2894; x_wconf 76' lang='grc' dir='ltr'><strong>τῆς</strong></span> <span class='ocrx_word' id='word_1_341' title='bbox 2940 2825 3210 2894; x_wconf 81' lang='grc' dir='ltr'>θαλάσσης</span> <span class='ocrx_word' id='word_1_342' title='bbox 3267 2827 3678 2910; x_wconf 72' lang='grc' dir='ltr'>ἐναποῤῥιφῆναι</span> 
     </span>
    </p>
   </div>
   <div class='ocr_carea' id='block_1_51' title="bbox 299 2903 1957 2998">
    <p class='ocr_par' dir='ltr' id='par_1_51' title="bbox 299 2909 1948 2998">
     <span class='ocr_line' id='line_1_51' title="bbox 299 2909 1948 2998; baseline -0.003 -25"><span class='ocrx_word' id='word_1_343' title='bbox 299 2910 535 2973; x_wconf 81' lang='lat' dir='ltr'><strong>mianus</strong></span> <span class='ocrx_word' id='word_1_344' title='bbox 565 2910 727 2972; x_wconf 88' lang='lat' dir='ltr'><strong>enim</strong></span> <span class='ocrx_word' id='word_1_345' title='bbox 758 2910 1086 2973; x_wconf 85' lang='lat' dir='ltr'><strong>admiratus</strong></span> <span class='ocrx_word' id='word_1_346' title='bbox 1124 2910 1255 2998; x_wconf 82' lang='lat' dir='ltr'><strong>ejus</strong></span> <span class='ocrx_word' id='word_1_347' title='bbox 1286 2917 1632 2998; x_wconf 62' lang='lat' dir='ltr'><strong>perpetuam</strong></span> <span class='ocrx_word' id='word_1_348' title='bbox 1666 2909 1736 2969; x_wconf 90' lang='lat' dir='ltr'><strong>ad</strong></span> <span class='ocrx_word' id='word_1_349' title='bbox 1772 2911 1948 2998; x_wconf 83' lang='lat' dir='ltr'><strong>tinem</strong></span> 
     </span>
    </p>
   </div>
   <div class='ocr_carea' id='block_1_52' title="bbox 2041 2903 3673 2998">
    <p class='ocr_par' dir='ltr' id='par_1_52' title="bbox 2041 2903 3673 2998">
     <span class='ocr_line' id='line_1_52' title="bbox 2041 2903 3673 2998; baseline 0.005 -31"><span class='ocrx_word' id='word_1_350' title='bbox 2041 2913 2194 2986; x_wconf 68' lang='grc' dir='ltr'><strong>Βυθῷ.</strong></span> <span class='ocrx_word' id='word_1_351' title='bbox 2244 2903 2300 2970; x_wconf 67' lang='grc' dir='ltr'><strong>Ὀ</strong></span> <span class='ocrx_word' id='word_1_352' title='bbox 2360 2903 2853 2992; x_wconf 28' lang='grc' dir='ltr'>γὰρηΜαξιμιανὸς</span> <span class='ocrx_word' id='word_1_353' title='bbox 2912 2918 3043 2989; x_wconf 77' lang='grc' dir='ltr'>πρὸς</span> <span class='ocrx_word' id='word_1_354' title='bbox 3115 2917 3216 2985; x_wconf 73' lang='grc' dir='ltr'><strong>τὴν</strong></span> <span class='ocrx_word' id='word_1_355' title='bbox 3272 2903 3673 2998; x_wconf 33' lang='grc' dir='ltr'>μέχρι-’τέλους</span> 
     </span>
    </p>
   </div>
   <div class='ocr_carea' id='block_1_53' title="bbox 298 2996 1957 3085">
    <p class='ocr_par' dir='ltr' id='par_1_53' title="bbox 298 2996 1953 3081">
     <span class='ocr_line' id='line_1_53' title="bbox 298 2996 1953 3081; baseline -0.003 -19"><span class='ocrx_word' id='word_1_356' title='bbox 298 3019 494 3081; x_wconf 88' lang='lat' dir='ltr'><strong>usque</strong></span> <span class='ocrx_word' id='word_1_357' title='bbox 525 3000 946 3078; x_wconf 82' lang='lat' dir='ltr'><strong>constantiam,</strong></span> <span class='ocrx_word' id='word_1_358' title='bbox 977 2998 1151 3079; x_wconf 86' lang='lat' dir='ltr'><strong>jussit</strong></span> <span class='ocrx_word' id='word_1_359' title='bbox 1181 2997 1252 3059; x_wconf 90' lang='lat' dir='ltr'><strong>iis</strong></span> <span class='ocrx_word' id='word_1_360' title='bbox 1310 2997 1410 3078; x_wconf 87' lang='lat' dir='ltr'><strong>qui</strong></span> <span class='ocrx_word' id='word_1_361' title='bbox 1442 2997 1500 3057; x_wconf 92' lang='lat' dir='ltr'><strong>in</strong></span> <span class='ocrx_word' id='word_1_362' title='bbox 1539 2996 1832 3078; x_wconf 86' lang='lat' dir='ltr'><strong>ejusmodi</strong></span> <span class='ocrx_word' id='word_1_363' title='bbox 1862 3014 1953 3058; x_wconf 89' lang='lat' dir='ltr'><strong>re-</strong></span> 
     </span>
    </p>
   </div>
   <div class='ocr_carea' id='block_1_54' title="bbox 2041 2996 3667 3085">
    <p class='ocr_par' dir='ltr' id='par_1_54' title="bbox 2041 2996 3667 3085">
     <span class='ocr_line' id='line_1_54' title="bbox 2041 2996 3667 3085; baseline 0.004 -29"><span class='ocrx_word' id='word_1_364' title='bbox 2041 3000 2276 3058; x_wconf 80' lang='grc' dir='ltr'>ἔνστασιν</span> <span class='ocrx_word' id='word_1_365' title='bbox 2342 3005 2499 3060; x_wconf 75' lang='grc' dir='ltr'><strong>αὖτοῦ</strong></span> <span class='ocrx_word' id='word_1_366' title='bbox 2552 3006 2638 3060; x_wconf 86' lang='grc' dir='ltr'><strong>καὶ</strong></span> <span class='ocrx_word' id='word_1_367' title='bbox 2691 3006 2752 3061; x_wconf 78' lang='grc' dir='ltr'>τὸ</span> <span class='ocrx_word' id='word_1_368' title='bbox 2823 3004 3091 3064; x_wconf 81' lang='grc' dir='ltr'>ἂνένδοτον</span> <span class='ocrx_word' id='word_1_369' title='bbox 3163 2996 3448 3085; x_wconf 59' lang='grc' dir='ltr'>ἐκπλαγεὶς</span> <span class='ocrx_word' id='word_1_370' title='bbox 3504 3030 3667 3085; x_wconf 82' lang='grc' dir='ltr'>προσ-</span> 
     </span>
    </p>
   </div>
   <div class='ocr_carea' id='block_1_55' title="bbox 298 3087 1957 3168">
    <p class='ocr_par' dir='ltr' id='par_1_55' title="bbox 298 3087 1947 3168">
     <span class='ocr_line' id='line_1_55' title="bbox 298 3087 1947 3168; baseline -0.005 -14"><span class='ocrx_word' id='word_1_371' title='bbox 298 3090 411 3154; x_wconf 82' lang='lat' dir='ltr'><strong>bus</strong></span> <span class='ocrx_word' id='word_1_372' title='bbox 469 3090 822 3168; x_wconf 85' lang='lat' dir='ltr'><strong>inserviunt,</strong></span> <span class='ocrx_word' id='word_1_373' title='bbox 858 3089 1052 3168; x_wconf 89' lang='lat' dir='ltr'><strong>ipsum</strong></span> <span class='ocrx_word' id='word_1_374' title='bbox 1097 3087 1154 3148; x_wconf 90' lang='lat' dir='ltr'><strong>in</strong></span> <span class='ocrx_word' id='word_1_375' title='bbox 1186 3105 1348 3149; x_wconf 89' lang='lat' dir='ltr'><strong>mare</strong></span> <span class='ocrx_word' id='word_1_376' title='bbox 1388 3088 1612 3168; x_wconf 87' lang='lat' dir='ltr'><strong>jacere,</strong></span> <span class='ocrx_word' id='word_1_377' title='bbox 1648 3106 1784 3147; x_wconf 86' lang='lat' dir='ltr'><strong>cum</strong></span> <span class='ocrx_word' id='word_1_378' title='bbox 1820 3104 1947 3147; x_wconf 82' lang='lat' dir='ltr'><strong>ma-</strong></span> 
     </span>
    </p>
   </div>
   <div class='ocr_carea' id='block_1_56' title="bbox 2041 3087 3672 3168">
    <p class='ocr_par' dir='ltr' id='par_1_56' title="bbox 2041 3090 3672 3164">
     <span class='ocr_line' id='line_1_56' title="bbox 2041 3090 3672 3164; baseline 0.003 -19"><span class='ocrx_word' id='word_1_379' title='bbox 2041 3090 2182 3156; x_wconf 79' lang='grc' dir='ltr'>έταξε</span> <span class='ocrx_word' id='word_1_380' title='bbox 2241 3094 2360 3157; x_wconf 77' lang='grc' dir='ltr'>τοῦς</span> <span class='ocrx_word' id='word_1_381' title='bbox 2385 3096 2551 3149; x_wconf 77' lang='grc' dir='ltr'>ταῦτα</span> <span class='ocrx_word' id='word_1_382' title='bbox 2594 3091 2921 3151; x_wconf 73' lang='grc' dir='ltr'>διακονοῦσιν</span> <span class='ocrx_word' id='word_1_383' title='bbox 2952 3097 3023 3159; x_wconf 78' lang='grc' dir='ltr'>εἷς</span> <span class='ocrx_word' id='word_1_384' title='bbox 3081 3096 3178 3164; x_wconf 75' lang='grc' dir='ltr'>τὴν</span> <span class='ocrx_word' id='word_1_385' title='bbox 3210 3097 3298 3154; x_wconf 78' lang='grc' dir='ltr'>θά)</span> <span class='ocrx_word' id='word_1_386' title='bbox 3314 3119 3478 3153; x_wconf 90' lang='grc' dir='ltr'>ασσαν</span> <span class='ocrx_word' id='word_1_387' title='bbox 3519 3099 3672 3153; x_wconf 60' lang='lat' dir='ltr'><strong>cirros</strong></span> 
     </span>
    </p>
   </div>
   <div class='ocr_carea' id='block_1_57' title="bbox 298 3170 1957 3264">
    <p class='ocr_par' dir='ltr' id='par_1_57' title="bbox 298 3175 1945 3260">
     <span class='ocr_line' id='line_1_57' title="bbox 298 3175 1945 3260; baseline -0.004 -18"><span class='ocrx_word' id='word_1_388' title='bbox 298 3199 478 3260; x_wconf 89' lang='lat' dir='ltr'><strong>gnum</strong></span> <span class='ocrx_word' id='word_1_389' title='bbox 535 3179 790 3260; x_wconf 87' lang='lat' dir='ltr'><strong>lapidem</strong></span> <span class='ocrx_word' id='word_1_390' title='bbox 853 3177 1285 3259; x_wconf 85' lang='lat' dir='ltr'><strong>appendissent</strong></span> <span class='ocrx_word' id='word_1_391' title='bbox 1318 3177 1563 3238; x_wconf 88' lang='lat' dir='ltr'><strong>brachio</strong></span> <span class='ocrx_word' id='word_1_392' title='bbox 1610 3177 1739 3256; x_wconf 89' lang='lat' dir='ltr'><strong>ejus</strong></span> <span class='ocrx_word' id='word_1_393' title='bbox 1794 3175 1945 3237; x_wconf 86' lang='lat' dir='ltr'><strong>dex-</strong></span> 
     </span>
    </p>
   </div>
   <div class='ocr_carea' id='block_1_58' title="bbox 2041 3170 3676 3264">
    <p class='ocr_par' dir='ltr' id='par_1_58' title="bbox 2041 3179 3676 3264">
     <span class='ocr_line' id='line_1_58' title="bbox 2041 3179 3676 3264; baseline 0.001 -28"><span class='ocrx_word' id='word_1_394' title='bbox 2041 3181 2202 3257; x_wconf 61' lang='grc' dir='ltr'>δίψαι,</span> <span class='ocrx_word' id='word_1_395' title='bbox 2252 3179 2390 3237; x_wconf 84' lang='grc' dir='ltr'>λίθον</span> <span class='ocrx_word' id='word_1_396' title='bbox 2452 3181 2706 3259; x_wconf 86' lang='grc' dir='ltr'>μέγιστον</span> <span class='ocrx_word' id='word_1_397' title='bbox 2750 3192 2842 3242; x_wconf 82' lang='grc' dir='ltr'>τοῦ</span> <span class='ocrx_word' id='word_1_398' title='bbox 2890 3181 3060 3248; x_wconf 73' lang='grc' dir='ltr'>δεξιοῦ</span> <span class='ocrx_word' id='word_1_399' title='bbox 3115 3185 3399 3264; x_wconf 76' lang='grc' dir='ltr'>βραχίονος</span> <span class='ocrx_word' id='word_1_400' title='bbox 3455 3181 3676 3260; x_wconf 80' lang='grc' dir='ltr'>ἐξαρτη-</span> 
     </span>
    </p>
   </div>
   <div class='ocr_carea' id='block_1_59' title="bbox 296 3268 1951 3348">
    <p class='ocr_par' dir='ltr' id='par_1_59' title="bbox 296 3268 1951 3348">
     <span class='ocr_line' id='line_1_59' title="bbox 296 3268 1951 3348; baseline -0.003 -17"><span class='ocrx_word' id='word_1_401' title='bbox 296 3279 448 3341; x_wconf 85' lang='lat' dir='ltr'><strong>tero,</strong></span> <span class='ocrx_word' id='word_1_402' title='bbox 476 3276 560 3343; x_wconf 89' lang='lat' dir='ltr'><strong>ut,</strong></span> <span class='ocrx_word' id='word_1_403' title='bbox 594 3268 942 3330; x_wconf 84' lang='lat' dir='ltr'><strong>submersus</strong></span> <span class='ocrx_word' id='word_1_404' title='bbox 965 3285 1253 3348; x_wconf 86' lang='lat' dir='ltr'><strong>nusquam</strong></span> <span class='ocrx_word' id='word_1_405' title='bbox 1279 3275 1614 3346; x_wconf 85' lang='lat' dir='ltr'><strong>appareret,</strong></span> <span class='ocrx_word' id='word_1_406' title='bbox 1643 3275 1704 3327; x_wconf 92' lang='lat' dir='ltr'><strong>et</strong></span> <span class='ocrx_word' id='word_1_407' title='bbox 1734 3283 1951 3345; x_wconf 92' lang='lat' dir='ltr'><strong>corpus</strong></span> 
     </span>
    </p>
   </div>
   <div class='ocr_carea' id='block_1_60' title="bbox 300 3356 1951 3439">
    <p class='ocr_par' dir='ltr' id='par_1_60' title="bbox 300 3356 1951 3439">
     <span class='ocr_line' id='line_1_60' title="bbox 300 3356 1951 3439; baseline -0.004 -18"><span class='ocrx_word' id='word_1_408' title='bbox 300 3359 429 3439; x_wconf 85' lang='lat' dir='ltr'><strong>ejus</strong></span> <span class='ocrx_word' id='word_1_409' title='bbox 459 3358 683 3419; x_wconf 89' lang='lat' dir='ltr'><strong>nullam</strong></span> <span class='ocrx_word' id='word_1_410' title='bbox 735 3366 1157 3439; x_wconf 87' lang='lat' dir='ltr'><strong>assequeretur</strong></span> <span class='ocrx_word' id='word_1_411' title='bbox 1209 3357 1602 3437; x_wconf 89' lang='lat' dir='ltr'><strong>sepulturam,</strong></span> <span class='ocrx_word' id='word_1_412' title='bbox 1639 3373 1747 3415; x_wconf 92' lang='lat' dir='ltr'><strong>nec</strong></span> <span class='ocrx_word' id='word_1_413' title='bbox 1793 3356 1951 3433; x_wconf 90' lang='lat' dir='ltr'><strong>justa</strong></span> 
     </span>
    </p>
   </div>
   <div class='ocr_carea' id='block_1_61' title="bbox 302 3444 1950 3529">
    <p class='ocr_par' dir='ltr' id='par_1_61' title="bbox 302 3444 1950 3529">
     <span class='ocr_line' id='line_1_61' title="bbox 302 3444 1950 3529; baseline -0.004 -18"><span class='ocrx_word' id='word_1_414' title='bbox 302 3448 357 3511; x_wconf 87' lang='lat' dir='ltr'><strong>ei</strong></span> <span class='ocrx_word' id='word_1_415' title='bbox 418 3450 650 3510; x_wconf 83' lang='lat' dir='ltr'><strong>fierent.</strong></span> <span class='ocrx_word' id='word_1_416' title='bbox 683 3448 879 3529; x_wconf 82' lang='lat' dir='ltr'><strong>Atque</strong></span> <span class='ocrx_word' id='word_1_417' title='bbox 908 3448 1017 3510; x_wconf 87' lang='lat' dir='ltr'><strong>fuit</strong></span> <span class='ocrx_word' id='word_1_418' title='bbox 1075 3444 1319 3528; x_wconf 88' lang='lat' dir='ltr'><strong>quidem</strong></span> <span class='ocrx_word' id='word_1_419' title='bbox 1352 3445 1410 3506; x_wconf 89' lang='lat' dir='ltr'><strong>in</strong></span> <span class='ocrx_word' id='word_1_420' title='bbox 1459 3445 1749 3525; x_wconf 76' lang='lat' dir='ltr'><strong>profundo</strong></span> <span class='ocrx_word' id='word_1_421' title='bbox 1802 3462 1950 3524; x_wconf 89' lang='lat' dir='ltr'><strong>qua—</strong></span> 
     </span>
    </p>
   </div>
   <div class='ocr_carea' id='block_1_62' title="bbox 301 3533 1954 3617">
    <p class='ocr_par' dir='ltr' id='par_1_62' title="bbox 301 3533 1954 3617">
     <span class='ocr_line' id='line_1_62' title="bbox 301 3533 1954 3617; baseline -0.004 -17"><span class='ocrx_word' id='word_1_422' title='bbox 301 3537 634 3601; x_wconf 88' lang='lat' dir='ltr'><strong>tuordecim</strong></span> <span class='ocrx_word' id='word_1_423' title='bbox 681 3537 832 3614; x_wconf 91' lang='lat' dir='ltr'><strong>dies,</strong></span> <span class='ocrx_word' id='word_1_424' title='bbox 867 3556 1084 3617; x_wconf 86' lang='lat' dir='ltr'><strong>nempe</strong></span> <span class='ocrx_word' id='word_1_425' title='bbox 1118 3535 1392 3615; x_wconf 86' lang='lat' dir='ltr'><strong>totidem,</strong></span> <span class='ocrx_word' id='word_1_426' title='bbox 1427 3542 1570 3616; x_wconf 92' lang='lat' dir='ltr'><strong>quot</strong></span> <span class='ocrx_word' id='word_1_427' title='bbox 1621 3533 1679 3595; x_wconf 85' lang='lat' dir='ltr'><strong>in</strong></span> <span class='ocrx_word' id='word_1_428' title='bbox 1709 3551 1954 3595; x_wconf 86' lang='lat' dir='ltr'><strong>carcere</strong></span> 
     </span>
    </p>
   </div>
   <div class='ocr_carea' id='block_1_63' title="bbox 300 3623 1949 3706">
    <p class='ocr_par' dir='ltr' id='par_1_63' title="bbox 300 3623 1949 3706">
     <span class='ocr_line' id='line_1_63' title="bbox 300 3623 1949 3706; baseline -0.005 -16"><span class='ocrx_word' id='word_1_429' title='bbox 300 3628 633 3690; x_wconf 85' lang='lat' dir='ltr'><strong>decertarat</strong></span> <span class='ocrx_word' id='word_1_430' title='bbox 663 3627 947 3689; x_wconf 88' lang='lat' dir='ltr'><strong>adversus</strong></span> <span class='ocrx_word' id='word_1_431' title='bbox 977 3627 1167 3689; x_wconf 86' lang='lat' dir='ltr'><strong>varias</strong></span> <span class='ocrx_word' id='word_1_432' title='bbox 1211 3624 1478 3706; x_wconf 86' lang='lat' dir='ltr'><strong>corporis</strong></span> <span class='ocrx_word' id='word_1_433' title='bbox 1508 3623 1949 3704; x_wconf 82' lang='lat' dir='ltr'><strong>perpessiones.</strong></span> 
     </span>
    </p>
   </div>
   <div class='ocr_carea' id='block_1_64' title="bbox 308 3714 1953 3796">
    <p class='ocr_par' dir='ltr' id='par_1_64' title="bbox 308 3714 1953 3796">
     <span class='ocr_line' id='line_1_64' title="bbox 308 3714 1953 3796; baseline -0.004 -18"><span class='ocrx_word' id='word_1_434' title='bbox 308 3715 766 3790; x_wconf 85' lang='lat' dir='ltr'><strong>Quintodecimo</strong></span> <span class='ocrx_word' id='word_1_435' title='bbox 823 3723 1018 3778; x_wconf 85' lang='lat' dir='ltr'><strong>autem</strong></span> <span class='ocrx_word' id='word_1_436' title='bbox 1056 3714 1379 3796; x_wconf 90' lang='lat' dir='ltr'><strong>delphinus</strong></span> <span class='ocrx_word' id='word_1_437' title='bbox 1445 3714 1501 3774; x_wconf 88' lang='lat' dir='ltr'><strong>in</strong></span> <span class='ocrx_word' id='word_1_438' title='bbox 1535 3715 1757 3775; x_wconf 80' lang='lat' dir='ltr'><strong>siccum</strong></span> <span class='ocrx_word' id='word_1_439' title='bbox 1816 3730 1953 3772; x_wconf 90' lang='lat' dir='ltr'><strong>eum</strong></span> 
     </span>
    </p>
   </div>
   <div class='ocr_carea' id='block_1_65' title="bbox 301 3800 1955 3883">
    <p class='ocr_par' dir='ltr' id='par_1_65' title="bbox 301 3800 1955 3883">
     <span class='ocr_line' id='line_1_65' title="bbox 301 3800 1955 3883; baseline -0.005 -15"><span class='ocrx_word' id='word_1_440' title='bbox 301 3806 417 3868; x_wconf 86' lang='lat' dir='ltr'><strong>hoc</strong></span> <span class='ocrx_word' id='word_1_441' title='bbox 445 3805 622 3867; x_wconf 92' lang='lat' dir='ltr'><strong>modo</strong></span> <span class='ocrx_word' id='word_1_442' title='bbox 653 3804 866 3867; x_wconf 85' lang='lat' dir='ltr'><strong>extulit</strong></span> <span class='ocrx_word' id='word_1_443' title='bbox 898 3825 911 3868; x_wconf 87' lang='lat'><strong>:</strong></span> <span class='ocrx_word' id='word_1_444' title='bbox 947 3822 1080 3865; x_wconf 92' lang='lat' dir='ltr'><strong>cum</strong></span> <span class='ocrx_word' id='word_1_445' title='bbox 1115 3805 1248 3883; x_wconf 90' lang='lat' dir='ltr'><strong>ejus</strong></span> <span class='ocrx_word' id='word_1_446' title='bbox 1276 3802 1552 3882; x_wconf 82' lang='lat' dir='ltr'><strong>discipuli</strong></span> <span class='ocrx_word' id='word_1_447' title='bbox 1585 3801 1743 3862; x_wconf 89' lang='lat' dir='ltr'><strong>circa</strong></span> <span class='ocrx_word' id='word_1_448' title='bbox 1794 3800 1955 3880; x_wconf 90' lang='lat' dir='ltr'><strong>ripas</strong></span> 
     </span>
    </p>
   </div>
   <div class='ocr_carea' id='block_1_66' title="bbox 301 3890 1951 3965">
    <p class='ocr_par' dir='ltr' id='par_1_66' title="bbox 301 3890 1951 3965">
     <span class='ocr_line' id='line_1_66' title="bbox 301 3890 1951 3965; baseline -0.005 -8"><span class='ocrx_word' id='word_1_449' title='bbox 301 3902 362 3958; x_wconf 86' lang='lat' dir='ltr'><strong>et</strong></span> <span class='ocrx_word' id='word_1_450' title='bbox 392 3894 591 3955; x_wconf 82' lang='lat' dir='ltr'><strong>littora</strong></span> <span class='ocrx_word' id='word_1_451' title='bbox 634 3893 785 3955; x_wconf 79' lang='lat' dir='ltr'><strong>alius</strong></span> <span class='ocrx_word' id='word_1_452' title='bbox 816 3893 960 3954; x_wconf 87' lang='lat' dir='ltr'><strong>alibi</strong></span> <span class='ocrx_word' id='word_1_453' title='bbox 1014 3901 1416 3965; x_wconf 80' lang='lat' dir='ltr'><strong>versarentur,</strong></span> <span class='ocrx_word' id='word_1_454' title='bbox 1452 3900 1515 3952; x_wconf 92' lang='lat' dir='ltr'><strong>ut</strong></span> <span class='ocrx_word' id='word_1_455' title='bbox 1572 3890 1870 3963; x_wconf 87' lang='lat' dir='ltr'><strong>viderent,</strong></span> <span class='ocrx_word' id='word_1_456' title='bbox 1903 3891 1951 3949; x_wconf 91' lang='lat' dir='ltr'><strong>si</strong></span> 
     </span>
    </p>
   </div>
   <div class='ocr_carea' id='block_1_67' title="bbox 301 3978 1947 4065">
    <p class='ocr_par' dir='ltr' id='par_1_67' title="bbox 301 3978 1947 4065">
     <span class='ocr_line' id='line_1_67' title="bbox 301 3978 1947 4065; baseline -0.003 -21"><span class='ocrx_word' id='word_1_457' title='bbox 301 4002 417 4065; x_wconf 90' lang='lat' dir='ltr'><strong>quo</strong></span> <span class='ocrx_word' id='word_1_458' title='bbox 450 3982 626 4044; x_wconf 86' lang='lat' dir='ltr'><strong>modo</strong></span> <span class='ocrx_word' id='word_1_459' title='bbox 659 3990 899 4062; x_wconf 77' lang='lat' dir='ltr'><strong>possent</strong></span> <span class='ocrx_word' id='word_1_460' title='bbox 927 4000 1063 4043; x_wconf 90' lang='lat' dir='ltr'><strong>eum</strong></span> <span class='ocrx_word' id='word_1_461' title='bbox 1101 4000 1134 4042; x_wconf 91' lang='lat' dir='ltr'><strong>e</strong></span> <span class='ocrx_word' id='word_1_462' title='bbox 1190 3982 1337 4042; x_wconf 89' lang='lat' dir='ltr'><strong>mari</strong></span> <span class='ocrx_word' id='word_1_463' title='bbox 1370 3981 1626 4060; x_wconf 87' lang='lat' dir='ltr'><strong>ejectum</strong></span> <span class='ocrx_word' id='word_1_464' title='bbox 1656 3978 1947 4050; x_wconf 86' lang='lat' dir='ltr'><strong>invenire,</strong></span> 
     </span>
    </p>
   </div>
   <div class='ocr_carea' id='block_1_68' title="bbox 303 4065 1947 4154">
    <p class='ocr_par' dir='ltr' id='par_1_68' title="bbox 303 4065 1947 4154">
     <span class='ocr_line' id='line_1_68' title="bbox 303 4065 1947 4154; baseline -0.005 -19"><span class='ocrx_word' id='word_1_465' title='bbox 303 4080 571 4154; x_wconf 90' lang='lat' dir='ltr'><strong>tempore</strong></span> <span class='ocrx_word' id='word_1_466' title='bbox 602 4079 797 4134; x_wconf 91' lang='lat' dir='ltr'><strong>autem</strong></span> <span class='ocrx_word' id='word_1_467' title='bbox 827 4070 1084 4133; x_wconf 86' lang='lat' dir='ltr'><strong>hiberno</strong></span> <span class='ocrx_word' id='word_1_468' title='bbox 1116 4071 1171 4131; x_wconf 91' lang='lat' dir='ltr'><strong>id</strong></span> <span class='ocrx_word' id='word_1_469' title='bbox 1200 4070 1369 4132; x_wconf 90' lang='lat' dir='ltr'><strong>valde</strong></span> <span class='ocrx_word' id='word_1_470' title='bbox 1402 4077 1559 4130; x_wconf 88' lang='lat' dir='ltr'><strong>esset</strong></span> <span class='ocrx_word' id='word_1_471' title='bbox 1590 4065 1895 4127; x_wconf 83' lang='lat' dir='ltr'><strong>turbatum</strong></span> <span class='ocrx_word' id='word_1_472' title='bbox 1933 4087 1947 4126; x_wconf 90' lang='lat'><strong>:</strong></span> 
     </span>
    </p>
   </div>
   <div class='ocr_carea' id='block_1_69' title="bbox 302 4158 1954 4241">
    <p class='ocr_par' dir='ltr' id='par_1_69' title="bbox 302 4158 1954 4241">
     <span class='ocr_line' id='line_1_69' title="bbox 302 4158 1954 4241; baseline -0.005 -17"><span class='ocrx_word' id='word_1_473' title='bbox 302 4162 648 4226; x_wconf 78' lang='lat' dir='ltr'><strong>diuturnum</strong></span> <span class='ocrx_word' id='word_1_474' title='bbox 706 4170 940 4241; x_wconf 89' lang='lat' dir='ltr'><strong>tempus</strong></span> <span class='ocrx_word' id='word_1_475' title='bbox 986 4159 1203 4235; x_wconf 79' lang='lat' dir='ltr'><strong>etfecit,</strong></span> <span class='ocrx_word' id='word_1_476' title='bbox 1240 4168 1306 4221; x_wconf 87' lang='lat' dir='ltr'><strong>ut</strong></span> <span class='ocrx_word' id='word_1_477' title='bbox 1357 4158 1531 4241; x_wconf 87' lang='lat' dir='ltr'><strong>plane</strong></span> <span class='ocrx_word' id='word_1_478' title='bbox 1564 4158 1954 4238; x_wconf 89' lang='lat' dir='ltr'><strong>desperarent</strong></span> 
     </span>
    </p>
   </div>
   <div class='ocr_carea' id='block_1_70' title="bbox 304 4248 1010 4334">
    <p class='ocr_par' dir='ltr' id='par_1_70' title="bbox 304 4248 1010 4334">
     <span class='ocr_line' id='line_1_70' title="bbox 304 4248 1010 4334; baseline 0 -21"><span class='ocrx_word' id='word_1_479' title='bbox 304 4270 370 4313; x_wconf 87' lang='lat' dir='ltr'><strong>se</strong></span> <span class='ocrx_word' id='word_1_480' title='bbox 415 4267 590 4334; x_wconf 87' lang='lat' dir='ltr'><strong>posse</strong></span> <span class='ocrx_word' id='word_1_481' title='bbox 622 4251 677 4312; x_wconf 94' lang='lat' dir='ltr'><strong>id</strong></span> <span class='ocrx_word' id='word_1_482' title='bbox 711 4248 1010 4313; x_wconf 90' lang='lat' dir='ltr'><strong>invenire.</strong></span> 
     </span>
    </p>
   </div>
   <div class='ocr_carea' id='block_1_71' title="bbox 390 4423 2020 4504">
    <p class='ocr_par' dir='ltr' id='par_1_71' title="bbox 390 4423 2020 4504">
     <span class='ocr_line' id='line_1_71' title="bbox 390 4423 2020 4504; baseline -0.001 -15"><span class='ocrx_word' id='word_1_483' title='bbox 390 4427 489 4491; x_wconf 73' lang='grc' dir='ltr'><strong>Π.</strong></span> <span class='ocrx_word' id='word_1_484' title='bbox 522 4428 765 4491; x_wconf 89' lang='lat' dir='ltr'><strong>Interim</strong></span> <span class='ocrx_word' id='word_1_485' title='bbox 790 4447 932 4491; x_wconf 88' lang='lat' dir='ltr'><strong>vero</strong></span> <span class='ocrx_word' id='word_1_486' title='bbox 961 4426 1319 4490; x_wconf 87' lang='lat' dir='ltr'><strong>adveniente</strong></span> <span class='ocrx_word' id='word_1_487' title='bbox 1352 4423 1799 4503; x_wconf 90' lang='lat' dir='ltr'><strong>quintodecimo</strong></span> <span class='ocrx_word' id='word_1_488' title='bbox 1830 4425 1949 4501; x_wconf 89' lang='lat' dir='ltr'><strong>die,</strong></span> <span class='ocrx_word' id='word_1_489' title='bbox 1977 4448 2020 4504; x_wconf 83' lang='grc' dir='ltr'>ο</span> 
     </span>
    </p>
   </div>
   <div class='ocr_carea' id='block_1_72' title="bbox 310 4514 1954 4599">
    <p class='ocr_par' dir='ltr' id='par_1_72' title="bbox 310 4514 1954 4599">
     <span class='ocr_line' id='line_1_72' title="bbox 310 4514 1954 4599; baseline -0.002 -20"><span class='ocrx_word' id='word_1_490' title='bbox 310 4527 539 4598; x_wconf 77' lang='lat' dir='ltr'><strong>martyr</strong></span> <span class='ocrx_word' id='word_1_491' title='bbox 561 4518 618 4579; x_wconf 90' lang='lat' dir='ltr'><strong>in</strong></span> <span class='ocrx_word' id='word_1_492' title='bbox 642 4517 889 4580; x_wconf 91' lang='lat' dir='ltr'><strong>sommis</strong></span> <span class='ocrx_word' id='word_1_493' title='bbox 908 4533 1201 4599; x_wconf 86' lang='lat' dir='ltr'><strong>apparens</strong></span> <span class='ocrx_word' id='word_1_494' title='bbox 1230 4515 1465 4577; x_wconf 89' lang='lat' dir='ltr'><strong>cuidam</strong></span> <span class='ocrx_word' id='word_1_495' title='bbox 1494 4514 1791 4594; x_wconf 77' lang='lat' dir='ltr'><strong>Glycerio,</strong></span> <span class='ocrx_word' id='word_1_496' title='bbox 1814 4532 1954 4594; x_wconf 89' lang='lat' dir='ltr'><strong>ger-</strong></span> 
     </span>
    </p>
   </div>
   <div class='ocr_carea' id='block_1_73' title="bbox 306 4603 1957 4689">
    <p class='ocr_par' dir='ltr' id='par_1_73' title="bbox 306 4603 1957 4689">
     <span class='ocr_line' id='line_1_73' title="bbox 306 4603 1957 4689; baseline -0.003 -19"><span class='ocrx_word' id='word_1_497' title='bbox 306 4625 483 4670; x_wconf 90' lang='lat' dir='ltr'><strong>mano</strong></span> <span class='ocrx_word' id='word_1_498' title='bbox 502 4625 605 4668; x_wconf 89' lang='lat' dir='ltr'><strong>suo</strong></span> <span class='ocrx_word' id='word_1_499' title='bbox 631 4605 1055 4689; x_wconf 80' lang='lat' dir='ltr'><strong>discipulo,qui</strong></span> <span class='ocrx_word' id='word_1_500' title='bbox 1080 4615 1221 4669; x_wconf 90' lang='lat' dir='ltr'><strong>tunc</strong></span> <span class='ocrx_word' id='word_1_501' title='bbox 1246 4603 1597 4667; x_wconf 85' lang='lat' dir='ltr'><strong>versabatur</strong></span> <span class='ocrx_word' id='word_1_502' title='bbox 1625 4603 1686 4666; x_wconf 90' lang='lat' dir='ltr'><strong>in</strong></span> <span class='ocrx_word' id='word_1_503' title='bbox 1711 4604 1957 4682; x_wconf 77' lang='lat' dir='ltr'><strong>regione</strong></span> 
     </span>
    </p>
   </div>
   <div class='ocr_carea' id='block_1_74' title="bbox 307 4692 1953 4770">
    <p class='ocr_par' dir='ltr' id='par_1_74' title="bbox 307 4692 1953 4770">
     <span class='ocr_line' id='line_1_74' title="bbox 307 4692 1953 4770; baseline -0.004 -9"><span class='ocrx_word' id='word_1_504' title='bbox 307 4699 555 4761; x_wconf 84' lang='lat' dir='ltr'><strong>adversa</strong></span> <span class='ocrx_word' id='word_1_505' title='bbox 581 4696 906 4759; x_wconf 87' lang='lat' dir='ltr'><strong>continenti</strong></span> <span class='ocrx_word' id='word_1_506' title='bbox 938 4694 1328 4768; x_wconf 87' lang='lat' dir='ltr'><strong>Nicomediae,</strong></span> <span class='ocrx_word' id='word_1_507' title='bbox 1351 4693 1496 4754; x_wconf 90' lang='lat' dir='ltr'><strong>dicit</strong></span> <span class='ocrx_word' id='word_1_508' title='bbox 1524 4692 1603 4756; x_wconf 89' lang='lat' dir='ltr'><strong>ei:</strong></span> <span class='ocrx_word' id='word_1_509' title='bbox 1635 4692 1682 4757; x_wconf 92' lang='grc' dir='ltr'>Ο</span> <span class='ocrx_word' id='word_1_510' title='bbox 1718 4702 1798 4770; x_wconf 90' lang='lat' dir='ltr'><strong>tu,</strong></span> <span class='ocrx_word' id='word_1_511' title='bbox 1818 4712 1953 4755; x_wconf 92' lang='lat' dir='ltr'><strong>cum</strong></span> 
     </span>
    </p>
   </div>
   <div class='ocr_carea' id='block_1_75' title="bbox 308 4788 1958 4862">
    <p class='ocr_par' dir='ltr' id='par_1_75' title="bbox 308 4788 1958 4862">
     <span class='ocr_line' id='line_1_75' title="bbox 308 4788 1958 4862; baseline -0.003 -13"><span class='ocrx_word' id='word_1_512' title='bbox 308 4794 558 4862; x_wconf 88' lang='lat' dir='ltr'><strong>primum</strong></span> <span class='ocrx_word' id='word_1_513' title='bbox 582 4804 749 4848; x_wconf 88' lang='lat' dir='ltr'><strong>mane</strong></span> <span class='ocrx_word' id='word_1_514' title='bbox 773 4790 1114 4860; x_wconf 79' lang='lat' dir='ltr'><strong>surrexeris,</strong></span> <span class='ocrx_word' id='word_1_515' title='bbox 1138 4789 1228 4846; x_wconf 80' lang='lat' dir='ltr'><strong>abi</strong></span> <span class='ocrx_word' id='word_1_516' title='bbox 1252 4789 1310 4845; x_wconf 93' lang='lat' dir='ltr'><strong>in</strong></span> <span class='ocrx_word' id='word_1_517' title='bbox 1334 4788 1488 4845; x_wconf 89' lang='lat' dir='ltr'><strong>hunc</strong></span> <span class='ocrx_word' id='word_1_518' title='bbox 1521 4788 1709 4845; x_wconf 88' lang='lat' dir='ltr'><strong>locum</strong></span> <span class='ocrx_word' id='word_1_519' title='bbox 1743 4793 1958 4859; x_wconf 83' lang='lat' dir='ltr'><strong>(osten-</strong></span> 
     </span>
    </p>
   </div>
   <div class='ocr_carea' id='block_1_76' title="bbox 309 4870 1952 4956">
    <p class='ocr_par' dir='ltr' id='par_1_76' title="bbox 309 4870 1952 4956">
     <span class='ocr_line' id='line_1_76' title="bbox 309 4870 1952 4956; baseline -0.004 -17"><span class='ocrx_word' id='word_1_520' title='bbox 309 4876 458 4939; x_wconf 90' lang='lat' dir='ltr'><strong>dens</strong></span> <span class='ocrx_word' id='word_1_521' title='bbox 481 4877 674 4938; x_wconf 89' lang='lat' dir='ltr'><strong>locum</strong></span> <span class='ocrx_word' id='word_1_522' title='bbox 708 4874 951 4956; x_wconf 91' lang='lat' dir='ltr'><strong>littoris)</strong></span> <span class='ocrx_word' id='word_1_523' title='bbox 977 4893 997 4950; x_wconf 90' lang='lat'><strong><em>;</em></strong></span> <span class='ocrx_word' id='word_1_524' title='bbox 1029 4883 1088 4936; x_wconf 92' lang='lat' dir='ltr'><strong>te</strong></span> <span class='ocrx_word' id='word_1_525' title='bbox 1119 4873 1299 4946; x_wconf 85' lang='lat' dir='ltr'><strong>enim,</strong></span> <span class='ocrx_word' id='word_1_526' title='bbox 1329 4871 1549 4953; x_wconf 86' lang='lat' dir='ltr'><strong>inquit,</strong></span> <span class='ocrx_word' id='word_1_527' title='bbox 1576 4870 1952 4949; x_wconf 91' lang='lat' dir='ltr'><strong>conveniam,</strong></span> 
     </span>
    </p>
   </div>
   <div class='ocr_carea' id='block_1_77' title="bbox 308 4961 1954 5042">
    <p class='ocr_par' dir='ltr' id='par_1_77' title="bbox 308 4961 1954 5042">
     <span class='ocr_line' id='line_1_77' title="bbox 308 4961 1954 5042; baseline -0.004 -14"><span class='ocrx_word' id='word_1_528' title='bbox 308 4984 441 5028; x_wconf 92' lang='lat' dir='ltr'><strong>cum</strong></span> <span class='ocrx_word' id='word_1_529' title='bbox 465 4965 608 5028; x_wconf 89' lang='lat' dir='ltr'><strong>illuc</strong></span> <span class='ocrx_word' id='word_1_530' title='bbox 626 4962 997 5028; x_wconf 87' lang='lat' dir='ltr'><strong>veneris.Ille</strong></span> <span class='ocrx_word' id='word_1_531' title='bbox 1019 4971 1383 5033; x_wconf 88' lang='lat' dir='ltr'><strong>autem,cum</strong></span> <span class='ocrx_word' id='word_1_532' title='bbox 1411 4961 1695 5042; x_wconf 87' lang='lat' dir='ltr'><strong>primum,</strong></span> <span class='ocrx_word' id='word_1_533' title='bbox 1724 4978 1795 5022; x_wconf 87' lang='lat' dir='ltr'><strong>ex</strong></span> <span class='ocrx_word' id='word_1_534' title='bbox 1826 4980 1954 5022; x_wconf 89' lang='lat' dir='ltr'><strong>ma-</strong></span> 
     </span>
    </p>
   </div>
   <div class='ocr_carea' id='block_1_78' title="bbox 310 5051 1959 5135">
    <p class='ocr_par' dir='ltr' id='par_1_78' title="bbox 310 5051 1959 5135">
     <span class='ocr_line' id='line_1_78' title="bbox 310 5051 1959 5135; baseline -0.004 -18"><span class='ocrx_word' id='word_1_535' title='bbox 310 5074 425 5135; x_wconf 89' lang='lat' dir='ltr'><strong>gna</strong></span> <span class='ocrx_word' id='word_1_536' title='bbox 457 5054 750 5118; x_wconf 84' lang='lat' dir='ltr'><strong>evidentia</strong></span> <span class='ocrx_word' id='word_1_537' title='bbox 793 5063 851 5115; x_wconf 90' lang='lat' dir='ltr'><strong>et</strong></span> <span class='ocrx_word' id='word_1_538' title='bbox 879 5051 1276 5116; x_wconf 85' lang='lat' dir='ltr'><strong>admiratione</strong></span> <span class='ocrx_word' id='word_1_539' title='bbox 1307 5069 1513 5112; x_wconf 92' lang='lat' dir='ltr'><strong>eorum</strong></span> <span class='ocrx_word' id='word_1_540' title='bbox 1558 5068 1693 5131; x_wconf 76' lang='lat' dir='ltr'><strong>quae</strong></span> <span class='ocrx_word' id='word_1_541' title='bbox 1721 5059 1959 5111; x_wconf 82' lang='lat' dir='ltr'><strong>ostensa</strong></span> 
     </span>
    </p>
   </div>
   <div class='ocr_carea' id='block_1_79' title="bbox 312 5138 1957 5219">
    <p class='ocr_par' dir='ltr' id='par_1_79' title="bbox 312 5138 1957 5219">
     <span class='ocr_line' id='line_1_79' title="bbox 312 5138 1957 5219; baseline -0.003 -11"><span class='ocrx_word' id='word_1_542' title='bbox 312 5145 571 5218; x_wconf 77' lang='lat' dir='ltr'><strong>fuerant,</strong></span> <span class='ocrx_word' id='word_1_543' title='bbox 606 5162 740 5206; x_wconf 91' lang='lat' dir='ltr'><strong>cum</strong></span> <span class='ocrx_word' id='word_1_544' title='bbox 767 5161 1011 5205; x_wconf 81' lang='lat' dir='ltr'><strong>somnus</strong></span> <span class='ocrx_word' id='word_1_545' title='bbox 1042 5141 1390 5212; x_wconf 89' lang='lat' dir='ltr'><strong>dimisisset,</strong></span> <span class='ocrx_word' id='word_1_546' title='bbox 1428 5138 1630 5219; x_wconf 88' lang='lat' dir='ltr'><strong>etjam</strong></span> <span class='ocrx_word' id='word_1_547' title='bbox 1664 5138 1790 5201; x_wconf 90' lang='lat' dir='ltr'><strong>dies</strong></span> <span class='ocrx_word' id='word_1_548' title='bbox 1826 5140 1957 5203; x_wconf 85' lang='lat' dir='ltr'><strong>illu-</strong></span> 
     </span>
    </p>
   </div>
   <div class='ocr_carea' id='block_1_80' title="bbox 315 5228 1959 5313">
    <p class='ocr_par' dir='ltr' id='par_1_80' title="bbox 315 5228 1959 5313">
     <span class='ocr_line' id='line_1_80' title="bbox 315 5228 1959 5313; baseline -0.004 -16"><span class='ocrx_word' id='word_1_549' title='bbox 315 5244 609 5310; x_wconf 89' lang='lat' dir='ltr'><strong>cesceret,</strong></span> <span class='ocrx_word' id='word_1_550' title='bbox 633 5239 907 5313; x_wconf 82' lang='lat' dir='ltr'><strong>surgens,</strong></span> <span class='ocrx_word' id='word_1_551' title='bbox 934 5241 992 5293; x_wconf 89' lang='lat' dir='ltr'><strong>et</strong></span> <span class='ocrx_word' id='word_1_552' title='bbox 1014 5228 1301 5311; x_wconf 85' lang='lat' dir='ltr'><strong>quosdam</strong></span> <span class='ocrx_word' id='word_1_553' title='bbox 1338 5228 1508 5308; x_wconf 88' lang='lat' dir='ltr'><strong>alios,</strong></span> <span class='ocrx_word' id='word_1_554' title='bbox 1531 5246 1601 5288; x_wconf 78' lang='lat' dir='ltr'><strong>ex</strong></span> <span class='ocrx_word' id='word_1_555' title='bbox 1625 5228 1735 5307; x_wconf 90' lang='lat' dir='ltr'><strong>piis</strong></span> <span class='ocrx_word' id='word_1_556' title='bbox 1758 5247 1959 5290; x_wconf 85' lang='lat' dir='ltr'><strong>secum</strong></span> 
     </span>
    </p>
   </div>
   <div class='ocr_carea' id='block_1_81' title="bbox 313 5316 1964 5402">
    <p class='ocr_par' dir='ltr' id='par_1_81' title="bbox 313 5316 1964 5402">
     <span class='ocr_line' id='line_1_81' title="bbox 313 5316 1964 5402; baseline -0.004 -17"><span class='ocrx_word' id='word_1_557' title='bbox 313 5340 651 5402; x_wconf 86' lang='lat' dir='ltr'><strong>assumens,</strong></span> <span class='ocrx_word' id='word_1_558' title='bbox 683 5340 818 5383; x_wconf 92' lang='lat' dir='ltr'><strong>cum</strong></span> <span class='ocrx_word' id='word_1_559' title='bbox 870 5321 958 5383; x_wconf 90' lang='lat' dir='ltr'><strong>eis</strong></span> <span class='ocrx_word' id='word_1_560' title='bbox 985 5318 1149 5381; x_wconf 91' lang='lat' dir='ltr'><strong>venit</strong></span> <span class='ocrx_word' id='word_1_561' title='bbox 1193 5319 1250 5379; x_wconf 90' lang='lat' dir='ltr'><strong>in</strong></span> <span class='ocrx_word' id='word_1_562' title='bbox 1307 5316 1642 5396; x_wconf 90' lang='lat' dir='ltr'><strong>locum,qui</strong></span> <span class='ocrx_word' id='word_1_563' title='bbox 1673 5316 1863 5378; x_wconf 78' lang='lat' dir='ltr'><strong>fuerat</strong></span> <span class='ocrx_word' id='word_1_564' title='bbox 1909 5319 1964 5379; x_wconf 90' lang='lat' dir='ltr'><strong>ei</strong></span> 
     </span>
    </p>
   </div>
   <div class='ocr_carea' id='block_1_82' title="bbox 315 5403 1963 5490">
    <p class='ocr_par' dir='ltr' id='par_1_82' title="bbox 315 5403 1963 5490">
     <span class='ocr_line' id='line_1_82' title="bbox 315 5403 1963 5490; baseline -0.001 -18"><span class='ocrx_word' id='word_1_565' title='bbox 315 5409 778 5490; x_wconf 81' lang='lat' dir='ltr'><strong>signiﬁcatus.ln</strong></span> <span class='ocrx_word' id='word_1_566' title='bbox 799 5429 870 5471; x_wconf 92' lang='lat' dir='ltr'><strong>eo</strong></span> <span class='ocrx_word' id='word_1_567' title='bbox 889 5417 1084 5471; x_wconf 90' lang='lat' dir='ltr'><strong>autem</strong></span> <span class='ocrx_word' id='word_1_568' title='bbox 1106 5408 1319 5487; x_wconf 86' lang='lat' dir='ltr'><strong>ingens</strong></span> <span class='ocrx_word' id='word_1_569' title='bbox 1339 5403 1661 5485; x_wconf 87' lang='lat' dir='ltr'><strong>delphinus</strong></span> <span class='ocrx_word' id='word_1_570' title='bbox 1682 5409 1963 5470; x_wconf 76' lang='lat' dir='ltr'><strong>ascende-</strong></span> 
     </span>
    </p>
   </div>
   <div class='ocr_carea' id='block_1_83' title="bbox 313 5495 1961 5578">
    <p class='ocr_par' dir='ltr' id='par_1_83' title="bbox 313 5495 1961 5578">
     <span class='ocr_line' id='line_1_83' title="bbox 313 5495 1961 5578; baseline -0.003 -17"><span class='ocrx_word' id='word_1_571' title='bbox 313 5497 414 5561; x_wconf 87' lang='lat' dir='ltr'><strong>bat</strong></span> <span class='ocrx_word' id='word_1_572' title='bbox 439 5517 471 5560; x_wconf 91' lang='lat' dir='ltr'><strong>e</strong></span> <span class='ocrx_word' id='word_1_573' title='bbox 497 5498 671 5573; x_wconf 89' lang='lat' dir='ltr'><strong>mari,</strong></span> <span class='ocrx_word' id='word_1_574' title='bbox 695 5499 819 5578; x_wconf 89' lang='lat' dir='ltr'><strong>jam</strong></span> <span class='ocrx_word' id='word_1_575' title='bbox 841 5516 910 5559; x_wconf 84' lang='lat' dir='ltr'><strong>ex</strong></span> <span class='ocrx_word' id='word_1_576' title='bbox 933 5516 1003 5559; x_wconf 90' lang='lat' dir='ltr'><strong>eo</strong></span> <span class='ocrx_word' id='word_1_577' title='bbox 1024 5514 1356 5577; x_wconf 89' lang='lat' dir='ltr'><strong>emergens:</strong></span> <span class='ocrx_word' id='word_1_578' title='bbox 1380 5495 1483 5576; x_wconf 90' lang='lat' dir='ltr'><strong>qui</strong></span> <span class='ocrx_word' id='word_1_579' title='bbox 1505 5511 1641 5556; x_wconf 91' lang='lat' dir='ltr'><strong>cum</strong></span> <span class='ocrx_word' id='word_1_580' title='bbox 1673 5504 1833 5556; x_wconf 76' lang='lat' dir='ltr'><strong>esset</strong></span> <span class='ocrx_word' id='word_1_581' title='bbox 1854 5514 1961 5557; x_wconf 77' lang='lat' dir='ltr'><strong>cx-</strong></span> 
     </span>
    </p>
   </div>
   <div class='ocr_carea' id='block_1_84' title="bbox 314 5582 1962 5681">
    <p class='ocr_par' dir='ltr' id='par_1_84' title="bbox 314 5582 1962 5681">
     <span class='ocr_line' id='line_1_84' title="bbox 314 5582 1962 5681; baseline 0.001 -32"><span class='ocrx_word' id='word_1_582' title='bbox 314 5605 521 5681; x_wconf 54' lang='lat' dir='ltr'><strong>tensus</strong></span> <span class='ocrx_word' id='word_1_583' title='bbox 541 5605 722 5670; x_wconf 81' lang='lat' dir='ltr'><strong>super</strong></span> <span class='ocrx_word' id='word_1_584' title='bbox 743 5604 908 5671; x_wconf 78' lang='lat' dir='ltr'><strong>aquae</strong></span> <span class='ocrx_word' id='word_1_585' title='bbox 927 5583 1503 5668; x_wconf 72' lang='lat' dir='ltr'><strong>superficiem,valde</strong></span> <span class='ocrx_word' id='word_1_586' title='bbox 1524 5582 1868 5664; x_wconf 87' lang='lat' dir='ltr'><strong>spirabat,et</strong></span> <span class='ocrx_word' id='word_1_587' title='bbox 1888 5585 1962 5649; x_wconf 92' lang='lat' dir='ltr'><strong>ad</strong></span> 
     </span>
    </p>
   </div>
   <div class='ocr_carea' id='block_1_85' title="bbox 2033 3269 3677 3352">
    <p class='ocr_par' dir='ltr' id='par_1_85' title="bbox 2033 3269 3677 3352">
     <span class='ocr_line' id='line_1_85' title="bbox 2033 3269 3677 3352; baseline 0.001 -27"><span class='ocrx_word' id='word_1_588' title='bbox 2033 3271 2315 3345; x_wconf 69' lang='grc' dir='ltr'>σαμένους,</span> <span class='ocrx_word' id='word_1_589' title='bbox 2356 3270 2432 3325; x_wconf 73' lang='grc' dir='ltr'>ἵν’</span> <span class='ocrx_word' id='word_1_590' title='bbox 2484 3269 2806 3351; x_wconf 76' lang='grc' dir='ltr'>ὑποϐρύχιος</span> <span class='ocrx_word' id='word_1_591' title='bbox 2863 3274 3173 3351; x_wconf 72' lang='grc' dir='ltr'>ἀφανισθείη</span> <span class='ocrx_word' id='word_1_592' title='bbox 3227 3274 3535 3352; x_wconf 87' lang='grc' dir='ltr'>γενόμενος,</span> <span class='ocrx_word' id='word_1_593' title='bbox 3582 3272 3677 3328; x_wconf 82' lang='grc' dir='ltr'>καί</span> 
     </span>
    </p>
   </div>
   <div class='ocr_carea' id='block_1_86' title="bbox 2036 3358 3677 3441">
    <p class='ocr_par' dir='ltr' id='par_1_86' title="bbox 2036 3358 3677 3441">
     <span class='ocr_line' id='line_1_86' title="bbox 2036 3358 3677 3441; baseline 0.002 -26"><span class='ocrx_word' id='word_1_594' title='bbox 2036 3358 2300 3435; x_wconf 82' lang='grc' dir='ltr'>μηδεμιᾶς</span> <span class='ocrx_word' id='word_1_595' title='bbox 2352 3362 2379 3416; x_wconf 84' lang='grc' dir='ltr'>ὁ</span> <span class='ocrx_word' id='word_1_596' title='bbox 2410 3362 2592 3438; x_wconf 80' lang='grc' dir='ltr'>νεκρὸς</span> <span class='ocrx_word' id='word_1_597' title='bbox 2643 3365 2799 3420; x_wconf 73' lang='grc' dir='ltr'>αὐτοῦ</span> <span class='ocrx_word' id='word_1_598' title='bbox 2830 3362 3022 3441; x_wconf 72' lang='grc' dir='ltr'>ταφῆς,</span> <span class='ocrx_word' id='word_1_599' title='bbox 3056 3361 3090 3430; x_wconf 74' lang='grc' dir='ltr'>ἦ</span> <span class='ocrx_word' id='word_1_600' title='bbox 3136 3385 3278 3427; x_wconf 89' lang='grc' dir='ltr'>τινος</span> <span class='ocrx_word' id='word_1_601' title='bbox 3324 3362 3490 3429; x_wconf 74' lang='grc' dir='ltr'>ἄλλης</span> <span class='ocrx_word' id='word_1_602' title='bbox 3518 3366 3677 3441; x_wconf 89' lang='grc' dir='ltr'>θερα-</span> 
     </span>
    </p>
   </div>
   <div class='ocr_carea' id='block_1_87' title="bbox 2035 3447 3681 3530">
    <p class='ocr_par' dir='ltr' id='par_1_87' title="bbox 2035 3447 3681 3530">
     <span class='ocr_line' id='line_1_87' title="bbox 2035 3447 3681 3530; baseline 0.001 -25"><span class='ocrx_word' id='word_1_603' title='bbox 2035 3450 2186 3512; x_wconf 89' lang='grc' dir='ltr'>πείας</span> <span class='ocrx_word' id='word_1_604' title='bbox 2243 3447 2516 3515; x_wconf 86' lang='grc' dir='ltr'>δ·›ννηθείη</span> <span class='ocrx_word' id='word_1_605' title='bbox 2566 3464 2780 3530; x_wconf 75' lang='grc' dir='ltr'>τυχεῖν.</span> <span class='ocrx_word' id='word_1_606' title='bbox 2846 3451 2947 3509; x_wconf 62' lang='grc' dir='ltr'><strong>Ὀν</strong></span> <span class='ocrx_word' id='word_1_607' title='bbox 2991 3451 3087 3527; x_wconf 81' lang='grc' dir='ltr'>μὲν</span> <span class='ocrx_word' id='word_1_608' title='bbox 3157 3452 3246 3510; x_wconf 80' lang='grc' dir='ltr'><strong>οὗν</strong></span> <span class='ocrx_word' id='word_1_609' title='bbox 3302 3453 3357 3509; x_wconf 82' lang='grc' dir='ltr'><strong>ἐν</strong></span> <span class='ocrx_word' id='word_1_610' title='bbox 3409 3457 3486 3526; x_wconf 81' lang='grc' dir='ltr'><strong>τῷ</strong></span> <span class='ocrx_word' id='word_1_611' title='bbox 3541 3453 3681 3529; x_wconf 84' lang='grc' dir='ltr'><strong>βυθῷ</strong></span> 
     </span>
    </p>
   </div>
   <div class='ocr_carea' id='block_1_88' title="bbox 2034 3536 3679 3620">
    <p class='ocr_par' dir='ltr' id='par_1_88' title="bbox 2034 3536 3679 3620">
     <span class='ocr_line' id='line_1_88' title="bbox 2034 3536 3679 3620; baseline 0.001 -25"><span class='ocrx_word' id='word_1_612' title='bbox 2034 3559 2285 3616; x_wconf 85' lang='grc' dir='ltr'>τεσσαρες</span> <span class='ocrx_word' id='word_1_613' title='bbox 2337 3537 2434 3593; x_wconf 81' lang='grc' dir='ltr'>καῗ</span> <span class='ocrx_word' id='word_1_614' title='bbox 2491 3536 2716 3603; x_wconf 80' lang='grc' dir='ltr'>δεκατὰς</span> <span class='ocrx_word' id='word_1_615' title='bbox 2773 3537 2898 3604; x_wconf 70' lang='grc' dir='ltr'>ὅλας</span> <span class='ocrx_word' id='word_1_616' title='bbox 2973 3539 3196 3618; x_wconf 78' lang='grc' dir='ltr'>ἡμέρας,</span> <span class='ocrx_word' id='word_1_617' title='bbox 3258 3540 3313 3596; x_wconf 85' lang='grc' dir='ltr'><strong>ἐν</strong></span> <span class='ocrx_word' id='word_1_618' title='bbox 3370 3539 3520 3606; x_wconf 80' lang='grc' dir='ltr'>ὅσαις</span> <span class='ocrx_word' id='word_1_619' title='bbox 3581 3562 3679 3620; x_wconf 83' lang='grc' dir='ltr'><strong>περ</strong></span> 
     </span>
    </p>
   </div>
   <div class='ocr_carea' id='block_1_89' title="bbox 2035 3626 3677 3706">
    <p class='ocr_par' dir='ltr' id='par_1_89' title="bbox 2035 3626 3677 3706">
     <span class='ocr_line' id='line_1_89' title="bbox 2035 3626 3677 3706; baseline 0.003 -26"><span class='ocrx_word' id='word_1_620' title='bbox 2035 3629 2103 3693; x_wconf 79' lang='grc' dir='ltr'><strong>ἧν</strong></span> <span class='ocrx_word' id='word_1_621' title='bbox 2134 3628 2221 3682; x_wconf 83' lang='grc' dir='ltr'><strong>καὶ</strong></span> <span class='ocrx_word' id='word_1_622' title='bbox 2267 3626 2318 3681; x_wconf 89' lang='grc' dir='ltr'><strong>ἐν</strong></span> <span class='ocrx_word' id='word_1_623' title='bbox 2354 3633 2420 3703; x_wconf 77' lang='grc' dir='ltr'><strong>τῇ</strong></span> <span class='ocrx_word' id='word_1_624' title='bbox 2478 3629 2658 3706; x_wconf 74' lang='grc' dir='ltr'>εἱρκτῇ</span> <span class='ocrx_word' id='word_1_625' title='bbox 2690 3629 2821 3704; x_wconf 86' lang='grc' dir='ltr'>πρὸς</span> <span class='ocrx_word' id='word_1_626' title='bbox 2875 3629 2940 3685; x_wconf 79' lang='grc' dir='ltr'>τὰ</span> <span class='ocrx_word' id='word_1_627' title='bbox 2988 3628 3201 3686; x_wconf 81' lang='grc' dir='ltr'>ποικίλα</span> <span class='ocrx_word' id='word_1_628' title='bbox 3248 3630 3390 3696; x_wconf 67' lang='grc' dir='ltr'>πάθη</span> <span class='ocrx_word' id='word_1_629' title='bbox 3421 3636 3514 3686; x_wconf 78' lang='grc' dir='ltr'>τοῦ</span> <span class='ocrx_word' id='word_1_630' title='bbox 3567 3630 3677 3685; x_wconf 62' lang='lat' dir='ltr'><strong>oc!)-</strong></span> 
     </span>
    </p>
   </div>
   <div class='ocr_carea' id='block_1_90' title="bbox 2036 3713 3677 3799">
    <p class='ocr_par' dir='ltr' id='par_1_90' title="bbox 2036 3713 3677 3799">
     <span class='ocr_line' id='line_1_90' title="bbox 2036 3713 3677 3799; baseline 0.001 -27"><span class='ocrx_word' id='word_1_631' title='bbox 2036 3738 2205 3792; x_wconf 85' lang='grc' dir='ltr'>ματος</span> <span class='ocrx_word' id='word_1_632' title='bbox 2263 3713 2723 3794; x_wconf 74' lang='grc' dir='ltr'>διαγωνιζόμενος.</span> <span class='ocrx_word' id='word_1_633' title='bbox 2759 3718 2836 3785; x_wconf 74' lang='grc' dir='ltr'>Τῖι</span> <span class='ocrx_word' id='word_1_634' title='bbox 2895 3717 2949 3772; x_wconf 80' lang='grc' dir='ltr'>δὲ</span> <span class='ocrx_word' id='word_1_635' title='bbox 2993 3716 3444 3795; x_wconf 74' lang='grc' dir='ltr'>πεντεκαιδεκάτῃ</span> <span class='ocrx_word' id='word_1_636' title='bbox 3501 3716 3677 3799; x_wconf 54' lang='grc' dir='ltr'>δελφὶς</span> 
     </span>
    </p>
   </div>
   <div class='ocr_carea' id='block_1_91' title="bbox 2036 3804 3671 3887">
    <p class='ocr_par' dir='ltr' id='par_1_91' title="bbox 2036 3804 3671 3887">
     <span class='ocr_line' id='line_1_91' title="bbox 2036 3804 3671 3887; baseline 0.001 -26"><span class='ocrx_word' id='word_1_637' title='bbox 2036 3805 2192 3862; x_wconf 70' lang='grc' dir='ltr'>αὐτὸν</span> <span class='ocrx_word' id='word_1_638' title='bbox 2248 3804 2553 3880; x_wconf 73' lang='grc' dir='ltr'>ἐξεκόμισεν</span> <span class='ocrx_word' id='word_1_639' title='bbox 2596 3806 2682 3861; x_wconf 86' lang='grc' dir='ltr'><strong>ἐπὶ</strong></span> <span class='ocrx_word' id='word_1_640' title='bbox 2739 3807 2798 3862; x_wconf 79' lang='grc' dir='ltr'>τὸ</span> <span class='ocrx_word' id='word_1_641' title='bbox 2834 3805 3013 3885; x_wconf 76' lang='grc' dir='ltr'>ξηρὸν,</span> <span class='ocrx_word' id='word_1_642' title='bbox 3066 3815 3252 3866; x_wconf 83' lang='grc' dir='ltr'>τοῦτον</span> <span class='ocrx_word' id='word_1_643' title='bbox 3304 3809 3395 3864; x_wconf 78' lang='grc' dir='ltr'><strong>τὸν</strong></span> <span class='ocrx_word' id='word_1_644' title='bbox 3451 3807 3671 3887; x_wconf 78' lang='grc' dir='ltr'>τρόπον·</span> 
     </span>
    </p>
   </div>
   <div class='ocr_carea' id='block_1_92' title="bbox 2033 3892 3672 3975">
    <p class='ocr_par' dir='ltr' id='par_1_92' title="bbox 2033 3892 3672 3975">
     <span class='ocr_line' id='line_1_92' title="bbox 2033 3892 3672 3975; baseline 0.003 -28"><span class='ocrx_word' id='word_1_645' title='bbox 2033 3894 2140 3947; x_wconf 82' lang='grc' dir='ltr'>τῶν</span> <span class='ocrx_word' id='word_1_646' title='bbox 2198 3896 2450 3967; x_wconf 84' lang='grc' dir='ltr'>μαθητῶν</span> <span class='ocrx_word' id='word_1_647' title='bbox 2499 3892 2658 3951; x_wconf 78' lang='grc' dir='ltr'><strong>αὖτοῦ</strong></span> <span class='ocrx_word' id='word_1_648' title='bbox 2689 3896 2801 3972; x_wconf 84' lang='grc' dir='ltr'><strong>περῖ</strong></span> <span class='ocrx_word' id='word_1_649' title='bbox 2833 3895 2922 3960; x_wconf 82' lang='grc' dir='ltr'><strong>τὰς</strong></span> <span class='ocrx_word' id='word_1_650' title='bbox 2979 3894 3143 3960; x_wconf 83' lang='grc' dir='ltr'>ἀκτὰς</span> <span class='ocrx_word' id='word_1_651' title='bbox 3194 3896 3429 3960; x_wconf 82' lang='grc' dir='ltr'>καὶτοὺς</span> <span class='ocrx_word' id='word_1_652' title='bbox 3492 3898 3672 3975; x_wconf 84' lang='grc' dir='ltr'>αἰγια-</span> 
     </span>
    </p>
   </div>
   <div class='ocr_carea' id='block_1_93' title="bbox 2035 3979 3674 4063">
    <p class='ocr_par' dir='ltr' id='par_1_93' title="bbox 2035 3979 3674 4063">
     <span class='ocr_line' id='line_1_93' title="bbox 2035 3979 3674 4063; baseline 0.002 -28"><span class='ocrx_word' id='word_1_653' title='bbox 2035 3979 2156 4042; x_wconf 86' lang='grc' dir='ltr'>λοὺς</span> <span class='ocrx_word' id='word_1_654' title='bbox 2218 3980 2392 4036; x_wconf 79' lang='grc' dir='ltr'>ἄλλων</span> <span class='ocrx_word' id='word_1_655' title='bbox 2464 3980 2603 4059; x_wconf 76' lang='grc' dir='ltr'>ἄλλῃ</span> <span class='ocrx_word' id='word_1_656' title='bbox 2665 3980 3058 4063; x_wconf 76' lang='grc' dir='ltr'>διατριϐόντων,</span> <span class='ocrx_word' id='word_1_657' title='bbox 3104 3983 3158 4040; x_wconf 77' lang='grc' dir='ltr'>εἴ</span> <span class='ocrx_word' id='word_1_658' title='bbox 3228 4007 3327 4041; x_wconf 89' lang='grc' dir='ltr'><strong>που</strong></span> <span class='ocrx_word' id='word_1_659' title='bbox 3401 3983 3674 4053; x_wconf 79' lang='grc' dir='ltr'>δυνηθεῖεν</span> 
     </span>
    </p>
   </div>
   <div class='ocr_carea' id='block_1_94' title="bbox 2036 4070 3676 4153">
    <p class='ocr_par' dir='ltr' id='par_1_94' title="bbox 2036 4070 3676 4153">
     <span class='ocr_line' id='line_1_94' title="bbox 2036 4070 3676 4153; baseline 0.003 -28"><span class='ocrx_word' id='word_1_660' title='bbox 2036 4071 2191 4126; x_wconf 72' lang='grc' dir='ltr'>αὐτὸν</span> <span class='ocrx_word' id='word_1_661' title='bbox 2276 4070 2675 4129; x_wconf 68' lang='grc' dir='ltr'>ἀποπτυσθέντα</span> <span class='ocrx_word' id='word_1_662' title='bbox 2758 4077 2859 4139; x_wconf 77' lang='grc' dir='ltr'><strong>τῆς</strong></span> <span class='ocrx_word' id='word_1_663' title='bbox 2938 4073 3209 4141; x_wconf 83' lang='grc' dir='ltr'>θαλάσσης</span> <span class='ocrx_word' id='word_1_664' title='bbox 3281 4075 3545 4153; x_wconf 80' lang='grc' dir='ltr'>ἀνευρεϊο’</span> <span class='ocrx_word' id='word_1_665' title='bbox 3619 4077 3676 4131; x_wconf 77' lang='grc' dir='ltr'><strong>ἐν</strong></span> 
     </span>
    </p>
   </div>
   <div class='ocr_carea' id='block_1_95' title="bbox 2034 4157 3676 4240">
    <p class='ocr_par' dir='ltr' id='par_1_95' title="bbox 2034 4157 3676 4240">
     <span class='ocr_line' id='line_1_95' title="bbox 2034 4157 3676 4240; baseline 0.002 -25"><span class='ocrx_word' id='word_1_666' title='bbox 2034 4157 2146 4235; x_wconf 73' lang='grc' dir='ltr'><strong>ὥρᾳ</strong></span> <span class='ocrx_word' id='word_1_667' title='bbox 2228 4161 2495 4238; x_wconf 83' lang='grc' dir='ltr'>χειμερίῳ</span> <span class='ocrx_word' id='word_1_668' title='bbox 2551 4158 2788 4240; x_wconf 73' lang='grc' dir='ltr'>σφοδρῶς</span> <span class='ocrx_word' id='word_1_669' title='bbox 2861 4160 3319 4240; x_wconf 75' lang='grc' dir='ltr'>ἐκταραττομένης</span> <span class='ocrx_word' id='word_1_670' title='bbox 3398 4164 3585 4238; x_wconf 74' lang='grc' dir='ltr'>αὐτῆς,</span> <span class='ocrx_word' id='word_1_671' title='bbox 3648 4164 3676 4218; x_wconf 78' lang='grc' dir='ltr'><strong>ὃ</strong></span> 
     </span>
    </p>
   </div>
   <div class='ocr_carea' id='block_1_96' title="bbox 2036 4247 3676 4330">
    <p class='ocr_par' dir='ltr' id='par_1_96' title="bbox 2036 4247 3676 4330">
     <span class='ocr_line' id='line_1_96' title="bbox 2036 4247 3676 4330; baseline 0.004 -27"><span class='ocrx_word' id='word_1_672' title='bbox 2036 4247 2230 4327; x_wconf 81' lang='grc' dir='ltr'>χρόνος</span> <span class='ocrx_word' id='word_1_673' title='bbox 2291 4250 2735 4325; x_wconf 80' lang='grc' dir='ltr'>παρατεινόμενος</span> <span class='ocrx_word' id='word_1_674' title='bbox 2767 4250 3070 4330; x_wconf 77' lang='grc' dir='ltr'>ἀπογνῶναι</span> <span class='ocrx_word' id='word_1_675' title='bbox 3123 4252 3334 4317; x_wconf 64' lang='grc' dir='ltr'>τούτους</span> <span class='ocrx_word' id='word_1_676' title='bbox 3365 4252 3461 4320; x_wconf 75' lang='grc' dir='ltr'>τὴν</span> <span class='ocrx_word' id='word_1_677' title='bbox 3520 4253 3676 4310; x_wconf 82' lang='grc' dir='ltr'>ἀνεύ-</span> 
     </span>
    </p>
   </div>
   <div class='ocr_carea' id='block_1_97' title="bbox 2037 4339 2632 4416">
    <p class='ocr_par' dir='ltr' id='par_1_97' title="bbox 2037 4339 2632 4416">
     <span class='ocr_line' id='line_1_97' title="bbox 2037 4339 2632 4416; baseline 0.005 -24"><span class='ocrx_word' id='word_1_678' title='bbox 2037 4358 2181 4415; x_wconf 90' lang='grc' dir='ltr'>ρεσιν</span> <span class='ocrx_word' id='word_1_679' title='bbox 2224 4339 2632 4416; x_wconf 83' lang='grc' dir='ltr'>παρεσκεύαζεν.</span> 
     </span>
    </p>
   </div>
   <div class='ocr_carea' id='block_1_98' title="bbox 2119 4424 3680 4508">
    <p class='ocr_par' dir='ltr' id='par_1_98' title="bbox 2119 4424 3680 4508">
     <span class='ocr_line' id='line_1_98' title="bbox 2119 4424 3680 4508; baseline 0.004 -28"><span class='ocrx_word' id='word_1_680' title='bbox 2119 4424 2213 4496; x_wconf 85' lang='grc' dir='ltr'>ιζ’.</span> <span class='ocrx_word' id='word_1_681' title='bbox 2249 4424 2339 4483; x_wconf 84' lang='grc' dir='ltr'>Ἐν</span> <span class='ocrx_word' id='word_1_682' title='bbox 2370 4428 2539 4501; x_wconf 75' lang='grc' dir='ltr'>τούτῳ</span> <span class='ocrx_word' id='word_1_683' title='bbox 2596 4426 2649 4483; x_wconf 82' lang='grc' dir='ltr'>δὲ</span> <span class='ocrx_word' id='word_1_684' title='bbox 2688 4429 2775 4485; x_wconf 81' lang='grc' dir='ltr'><strong>καὶ</strong></span> <span class='ocrx_word' id='word_1_685' title='bbox 2826 4433 2923 4495; x_wconf 79' lang='grc' dir='ltr'>τῆς</span> <span class='ocrx_word' id='word_1_686' title='bbox 2956 4427 3431 4497; x_wconf 83' lang='grc' dir='ltr'>πεντεκαιδεκάτης</span> <span class='ocrx_word' id='word_1_687' title='bbox 3479 4429 3680 4508; x_wconf 80' lang='grc' dir='ltr'>ἡμέρας</span> 
     </span>
    </p>
   </div>
   <div class='ocr_carea' id='block_1_99' title="bbox 2038 4515 3682 4598">
    <p class='ocr_par' dir='ltr' id='par_1_99' title="bbox 2038 4515 3682 4598">
     <span class='ocr_line' id='line_1_99' title="bbox 2038 4515 3682 4598; baseline 0.001 -25"><span class='ocrx_word' id='word_1_688' title='bbox 2038 4516 2418 4596; x_wconf 75' lang='grc' dir='ltr'>ἐφισταμένης,</span> <span class='ocrx_word' id='word_1_689' title='bbox 2471 4517 2595 4595; x_wconf 79' lang='grc' dir='ltr'>ὄναρ</span> <span class='ocrx_word' id='word_1_690' title='bbox 2640 4515 2906 4598; x_wconf 60' lang='grc' dir='ltr'>ἐπιφανεῖς</span> <span class='ocrx_word' id='word_1_691' title='bbox 2957 4520 2984 4574; x_wconf 86' lang='grc' dir='ltr'>ὁ</span> <span class='ocrx_word' id='word_1_692' title='bbox 3040 4519 3238 4597; x_wconf 86' lang='grc' dir='ltr'>μάρτυς</span> <span class='ocrx_word' id='word_1_693' title='bbox 3288 4524 3366 4592; x_wconf 83' lang='grc' dir='ltr'><strong>τῷ</strong></span> <span class='ocrx_word' id='word_1_694' title='bbox 3423 4517 3682 4594; x_wconf 84' lang='grc' dir='ltr'>Γλυκερίῳ</span> 
     </span>
    </p>
   </div>
   <div class='ocr_carea' id='block_1_100' title="bbox 2037 4607 3679 4686">
    <p class='ocr_par' dir='ltr' id='par_1_100' title="bbox 2037 4607 3679 4686">
     <span class='ocr_line' id='line_1_100' title="bbox 2037 4607 3679 4686; baseline 0.001 -24"><span class='ocrx_word' id='word_1_695' title='bbox 2037 4607 2137 4662; x_wconf 76' lang='grc' dir='ltr'>τινὶ</span> <span class='ocrx_word' id='word_1_696' title='bbox 2193 4611 2299 4662; x_wconf 83' lang='grc' dir='ltr'><strong>τῶν</strong></span> <span class='ocrx_word' id='word_1_697' title='bbox 2330 4607 2563 4683; x_wconf 80' lang='grc' dir='ltr'>γνησίων</span> <span class='ocrx_word' id='word_1_698' title='bbox 2622 4610 2781 4666; x_wconf 71' lang='grc' dir='ltr'>αὒτοῦ</span> <span class='ocrx_word' id='word_1_699' title='bbox 2810 4613 3097 4686; x_wconf 77' lang='grc' dir='ltr'>φοιτητὼν,</span> <span class='ocrx_word' id='word_1_700' title='bbox 3132 4607 3225 4665; x_wconf 78' lang='grc' dir='ltr'><strong>ἐπῖ</strong></span> <span class='ocrx_word' id='word_1_701' title='bbox 3277 4608 3371 4675; x_wconf 75' lang='grc' dir='ltr'>τῆς</span> <span class='ocrx_word' id='word_1_702' title='bbox 3402 4608 3679 4684; x_wconf 79' lang='grc' dir='ltr'>ἀντιπέρας</span> 
     </span>
    </p>
   </div>
   <div class='ocr_carea' id='block_1_101' title="bbox 2038 4694 3672 4775">
    <p class='ocr_par' dir='ltr' id='par_1_101' title="bbox 2038 4694 3672 4775">
     <span class='ocr_line' id='line_1_101' title="bbox 2038 4694 3672 4775; baseline 0 -24"><span class='ocrx_word' id='word_1_703' title='bbox 2038 4697 2169 4773; x_wconf 82' lang='grc' dir='ltr'>πρὸς</span> <span class='ocrx_word' id='word_1_704' title='bbox 2226 4695 2325 4762; x_wconf 75' lang='grc' dir='ltr'>τὴν</span> <span class='ocrx_word' id='word_1_705' title='bbox 2383 4695 2740 4770; x_wconf 78' lang='grc' dir='ltr'>Νικομήδειαν</span> <span class='ocrx_word' id='word_1_706' title='bbox 2795 4696 3016 4775; x_wconf 77' lang='grc' dir='ltr'>ἠπείρου</span> <span class='ocrx_word' id='word_1_707' title='bbox 3069 4698 3367 4763; x_wconf 80' lang='grc' dir='ltr'>τηνικαῦτά</span> <span class='ocrx_word' id='word_1_708' title='bbox 3406 4696 3501 4764; x_wconf 63' lang='grc' dir='ltr'>τὴν</span> <span class='ocrx_word' id='word_1_709' title='bbox 3556 4694 3672 4752; x_wconf 87' lang='grc' dir='ltr'>δια-</span> 
     </span>
    </p>
   </div>
   <div class='ocr_carea' id='block_1_102' title="bbox 2038 4783 3683 4865">
    <p class='ocr_par' dir='ltr' id='par_1_102' title="bbox 2038 4783 3683 4865">
     <span class='ocr_line' id='line_1_102' title="bbox 2038 4783 3683 4865; baseline 0.001 -24"><span class='ocrx_word' id='word_1_710' title='bbox 2038 4783 2224 4863; x_wconf 74' lang='grc' dir='ltr'>τριϐὴν</span> <span class='ocrx_word' id='word_1_711' title='bbox 2309 4783 2630 4863; x_wconf 76' lang='grc' dir='ltr'>ποιουμένῳ,</span> <span class='ocrx_word' id='word_1_712' title='bbox 2703 4786 2833 4865; x_wconf 77' lang='grc' dir='ltr'><strong>φησί</strong></span> <span class='ocrx_word' id='word_1_713' title='bbox 2904 4788 3034 4864; x_wconf 81' lang='grc' dir='ltr'>πρὸς</span> <span class='ocrx_word' id='word_1_714' title='bbox 3121 4787 3299 4844; x_wconf 73' lang='grc' dir='ltr'>αὐτόν’</span> <span class='ocrx_word' id='word_1_715' title='bbox 3361 4787 3580 4860; x_wconf 74' lang='grc' dir='ltr'>Αύτίκα,</span> <span class='ocrx_word' id='word_1_716' title='bbox 3637 4787 3683 4843; x_wconf 82' lang='grc' dir='ltr'>ὦ</span> 
     </span>
    </p>
   </div>
   <div class='ocr_carea' id='block_1_103' title="bbox 2039 4873 3684 4957">
    <p class='ocr_par' dir='ltr' id='par_1_103' title="bbox 2039 4873 3684 4957">
     <span class='ocr_line' id='line_1_103' title="bbox 2039 4873 3684 4957; baseline 0.004 -26"><span class='ocrx_word' id='word_1_717' title='bbox 2039 4878 2212 4954; x_wconf 74' lang='grc' dir='ltr'>οὗτος,</span> <span class='ocrx_word' id='word_1_718' title='bbox 2248 4873 2408 4931; x_wconf 78' lang='grc' dir='ltr'>ἕωθεν</span> <span class='ocrx_word' id='word_1_719' title='bbox 2465 4874 2693 4938; x_wconf 79' lang='grc' dir='ltr'>ἀναστὰς</span> <span class='ocrx_word' id='word_1_720' title='bbox 2738 4877 2810 4938; x_wconf 88' lang='grc' dir='ltr'>εἷς</span> <span class='ocrx_word' id='word_1_721' title='bbox 2855 4874 2971 4932; x_wconf 85' lang='grc' dir='ltr'>τόδε</span> <span class='ocrx_word' id='word_1_722' title='bbox 3003 4877 3064 4933; x_wconf 80' lang='grc' dir='ltr'>τὸ</span> <span class='ocrx_word' id='word_1_723' title='bbox 3115 4878 3317 4956; x_wconf 77' lang='grc' dir='ltr'>χωρίον</span> <span class='ocrx_word' id='word_1_724' title='bbox 3356 4876 3502 4935; x_wconf 78' lang='grc' dir='ltr'>ἄπιθι</span> <span class='ocrx_word' id='word_1_725' title='bbox 3563 4874 3684 4957; x_wconf 70' lang='grc' dir='ltr'>(τῆς</span> 
     </span>
    </p>
   </div>
   <div class='ocr_carea' id='block_1_104' title="bbox 2039 4961 3684 5045">
    <p class='ocr_par' dir='ltr' id='par_1_104' title="bbox 2039 4961 3684 5045">
     <span class='ocr_line' id='line_1_104' title="bbox 2039 4961 3684 5045; baseline 0.001 -26"><span class='ocrx_word' id='word_1_726' title='bbox 2039 4964 2227 5032; x_wconf 72' lang='grc' dir='ltr'>ἠϊόνος</span> <span class='ocrx_word' id='word_1_727' title='bbox 2298 4961 2544 5031; x_wconf 88' lang='grc' dir='ltr'>δηλώσας</span> <span class='ocrx_word' id='word_1_728' title='bbox 2603 4966 2695 5020; x_wconf 76' lang='grc' dir='ltr'><strong>τὸν</strong></span> <span class='ocrx_word' id='word_1_729' title='bbox 2764 4963 2978 5045; x_wconf 80' lang='grc' dir='ltr'>τύπον)⁶</span> <span class='ocrx_word' id='word_1_730' title='bbox 3037 4964 3340 5040; x_wconf 81' lang='grc' dir='ltr'>ἐντεύξομαι</span> <span class='ocrx_word' id='word_1_731' title='bbox 3416 4965 3517 5043; x_wconf 79' lang='grc' dir='ltr'><strong>γάρ</strong></span> <span class='ocrx_word' id='word_1_732' title='bbox 3577 4987 3684 5039; x_wconf 80' lang='grc' dir='ltr'>σοι,</span> 
     </span>
    </p>
   </div>
   <div class='ocr_carea' id='block_1_105' title="bbox 2040 5051 3689 5135">
    <p class='ocr_par' dir='ltr' id='par_1_105' title="bbox 2040 5051 3689 5135">
     <span class='ocr_line' id='line_1_105' title="bbox 2040 5051 3689 5135; baseline 0.001 -26"><span class='ocrx_word' id='word_1_733' title='bbox 2040 5053 2168 5132; x_wconf 72' lang='grc' dir='ltr'>ἔφη,</span> <span class='ocrx_word' id='word_1_734' title='bbox 2220 5053 2336 5109; x_wconf 76' lang='grc' dir='ltr'>ἐκεῖ</span> <span class='ocrx_word' id='word_1_735' title='bbox 2392 5053 2832 5131; x_wconf 84' lang='grc' dir='ltr'>παραγενομένῳ.</span> <span class='ocrx_word' id='word_1_736' title='bbox 2892 5055 2954 5112; x_wconf 71' lang='grc' dir='ltr'>Ὀ</span> <span class='ocrx_word' id='word_1_737' title='bbox 2998 5051 3075 5133; x_wconf 77' lang='grc' dir='ltr'>δὲ,</span> <span class='ocrx_word' id='word_1_738' title='bbox 3126 5056 3361 5135; x_wconf 84' lang='grc' dir='ltr'>τάχιστα</span> <span class='ocrx_word' id='word_1_739' title='bbox 3414 5056 3572 5113; x_wconf 77' lang='grc' dir='ltr'>αὐτὸν</span> <span class='ocrx_word' id='word_1_740' title='bbox 3627 5054 3689 5111; x_wconf 77' lang='grc' dir='ltr'><strong>ἐκ</strong></span> 
     </span>
    </p>
   </div>
   <div class='ocr_carea' id='block_1_106' title="bbox 2043 5141 3688 5223">
    <p class='ocr_par' dir='ltr' id='par_1_106' title="bbox 2043 5141 3688 5223">
     <span class='ocr_line' id='line_1_106' title="bbox 2043 5141 3688 5223; baseline 0 -25"><span class='ocrx_word' id='word_1_741' title='bbox 2043 5145 2132 5199; x_wconf 81' lang='grc' dir='ltr'>τοῦ</span> <span class='ocrx_word' id='word_1_742' title='bbox 2182 5142 2298 5199; x_wconf 83' lang='grc' dir='ltr'>λίαν</span> <span class='ocrx_word' id='word_1_743' title='bbox 2365 5141 2616 5220; x_wconf 80' lang='grc' dir='ltr'>ἐναργοῦς</span> <span class='ocrx_word' id='word_1_744' title='bbox 2672 5144 2757 5198; x_wconf 79' lang='grc' dir='ltr'>καὶ</span> <span class='ocrx_word' id='word_1_745' title='bbox 2818 5141 3120 5209; x_wconf 80' lang='grc' dir='ltr'>πληκτικοῦ</span> <span class='ocrx_word' id='word_1_746' title='bbox 3191 5144 3298 5200; x_wconf 78' lang='grc' dir='ltr'>τῶν</span> <span class='ocrx_word' id='word_1_747' title='bbox 3366 5141 3688 5223; x_wconf 84' lang='grc' dir='ltr'>δειχθέντων</span> 
     </span>
    </p>
   </div>
   <div class='ocr_carea' id='block_1_107' title="bbox 2045 5231 3692 5309">
    <p class='ocr_par' dir='ltr' id='par_1_107' title="bbox 2045 5231 3692 5309">
     <span class='ocr_line' id='line_1_107' title="bbox 2045 5231 3692 5309; baseline 0 -21"><span class='ocrx_word' id='word_1_748' title='bbox 2045 5234 2115 5294; x_wconf 85' lang='grc' dir='ltr'>ὡς</span> <span class='ocrx_word' id='word_1_749' title='bbox 2172 5231 2331 5296; x_wconf 75' lang='grc' dir='ltr'>ὕπνος</span> <span class='ocrx_word' id='word_1_750' title='bbox 2386 5232 2605 5301; x_wconf 76' lang='grc' dir='ltr'>ἀνῆκεν,</span> <span class='ocrx_word' id='word_1_751' title='bbox 2672 5231 2840 5309; x_wconf 64' lang='grc' dir='ltr'>ἡμέρα</span> <span class='ocrx_word' id='word_1_752' title='bbox 2895 5254 2951 5288; x_wconf 90' lang='grc' dir='ltr'><strong>τε</strong></span> <span class='ocrx_word' id='word_1_753' title='bbox 3009 5232 3110 5301; x_wconf 64' lang='grc' dir='ltr'>ἤδη</span> <span class='ocrx_word' id='word_1_754' title='bbox 3167 5232 3488 5309; x_wconf 80' lang='grc' dir='ltr'>ὒπηύγαζεν,</span> <span class='ocrx_word' id='word_1_755' title='bbox 3551 5232 3692 5289; x_wconf 67' lang='grc' dir='ltr'>ἀνασ</span> 
     </span>
    </p>
   </div>
   <div class='ocr_carea' id='block_1_108' title="bbox 2046 5320 3688 5402">
    <p class='ocr_par' dir='ltr' id='par_1_108' title="bbox 2046 5320 3688 5402">
     <span class='ocr_line' id='line_1_108' title="bbox 2046 5320 3688 5402; baseline 0 -25"><span class='ocrx_word' id='word_1_756' title='bbox 2046 5322 2174 5386; x_wconf 73' lang='grc' dir='ltr'>στᾶς</span> <span class='ocrx_word' id='word_1_757' title='bbox 2232 5323 2320 5377; x_wconf 89' lang='grc' dir='ltr'><strong>καί</strong></span> <span class='ocrx_word' id='word_1_758' title='bbox 2374 5343 2519 5386; x_wconf 86' lang='grc' dir='ltr'>τινας</span> <span class='ocrx_word' id='word_1_759' title='bbox 2576 5323 2785 5397; x_wconf 78' lang='grc' dir='ltr'>ἑτέρους</span> <span class='ocrx_word' id='word_1_760' title='bbox 2863 5328 2967 5380; x_wconf 81' lang='grc' dir='ltr'><strong>τῶν</strong></span> <span class='ocrx_word' id='word_1_761' title='bbox 3022 5320 3345 5402; x_wconf 77' lang='grc' dir='ltr'>φιλευσεϐὤν</span> <span class='ocrx_word' id='word_1_762' title='bbox 3401 5343 3688 5400; x_wconf 85' lang='grc' dir='ltr'>συμπαρα-</span> 
     </span>
    </p>
   </div>
   <div class='ocr_carea' id='block_1_109' title="bbox 2046 5409 3685 5492">
    <p class='ocr_par' dir='ltr' id='par_1_109' title="bbox 2046 5409 3685 5492">
     <span class='ocr_line' id='line_1_109' title="bbox 2046 5409 3685 5492; baseline -0.002 -25"><span class='ocrx_word' id='word_1_763' title='bbox 2046 5409 2247 5487; x_wconf 83' lang='grc' dir='ltr'>λαϐὼν,</span> <span class='ocrx_word' id='word_1_764' title='bbox 2310 5412 2380 5476; x_wconf 81' lang='grc' dir='ltr'><strong>εἰς</strong></span> <span class='ocrx_word' id='word_1_765' title='bbox 2437 5413 2497 5467; x_wconf 79' lang='grc' dir='ltr'>τὸ</span> <span class='ocrx_word' id='word_1_766' title='bbox 2541 5409 2778 5477; x_wconf 82' lang='grc' dir='ltr'>δηλωθὲν</span> <span class='ocrx_word' id='word_1_767' title='bbox 2833 5412 3033 5491; x_wconf 84' lang='grc' dir='ltr'>χωρίον</span> <span class='ocrx_word' id='word_1_768' title='bbox 3084 5410 3266 5492; x_wconf 83' lang='grc' dir='ltr'>ἐφοίτα</span> <span class='ocrx_word' id='word_1_769' title='bbox 3323 5409 3443 5486; x_wconf 86' lang='grc' dir='ltr'>μετ’</span> <span class='ocrx_word' id='word_1_770' title='bbox 3488 5412 3685 5473; x_wconf 82' lang='grc' dir='ltr'>αὐτῶν,</span> 
     </span>
    </p>
   </div>
   <div class='ocr_carea' id='block_1_110' title="bbox 2047 5498 3689 5581">
    <p class='ocr_par' dir='ltr' id='par_1_110' title="bbox 2047 5498 3689 5581">
     <span class='ocr_line' id='line_1_110' title="bbox 2047 5498 3689 5581; baseline -0.001 -24"><span class='ocrx_word' id='word_1_771' title='bbox 2047 5498 2138 5557; x_wconf 85' lang='grc' dir='ltr'>Ἐν</span> <span class='ocrx_word' id='word_1_772' title='bbox 2168 5500 2338 5572; x_wconf 85' lang='grc' dir='ltr'>τούτῳ</span> <span class='ocrx_word' id='word_1_773' title='bbox 2366 5500 2419 5555; x_wconf 73' lang='grc' dir='ltr'>δὲ</span> <span class='ocrx_word' id='word_1_774' title='bbox 2470 5504 2567 5557; x_wconf 64' lang='grc' dir='ltr'>καὶ</span> <span class='ocrx_word' id='word_1_775' title='bbox 2600 5499 2844 5581; x_wconf 72' lang='grc' dir='ltr'>δελφῖνος</span> <span class='ocrx_word' id='word_1_776' title='bbox 2876 5501 3130 5579; x_wconf 74' lang='grc' dir='ltr'>μέγιστόν</span> <span class='ocrx_word' id='word_1_777' title='bbox 3161 5523 3209 5557; x_wconf 89' lang='grc' dir='ltr'><strong>τι</strong></span> <span class='ocrx_word' id='word_1_778' title='bbox 3249 5505 3437 5580; x_wconf 78' lang='grc' dir='ltr'>χρῆμα</span> <span class='ocrx_word' id='word_1_779' title='bbox 3480 5500 3540 5556; x_wconf 84' lang='grc' dir='ltr'><strong>ἐκ</strong></span> <span class='ocrx_word' id='word_1_780' title='bbox 3590 5501 3689 5568; x_wconf 77' lang='grc' dir='ltr'><strong>τῆς</strong></span> 
     </span>
    </p>
   </div>
   <div class='ocr_carea' id='block_1_111' title="bbox 2047 5586 3709 5673">
    <p class='ocr_par' dir='ltr' id='par_1_111' title="bbox 2047 5586 3709 5673">
     <span class='ocr_line' id='line_1_111' title="bbox 2047 5586 3709 5673; baseline -0.001 -28"><span class='ocrx_word' id='word_1_781' title='bbox 2047 5587 2311 5656; x_wconf 81' lang='grc' dir='ltr'>θαλάττης</span> <span class='ocrx_word' id='word_1_782' title='bbox 2358 5587 2534 5668; x_wconf 75' lang='grc' dir='ltr'>ἀνῄει,</span> <span class='ocrx_word' id='word_1_783' title='bbox 2570 5589 2681 5673; x_wconf 73' lang='grc' dir='ltr'>ἄρτι</span> <span class='ocrx_word' id='word_1_784' title='bbox 2714 5591 2908 5661; x_wconf 83' lang='grc' dir='ltr'>ταύτης</span> <span class='ocrx_word' id='word_1_785' title='bbox 2951 5588 3330 5669; x_wconf 80' lang='grc' dir='ltr'>ἀναδυόμενος,</span> <span class='ocrx_word' id='word_1_786' title='bbox 3362 5590 3449 5646; x_wconf 84' lang='grc' dir='ltr'>καὶ</span> <span class='ocrx_word' id='word_1_787' title='bbox 3501 5586 3709 5660; x_wconf 37' lang='grc' dir='ltr'>ἐπειδὴ,</span> 
     </span>
    </p>
   </div>
  </div>
