4018 6136
286 304 299 324 ,
356 308 359 309 ν
506 308 511 325 ,
1026 308 1029 309 ν
1661 306 1665 310 .
2482 300 2489 315 ,
2882 296 3105 313 ,,.,,,,,,,,

271 318 2281 328 ___—__________________________,,

1425 482 2511 646 MAPTYPION.

879 812 1105 900 ΤΟΥ
1167 813 1505 900 ΑΓΙΟΥ
1580 814 2171 902 ΜΑΡΤΥΡΟΣ
2255 808 3016 898 ΠΟΛΥΕΥΚΤΟΥ

1570 1061 2325 1171 CERTAMEN

889 1317 1338 1412 SANCTI
1426 1318 2069 1413 MARTYRIS
2149 1314 2841 1409 POLYEUGTl
2905 1286 3014 1404 (ί).

1749 1533 1950 1611 (Anno
2003 1531 2165 1607 250.)

477 1709 682 1783 [Grece
712 1732 846 1773 nunc
874 1713 1087 1786 primum
1130 1715 1290 1772 editur
1313 1733 1376 1773 ex
1406 1716 1515 1772 cod.
1549 1728 1645 1786 ms.
1669 1708 1985 1786 _Parisiensi_
1999 1726 2050 1764 η.
2086 1708 2242 1786 1ιιβ7,
2273 1708 2442 1786 saeculi
2467 1717 2588 1763 XIV.
2623 1704 2797 1761 Latine
2823 1704 2959 1762 dedit
2988 1702 3174 1761 Surins
3201 1702 3261 1758 ad
3291 1701 3425 1757 diem

1591 1784 1626 1840 9
1662 1781 1910 1848 Januarii,
1941 1781 2097 1840 Eutr.
2138 1778 2332 1852 Pun]

340 2125 411 2187 A’
454 2127 632 2204 Εἴπερ
663 2150 746 2190 τις
776 2128 940 2208 ἄλλη,
972 2130 1057 2185 καὶ
1113 2131 1374 2199 καλλίστη
1432 2134 1538 2187 τῶν
1586 2129 1924 2206 διηγήσεωνἸ

2083 2125 2129 2188 l.
2162 2123 2219 2187 si
2270 2132 2362 2187 est
2408 2122 2529 2182 ulla
2574 2121 2688 2184 alia
2743 2103 3150 2204 pulcherrima
3180 2092 3469 2189 narratio,
3504 2113 3640 2195 pul-

254 2215 347 2271 ιιαὶ
406 2217 445 2283 ἦ
512 2218 609 2272 τοῦ
661 2220 965 2291 θαυμαστοῦ
1033 2219 1296 2297 μάρτυρος
1357 2219 1685 2278 Πολυεύκτου
1720 2232 1734 2249 ⁸
1795 2216 1915 2296 ἔχει

257 2304 362 2380 γὰρ
411 2303 559 2377 μετᾶ
602 2305 698 2372 τῆ(
756 2306 1016 2386 ὠφελείας
1069 2308 1264 2386 κομιδῇ
1309 2311 1394 2366 καὶ
1440 2310 1503 2366 τὸ
1555 2310 1768 2389 χάριεν,
1827 2307 1914 2361 καὶ

254 2394 459 2450 τούτου
519 2393 622 2461 τὴν
681 2407 873 2471 πεῖραν
924 2398 1088 2464 αὐτὴν
1143 2396 1347 2473 ἀψευδῆ
1407 2401 1643 2475 μάρτυρα
1707 2397 1917 2452 δύναται

252 2484 556 2561 παρέχειν,
619 2485 818 2560 Δεγὲτο
876 2497 1000 2563 γοῦν
1069 2489 1158 2543 καὶ
1201 2490 1274 2549 εἷς
1333 2487 1496 2561 μέσον
1551 2489 1681 2561 ὑμῖν
1724 2506 1915 2562 προτι-

255 2570 405 2628 θέτω
457 2584 578 2636 τοῖς
639 2571 902 2651 φιλοθέοις
961 2574 1278 2652 ἆκροαεατς,
1346 2579 1431 2634 καὶ
1474 2579 1620 2649 ὑμῶν
1664 2574 1765 2641 ὅση
1825 2571 1918 2629 δύ-

259 2682 428 2733 ναμις
487 2661 558 2716 τὰ
599 2661 723 2739 παρ’
771 2663 967 2721 ἑαυτῶν
999 2666 1366 2744 εἰσφερόντων,
1400 2666 1615 2731 ἀνέτους
1656 2686 1713 2720 τε
1742 2662 1915 2719 διδόν·

261 2770 375 2805 των
419 2754 500 2822 τῷ
555 2749 704 2828 λόγῳ
752 2753 848 2815 τὰς
905 2753 1092 2826 ἀκοὰς,
1159 2756 1248 2811 καὶ
1305 2756 1574 2830 πρόθυμον
1632 2753 1772 2817 ὅλως
1835 2754 1920 2807 καὶ

264 2837 713 2916 ἀνεγηγερμένην
795 2839 1029 2897 διένοιαν
1086 2845 1443 2923 παρεχόντων
1503 2844 1633 2922 πρὸς
1691 2846 1791 2908 τὴν
1833 2839 1919 2896 δι-

272 2927 383 3005 ήγη
389 2951 440 2984 σι
452 2952 497 2988 κθ.

351 3016 429 3075 B’.
500 3017 649 3075 Κατᾶ
703 3018 828 3081 τοὺς
890 3019 1077 3077 Δεκίου
1134 3020 1230 3078 καῖ
1288 3019 1643 3098 Οὗαλεριανοῦ
1693 3020 1921 3099 χρόνους

278 3112 378 3161 τῶν
435 3106 724 3182 βασιλέων,
797 3108 866 3173 ἡν
923 3130 1005 3172 τις
1075 3109 1318 3190 Νέαρχος
1388 3112 1476 3167 καὶ
1568 3108 1921 3188 Πολύευκτος,

284 3201 598 3272 στρατιῶται
629 3194 728 3266 μὲν
779 3198 841 3253 τὸ
898 3194 1251 3272 ἐπιτήδευμα,
1297 3198 1436 3255 οὕτω
1478 3198 1533 3255 δὲ
1591 3198 1737 3278 φιλίᾳ
1792 3200 1924 3276 πρὸς

290 3280 545 3352 ἀλλήλους
603 3284 996 3363 συνδεδεμένοι,
1025 3287 1099 3348 ὡς
1142 3286 1332 3362 πολλῷ
1386 3287 1549 3346 πλέον
1602 3286 1836 3362 αἵματός
1866 3310 1924 3344 τε

242 3462 243 3465 η
296 3372 376 3465 ait
424 3375 744 3453 συγγενείας,
805 3374 868 3430 ἐκ.
912 3379 1012 3440 τῆς
1056 3375 1192 3431 κατὰ
1234 3379 1399 3433 πόθον
1465 3375 1708 3455 ἀκριϐοῦς
1782 3378 1917 3451 ὃμο-

1999 2215 2299 2276 cherrima
2330 2230 2566 2293 quoque
2598 2221 2686 2274 est
2719 2211 2975 2275 narratio
3007 2207 3378 2273 admirabilis
3412 2216 3641 2284 marty-

2000 2309 2081 2364 ris
2109 2303 2431 2383 Polyeucti.
2468 2300 2612 2362 Nam
2665 2320 2799 2363 cum
2851 2299 3128 2373 utilitate,
3165 2314 3373 2374 magna
3403 2312 3641 2374 quoque

2002 2401 2091 2453 est
2119 2392 2439 2470 conjuncta
2461 2390 2827 2469 jucunditas.
2864 2387 3051 2467 Hujus
3094 2393 3289 2446 autem
3322 2383 3408 2444 rei
3446 2391 3642 2461 potest

2001 2501 2069 2543 ea
2116 2500 2233 2543 non
2284 2480 2489 2541 falsam
2547 2487 2758 2541 testem
2803 2476 3101 2539 adducere
3160 2471 3622 2550 experientiam.

2002 2572 2243 2634 Dicatur
2273 2587 2437 2647 ergo,
2491 2576 2549 2628 et
2596 2586 2629 2628 a
2676 2567 2852 2628 nobis
2902 2567 2960 2626 in
3009 2565 3266 2625 medium
3304 2561 3645 2639 proferatur

2004 2661 2116 2740 piis
2149 2659 2376 2734 Deique
2404 2657 2741 2718 amantibus
2773 2654 3169 2730 auditoribus,
3205 2650 3369 2740 vobis
3401 2669 3641 2729 quoque

2004 2738 2109 2830 pro
2134 2749 2378 2821 viribus,
2412 2763 2543 2826 qua:
2590 2754 2784 2807 vestra
2832 2753 2969 2805 sunt
3015 2738 3430 2810 offerentibus,
3464 2755 3647 2799 aures

2005 2838 2259 2899 orationi
2289 2846 2545 2899 attentas
2592 2832 3032 2904 exhibeulibus,
3083 2837 3547 2911 promptumque
3590 2834 3650 2889 et

2005 2929 2259 2989 alacrem
2291 2926 2557 2988 animum
2592 2923 2997 3004 praebentibus
3028 2917 3374 2980 narrationi.

2087 3018 2163 3078 ll.
2188 3015 2917 3094 Temporeimperatorum
2934 3009 3097 3073 Decii
3111 3005 3654 3076 etValeriani.erat

2008 3105 2247 3185 quidam
2260 3103 2567 3167 Nearchus
2580 3110 2640 3165 et
2662 3102 3035 3181 Polyeuctus,
3053 3096 3251 3159 studio
3270 3095 3520 3185 quidem
3538 3094 3652 3157 mi-

2008 3183 2163 3267 lites,
2189 3195 2454 3255 amicitia
2473 3202 2671 3254 autem
2698 3192 2949 3252 itainter
2971 3207 3037 3250 se
3058 3185 3349 3258 devincti,
3375 3197 3439 3245 ut
3474 3183 3653 3260 longe

2009 3283 2219 3363 magis,
2253 3300 2428 3363 quam
2459 3289 2510 3343 si
2541 3281 2696 3341 inter
2727 3297 2830 3341 eos
2860 3275 3299 3363 intercessisset
3340 3271 3654 3350 sanguinis

2007 3383 2064 3434 et
2083 3360 2456 3450 cognationis
2474 3367 2878 3439 necessitudo,
2893 3374 3125 3427 summo
3147 3362 3239 3423 sui
3261 3360 3514 3421 invicem
3539 3360 3648 3421 de-

302 3461 434 3522 νοίας
480 3462 826 3536 συνηρμόσθαι
856 3466 1029 3521 αὐτῶν
1059 3465 1153 3526 τὰς
1212 3466 1416 3543 ψυχὰς,
1465 3450 1712 3543 ἐκᾶτερόν
1754 3450 1823 3526 τε
1867 3465 1921 3522 ἐν

2013 3461 2231 3522 siderio
2258 3468 2315 3521 et
2348 3458 2563 3536 insigni
2593 3455 2915 3518 concordia
2956 3471 3024 3515 ac
3065 3450 3465 3512 consensione
3496 3465 3644 3511 con-

296 3547 536 3623 ἑκατέρου
588 3550 801 3626 σώματι
858 3557 958 3627 ζῇν
1005 3551 1143 3617 ὅλως
1189 3537 1236 3621 ἢ-
1399 3537 1657 3611 ἆναπνεέν
1688 3553 1918 3617 οἴεσθαι.

2013 3551 2191 3629 iuncti
2223 3557 2425 3612 essent
2453 3566 2659 3610 eorum
2692 3544 2899 3616 animi,
2942 3552 2994 3604 et
3030 3538 3374 3631 uterque_in
3402 3537 3648 3599 alterius

292 3631 377 3694 Ἦν
406 3637 462 3693 δὲ
510 3641 538 3694 ὁ
581 3640 683 3701 μὶν
736 3640 982 3720 Νέαρχος
1036 3644 1370 3720 Χριστιανὸς,
1421 3646 1511 3701 καὶ
1567 3645 1780 3722 πιστὸς,
1837 3645 1924 3700 οιαὶ

282 3728 396 3807 περὶ
426 3727 525 3794 τὴν
570 3724 840 3784 εὒσὲϐειαν
867 3728 1090 3806 ἂκριϐής
1123 3747 1139 3764 ⁸
1194 3731 1525 3799 Πολύευκτος
1574 3731 1630 3789 δὲ
1673 3736 1700 3789 ὁ
1760 3732 1924 3796 καλὸς

276 3817 376 3883 τὴν
430 3816 532 3892 μὲν
586 3819 869 3895 θρησκείαν
920 3818 1112 3898 ἕλλην,
1144 3821 1238 3877 καί
1272 3821 1420 3880 οὔπω
1467 3823 1547 3897 τῷ
1587 3822 1775 3900 φέγγει
1830 3823 1924 3889 τῆς

274 3905 532 3977 ἀληθείας
589 3906 991 3985 περιλαμφθεὶς,
1053 3919 1172 3968 νοῦν
1230 3908 1286 3967 δὲ
1361 3914 1453 3968 τὸν
1524 3911 1715 3990 ἀκριϐῆ
1794 3919 1928 3989 Χρι-

272 3997 493 4053 στιανὸν
551 3999 868 4071 ἁποσώζων,
940 3999 1029 4055 καὶ
1109 3999 1271 4077 ἀρετῇ
1351 4002 1497 4078 πάσῃ
1561 4007 1768 4080 κομῶν,
1839 4005 1925 4058 καὶ

272 4083 432 4143 ἐλαία
492 4085 590 4158 μὲν
650 4087 992 4162 κατάκαρπος
1050 4087 1148 4169 ὢν,
1182 4092 1242 4146 τὸ
1285 4089 1337 4146 δὲ
1371 4090 1424 4147 ἐν
1456 4091 1597 4165 οἴκῳ
1627 4092 1759 4148 Geo-3
1784 4092 1924 4149 εἶναι

270 4182 437 4232 τοῦτο
493 4174 658 4247 μόνον
698 4174 774 4230 ἔτι
826 4174 1175 4252 ὶειπόμενος.
1212 4177 1362 4236 Ἐπεὶ
1394 4178 1448 4234 δὲ
1497 4180 1682 4242 Δέκιος
1718 4183 1924 4244 ἐκεῖνος

274 4264 370 4320 καὶ
424 4262 780 4341 Οὒαλεριανὸς
820 4266 881 4322 οὗ
936 4265 1116 4331 καλῶς
1158 4274 1228 4344 τῇ
1283 4268 1527 4345 βασιλείᾳ
1557 4270 1923 4350 χρησάμενοι,

276 4350 400 4409 οὑδὲ
452 4354 547 4409 τὸν
588 4351 848 4411 δεδωκότο
905 4356 1104 4422 ταύτην
1162 4358 1448 4437 ἐπιγνῶναι
1501 4359 1597 4415 καὶ
1643 4360 1924 4437 λατρεῦσαι

277 4439 658 4514 ἐθελήσαντες,
718 4437 857 4499 ἀλλὰ
891 4444 1013 4501 κατ’
1069 4447 1229 4503 αὐτοῦ
1291 4445 1496 4520 μᾶλλον
1532 4461 1699 4528 χεῖρα
1729 4448 1923 4523 θεομά-

278 4553 389 4610 χον
458 4528 773 4608 ἐπάραντες,
832 4535 918 4590 καὶ
982 4536 1078 4592 οὐκ
1134 4535 1291 4593 αὖτοὲ
1352 4538 1514 4611 μόνον
1585 4538 1924 4616 ἀρνούμενοι,

280 4619 424 4676 ἀλλὰ
478 4622 576 4677 καὶ
631 4628 736 4678 πᾶν
784 4625 846 4679 τὸ
902 4624 1139 4693 ὑπήκοον
1210 4625 1498 4705 ἐγγράφοις
1569 4626 1926 4706 ἐπιτάγμασιν

281 4710 360 4774 εἰς
435 4715 592 4765 τοῦτο
666 4709 1116 4789 προσκαλοῦντες,
1185 4716 1273 4771 καὶ
1328 4720 1457 4770 πᾶσι
1531 4715 1748 4793 τρόποις
1830 4721 1928 4783 τῆς

280 4798 631 4876 θεογνωσίας,
690 4800 1062 4879 ἂπείργουντες
1119 4805 1280 4877 ἦσαν,
1340 4802 1499 4868 Gemit:
1545 4825 1625 4883 τε,
1694 4805 1751 4861 οἵ
1810 4827 1926 4879 μοι,

288 4885 513 4962 ψευδοῦς
571 4888 660 4944 καὶ
717 4890 972 4962 ματαίους
1030 4892 1103 4954 εἰς
1175 4914 1278 4959 την
1335 4901 1429 4950 τοῦ
1486 4891 1740 4959 ἀληθινοῦ
1796 4899 1924 4950 Θεοῦ

2013 4888 2206 4949 modis
2236 4887 2521 4949 arcebant
2548 4904 2585 4947 ει
2628 4884 2734 4947 Dei
2764 4883 3104 4973 cognitione
3149 4900 3166 4973 ς

286 4975 477 5055 χώραν
529 4973 972 5054 ἐγκαθιστῶντες,
1035 4982 1120 5035 καὶ
1175 4979 1350 5037 σέϐειν
1421 4981 1651 5046 ἐγείνους
1722 4980 1929 5055 μᾶλλον

289 5068 392 5120 κα³ι
450 5078 770 5141 προσκυνεῖν
823 5067 1231 5146 ἀναγκάζοντες,
1297 5071 1342 5126 εἰ
1400 5071 1487 5127 καὶ
1549 5068 1706 5127 λίθων
1762 5070 1929 5133 ὅντως

292 5155 381 5211 καὶ
411 5152 610 5235 ξοάνων
653 5153 1148 5235 ἂναισθητοτέρους.

369 5233 453 5302 Γ’.
512 5241 665 5299 Ἐπεὶ
721 5240 778 5299 δὲ
830 5251 998 5302 ταῦτα
1053 5246 1223 5311 οὕτως
1266 5248 1419 5326 εἶχε,
1466 5250 1552 5305 καὶ
1595 5249 1731 5307 κατὰ
1763 5247 1932 5313 πόδας

286 5332 346 5391 αἳ
404 5353 464 5388 τε
517 5332 765 5412 τιμωρίαι
827 5334 913 5391 rati
973 5333 1213 5411 ἀμοιϐαὶ,
1257 5350 1378 5403 τοῖς
1432 5337 1532 5413 μὲν
1587 5336 1928 5414 πειθομένοις

340 5501 444 5629 tt?
465 5499 629 5585 .Ejus
659 5503 862 5558 testam
896 5502 1193 5576 martyrol.
1216 5504 1408 5575 Rom.,
1434 5504 1606 5573 Beda,
1637 5504 1938 5588 Usuardus

340 5616 345 5627 ,
382 5589 411 5629 a
442 5588 480 5629 ιι
533 5570 602 5629 13
644 5568 813 5628 Febr.
850 5571 1113 5629 habent:
1146 5574 1301 5629 quod
1350 5574 1498 5629 forte
1539 5575 1938 5629 translationis

293 5583 345 5647 et
375 5568 480 5647 alii
529 5568 602 5629 '13
644 5568 813 5628 Febr.
850 5568 1068 5633 habent
1097 5589 1113 5634 :
1146 5574 1301 5647 quod
1350 5568 1513 5647 forte,
1539 5568 1940 5647 translationis

294 5643 416 5721 ejus
450 5643 660 5701 festum
698 5649 787 5699 est
820 5660 836 5697 :
869 5653 1094 5704 constat
1122 5643 1275 5703 enim
1310 5659 1379 5703 ex
1411 5646 1571 5714 actis,
1596 5661 1726 5705 eum
1764 5644 1829 5702 10
1851 5646 1943 5704 die

2006 3625 2257 3719 corpore
2288 3656 2353 3700 se
2386 3644 2619 3719 putaret
2646 3633 2848 3696 vivere
2878 3640 2937 3694 et
2963 3631 3225 3719 spirare.
3266 3625 3404 3689 Erat
3446 3635 3644 3688 autem

2007 3717 2317 3792 Nearchus
2335 3717 2573 3807 quidem
2600 3722 2970 3788 Christianus
2991 3729 3046 3783 et
3069 3717 3289 3792 ﬁdelis,
3307 3717 3648 3807 pietateque

2008 3837 2077 3880 ac
2108 3835 2246 3879 vera
2287 3803 2581 3895 religione
2627 3812 2948 3894 perfectus.
2991 3809 3274 3888 Egregius
3302 3813 3498 3868 autem
3529 3803 3649 3866 Po-

2012 3907 2298 3985 lyeuctus,
2334 3905 2577 3986 gentilis
2611 3902 2849 3983 quidem
2900 3900 3215 3979 religione,
3273 3904 3331 3986 et
3382 3896 3652 3986 veritatis

2010 3982 2142 4059 luce
2174 3982 2436 4057 nondum
2470 3982 2866 4065 illuminatus,
2896 3987 3119 4069 alioqui
3150 4004 3215 4047 se
3246 3982 3650 4048 Christianum

2008 4094 2289 4148 accurate
2330 4099 2713 4150 conservans,
2763 4089 2824 4143 et
2853 4079 3016 4140 omni
3064 4077 3280 4138 virtute
3312 4091 3646 4136 exornans:

2010 4185 2071 4237 et
2099 4184 2226 4236 erat
2253 4174 2495 4250 quidem
2520 4172 2655 4233 olea
2677 4169 2977 4248 frugifera,
3014 4167 3126 4228 hoc
3156 4173 3352 4226 autem
3379 4165 3570 4225 solum
3595 4163 3653 4223 ei

2010 4266 2215 4326 deerat
2247 4262 2407 4343 quod
2446 4262 2706 4323 nondum
2742 4266 2869 4321 erat
2898 4259 2959 4319 in
2991 4256 3169 4317 domo
3199 4252 3328 4316 Dei.
3359 4252 3650 4326 Quoniam

2006 4363 2198 4415 autem
2226 4353 2441 4413 Decius
2464 4349 2563 4412 ille
2589 4358 2648 4412 et
2679 4349 3024 4410 Valerianus
3052 4363 3169 4406 non
3202 4351 3366 4405 recte
3397 4343 3652 4409 uteban-

2009 4453 2102 4504 tur
2128 4441 2404 4522 imperio,
2433 4458 2544 4501 nec
2573 4438 2842 4516 eum,qui
2865 4435 3012 4497 illud
3038 4434 3126 4497 eis
3157 4433 3653 4510 dederat,agnos-

2007 4548 2145 4593 cere
2176 4538 2235 4591 et
2263 4530 2463 4592 colere
2494 4527 2789 4599 volebant,
2816 4526 2936 4586 imo
2955 4542 3092 4586 vero
3114 4540 3355 4584 manum
3379 4521 3650 4602 impiam,

2008 4629 2067 4683 et
2097 4638 2233 4681 cum
2266 4619 2385 4680 Deo
2418 4623 2815 4699 pugnantem,
2868 4621 2929 4674 in
2977 4613 3171 4694 ipsum
3205 4620 3559 4673 erexerant:
3597 4617 3657 4671 et

2013 4728 2131 4771 non
2181 4708 2373 4770 solum
2427 4726 2560 4768 eum
2616 4704 2948 4783 negabant,
3000 4702 3103 4764 sed
3154 4720 3364 4764 omnes
3413 4719 3653 4782 quoque

2011 4799 2319 4879 subjectos
2352 4796 2593 4876 scriptis
2621 4793 2834 4857 edictis
2884 4793 3235 4862 incitabant,
3286 4800 3347 4851 et
3376 4790 3657 4851 omnibus

3219 4890 3279 4943 et
3308 4881 3478 4954 deos,
3506 4880 3655 4959 proh

2015 4975 2226 5038 dolor!
2263 4975 2441 5037 falsos
2472 4984 2531 5035 et
2561 4990 2761 5047 vanos,
2801 4971 2862 5032 in
2895 4970 3018 5033 veri
3058 4970 3164 5031 Dei
3196 4969 3393 5030 locum
3427 4967 3653 5029 consti-

2015 5064 2280 5137 luebant,
2315 5073 2373 5126 et
2408 5064 2538 5125 illos
2569 5064 2767 5125 colere
2816 5070 2874 5122 et
2925 5060 3177 5122 adorare
3207 5057 3523 5137 cogebant,
3556 5061 3658 5137 qui

2015 5153 2216 5215 minus
2252 5154 2474 5215 habent
2502 5169 2745 5229 sensus,
2781 5168 2955 5230 quam
2992 5148 3219 5227 lapides
3258 5155 3316 5208 et
3347 5155 3574 5209 statuae.

2098 5241 2197 5305 ΙΙΙ.
2218 5241 2509 5315 Quoniam
2536 5259 2675 5319 ergo
2697 5240 2825 5300 hac
2843 5238 2923 5299 ita
2946 5237 3330 5309 babebant,et
3352 5236 3658 5315 praposita

2014 5330 2489 5412 erantsupplicia
2507 5338 2562 5391 et
2580 5328 2821 5409 praemia
2841 5344 2855 5389 :
2882 5327 2956 5388 iis
2968 5326 3209 5407 quidem
3227 5324 3330 5408 qui
3346 5325 3653 5406 parebant,

2017 5503 2147 5560 Jan.
2182 5499 2518 5571 martyrium
2546 5508 3008 5554 consummasse.
3042 5494 3225 5555 Graeci
3255 5494 3380 5568 ejus
3405 5493 3659 5558 natalem

2021 5575 2130 5632 hac
2169 5572 2259 5629 die
2289 5569 2608 5628 celebrant.
