4018 6136
364 270 483 343 419

1644 275 1925 345 MENSIS
1985 275 2442 346 JANUARIUS.

3615 267 3742 342 420

363 413 646 488 honores,
664 407 818 474 dona
843 419 899 474 et
922 409 1213 493 pecunize;
1236 405 1309 473 iis
1331 417 1550 488 autem,
1570 412 1670 494 qui
1695 433 1811 476 non
1837 431 1973 495 pare

2057 415 2254 488 .τιμαὶ,
2316 411 2527 492 δωρεαὶ,
2597 413 2855 495 χράματα
2893 432 2904 446 ’
2951 415 3072 478 τοῖς
3127 408 3182 470 δὲ
3254 412 3525 472 ἀπειθοῦσι
3571 411 3739 469 ἀπει-

365 507 525 572 bant,
559 506 745 572 minae,
779 520 964 576 parum
994 515 1047 564 et
1069 506 1333 563 ultimum
1361 508 1574 564 malum
1597 522 1752 565 mors
1779 533 1790 564 :
1816 511 2000 566 amico

363 591 560 652 timuit
584 588 907 663 Nearchus,
933 599 992 652 et
1017 593 1238 671 putavit
1259 592 1370 652 hoc
1396 610 1531 653 esse
1555 603 1810 673 tempus,
1841 593 1996 673 quod

359 681 706 742 effecturum
742 690 921 750 esset.
959 689 1020 740 ut
1049 680 1342 742 dissensio
1372 680 1430 742 in
1453 681 1766 760 religione,
1791 700 1996 744 eorum

362 789 598 851 quoque
623 769 980 831 dissolveret
1003 769 1346 832 amicitiam.
1371 768 1509 832 Haec
1543 789 1677 832 eum
1712 770 1772 832 iu
1798 771 1996 832 animo

360 859 628 932 haberet,
653 869 711 920 et
731 861 884 940 apud
914 878 978 921 se
1003 868 1286 933 versaret,
1320 866 1527 938 aperte
1547 859 1901 922 ostendebat
1932 877 1998 921 se

358 947 615 1010 cruciari
637 948 859 1022 animo,
884 949 1237 1028 magnisque
1259 949 1466 1028 agitari
1495 948 1796 1025 ﬂuctibus,
1823 958 1881 1010 et
1901 968 1996 1010 uc-

2083 502 2195 577 λαὶ,
2267 502 2539 577 κολάσεις,
2623 507 2713 561 καὶ
2789 502 3097 562 τελευταῖον
3175 505 3338 561 κακὸν
3397 507 3424 560 6
3478 503 3735 580 θάνατος,

2084 591 2319 671 ἐφοϐήθη
2365 595 2481 672 περὶ
2524 601 2616 651 τοῦ
2658 594 2810 674 φίλου
2853 593 3124 673 Νέαρχος,
3172 595 3260 651 καὶ
3319 595 3501 672 καιρὸν
3539 593 3734 667 ἐνόμι-

2084 703 2171 738 σεν
2233 686 2374 739 εἶναι
2432 690 2642 758 τοῦτον,
2689 683 2746 748 ὃς
2808 683 2904 750 τὴν
2968 685 3086 762 περὶ
3143 685 3205 740 τὸ
3263 681 3420 748 σέϐας
3478 679 3737 761 διαφορὰν

2081 769 2316 830 διάλυσιν
2397 773 2580 838 αὐτοῖς
2655 771 2895 850 γενέσθαι
2973 773 3362 850 παρασκευάσει
3441 773 3541 827 καὶ
3630 769 3734 837 τῆς

2080 860 2290 939 φιλίας.
2347 868 2522 918 Ταῦτα
2578 861 2664 917 ἐπὶ
2722 868 2841 917 νοῦν
2900 859 3046 940 ἔχων
3094 864 3182 918 καὶ
3243 863 3504 942 στρέφων,
3564 858 3727 926 δῆλος

2077 949 2142 1016 ἧν
2201 951 2434 1030 ἰσχυρῶς
2492 950 2810 1026 ἀνιώμενος,
2857 954 2945 1006 καὶ
2997 949 3162 1008 πολὺν
3205 952 3295 1007 τὸν
3347 950 3511 1008 σάλον
3555 949 3719 1028 φέρων

356 1038 512 1098 culte
534 1035 760 1098 deﬂere
783 1038 1060 1099 amicum.
1092 1038 1627 1100 Prazstantissimus
1658 1046 1856 1100 autem
1887 1040 1969 1100 Po

2077 1037 2132 1094 ἐν
2175 1045 2244 1115 τῇ
2302 1044 2483 1119 illud],
2537 1042 2624 1096 καὶ
2668 1042 2759 1096 τὸν
2791 1038 2944 1118 φίλον
2988 1040 3217 1118 κρυφίως
3252 1040 3574 1114 ἀνιώμενος,
3609 1044 3725 1094 Πο-

355 1127 620 1207 lyeuctus
651 1145 784 1187 cum
817 1127 1044 1189 videret
1074 1127 1161 1188 sic
1186 1145 1250 1189 se
1280 1126 1504 1188 habere
1525 1127 1805 1201 amicum,
1836 1147 1973 1206 pun-

2077 1127 2324 1190 λύευκτος
2398 1127 2453 1184 δὲ
2538 1132 2566 1185 6
2645 1127 2988 1190 παντακαλὸς
3075 1128 3214 1186 οὕτω
3290 1129 3533 1208 Νέαρχον
3587 1131 3729 1206 ὁρῶν

351 1216 530 1297 gique
561 1215 785 1277 aculeis
820 1215 1068 1292 doloris,
1105 1224 1162 1277 et
1211 1217 1308 1297 qui
1340 1217 1536 1278 verbis
1567 1217 1848 1296 eXplicari
1882 1235 1973 1277 ne-

2073 1216 2296 1297 ἕχοντα,
2353 1216 2526 1285 λύπης
2559 1240 2615 1273 τε
2673 1217 2910 1294 κέντροις
2959 1217 3317 1298 βαλλόμενον,
3381 1221 3467 1274 καὶ
3524 1237 3726 1274 στενα-

351 1312 599 1386 queunt,
634 1305 953 1384 gemitibus
1001 1305 1202 1368 conari
1259 1307 1454 1368 levare
1508 1324 1776 1384 magnam
1807 1305 1966 1367 anim

2073 1307 2240 1384 γμοῖς
2273 1305 2565 1376 ἂλαλήτοις
2600 1309 2660 1364 τὸ
2702 1309 2837 1363 πολὺ
2868 1312 2967 1374 τῆς
3015 1307 3238 1382 ἀθυμίας
3273 1308 3533 1388 κουφίζειν
3590 1326 3724 1362 πει-

352 1394 861 1473 aegritudinem,et
882 1395 1118 1474 vestigia
1145 1396 1536 1476 lacrymarum
1564 1394 1829 1456 indicare
1851 1413 1973 1457 ocul

2075 1397 2337 1474 ρώμενον,
2385 1395 2525 1473 ἴχνη
2582 1417 2640 1452 τε
2697 1395 2936 1475 δακρύων
2989 1410 3108 1463 τοῖς
3172 1397 3472 1477 ὀφθαλμοῖς
3500 1395 3728 1476 ὑποφαί-

351 1484 447 1559 lis,
480 1483 672 1545 amice
701 1484 772 1545 ad
793 1503 928 1546 eum
953 1486 1271 1558 accedens,
1297 1486 1648 1563 interrogat,
1674 1493 1728 1545 et
1754 1503 1973 1546 causan

2075 1507 2256 1561 νοντα,
2302 1485 2484 1561 ἠρώτα
2530 1486 2763 1564 προσιὼν
2806 1484 3019 1566 φιλίως,
3094 1487 3183 1543 καὶ
3239 1488 3335 1555 τὴν
3405 1487 3572 1542 αἰτίαν
3628 1490 3727 1540 τοῦ

351 1572 560 1652 quierit
585 1571 843 1647 discere,
866 1574 1068 1635 curita
1089 1591 1152 1634 se
1174 1573 1407 1636 habeat.
1437 1575 1584 1637 Nam
1604 1573 1731 1654 ipse
1756 1592 1973 1654 quoque

2073 1573 2238 1636 ὄντως
2298 1573 2448 1653 ἔχειν
2507 1575 2683 1645 ἐζήτει
2743 1578 2958 1649 μαθεῖν,
3030 1574 3224 1654 ’Ήλγει
3287 1577 3388 1654 γὰρ
3431 1577 3518 1632 καὶ
3559 1573 3725 1637 αὐτὸς

350 1665 726 1722 nihilominus
754 1664 1006 1732 dolebat,
1030 1680 1160 1723 cum
1187 1680 1317 1723 eum
1353 1665 1566 1724 videret
1589 1668 1670 1722 sic
1699 1665 1961 1724 affectum

2073 1663 2220 1720 οὐδὲν
2279 1663 2462 1736 ἧττον,
2515 1666 2600 1720 τὸν
2659 1664 2942 1743 ὁμόφυλον
2991 1668 3124 1742 ὁρῶν
3183 1665 3322 1722 οὕτω
3350 1665 3655 1744 πάσχοντα,
3688 1663 3723 1719 ὁ

352 1750 456 1831 qui
482 1758 604 1812 erat
627 1749 894 1830 ejusdem
913 1770 1048 1814 cum
1065 1770 1134 1812 eo
1162 1751 1366 1814 animi.
1402 1751 1506 1814 Ille
1532 1761 1731 1813 aut-m
1756 1751 1973 1814 volebat

2071 1750 2126 1808 δὲ
2188 1751 2442 1820 ἠϐούλετο
2491 1753 2589 1828 μὲν
2647 1755 2846 1827 εἰπεῖν,
2903 1757 2988 1810 καὶ
3035 1752 3229 1824 ἕδη).ου
3275 1752 3441 1830 μηδὲν
3472 1750 3718 1828 ἆπύῤῥη-

351 1839 589 1922 quidem
618 1839 843 1917 dicere,
871 1848 928 1901 et
952 1839 1321 1920 signiﬁcabat
1342 1860 1406 1903 se
1427 1840 1573 1902 nihil
1598 1860 1772 1922 posse
1793 1841 1973 1904 celare

2069 1863 2159 1898 τον
2211 1840 2361 1922 ἔχειν
2417 1843 2547 1920 πρὸς
2606 1845 2698 1898 τὸν
2742 1845 2892 1922 φίλον
2951 1841 3242 1917 ὀυνᾴμενος
3280 1867 3291 1878 ⁸
3328 1844 3472 1900 εἶναι
3505 1841 3559 1898 δὲ
3599 1842 3723 1898 τινὰ

346 1934 594 1990 amicum
616 1948 769 1990 :esse
792 1945 982 1991 autem
1007 1935 1264 2005 aliquam
1288 1943 1791 2007 causam,propter
1811 1949 1973 2006 quam

2069 1930 2238 1998 ἄλλην
2293 1933 2462 1987 αἰτίαν
2511 1929 2575 1988 δι’
2607 1931 2670 2000 ἣν
2719 1932 2806 1988 καὶ
2845 1931 3023 2010 λέγειν
3053 1932 3247 1990 ἐθέλων
3293 1932 3533 2010 ἀνάγκην
3595 1930 3720 2010 ἔχει

339 2018 515 2080 etiam
542 2017 591 2078 si
609 2017 749 2078 velit
768 2017 992 2093 dicere,
1022 2037 1270 2082 necesse
1291 2017 1503 2079 habeat
1522 2027 1742 2092 tacere,
1767 2027 1824 2080 et
1840 2018 1973 2080 ami.

2068 2028 2160 2077 τοῦ
2217 2026 2451 2093 σιωπᾷν,
2499 2022 2587 2077 καὶ
2630 2026 2727 2088 τῆς
2775 2020 2833 2077 ἐκ
2880 2028 2969 2078 τοῦ
3015 2021 3166 2101 φίλου
3199 2023 3276 2098 μὴ
3317 2017 3615 2078 ἀπολαϐεῖν
3658 2020 3718 2076 ἑν

342 2107 395 2169 ci
427 2105 895 2168 consolationem
925 2107 1034 2168 hac
1061 2107 1121 2168 in
1143 2125 1206 2168 re
1233 2107 1479 2168 minime
1505 2107 1812 2188 consequi.
1838 2109 1981 2168 Cum

341 2205 536 2258 autem
569 2195 740 2257 valde
771 2195 1006 2257 divinus
1039 2204 1275 2274 urgeret
1305 2195 1683 2276 Polyeuctus,
1729 2205 1788 2257 et
1837 2214 1981 2276 pos-

341 2285 558 2348 tularet
589 2293 652 2346 ut
683 2285 738 2346 ei
787 2297 1083 2347 secretum
1133 2285 1393 2365 aperiret
1424 2297 1484 2347 et
1514 2285 1570 2347 ei
1598 2284 1983 2364 exprobraret

339 2383 746 2454 contemptum
779 2374 1075 2447 amicitiae,
1137 2385 1193 2435 et
1253 2383 1533 2438 mutatam
1580 2374 1976 2451 affectionem,

335 2467 629 2540 Nunquid,
655 2467 872 2532 dicens,
898 2467 1112 2539 aliquid
1137 2466 1523 2525 offendimus?
1553 2467 1811 2534 Quanam
1839 2469 1891 2523 in
1917 2482 1982 2524 re

339 2551 442 2614 tibi
467 2552 697 2614 molesti
729 2551 1000 2613 fuimus?
1033 2551 1415 2624 Quaenamres
1449 2562 1563 2614 tam
1610 2553 1740 2613 dira
1773 2563 1831 2614 et
1862 2561 1975 2613 tam

2066 2109 2236 2182 τούτῳ
2316 2109 2671 2186 παραμυθίας.
2751 2108 2901 2166 Ἐπεὶ
2959 2108 3015 2164 δὲ
3065 2113 3092 2166 6
3158 2114 3302 2173 θεῖος
3380 2109 3714 2172 Πολύευκτος

2065 2197 2226 2262 πολὺς
2255 2198 2321 2265 ἧν
2366 2199 2700 2278 ἐγκείμενος,
2744 2198 2965 2258 καὶτοῦ
3018 2198 3317 2277 ἆποῤῥήτου
3367 2199 3467 2266 τὴν
3525 2196 3714 2267 δήλω-

2064 2309 2147 2343 σιν
2178 2287 2442 2367 ἂπαιτῶν,
2488 2287 2743 2363 ἀμέλειαν
2802 2309 2858 2344 τε
2903 2288 3167 2359 ὀνειδίζων
3225 2291 3367 2362 αὑτῷ
3396 2287 3490 2344 τοῦ
3515 2287 3710 2362 πόθου,

2063 2379 2151 2433 καὶ
2193 2375 2479 2433 ἀλλοίωσιν
2514 2375 2637 2433 οἵαν
2668 2381 2764 2444 τῆς
2797 2378 2928 2454 πρὸς
2961 2378 3116 2433 αὑτὸν
3165 2374 3445 2442 διαθέσεως
3479 2391 3492 2406 ⁸
3554 2378 3598 2433 εἶ
3652 2374 3712 2432 δὲ

2061 2468 2150 2522 καὶ
2201 2464 2702 2544 προσκεκρούκαμέν
2760 2489 2834 2543 τι,
2882 2465 3107 2544 λέγωνῖ,
3162 2467 3206 2521 εί
3255 2464 3310 2521 δὲ
3340 2468 3427 2521 καὶ
3457 2464 3706 2535 λελυπή-

2062 2572 2286 2631 καμεν;
2342 2557 2391 2610 τί
2447 2555 2507 2611 ἃν
2553 2555 2723 2619 οὕτως
2766 2556 2986 2634 ἶσχυρῆν
3045 2554 3137 2621 εἴη
3201 2557 3262 2611 τὸ
3315 2554 3578 2634 πραχθὲν,
3631 2556 3708 2617 ὡς

336 2649 498 2704 atrox
523 2641 678 2703 facta
699 2649 811 2714 est,
830 2651 895 2702 ut
922 2640 1301 2721 Polyeuctum
1328 2651 1491 2703 tuum
1511 2660 1544 2702 a
1558 2639 1973 2702 veniaarceas‘.‘

2061 2644 2381 2722 συγγνώμης
2414 2644 2590 2711 πάσης
2627 2643 2954 2701 Πολύευκτον
2982 2645 3074 2700 τὸν
3106 2646 3198 2700 σὸν
3231 2642 3480 2700 ἐκϐαλεῖν
3517 2663 3534 2716 ς

413 2731 514 2793 IV.
546 2728 683 2791 Haec
711 2748 846 2790 cum
884 2729 1136 2806 diceret,
1177 2739 1234 2791 et
1261 2733 1460 2792 animo
1493 2739 1831 2810 augeretur,
1860 2748 1973 2791 uon

2144 2732 2232 2792 A'.
2295 2740 2468 2791 Ταῦτα
2525 2731 2776 2810 λέγοντος
2848 2735 2937 2790 καὶ
2992 2732 3270 2808 ἀλύοντος,
3331 2737 3428 2792 οὒκ
3471 2732 3712 2810 ἐνεγκὼν

333 2818 534 2882 ferens
560 2817 887 2894 Nearchus,
913 2819 1121 2880 oculos
1143 2819 1407 2881 suffusus
1435 2819 1728 2901 lacrymis,
1754 2831 1812 2881 et
1833 2836 1973 2899 pro-

2063 2821 2310 2901 Νέαρχος
2380 2820 2618 2899 δακρύων
2675 2821 2996 2892 ὑποπλήσας
3055 2823 3178 2886 τοὺς
3232 2821 3557 2902 ὀφθαλμοὺς,
3616 2823 3706 2879 καὶ

335 2911 507 2968 tundo
529 2912 783 2982 suspirio
809 2914 1093 2968 internam
1109 2913 1298 2969 cordis
1315 2911 1604 2968 ﬂammam
1620 2910 1973 2982 signiﬁcans:

2061 2918 2346 2989 στεναγμῷ
2399 2912 2560 2988 βυθίῳ
2603 2912 2700 2978 τὴν
2744 2909 2889 2967 ἔνδον
2933 2909 3108 2990 φλόγα
3152 2916 3252 2978 τῆς
3296 2909 3511 2988 καρδίας
3566 2912 3703 2966 ὁποι·

335 2996 506 3069 Cum,
527 2996 752 3077 inquis,
775 3015 807 3056 ο
831 2995 1216 3070 amicissime,
1246 3006 1464 3058 nostrae
1486 2994 1897 3058 consensionis
1920 3004 1973 3057 et

2059 3000 2310 3073 σημήνας
2348 3020 2361 3036 ·
2423 3002 2525 3058 Τὸν
2584 2999 2848 3075 μέλλοντα
2905 3001 3212 3080 χωρισμὸν,
3269 2999 3395 3078 ἔφη,
3459 2998 3691 3078 φίλτατε,

334 3062 673 3148 dilectionis
703 3062 858 3166 apud
887 3103 982 3146 me
1010 3085 1200 3165 cogito
1231 3086 1694 3167 separationem,
1729 3103 1973 3147 necesse

2059 3089 2154 3156 τῆς
2213 3092 2369 3165 ἡμῶν
2427 3093 2720 3164 συμπνοίας
2781 3091 2868 3146 καὶ
2909 3062 3155 3168 ’στοργῆς
3205 3087 3425 3164 ἐννοῶν,
3456 3088 3697 3167 ἀναγκά-

333 3192 568 3256 quoque
584 3173 776 3236 habeo
799 3173 1067 3236 animum
1091 3173 1471 3255 abrumpere.
1497 3173 1636 3236 Haec
1658 3185 1972 3255 postquam

2057 3185 2217 3252 ζοεεαι
2274 3176 2570 3256 αποῤῥῆξαι
2627 3176 2731 3246 ἤδη
2783 3179 2870 3234 καὶ
2901 3177 3000 3246 τήν
3031 3176 3240 3257 ψυχήν.
3275 3185 3440 3235 Τοὸτο
3482 3175 3706 3245 ἤκουσεν

332 3264 435 3327 ille
466 3264 675 3338 audiit,
701 3264 884 3326 corde.
905 3263 1252 3342 gravissime
1285 3263 1592 3345 perculsus
1619 3281 1632 3327 :
1668 3262 1973 3336 Quomodo

2058 3266 2266 3331 ἐκεῖνος
2296 3265 2561 3344 βαρύτατα
2616 3267 2845 3346 πληγεὶς
2902 3267 3001 3335 τὴν
3031 3265 3271 3344 καρδίαν,
3333 3269 3454 3332 Πῶς
3512 3273 3703 3343 ταῦτα,

331 3355 480 3428 haec,
511 3353 722 3437 inquit,
740 3351 1036 3429 Nearcho,
1070 3354 1397 3435 quomodo,
1419 3363 1476 3415 et
1509 3371 1616 3415 cur
1646 3352 1771 3415 hac
1798 3351 1973 3414 verba

2057 3356 2183 3436 ἔφη,
2249 3355 2480 3435 Νέαρχε,
2533 3359 2647 3418 πῶς
2679 3358 2770 3412 καὶ
2811 3358 2868 3412 τί
2898 3356 2964 3411 τὰ
2993 3353 3118 3432 παρ’
3155 3353 3344 3412 ἐλπίδα
3385 3354 3552 3412 ταῦτα
3596 3353 3703 3434 ῥή-

330 3447 476 3504 dicis
502 3457 701 3518 praeter
731 3447 919 3518 spem?
948 3455 1003 3504 et
1033 3449 1321 3504 undenam
1347 3447 1463 3502 haec
1484 3447 1593 3504 erit
1612 3446 1782 3503 nobis
1802 3460 1972 3517 sepa-

2057 3469 2199 3522 ματα
2227 3465 2242 3521 ;
2274 3447 2360 3502 καὶ
2391 3445 2548 3502 πόθεν
2579 3447 2716 3520 ἡμῖν
2739 3445 2906 3508 οὕτως
2938 3447 2966 3502 ὁ
2996 3446 3282 3524 χωρύσμὸς
3317 3444 3552 3525 ἕσται,ὃν
3583 3444 3702 3502 οὐδὲ

331 3532 502 3608 ratio,
537 3551 712 3613 quam
745 3532 1059 3593 statuimus
1111 3549 1184 3592 ne
1233 3541 1483 3594 mortem
1517 3531 1761 3610 quidem
1796 3547 1973 3610 posse

2057 3537 2270 3596 θάνατον
2300 3537 2456 3592 αυτὸν
2486 3533 2731 3591 δύνασθαι
2763 3547 2941 3592 ποιεῖν
2973 3536 3047 3599 εἰς
3081 3535 3226 3611 sua;
3279 3535 3516 3613 ἔγνωμεν
3546 3554 3563 3607 ς
3600 3536 3698 3592 Καὶ

329 3621 500 3684 nobis
531 3622 728 3683 facere
751 3621 776 3683 ἲ
800 3621 923 3684 Hoc
957 3631 1069 3698 est,
1090 3621 1304 3703 inquit,
1336 3641 1370 3684 ο
1393 3623 1779 3698 amicissime,
1813 3622 1969 3701 quod

2057 3628 2080 3682 6
2125 3625 2368 3705 Νέαρχος
2401 3641 2415 3655 ·
2465 3631 2630 3682 Τοῦτο
2685 3625 2786 3704 γὰρ
2838 3623 3008 3690 ἐστιν,
3067 3624 3192 3704 ἔφη,
3238 3624 3480 3704 φίλτατε,
3514 3623 3542 3679 ὃ
3598 3645 3698 3700 μι-

330 3729 426 3773 me
443 3711 875 3791 propemodum
898 3712 1236 3785 sull‘ocat,et
1258 3711 1452 3791 ipsum
1478 3711 1817 3792 comprimit
1841 3710 1970 3792 spi-

2057 3721 2178 3793 κροῦ
2239 3736 2305 3787 με
2361 3714 2452 3770 καὶ
2501 3713 2811 3791 ἀποπνίγει,
2869 3715 2955 3770 καὶ
2986 3713 3113 3770 αὐτὸ
3147 3713 3360 3792 συνέχει
3392 3714 3452 3769 τὸ
3484 3718 3701 3788 Πνεῦμα

326 3800 508 3862 ritum
541 3809 598 3860 et
621 3799 906 3872 animam,
934 3800 1212 3882 quoniam
1237 3801 1388 3874 haec,
1417 3818 1592 3880 quam
1619 3799 1764 3876 dixi,
1791 3817 1968 3880 sepa-

2057 3806 2140 3860 καὶ
2187 3804 2285 3870 τὴν
2335 3803 2522 3882 ψυχήν
2565 3819 2577 3833 ⁸
2633 3801 2714 3860 ὅτι
2747 3806 2776 3860 ὁ
2806 3805 3084 3884 χωρισμὸς
3116 3801 3294 3874 οὗτος,
3327 3802 3385 3857 ὃν
3415 3802 3575 3882 ἔφην,
3607 3803 3700 3859 καὶ

327 3889 477 3950 ratio
511 3898 598 3950 est
629 3888 802 3951 nobis
835 3891 1092 3952 humana
1126 3897 1314 3951 morte
1343 3888 1594 3950 validior
1623 3897 1681 3952 et
1711 3889 1966 3968 gravior.

2057 3892 2376 3970 ἀνθρωπείου
2430 3891 2656 3949 θανάτου
2699 3893 3042 3972 ἰσχυρότερος
3093 3891 3230 3966 ἡμῖν
3280 3889 3391 3948 ἐστι
3444 3891 3534 3948 καὶ
3587 3891 3696 3968 βα-

327 3976 472 4041 Cum
506 3986 699 4040 autem
729 3979 1016 4054 nondum,
1048 3978 1185 4058 quid
1221 3977 1332 4040 sibi
1357 3977 1535 4040 vellet
1563 3978 1773 4052 oratio,
1801 3978 1970 4040 intel-

2057 3982 2287 4059 ρύτερος.
2347 3979 2508 4038 Οῧπω
2563 3979 2620 4037 δὲ
2677 3983 2770 4038 τὸν
2813 3980 2973 4058 λόγον
3029 3979 3057 4036 ὅ
3111 4002 3159 4036 τι
3215 3979 3278 4036 ἂν
3322 3978 3416 4047 εἴη
3465 3979 3696 4037 συνιέναι

325 4066 1134 4149 ligeretPolyeuctus,statim
1159 4085 1437 4148 surgens,
1456 4068 1786 4129 etamicum
1809 4086 1970 4129 com-

2057 4069 2196 4150 ἔχων
2243 4067 2591 4146 Πολύευκτος,
2639 4069 2870 4133 ἀναστὰς
2913 4070 3057 4132 εὕθὺς
3114 4070 3202 4126 καὶ
3259 4065 3562 4148 περιϐαλὼν
3602 4076 3696 4127 τοῦ

326 4157 554 4238 plexus,
585 4165 644 4218 et
669 4157 725 4218 ei
757 4157 836 4218 ita
870 4166 929 4218 ut
959 4174 1095 4218 eum
1127 4155 1388 4231 tenebat,
1412 4156 1828 4218 ardentissime
1850 4157 1967 4218 cir-

2057 4159 2224 4236 φίλου,
2303 4160 2389 4216 καὶ
2459 4161 2533 4224 ὡς
2594 4163 2721 4240 εἶχε
2781 4159 3082 4239 θερμότατα
3135 4159 3441 4238 περιχυθεὶς
3498 4160 3641 4234 αὖτῷ
3675 4174 3691 4191 °

325 4246 673 4309 cumfusus:
711 4244 826 4309 Sed
861 4246 981 4320 dic,
1016 4244 1230 4326 inquit,
1268 4245 1438 4317 mihi,
1472 4265 1506 4307 o
1545 4244 1836 4322 Nearche,
1871 4246 1970 4310 dic

2057 4247 2169 4306 ἄλλ’
2215 4247 2329 4305 είπέ
2391 4270 2510 4324 μοι,
2578 4247 2705 4330 ἔφη,
2753 4247 2987 4328 Νέαρχε,
3032 4247 3146 4305 εἶπὶ
3190 4253 3374 4327 σαφῶς
3415 4249 3505 4306 καὶ
3558 4248 3695 4304 ἀνά-

324 4342 552 4415 aperte,
603 4343 662 4396 et
710 4334 941 4414 explica
976 4335 1478 4415 quemadmodum
1512 4333 1636 4397 haec
1668 4335 1744 4396 sit
1773 4335 1969 4398 futura

2057 4337 2239 4405 πτυξον
2297 4338 2444 4402 ὅπως
2503 4340 2654 4402 οὗτος
2742 4340 2769 4394 6
2850 4338 3132 4418 χωρισμὸς
3204 4336 3351 4394 ἔσται
3388 4357 3402 4370 '
3475 4339 3537 4394 οὗ
3594 4339 3694 4417 γὰρ

324 4427 788 4503 separatio.Non
810 4423 968 4486 enim
994 4423 1118 4486 fero
1146 4423 1401 4505 amplius
1426 4423 1538 4486 hoc
1562 4424 1807 4485 minime
1822 4426 1967 4487 ami-

2057 4428 2192 4508 φέρω
2247 4429 2444 4494 ταύτην
2501 4429 2588 4484 επὶ
2631 4426 2796 4484 πλέον
2841 4427 2938 4493 τὴν
2995 4425 3185 4506 ἄφιλον
3245 4428 3484 4497 σιωπήν.
3522 4427 3578 4484 Εἰ
3635 4425 3692 4482 δὲ

323 4531 460 4574 cum
495 4511 823 4575 silentium.
858 4511 961 4576 Sin
994 4513 1213 4589 minus,
1246 4512 1478 4574 videbis
1499 4513 1623 4592 jam
1653 4522 1815 4574 tuum
1849 4517 1963 4577 Po-

2057 4519 2168 4592 ῠύκ,
2214 4515 2333 4573 ἀλλ’
2365 4515 2518 4592 ὄψεις
2562 4537 2631 4592 με
2682 4515 3015 4574 Πολύευκτον
3046 4514 3149 4583 ἤδη
3181 4517 3272 4574 τὸν
3303 4516 3396 4573 σόν
3426 4519 3690 4592 νεκρῶντα

321 4606 606 4679 lyeuctum
633 4606 689 4662 ln
726 4616 874 4663 terra
894 4605 1180 4678 iacentem
1216 4617 1507 4665 mortuum
1534 4614 1589 4664 et
1617 4608 1960 4666 examinem.

319 4697 509 4774 Atque
529 4691 838 4754 videbatur
859 4691 1098 4773 quidem
1121 4691 1430 4754 Nearchus
1455 4691 1606 4754 velle
1624 4691 1959 4767 dicere,sed

318 4783 508 4845 victus
561 4781 634 4843 ab
687 4782 874 4843 animi
924 4781 1371 4863 perturbatione
1418 4781 1674 4843 vinctam
1708 4781 1964 4845 habebat

317 4872 603 4952 linguam:
626 4880 686 4934 et
701 4872 891 4934 solum
911 4879 1158 4934 maestus
1178 4890 1246 4934 ac
1269 4870 1682 4947 conturbatus,
1698 4872 1958 4934 amicum

318 4961 448 5024 ﬁxis
478 4961 805 5041 aspiciebat
832 4961 1042 5036 oculis,
1079 4970 1137 5024 et
1166 4960 1625 5023 immoderatum
1654 4961 1958 5040 signiﬁca-

317 5051 415 5112 bat
458 5051 752 5113 dolurem.
803 5049 1122 5132 Postquam
1157 5060 1357 5114 autem
1388 5049 1548 5112 videt
1578 5049 1956 5130 Polyeuctum

317 5156 574 5202 maerore
621 5139 984 5214 confectum,
1037 5138 1330 5219 abjecisse
1380 5141 1667 5212 animum,
1701 5146 1758 5198 et
1792 5138 1959 5200 humi

316 5227 653 5308 procidere,
702 5236 763 5290 et
803 5246 935 5290 esse
980 5229 1103 5307 jam
1159 5247 1192 5291 a
1230 5228 1438 5290 dolore
1487 5224 1732 5288 omnino
1777 5245 1958 5308 supe-

311 5325 529 5386 ratum,
582 5318 816 5396 cogitur
868 5317 928 5378 in
981 5317 1137 5378 hanc
1197 5335 1402 5379 vocem
1465 5333 1782 5396 erumpere
1835 5337 1848 5378 :
1908 5317 1956 5381 Ο

313 5406 742 5480 amantissime,
779 5405 988 5486 inquit,
1021 5403 1360 5486 Polyeucte,
1399 5406 1512 5466 hoc
1551 5403 1808 5466 edictum
1842 5405 1958 5466 im-

315 5494 609 5574 peratoris
641 5494 810 5554 nobis
845 5495 1278 5573 separationem
1315 5495 1519 5556 afferet
1576 5502 1630 5553 et
1687 5491 1953 5571 disjunc-

314 5584 558 5648 tionem.
595 5582 913 5665 Postquam
947 5590 1141 5642 autem
1191 5584 1340 5645 hanc
1389 5600 1595 5646 vocem
1629 5581 1954 5668 sapientis-

2047 4608 2136 4664 καὶ
2189 4605 2387 4663 ἄπνουν
2429 4607 2562 4682 πρὸς
2619 4609 2688 4681 τῇ
2744 4609 2818 4682 γῇ
2871 4611 3142 4681 κείμενον,
3207 4605 3308 4663 Καὶ
3362 4607 3390 4660 ὁ
3447 4604 3684 4682 Νέαρχος

2046 4697 2204 4768 ὶῳκει
2274 4693 2342 4770 μὲ
2413 4695 2585 4750 εἰπεῖν
2667 4693 2998 4774 βούλεσθαι,
3091 4693 3403 4770 ἡττώμενος
3473 4689 3528 4748 δὲ
3591 4693 3683 4747 τοῦ

2043 4783 2262 4856 πάθους,
2325 4781 2570 4840 ἐπεδεττο
2640 4783 2740 4851 τὴν
2796 4781 3065 4859 γλῶτταν,
3127 4783 3216 4840 καὶ
3291 4792 3448 4842 τοῦτο
3523 4780 3686 4856 μόνον

2043 4869 2333 4930 κατάδυνον
2388 4893 2440 4929 τι
2505 4873 2589 4928 καὶ
2634 4873 2925 4951 πεπονθὸς,
2980 4871 3218 4943 ἠτένιζεν
3274 4873 3348 4935 εἰς
3390 4872 3483 4928 τὸν
3512 4867 3689 4950 φίλον,

2042 4962 2129 5019 καὶ
2167 4963 2264 5028 τῆς
2291 4961 2514 5038 ἀθύμως
2545 4959 2743 5037 ἐμήνυε
2787 4960 2888 5028 τὴν
2950 4957 3276 5040 ὑπερϐολήν.
3325 4951 3417 5024 Ὠς
3461 4957 3516 5016 δὲ
3575 4957 3690 5016 εἶδε

2043 5050 2372 5109 Πολύευκτον
2416 5053 2652 5108 παθόντα
2714 5072 2765 5107 τι
2794 5051 2886 5107 καὶ
2946 5050 3459 5131 μαχροψυχότερον,
3495 5049 3581 5105 καὶ
3614 5049 3689 5114 εἷς

2039 5143 2143 5219 γῆν
2197 5140 2382 5199 ἑαυτὸν
2445 5137 2876 5214 καταϐάλλοντα,
2911 5139 3002 5196 καὶ
3058 5138 3183 5197 ὅλον
3243 5136 3347 5206 ἤδη
3379 5138 3455 5213 τῷ
3495 5140 3691 5219 παθεῖν

2041 5213 2334 5304 νικώμενον
2368 5273 2386 5304 ,
2469 5213 2867 5306 ἆναγκάζεταιί
2911 5227 3060 5305 ῥῆξαι
3143 5229 3324 5306 φωνήν
3354 5245 3367 5260 ⁶
3456 5228 3568 5302 καὶ,
3621 5213 3685 5281 Ὠ

2041 5318 2280 5398 φίλτατε,
2343 5316 2470 5397 ἔφη,
2518 5316 2834 5391 Πολύευκτε,
2895 5318 3037 5373 τουτὶ
3108 5318 3167 5372 τὸ
3224 5313 3504 5391 βασιλικὸν
3561 5314 3686 5372 επί-

2038 5429 2222 5484 ταγμα
2277 5409 2368 5466 τὸν
2415 5409 2697 5488 χωρισμὸν
2755 5408 2892 5482 ἡμῖν
2952 5406 3241 5481 ἑμποιήσει
3297 5407 3390 5463 καὶ
3419 5408 3521 5474 τὴν
3562 5403 3685 5462 διά-

2038 5496 2224 5568 ζευξιν.
2271 5494 2428 5553 Ἐπεί
2488 5496 2542 5552 δὲ
2599 5495 2762 5552 tat-3:1
2820 5493 3047 5563 ἤκουσεν
3105 5498 3132 5551 6
3179 5496 3342 5576 σορὸς
3394 5496 3458 5552 tit
3512 5495 3686 5552 πάντα

2039 5586 2393 5664 Πολύευκτος,
2459 5582 2745 5660 συμϐαλὼν
2811 5586 3002 5651 εὐθέως
3060 5585 3192 5667 ὅπερ
3251 5586 3483 5667 Νεάρχῳ
3554 5585 3686 5664 βού-
