4018 6136
250 289 352 361 421
1556 288 1742 364 VITA
1787 295 1845 361 S.
1896 285 2348 361 POLYEUCTI.
3528 279 3648 356 422

246 431 390 488 λεται
445 433 512 487 τὸ
576 431 812 514 λεχθὲν,
846 435 1040 490 ενενόει
1099 427 1198 512 γὰρ
1257 435 1330 496 ὡς
1389 436 1423 502 ἡ
1484 436 1598 511 περὶ
1655 436 1717 490 τὸ
1761 431 1918 496 σέϐας

2016 430 2193 491 simus
2243 427 2428 490 audiit
2468 421 2852 504 Polyeuctus,
2885 417 3083 486 statim
3136 422 3469 506 conjiciens
3501 425 3645 506 quid

244 519 570 599 ἀμφοτέρων
637 520 888 603 διαςορὰ,
937 525 1067 598 πρὸς
1139 522 1373 588 ἐξέτασιν
1443 525 1591 582 ἰοῦσα
1665 525 1750 578 καὶ
1821 529 1920 600 ἆρ-

2016 519 2121 581 sibi
2145 520 2342 589 vellet,
2371 517 2529 597 quod
2550 517 2781 576 dixerat
2801 517 3112 578 Nearchus
3139 536 3151 577 :
3179 515 3456 595 cogitavit
3487 514 3645 576 enim

243 611 458 690 χόντων
522 613 774 689 βαρύτης
833 613 1120 689 ἀναγκάσει
1178 616 1349 669 θεῖναι
1414 612 1606 688 μεταξῦ
1660 616 1758 679 τὴν
1816 611 1923 668 διά-

2016 611 2164 689 quod
2196 607 2504 669 amborum
2541 606 2600 666 in
2624 603 2914 682 religione
2937 603 3233 666 dissensio
3258 606 3380 684 jam
3417 603 3648 666 exami-

245 722 454 755 στασιν.
528 699 698 757 Ἀλλ’
771 703 927 760 αὐτὸν
998 701 1214 780 ἀνέφερε
1276 700 1478 758 διάνοιά
1545 725 1622 764 τις
1689 701 1924 773 θειοτέρα

241 789 326 844 καὶ
393 790 465 854 ἢν
551 789 708 846 εἳδεν
780 791 904 864 ὄψιν
974 791 1383 866 ἀνανοούμενος,
1459 794 1546 848 καὶ
1609 790 1923 864 συνᾴδουσαν

245 878 405 944 αὑτὴν
455 885 543 951 τῷ
594 885 769 956 καιρῷ
821 879 1034 954 κρίνων,
1083 887 1257 959 χαρᾶς
1315 902 1373 936 τε
1429 879 1623 958 ἤρξατο
1680 879 1923 958 πληροῦ-

247 969 360 1022 σθαι
395 972 501 1022 καί
533 966 773 1046 ἡδονῆς,
807 969 894 1024 καὶ
927 968 1073 1033 ὅπως
1118 970 1277 1044 εἶψεν
1307 971 1341 1037 ἡ
1371 969 1492 1044 ὅψις
1553 969 1819 1026 ἐκοινοῦτο
1849 977 1924 1042 τῷ

245 1055 404 1134 φίλω·
473 1053 652 1113 ’Ἐστι
706 1079 780 1126 τι,
818 1056 1054 1136 Νέαρχε,
1088 1057 1284 1135 λέγων,
1317 1059 1492 1138 ὃταχα
1543 1064 1730 1115 τοῦτον
1789 1059 1923 1132 ἡμῖν

247 1143 484 1200 κωλύσει
520 1147 778 1224 γενέσθαι
809 1147 899 1202 τὸν
931 1149 1236 1226 χωρισμόν.

2010 698 2223 768 nanda,
2251 708 2311 758 et
2345 695 2727 757 acerbitatem
2753 693 3305 773 subiturajudicum
3327 702 3518 773 coget,
3547 710 3649 754 eos

2009 807 2040 849 a
2073 808 2136 848 se
2169 786 2424 848 invicem
2459 785 2758 864 disjungi:
2797 790 3088 844 convertit
3118 801 3252 845 eum
3285 783 3358 844 ad
3391 783 3649 845 divinio-

2009 896 2134 939 rem
2172 885 2448 958 quantam
2500 874 2940 952 cogitationem,
2991 882 3050 934 et
3102 872 3409 934 revolvens
3447 875 3648 935 animo

2009 985 2184 1046 quam
2218 965 2442 1026 viderat
2471 963 2784 1036 visionem,
2821 971 2875 1024 et
2922 981 3049 1024 eam
3081 963 3350 1040 judicans
3392 965 3650 1044 tempori

2009 1054 2486 1127 convenientem,
2514 1051 2691 1132 coepit
2727 1052 2945 1128 repleri
2978 1051 3193 1128 gaudio
3219 1065 3276 1114 et
3307 1053 3642 1134 voluptate:

2009 1155 2065 1206 et
2088 1143 2594 1225 quemadmodum
2629 1141 2755 1202 haec
2787 1140 2958 1201 fuerit
2982 1141 3150 1216 visio,
3188 1143 3650 1205 communicavit

2008 1233 2222 1294 amico.
2248 1231 2347 1294 Est
2370 1229 2615 1310 aliquid,
2650 1229 2882 1300 dicens,
2917 1248 2950 1290 o
2981 1227 3272 1306 Nearche,
3313 1231 3469 1310 quod
3502 1248 3646 1312 pro-

2007 1322 2238 1383 hibebit
2271 1320 2440 1381 nobis
2470 1321 2626 1381 hanc
2660 1317 2789 1380 fieri
2819 1319 3283 1399 separationem.

324 1410 419 1471 E'.
477 1409 660 1469 Εἶδον
704 1412 803 1491 γὰρ
862 1411 969 1492 ἐγὼ
1029 1416 1118 1472 τὸν
1181 1416 1428 1493 Χριστὸν,
1475 1414 1533 1469 ὃν
1593 1415 1654 1470 σὺ
1698 1435 1922 1493 προσκυ-

2088 1411 2156 1472 V.
2180 1411 2310 1470 Vidi
2337 1409 2496 1471 enim
2523 1428 2628 1488 ego
2653 1408 2975 1478 Christum,
3009 1415 3188 1488 quem
3222 1417 3280 1468 tu
3304 1408 3540 1486 adoras,
3574 1411 3650 1473 ad

245 1513 382 1571 νεϊς,
445 1499 828 1576 προσελθόντα
887 1525 1002 1576 μοι,
1060 1507 1149 1561 καὶ
1206 1506 1349 1560 τουτὶ
1422 1504 1519 1579 μὲν
1575 1505 1634 1559 τὸ
1706 1505 1925 1582 πιναρὸν

2016 1519 2108 1562 me
2137 1500 2588 1571 accendentem,
2621 1499 2730 1559 hac
2761 1497 3024 1577 sordida,
3058 1514 3173 1577 qua
3218 1515 3348 1556 sum
3380 1498 3644 1576 indutus,

245 1590 466 1664 ἱμάτιον
535 1591 568 1645 ὃ
625 1589 1024 1669 περιϐέϐλημαι
1080 1591 1416 1650 ἀποδύσαντά
1480 1613 1571 1668 με·
1636 1593 1816 1670 ἑτέραν
1873 1591 1928 1648 δέ

2016 1597 2171 1651 veste
2203 1608 2295 1650 me
2323 1589 2585 1662 exuisse,
2620 1587 2732 1648 alia
2761 1606 2898 1648 vcro
2933 1586 3102 1647 valde
3144 1586 3400 1664 pretiosa
3434 1588 3490 1668 (o
3523 1591 3654 1670 quis

245 1700 365 1733 τινα
427 1677 650 1748 στολὴν
709 1680 856 1754 μάλα
896 1683 1076 1756 τιμίαν
1137 1685 1233 1759 (τίς
1293 1681 1354 1737 ἂν
1412 1683 1618 1750 ἐκείνης
1679 1683 1824 1740 εἴποι
1874 1685 1928 1739 τὸ

2016 1679 2173 1740 illius
2206 1677 2710 1759 pulchritudinem
2745 1676 2958 1738 dixerit
2979 1684 3038 1736 et
3067 1675 3446 1755 splendorem
3477 1680 3518 1759 !)
3551 1679 3651 1741 in-

247 1767 456 1831 κᾶλλος
530 1770 625 1824 καὶ
699 1769 797 1838 την
861 1768 1186 1850 φαιδρότητα
1221 1771 1262 1852 ς)
1330 1772 1693 1846 ἆμφιάσαντα,
1754 1780 1928 1852 χρυσῇ

2016 1768 2425 1846 duisse,cujus
2447 1768 2760 1828 humerum
2790 1765 2968 1827 fibula
2991 1764 3432 1843 constringehat
3449 1785 3652 1831 aurea.

245 1862 316 1932 τῇ
380 1858 611 1933 περόνῃ
658 1862 776 1936 περὶ
836 1861 926 1915 τὸν
983 1863 1130 1936 ὦμον
1187 1862 1578 1940 συνεγομένηψ
1642 1861 1822 1917 ἔπειτα
1881 1860 1928 1917 δέ

2019 1859 2244 1921 Deinde
2268 1875 2406 1919 vero
2426 1857 2570 1918 mihi
2588 1873 2824 1937 quoque
2845 1872 3068 1931 equum
3092 1852 3398 1915 tradidisse
3410 1856 3653 1922 alatum.

251 1967 343 2021 μοι
404 1949 503 2002 καὶ
575 1946 748 2004 ’ίππον
802 1948 1196 2028 ἐγχειρήσαντα
1255 1952 1548 2025 πτερωτόν,
1599 1950 1767 2008 Ἀλλὰ
1810 1974 1927 2008 τοι-

2016 1951 2212 2028 Atque
2246 1947 2378 2008 talis
2409 1946 2648 2028 quidem
2685 1945 2795 2007 fuit
2824 1944 2990 2016 visio,
3027 1962 3200 2024 quam
3234 1943 3379 2006 vidit
3425 1945 3657 2010 divinus

252 2036 392 2102 αύτη
463 2035 578 2109 μὲν
632 2035 755 2111 ὄψις
807 2037 874 2105 ἣν
924 2041 952 2094 ὁ
1009 2043 1154 2104 θεῖος
1200 2039 1525 2102 Πολύευκτος
1581 2039 1718 2096 εἶδεο
1779 2041 1928 2116 ἔλεγε

2016 2035 2526 2116 Polyeuctuszejus
2549 2043 2744 2097 autem
2780 2051 3146 2115 nequaquam
3182 2031 3492 2095 fuitvanus
3524 2036 3656 2099 exi-

255 2126 329 2190 εὶς
380 2123 440 2179 δὲ
492 2127 655 2181 κενὸν
689 2125 959 2206 οὐδαμῶς,
992 2127 1129 2184 ἀλλὰ
1161 2132 1219 2184 τὸ
1277 2127 1474 2204 μέλλον
1521 2128 1752 2195 ἂκαιϐὠς
1787 2131 1925 2186 εἰκός

255 2222 422 2284 νιζεν,
488 2206 562 2270 Ἠ
595 2215 693 2291 γὰρ
751 2215 1040 2294 ἄμφιθεῖσα
1087 2217 1347 2284 καλλίστη
1393 2217 1569 2283 ἐκείνη
1604 2218 1770 2286 στολή
1831 2219 1927 2286 τὴν

256 2303 365 2359 ἀπὸ
431 2304 541 2360 τοῦ
594 2305 837 2382 χείρονος
883 2307 976 2361 ἐπὶ
1023 2309 1086 2362 τα
1158 2309 1380 2387 κρείττω
1451 2304 1752 2380 μεταϐολὴν
1825 2308 1930 2364 ἀπὸ

253 2397 356 2460 τῆς
413 2394 509 2450 ἐπὶ
547 2397 649 2471 γῆς
705 2402 955 2471 στρατιᾶς
1019 2397 1091 2459 εἷς
1149 2398 1248 2462 τὴν
1303 2397 1618 2471 ἒπουράνιον
1648 2400 1734 2452 καὶ
1789 2399 1926 2452 θείαν

253 2481 677 2559 στρατολογίαν,
755 2481 870 2539 καθ’
942 2487 1008 2552 ἢν
1101 2488 1127 2541 ὃ
1204 2485 1410 2564 Μάρτυς
1482 2502 1557 2540 τω
1628 2506 1930 2564 μαρτυρικῳ

257 2577 415 2648 χορῷ
471 2573 830 2628 συνάπτεσθαι
876 2573 1090 2648 μέλλον
1161 2577 1187 2630 ὁ
1242 2572 1294 2630 δὲ
1354 2595 1414 2652 γε
1472 2577 1672 2641 πτηνὸς
1730 2575 1923 2654 ἵππος,

260 2669 310 2714 τι
368 2660 434 2715 ἃν
496 2661 678 2739 ἕτερον
719 2665 844 2742 εἶχε
903 2661 1096 2730 δηλοῦν
1155 2666 1188 2732 ἡ
1221 2665 1316 2732 τὴν
1370 2677 1605 2743 ταχεῖαν
1666 2665 1772 2721 ἀπὸ
1828 2667 1926 2730 τῆς

265 2748 470 2806 ἐκείνου
505 2752 636 2828 πρὸς
667 2752 914 2820 οὐρανοὺς
939 2751 1192 2810 ἀνάϐασιν
1228 2773 1243 2832 ;

347 2830 452 2912 ς’.
493 2849 672 2897 Ταὸτα
716 2841 1014 2898 ἀκούσαντα
1070 2842 1318 2922 Νέαρχον
1371 2845 1597 2910 ἡσθῆναί
1627 2864 1681 2898 τε
1725 2844 1812 2898 καὶ
1843 2847 1924 2902 εὖ·

274 2929 539 3005 φροσύνης
593 2929 906 3006 γενόμενον’
965 2933 1066 2987 Τὸν
1138 2933 1385 3011 Χριστὸν,
1449 2933 1642 3004 εἰπεῖν,
1700 2934 1924 3010 ἒγνως;

274 3018 362 3070 τὸν
392 3020 641 3096 Χριστὸν,
676 3017 994 3095 Πολύευκτε,
1030 3022 1119 3076 τὸν
1163 3019 1336 3088 ἂληθῆ
1367 3020 1532 3082 ὄντως
1588 3021 1717 3076 Θεόν
1750 3041 1767 3094 ;
1825 3023 1925 3078 Τὸν

285 3102 336 3191 gi.
393 3109 520 3184 πρὸς
573 3114 760 3164 ταῦτα·
819 3111 956 3165 Πότε
1027 3107 1106 3183 δὲ,
1157 3111 1341 3191 φάναι,
1402 3121 1587 3170 τοῦτον
1629 3111 1921 3191 ἠγνόησας

2016 2136 2130 2197 tus,
2157 2126 2261 2186 sed
2289 2127 2573 2204 praeclare
2605 2124 2897 2205 espressit
2929 2123 2988 2184 id
3021 2121 3174 2201 quod
3211 2132 3338 2183 erat
3367 2123 3654 2202 futurum,

2017 2225 2237 2275 mutata
2288 2215 2526 2294 quidem
2559 2214 2658 2274 illa
2688 2213 2867 2274 vestis
2909 2209 3334 2291 pulcherrima,
3369 2213 3650 2276 mutatio-

2018 2322 2152 2364 nem
2188 2303 2247 2364 in
2302 2304 2509 2364 melius
2543 2321 2610 2362 ex
2646 2321 2716 2362 eo
2747 2302 2904 2382 quod
2937 2309 3026 2360 est
3055 2299 3360 2362 deterius:
3412 2320 3650 2384 nempe,

2015 2402 2073 2452 ut
2107 2411 2175 2453 ex
2217 2401 2453 2453 terrena
2485 2391 2696 2452 militia
2725 2397 2781 2450 in
2819 2390 3117 2451 caelestem
3152 2397 3209 2448 et
3242 2388 3504 2451 divinum
3545 2393 3654 2454 mi-

2013 2481 2181 2541 litum
2244 2483 2572 2543 referretur
2633 2496 2971 2552 numerum,
3007 2495 3118 2557 per
3173 2495 3354 2553 quem
3408 2489 3534 2541 erat
3593 2483 3653 2544 in

2013 2574 2260 2632 chorum
2297 2581 2614 2650 martyrum
2647 2567 3034 2648 coaptandns.
3067 2566 3276 2627 Alatus
3304 2578 3499 2629 autem
3551 2569 3655 2633 ille

2013 2679 2200 2741 equus
2251 2661 2397 2741 quid
2450 2659 2609 2722 aliud
2643 2658 2830 2738 possit
2873 2655 3235 2735 signiﬁcare.
3272 2674 3447 2737 quam
3498 2659 3658 2722 illius

2011 2751 2268 2811 celerem
2305 2772 2332 2807 ξι
2361 2758 2520 2811 terra
2551 2749 2609 2809 in
2643 2747 2825 2809 ccelos
2851 2763 3160 2807 ascensum
3194 2750 3221 2806 ?

2093 2838 2189 2901 Vl.
2245 2837 2383 2900 Haec
2417 2858 2546 2900 cum
2583 2836 2869 2899 audiisset
2898 2835 3228 2909 Nearchus,
3262 2833 3488 2896 laetatus
3537 2846 3649 2915 est,

2011 2929 2337 3008 hilarisque
2364 2928 2632 3002 effectus,
2669 2925 2722 2986 ei
2748 2923 2933 2986 dixit:
2969 2921 3264 2984 Christum
3297 2926 3654 3002 cognovisti?

2007 3017 2373 3091 Christum,o
2395 3014 2850 3096 Polyeucte,qui
2878 3029 3012 3073 vere
3033 3019 3122 3073 est
3146 3010 3339 3074 Deus?
3370 3014 3473 3076 llle
3504 3035 3647 3080 vero

2011 3107 2067 3168 ei
2092 3106 2238 3167 dicit
2265 3126 2279 3170 :
2316 3104 2561 3178 Quando
2589 3112 2786 3166 autem
2819 3121 2953 3164 eum
2977 3101 3275 3180 ignorati?
3302 3099 3477 3184 Num,
3514 3125 3649 3169 cum

292 3173 350 3249 Ἠ
415 3198 566 3273 πότε,
645 3204 738 3252 σοῦ
807 3199 924 3274 περὶ
995 3202 1153 3294 corpu
1221 3199 1496 3280 λέγοντος,
1567 3199 1764 3274 τρόμος
1836 3201 1928 3256 οὐκ

2016 3207 2074 3258 ιιι
2093 3197 2166 3259 de
2185 3214 2255 3258 eo
2272 3173 2761 3272 diceres,tremor
2782 3210 2987 3294 meum.
3001 3173 3237 3252 subibat
3251 3173 3656 3259 animuin?aut

297 3283 455 3340 εἶσέδυ
509 3308 606 3361 μου
637 3288 734 3351 τὴν
791 3288 1028 3366 ψυχήν;
1089 3283 1149 3346 Ἠ
1193 3289 1681 3368 ἀναγινώσκοντος,
1717 3289 1812 3345 οὒκ
1872 3287 1925 3344 ἐν

304 3373 518 3460 θαύματι
581 3378 898 3452 ποιούμενος
966 3377 1032 3444 ἧν
1115 3391 1234 3442 τοῖς
1292 3377 1518 3460 λόγοις;
1605 3382 1768 3454 μόνου
1826 3379 1925 3456 γάρ

308 3458 522 3536 ἐδεόμην
574 3465 846 3541 ὀνόματος,
884 3465 1065 3524 ἔπειτα
1123 3466 1260 3525 ἄλλα
1293 3491 1350 3546 γε
1396 3477 1464 3546 τῇ
1506 3458 1746 3527 *διαθέσει
1794 3476 1926 3547 Χρι-

298 3555 500 3616 στιανὸς
541 3557 623 3631 ἦν,
684 3557 772 3612 καὶ
817 3559 890 3620 εἰς
948 3555 1183 3614 δουλείαν
1242 3557 1491 3615 ἔσπευδον
1550 3559 1780 3633 ἐμαυσὸν
1839 3559 1928 3614 ἐν-

288 3639 432 3706 τάξαι
488 3647 564 3702 τῶ
641 3646 888 3722 Δεσπότῃ
947 3653 1184 3728 Χριστῷ,
1240 3648 1414 3706 πολλὰ
1484 3650 1688 3729 χαίρειν
1767 3649 1926 3705 εἰπὼν

283 3745 399 3796 ταῖς
453 3735 709 3808 ματαίαις
738 3741 843 3790 τῶν
903 3735 1135 3792 εἰδώλων
1167 3739 1457 3817 λατρείαις.
1521 3739 1581 3796 Τί
1615 3739 1702 3795 οὖν
1764 3737 1927 3815 προέτ-

279 3840 464 3896 τομεν,
516 3825 562 3877 ὦ
611 3833 875 3903 Νέαρχες
929 3827 979 3882 τί
1022 3825 1075 3881 δὲ
1135 3828 1212 3902 μὴ
1256 3827 1494 3907 φανερῶς
1564 3826 1927 3902 ἐπιδείκνυμεν

279 3911 375 3978 τὴν
422 3913 496 3971 εἷς
530 3914 758 3989 Χριστὸν
804 3913 1091 3992 ὁμολογίαν
1129 3935 1144 3996 ς
1180 3917 1281 3974 Καί
1329 3919 1355 3973 ὁ
1388 3917 1628 3997 Νέαρχος
1689 3917 1929 3992 ἀσμένως

279 4008 447 4057 ταῦτα
503 3999 836 4083 δεξάμενος,
915 4007 1010 4061 Καὶ
1080 4005 1261 4084 ὥσπερ
1340 4006 1662 4083 ἀπογυμνῶν
1747 4007 1928 4065 ἐαατὸν

278 4091 368 4146 καὶ
427 4088 837 4153 ἀνακαλύπτων,
891 4089 1043 4147 Ἀλλ’
1105 4092 1246 4171 ἐμοὶ,
1307 4093 1432 4174 ἔφη.
1497 4093 1813 4167 Πολύευκτε,
1875 4097 1932 4152 οὗ

283 4177 540 4258 πλοῦτος,
601 4179 661 4235 ού
718 4178 860 4256 δόξα,
922 4183 981 4238 οὐ
1045 4185 1423 4257 στρατιωτικὸν
1497 4183 1635 4246 ὅλως
1701 4183 1926 4256 ἀξίωμα,

281 4268 436 4325 053%.»
494 4267 628 4325 ἄλλο
687 4269 790 4325 τῶν
847 4281 939 4330 τοῦ
999 4272 1202 4346 κόσμου
1257 4275 1362 4334 τῶς
1421 4273 1474 4329 ἐν
1531 4280 1738 4352 Χριστῷ
1795 4278 1934 4344 ζωῆς

2013 3304 2148 3348 cum
2183 3287 2562 3365 legeres,non
2587 3283 2715 3362 ejus
2737 3279 3078 3343 admirabar
3097 3289 3440 3345 sermones?
3457 3284 3652 3347 solum

2013 3376 2170 3438 enim
2205 3375 2350 3436 mihi
2385 3392 2599 3435 nomen
2637 3371 2840 3432 deerat
2873 3389 2887 3431 :
2923 3368 3146 3448 alioqui
3176 3369 3336 3430 enim
3371 3389 3534 3434 eram
3558 3374 3652 3435 af-

2016 3466 2271 3527 fectione
2288 3463 2749 3536 Cbristianus,et
2774 3457 3082 3522 studebam
3109 3476 3204 3519 me
3225 3457 3462 3522 Domini
3483 3461 3656 3525 Chri-

2013 3555 2091 3618 sti
2114 3553 2452 3633 mancipare
2470 3548 2989 3626 servitio,multum
3007 3546 3204 3608 valere
3223 3548 3436 3626 jubens
3458 3552 3652 3616 cultus

2011 3644 2220 3706 inanis
2251 3643 2735 3704 simulacrorum.
2769 3636 2919 3710 Quid
2951 3655 3092 3716 ergo
3116 3635 3427 3714 facimus,o
3460 3641 3649 3704 Near-

2011 3737 2145 3797 che:
2170 3753 2274 3795 cur
2297 3751 2412 3794 non
2447 3737 2652 3811 aperte
2685 3728 3055 3791 ostendimus
3086 3734 3349 3788 nostram
3377 3729 3437 3790 in
3473 3729 3650 3794 Chri-

2010 3835 2163 3887 stum
2197 3822 2666 3885 confessionem?
2691 3819 2836 3881 Cum
2872 3817 2996 3879 hac
3026 3824 3220 3880 autem
3254 3815 3533 3883 lubenter
3557 3841 3652 3887 ac-

2010 3914 2267 3995 cepisset
2287 3909 2804 3988 Nearchus,dixit,
2829 3924 2894 3968 se
2925 3905 3370 3995 velutinudans
3413 3917 3472 3971 et
3501 3931 3650 3994 ape-

2012 3994 2196 4064 riens:
2232 4002 2392 4076 lilibi,
2427 4021 2460 4061 o
2489 3999 2832 4079 Polyeucte,
2866 4014 2984 4057 non
3015 3994 3255 4076 divitiae,
3289 4014 3406 4058 non
3438 4000 3649 4080 gloria,

2016 4112 2122 4154 ucc
2148 4093 2392 4153 omnino
2423 4089 2678 4168 dignitas
2704 4084 3115 4160 militaris,nec
3147 4086 3367 4166 aliquid
3392 4089 3549 4152 aliud
3582 4109 3654 4154 ex

2015 4181 2111 4255 iis,
2145 4200 2278 4261 quae
2329 4187 2466 4241 sunt
2493 4179 2668 4256 hujus
2719 4175 2944 4250 mundi,
2981 4175 3293 4254 praefertur
3337 4178 3486 4256 vitae,
3520 4200 3656 4258 quas

2019 4281 2107 4333 est
2125 4271 2183 4331 in
2201 4271 2598 4343 Cbristo,eam
2631 4267 2788 4328 enim
2812 4265 2995 4326 solam
3015 4264 3438 4329 desiderozalia
3452 4280 3652 4332 autem

278 4360 692 4437 προτιμότερον*
749 4361 944 4426 ταύτης
975 4361 1074 4439 γὰρ
1132 4361 1341 4440 ἐφίεμαι
1387 4364 1582 4438 μύνης,
1612 4363 1678 4418 τὰ
1709 4361 1752 4417 δ’
1800 4361 1928 4418 ἄλλα

2018 4360 2169 4440 apud
2197 4378 2292 4420 me
2314 4367 2451 4419 sunt
2474 4375 2670 4438 parva,
2694 4363 2752 4417 et
2781 4355 3000 4416 nullius
3022 4355 3222 4434 pretii.
3255 4355 3482 4420 Deinde
3511 4377 3655 4421 rur-

280 4451 451 4526 μικρα
509 4471 599 4523 μοι
656 4449 742 4504 καὶ
798 4459 891 4508 τοῦ
950 4449 1177 4525 μηδενός
1238 4453 1366 4507 εἰσιν
1436 4450 1574 4517 ἄξια.

1653 4452 1789 4509 Εἶτα
1847 4453 1934 4508 καὶ

1959 4489 2000 4536 ο
2019 4469 2117 4512 sus
2157 4449 2392 4510 divinus
2418 4447 2793 4536 Polyeuctus
2822 4445 2952 4536 ejus
2981 4445 3166 4506 animi
3219 4446 3399 4508 veluti
3429 4448 3654 4512 faciens

277 4536 450 4594 πάλιν
521 4539 549 4592 ὁ
619 4539 762 4600 θεῖος
831 4537 1181 4614 Πολύευκτος,
1239 4539 1418 4618 ὥσπερ
1497 4541 1928 4618 ἀποπειρώμενος

2018 4539 2369 4620 periculum.
2405 4537 2557 4610 Quid
2582 4534 2752 4598 vero?
2781 4534 3015 4614 inquit;
3048 4553 3248 4597 annon
3279 4539 3655 4620 concupiscis

281 4629 449 4684 αὐτοῦ
507 4629 604 4692 τῆς
677 4626 920 4705 γνώμης’
982 4629 1041 4686 Τί
1092 4627 1169 4701 δὲ,
1243 4633 1338 4688 οὐκ
1391 4628 1586 4708 ὀρέγει,
1650 4633 1778 4708 ἔφη,
1840 4636 1933 4686 τοῦ

281 4718 550 4795 παρόντος
607 4715 754 4774 τοῦδε
785 4739 867 4774 σοι
924 4717 1274 4795 ditibus-cog;
1337 4721 1430 4776 Καὶ
1483 4723 1510 4776 ὁ
1572 4720 1812 4798 Νέαρχος
1875 4719 1935 4774 ἐκ

280 4805 502 4883 καρδίας
585 4812 750 4863 ταῦτα
819 4808 907 4863 καὶ
968 4811 1061 4866 οὒκ
1143 4809 1216 4871 εἷς
1287 4809 1582 4878 ἀπόπειραν
1653 4807 1932 4885 προελθεῖν

282 4898 512 4966 νοήσαςο
589 4894 834 4972 Ἀγνοεϊν
892 4917 982 4972 μοι
1046 4897 1246 4972 ἔοικας,
1309 4897 1434 4978 ἔφη,
1491 4896 1813 4976 Πολύευκτε,
1872 4899 1932 4953 τὸ

279 4985 481 5052 ἀληθὲς
544 4984 596 5040 ἒν
656 4991 866 5064 Χριστῷ
947 4984 1173 5062 ἀξίωμα,
1233 4987 1318 5043 καὶ
1397 4987 1496 5053 τὴν
1567 4986 1691 5060 παρ’
1751 4986 1934 5060 ἐκείνῳ

280 5075 461 5154 δόξαν,
490 5077 585 5130 καὶ
649 5074 749 5141 τὴν
778 5076 852 5138 εἷς
899 5073 1147 5131 οὒδὲποτε
1178 5075 1484 5151 παυόμένην
1541 5075 1932 5154 μακαριότητα.

281 5165 438 5223 Οὕτω
518 5163 698 5240 μέντοι
785 5165 922 5228 ἦσαν
1005 5162 1494 5245 κοινολογούμενοι,
1551 5166 1637 5222 καὶ
1710 5165 1934 5245 φανερὰν

281 5252 542 5322 ἀλλήλοις
575 5255 671 5322 τὴν
704 5254 903 5309 ἑαυτῶν
932 5254 1153 5331 γνώμην
1184 5254 1483 5318 ποιοῦντες,

364 5349 451 5408 Ζ’,
497 5342 826 5403 Πολύευκτος
855 5340 911 5398 δὲ
957 5345 986 5399 ὁ
1015 5342 1178 5407 καλὸς
1207 5345 1293 5399 καὶ
1351 5343 1518 5411 ἡδέως
1576 5343 1628 5400 δὲ
1657 5345 1787 5421 πρὸς
1840 5345 1931 5400 τὸν

282 5438 428 5521 φίλον
490 5439 578 5494 καὶ
633 5432 930 5515 χαριέντως
990 5435 1181 5492 ἐθέλων
1237 5437 1429 5492 εἰπεῖν·
1495 5438 1562 5494 Τὸ
1620 5435 1741 5516 μὲν,
1803 5435 1929 5514 ἔφη,

280 5533 470 5611 ἀγνοεν
526 5549 595 5603 με
655 5527 1001 5590 ὑπώπτευσας
1067 5525 1166 5592 τὴν
1221 5526 1275 5581 ἐν
1342 5533 1551 5602 Χριστῷ
1605 5523 1782 5598 δόξαν,
1844 5526 1932 5580 καὶ

281 5623 379 5694 τήν
433 5615 562 5702 παρ’
595 5615 780 5688 ἐκείνῳ
839 5614 1231 5694 μακαριδτητασ
1278 5614 1385 5692 ἐγὼ
1429 5614 1481 5671 δὲ
1540 5615 1625 5671 καὶ
1655 5615 1754 5693 πρὸ
1812 5621 1928 5688 σοῦ,

2014 4629 2328 4706 Ιιειηο,ᾳυω
2346 4629 2515 4690 adest
2547 4626 2673 4704 tibi,
2708 4623 3085 4702 dignitatem?
3117 4626 3425 4690 Nearchus
3453 4638 3653 4692 autem

2016 4719 2362 4781 existimans
2399 4717 2524 4778 haec
2554 4715 2626 4776 ab
2659 4733 2728 4776 eo
2785 4714 2904 4775 dici
2934 4732 3002 4776 ex
3038 4716 3258 4790 animo,
3289 4726 3347 4780 et
3377 4737 3496 4780 non
3527 4721 3656 4796 ejus

2019 4806 2281 4870 tentandi
2312 4809 2521 4885 gratia:
2550 4801 2808 4877 Videris,
2845 4805 3054 4884 inquit,
3082 4806 3294 4882 mihi,o
3315 4805 3653 4888 Polyeucte,

2015 4897 2290 4976 ignorare
2323 4914 2518 4956 veram
2553 4896 2609 4956 in
2643 4893 2876 4956 Christo
2907 4895 3341 4974 ἀίεηίίδίθῖηνθί
3370 4914 3498 4957 eam
3525 4915 3657 4977 qua;

2017 4997 2105 5048 est
2133 4986 2286 5066 apud
2319 4985 2484 5046 illum
2518 4984 2792 5063 gloriam.
2831 4992 2888 5043 et
2918 5001 3049 5063 quae
3105 5002 3405 5061 nunquam
3438 4997 3651 5064 cessat,

2016 5074 2470 5138 beatitudinem.
2501 5073 2597 5135 Sic
2654 5071 2894 5153 quidem
2956 5074 3111 5134 inter
3151 5091 3214 5136 se
3272 5075 3657 5142 conferebant

2017 5182 2347 5245 sermones,
2382 5171 2440 5225 et
2468 5163 2582 5225 sibi
2612 5161 2866 5222 invicem
2918 5179 3084 5223 suam
3131 5162 3480 5244 aperiebant
3508 5185 3653 5230 sen-

2018 5255 2284 5316 tentiam.

2073 5342 2488 5424 VlLEgregius
2510 5351 2705 5403 autem
2720 5339 3075 5421 Polyeuctus
3091 5343 3355 5424 jucunde
3375 5355 3433 5408 et
3458 5347 3657 5428 lepide

2017 5432 2218 5493 volens
2242 5431 2462 5511 aliquid
2496 5431 2688 5492 amico
2720 5430 2961 5494 dicere:
2997 5429 3088 5493 Tu
3111 5432 3350 5513 quidem
3382 5436 3659 5518 suspica-

2015 5521 2199 5595 beris,
2225 5521 2544 5602 inquit,me
2573 5520 2848 5599 ignorare
2881 5539 3179 5604 eam,quze
3201 5531 3289 5586 est
3315 5526 3370 5585 in
3391 5525 3655 5608 Christo,

2014 5612 2222 5693 gloria,
2258 5618 2468 5693 etquae
2499 5620 2586 5673 est
2627 5611 2781 5694 apud
2817 5611 3005 5688 illum,
3049 5613 3499 5680 beatitudinem.
3538 5615 3656 5696 Ego
