4018 6136
347 264 466 339 423
1629 273 1794 340 ΜΕΝ
1800 275 1910 338 SIS
1961 275 1995 338 J.

2082 268 2411 341 lUARIUS.
3617 262 3741 334 424

348 416 616 483 autem,o
638 406 1145 485 Nearche,videor
1162 416 1221 471 te
1244 407 1713 489 praecessisse,et
1734 414 1992 490 impera-

2082 410 2315 489 Νέαρχε,
2381 409 2632 489 φαίνομαι
2693 408 2996 486 προκόψας,
3042 408 3126 465 καὶ
3186 406 3490 482 βασιλικὴν,
3550 404 3742 484 ὥσπερ

349 498 591 574 toriam,
619 506 683 559 ut
708 498 851 580 scis,
874 507 934 561 et
954 498 1255 561 ccelestem
1289 497 1657 577 chlamydem
1691 499 1995 579 accepisse

2083 498 2264 579 οἶσθα,
2318 495 2566 578 χλαμύδα
2625 499 2712 552 καὶ
2771 497 3011 575 οὐρανίαν
3056 495 3123 552 δι’
3180 494 3570 570 ἀποκαλύψεως
3630 517 3737 551 κο·-

346 605 462 668 per
491 586 942 650 revelationem.
978 589 1093 652 Sed
1130 597 1328 650 tamen
1360 587 1491 649 volo
1526 605 1595 649 ex
1628 594 1685 650 te
1709 588 1995 650 sciscitari

2084 589 2402 664 μισάμενος.
2467 586 2613 653 Πλὴν
2678 584 2816 643 ἀλλὰ
2877 587 3135 662 βούλομαί
3202 608 3260 642 σε
3302 586 3391 642 καὶ
3434 606 3737 661 πνευματι-

353 676 589 759 aliquod
614 685 788 757 caput
809 678 1091 758 spiritale.
1131 675 1360 740 Vereor
1382 676 1541 739 enim
1572 677 1745 752 me,si
1777 677 1995 759 absque

2082 679 2175 735 κόν
2245 701 2295 733 τι
2358 676 2561 749 ἐρέσθαι
2630 674 2942 756 κεφάλαιον
3007 674 3213 733 δέδοικα
3284 675 3385 753 γὰρ
3453 674 3533 748 μὴ
3609 671 3737 729 ἄνεί)

352 772 731 826 sacramentis
756 775 813 826 et
840 770 1125 841 mysteriis
1157 769 1497 827 accesserim
1522 770 1589 825 ad
1623 768 1995 837 Servatorem,

2082 766 2309 824 τελετῶν
2381 788 2440 821 τε
2505 766 2593 821 καὶ
2647 765 2949 842 μυστηρίων
3007 763 3308 841 προτελθὼν
3378 768 3453 836 τῷ
3518 767 3736 839 Σωτῆρι

355 853 407 914 ei
432 853 634 915 videar
655 851 901 914 minime
919 862 1224 935 acceptus,
1254 863 1312 916 et
1343 853 1622 933 indignus
1640 853 1743 933 qui
1775 854 1995 917 referar

2082 854 2437 934 ἂπρόσδεκτος
2468 853 2683 933 ὀφθείην
2730 857 2892 932 αὐτῷ,
2946 855 3031 910 καὶ
3072 858 3168 913 οὐκ
3222 852 3361 918 ἄξιος
3420 851 3540 908 τοῖς
3587 850 3732 907 ἐκεί-

353 942 415 1003 in
446 960 758 1004 numerum
787 943 916 1022 ejus
952 944 1229 1005 militum.
1269 945 1585 1023 Postquam
1620 944 1747 1005 haec
1778 945 1995 1006 audivit

2082 968 2171 1005 νου
2230 943 2713 1023 συγκαταλέγεσθςιι
2773 944 3141 1022 στρατιώταις.
3204 949 3380 999 Ταῦτα
3433 943 3507 1004 ὡς
3562 938 3727 1007 ἤκου-

352 1031 692 1103 Nearchus,
726 1028 917 1093 statim
944 1033 1154 1114 surgit,
1179 1041 1237 1094 et
1269 1033 1460 1094 evadit
1491 1033 1690 1094 animo
1720 1034 1913 1096 acrior
1943 1045 2001 1096 et

349 1120 805 1182 vehementior:
842 1130 897 1182 et
929 1122 1186 1183 amicum
1221 1121 1429 1204 incipit
1458 1139 2003 1204 recreare,promp-

351 1210 608 1291 tiorique
630 1219 687 1272 et
716 1210 993 1272 alacriori
1026 1211 1227 1273 animo
1259 1230 1393 1273 eum
1416 1212 1671 1273 reddere
1694 1211 1766 1272 ad
1785 1211 2005 1275 Christi

349 1301 557 1374 ﬁdem,
580 1300 817 1363 dicens:
847 1299 1049 1377 Nulla,
1074 1322 1108 1363 ο
1132 1303 1514 1376 amicissime,
1551 1302 1626 1362 sit
1652 1301 1754 1362 tibi
1786 1302 1861 1364 de
1894 1303 2003 1364 hac

348 1407 416 1451 re
444 1388 755 1451 dubitatio.
788 1389 1087 1469 Scriptum
1123 1398 1209 1451 est
1237 1391 1391 1452 enim
1420 1408 1591 1471 posse
1607 1389 1789 1451 Deum
1815 1391 1903 1451 Vel
1936 1410 2003 1452 ex

347 1478 445 1541 his
466 1477 761 1559 lapidibus
780 1480 1069 1540 suscitare
1095 1479 1247 1540 ﬁlios
1268 1479 1541 1541 Abrahae.
1575 1480 1741 1553 Quod
1767 1481 2002 1561 quidem

351 1568 491 1649 quid
528 1576 617 1628 est
646 1568 831 1642 aliud,
860 1586 1037 1646 quam
1072 1570 1208 1648 hoc,
1244 1588 1418 1649 posse
1449 1570 1625 1630 etiam
1653 1570 1903 1646 gentiles
1934 1589 2002 1631 ex

2085 1057 2172 1091 σεν
2232 1037 2258 1090 6
2294 1034 2560 1114 Νέαρχος,
2598 1034 2740 1095 εὐθύς
2802 1054 2858 1088 τε
2890 1031 3237 1104 διανίσταται,
3270 1034 3356 1088 καὶ
3415 1030 3728 1106 θερμότερος

2084 1123 2182 1190 τὴν
2255 1124 2438 1198 ψυψὴν
2511 1123 2735 1200 γίνεται,
2795 1124 2882 1177 καὶ
2954 1123 3043 1176 τὸν
3115 1120 3265 1200 φίλον
3340 1116 3733 1191 ἀναλαμϐάνειν

2086 1211 2336 1291 ἄρχεται,
2407 1213 2492 1267 καὶ
2551 1210 2938 1288 προθυμότερον
3016 1212 3132 1287 περὶ
3191 1210 3289 1277 τὴν
3348 1216 3437 1264 τοῦ
3504 1213 3737 1283 Χριστοῦ

2086 1302 2261 1357 πίστιν
2317 1299 2623 1356 διατιθέναι⁸
2686 1298 2893 1374 μηδεὶς,
2956 1300 3002 1355 ὦ
3070 1299 3310 1376 φίλτατε,
3371 1296 3563 1374 λέγων,
3612 1319 3733 1369 μη-

2085 1389 2186 1456 δεὶς
2241 1389 2379 1447 ἔστω
2450 1412 2532 1446 σοι
2603 1392 2719 1468 περὶ
2787 1390 2973 1444 τιύτου
3044 1386 3355 1465 δισταγμός·
3436 1387 3737 1465 γέγραπται

2085 1480 2186 1558 γὰρ
2238 1478 2455 1535 δυνατὸν
2486 1481 2627 1535 εἶναι
2673 1483 2749 1553 τῷ
2781 1485 2894 1553 Θεῷ
2939 1479 3022 1533 καὶ
3080 1476 3139 1532 ἐκ
3171 1484 3276 1531 τῶν
3333 1476 3489 1533 λίθων
3532 1476 3738 1533 τούτων

2085 1569 2287 1646 ἐγεῖραι
2331 1569 2489 1626 τέκνα
2546 1574 2622 1640 τῷ
2664 1566 2927 1641 Ἀϐραάμ.
2988 1566 3161 1639 ’Ὅπερ
3218 1568 3267 1622 τί
3310 1564 3440 1623 ἄλλο
3488 1566 3522 1632 ἢ
3572 1572 3737 1622 τοῦτο

351 1655 652 1735 insperato
684 1656 934 1719 salutem
965 1658 1225 1738 assequi,
1255 1666 1307 1719 et
1343 1676 1477 1719 esse
1510 1658 1726 1719 milites
1758 1656 1995 1721 Christi?

2087 1659 2217 1730 ἐστὶ,
2252 1659 2312 1714 τὸ
2362 1656 2412 1722 ἐξ
2468 1656 2782 1713 ἀνελπίστου
2839 1655 2933 1712 καί
2978 1656 3097 1721 τοὺς
3172 1655 3221 1721 ἐξ
3266 1655 3426 1711 ἐθνῶν
3485 1652 3736 1728 δύνασθαι

350 1747 500 1809 Nam
532 1745 834 1822 omnibus,
873 1756 937 1808 ut
978 1746 1165 1809 semel
1200 1747 1421 1822 dicam,
1453 1755 1654 1827 aperta
1710 1755 1796 1807 est
1835 1756 2000 1824 porta

350 1834 514 1898 coeli:
546 1835 692 1897 nulli
717 1836 963 1899 omnino
985 1855 1054 1898 ex
1079 1836 1359 1898 omnibus
1381 1839 1655 1898 occlusus
1687 1845 1775 1897 est
1794 1838 2000 1899 salutis

350 1923 569 1988 aditus.
597 1923 997 1996 Quamobrem
1035 1928 1080 1987 is
1102 1944 1340 2006 quoque
1370 1926 1470 2006 qui
1503 1926 1992 2005 credit,magnam

347 2019 586 2090 recipiet
607 2019 924 2077 mercedem
950 2033 1139 2091 parvae
1162 2019 1319 2076 illius
1342 2019 1814 2090 ﬁdeiPropterra
1838 2022 1994 2077 enim

348 2102 423 2164 iis
442 2120 702 2184 quoque,
730 2102 828 2182 qui
851 2104 1041 2183 prima
1063 2112 1118 2165 et
1143 2104 1313 2165 tertia
1336 2111 1392 2165 et
1420 2122 1573 2165 nona
1604 2104 1747 2164 hora
1787 2122 1994 2166 acres-

348 2203 554 2253 serunt
599 2190 672 2253 ad
708 2193 964 2265 vineam,
1000 2193 1245 2273 aequalis
1290 2210 1522 2255 merces
1572 2192 1917 2256 decernitur
1946 2195 1992 2255 ί.

350 2279 1019 2353 Quamobrem,etiamsi
1052 2284 1179 2362 ipse
1204 2283 1406 2344 tardus
1431 2283 1755 2343 accesseris
1787 2284 1996 2344 eadem

345 2389 476 2451 qua:
499 2370 675 2451 primi
709 2370 952 2451 praemia
974 2372 1381 2451 consequeris.
1414 2372 1498 2432 Ad
1526 2372 1651 2433 haec
1671 2371 1844 2432 divus
1879 2374 1997 2434 Po-

341 2464 901 2535 lyeuctus,tanquam
931 2463 1055 2535 ejus
1076 2462 1346 2520 subiisset
1377 2466 1631 2520 animum
1658 2464 1996 2521 recordatio.

342 2544 458 2608 Per
481 2547 817 2620 veritatem,
843 2547 1056 2627 inquit,
1092 2546 1359 2608 Nearche
1381 2546 1766 2615 amicissime,
1804 2547 1997 2608 audivi

343 2635 670 2717 aliquando
727 2636 983 2698 latenter
1013 2643 1069 2696 te
1100 2636 1320 2716 aliquid
1355 2636 1653 2715 ejusmodi
1699 2636 1993 2711 legentem

345 2743 414 2786 ex
476 2725 674 2785 divina
706 2726 1030 2802 scriptura,
1065 2726 1221 2803 quod
1257 2743 1381 2797 eos,
1420 2726 1519 2803 qui
1578 2743 1753 2785 unam
1788 2724 1991 2786 horam

347 2822 548 2876 essent
600 2814 850 2894 operati,
889 2814 1102 2889 aequali
1155 2813 1426 2876 Christus
1459 2814 1809 2876 bonorasset
1854 2834 1995 2894 por-

348 2901 511 2964 tione
572 2902 667 2978 iis,
702 2902 803 2982 qui
858 2902 1283 2964 sustinuissent
1345 2910 1527 2963 totum
1584 2912 1790 2964 aestum
1850 2904 1993 2966 diei.

2083 1748 2337 1815 σωθῆναι,
2374 1748 2460 1801 καὶ
2521 1754 2841 1822 στρατιῶται
2898 1747 3223 1814 καταστῆναι
3271 1751 3546 1823 Χριστοῦ;
3614 1745 3737 1799 επεὶ

2081 1840 2167 1894 καὶ
2223 1842 2384 1892 πᾶσιν
2445 1832 2628 1898 ἁπλῶς
2687 1837 2720 1902 ἡ
2780 1835 3014 1912 οὗράνιος
3047 1834 3289 1901 ἤνοικται
3348 1832 3513 1907 πύλη,
3553 1831 3735 1888 οὐδενί

2081 1934 2185 1983 τῶν
2244 1925 2457 1982 πάντων
2488 1925 2523 1991 ἡ
2567 1928 2664 1989 τῆς
2699 1924 2963 2000 σωτηρίας
3021 1922 3435 1980 ἆποκέκλεισται
3492 1919 3731 1986 εἴσοδος.

2076 2016 2235 2073 ’Ὅθεν
2279 2015 2366 2069 καὶ
2414 2016 2440 2068 ὁ
2473 2014 2732 2069 πιστεύων
2780 2012 2944 2068 πολὺν
3000 2014 3090 2068 τὸν
3143 2015 3331 2088 μισίιὸν
3363 2011 3457 2079 τῆς
3513 2016 3727 2089 μακρᾶς

2078 2104 2292 2165 ἐκείνοις
2368 2104 2596 2166 πίστεως
2676 2103 2976 2176 κομῖσεται.
3044 2106 3141 2157 Διὰ
3198 2108 3362 2157 ταῦτα
3420 2101 3519 2177 γὰρ
3598 2112 3726 2164 τοῖς

2079 2195 2296 2269 πρώτην
2355 2194 2438 2247 καὶ
2504 2194 2709 2269 τρίτην,
2769 2189 2931 2258 ἕκτην
3016 2212 3063 2246 τε
3132 2191 3218 2246 καὶ
3285 2190 3506 2255 ἐννάτην
3582 2187 3730 2266 ὥραν

2079 2281 2391 2360 προελθοῦσι
2450 2287 2526 2354 τῷ
2607 2278 2882 2354 ἀμπελῶνι
2954 2278 3071 2335 κατ’
3127 2278 3253 2335 ἴσαν
3336 2279 3633 2356 ἀφορίζεται
3698 2279 3730 2332 ὁ

2082 2376 2293 2446 μισθὸς,
2350 2369 2487 2427 ὣστε
2539 2369 2637 2425 κᾶν
2692 2368 2926 2445 βραδέως
3000 2368 3154 2431 αὐτὸς
3240 2366 3556 2446 προσέλθῃς,
3616 2371 3729 2421 τῶν

2082 2464 2251 2517 αὐτῶν
2310 2473 2423 2522 τοῖς
2484 2459 2712 2534 πρώτοις
2784 2458 3044 2533 ἐξιωθήσῃ
3114 2459 3306 2535 γερῶν,
3370 2458 3505 2532 Πρὸς
3558 2461 3730 2513 ταῦτα

2083 2554 2109 2607 ὁ
2166 2554 2308 2611 θεῖος
2389 2547 2715 2607 Πολύευκτος
2789 2546 2968 2624 ὥσπερ
3040 2548 3343 2619 ἀναμνῆσαι
3401 2544 3727 2621 βουλόμενος

2082 2641 2259 2695 αὐτόν·
2315 2641 2394 2706 Νὴ
2437 2639 2535 2704 την
2591 2636 2863 2706 ἀλήθειαν,
2898 2640 2943 2690 ὦ
2996 2634 3234 2716 φίλτατε,
3295 2634 3420 2714 ἔφη,
3484 2636 3725 2713 Νέαρχε,

2080 2727 2281 2796 ἤκουσά
2339 2728 2430 2783 σού
2487 2747 2615 2782 ποτε
2668 2724 2970 2791 λεληθότως
3030 2725 3267 2781 τοιοῦτόν
3325 2746 3374 2779 τι
3434 2722 3528 2789 τῆς
3577 2723 3725 2785 θείας

2081 2823 2287 2897 γραφῆς
2340 2815 2893 2893 ὑπαναγινώσκοντις,
2954 2814 3033 2871 ὅτι
3090 2827 3206 2879 τοῖς
3266 2816 3357 2870 τὸν
3416 2812 3539 2869 ὅλον
3584 2814 3722 2868 καύ-

2081 2930 2224 2964 σωνα
2279 2905 2374 2973 τῆς
2446 2904 2644 2982 ἡμέρας
2716 2904 3147 2980 ὑπομεμνηκόσι,
3209 2904 3329 2965 τοὺς
3400 2903 3523 2977 μίαν
3577 2900 3719 2976 ὥραν

347 2989 653 3053 Nearchus
686 3000 906 3053 autem:
940 2991 1113 3053 Multa
1144 2991 1624 3072 quoque,inquit,
1662 3011 1694 3053 ο
1724 2994 1811 3053 vir
1834 3012 1995 3072 egre-

2082 2994 2465 3075 ἐργασαμένους
2521 2995 2638 3072 περὶ
2706 2996 2805 3061 τὴν
2864 2994 2957 3051 τοῦ
3016 2996 3203 3069 μισθοῦ
3260 2991 3404 3048 δόσιν
3460 2990 3715 3064 ἰσομοιρίᾳ

346 3080 467 3160 gie,
501 3080 768 3142 invenies
812 3080 1109 3159 ejusmodi
1143 3082 1433 3160 exempla.
1497 3082 1652 3143 Ecce
1683 3084 1868 3157 enim,
1902 3088 1999 3143 in-

348 3171 493 3251 quit,
529 3171 701 3243 latro,
736 3170 835 3250 qui
891 3169 999 3230 fuit
1030 3188 1163 3231 cum
1200 3167 1433 3232 Christo
1478 3170 1828 3244 cruciﬁxus,
1862 3190 1996 3233 cum

348 3258 877 3321 innumerabilium
934 3276 1076 3321 reus
1108 3268 1264 3320 esset
1321 3259 1666 3335 criminum,
1699 3278 1807 3341 pro
1868 3280 2000 3322 mo-

349 3349 506 3429 dico,
543 3357 602 3410 et
652 3347 811 3409 brevi
846 3346 1024 3409 verba
1076 3366 1314 3425 magnas
1372 3348 1599 3410 invenit
1643 3367 1997 3412 remunera-

346 3435 541 3500 tiones
577 3455 590 3500 :
644 3445 701 3498 et
730 3455 864 3518 quae
896 3436 1094 3497 multis
1129 3437 1346 3498 emitur
1377 3437 1697 3499 sudoribus
1729 3438 1787 3498 in
1821 3457 1994 3518 para-

342 3526 471 3587 diso
505 3526 896 3598 conversatio,
928 3523 1249 3586 admodum
1315 3526 1489 3587 facile
1520 3525 1593 3587 ab
1624 3546 1694 3587 eo
1732 3537 1987 3606 paratur.

340 3613 485 3675 Nam
516 3614 606 3675 vel
644 3633 821 3695 parva
855 3614 1002 3676 ﬁdes
1049 3623 1243 3695 potest
1277 3635 1523 3695 magnos
1554 3626 1787 3677 montes
1822 3624 1989 3678 tran-

344 3703 561 3766 sferre.

429 3791 573 3853 Vlll.
627 3790 765 3853 Haec
798 3810 932 3853 cum
983 3792 1217 3856 divinus
1272 3794 1559 3857 autliisset
1613 3795 1990 3875 Polyeuctus,

346 3884 547 3946 animo
607 3884 804 3946 statim
838 3883 896 3943 in
949 3885 1133 3945 altum
1181 3886 1507 3959 extollitur,
1545 3896 1603 3948 et
1652 3898 1715 3950 ut
1746 3905 1994 3966 corpore

345 3974 557 4036 horum
583 3981 639 4034 et
662 3985 1039 4034 terrenorum
1066 3976 1329 4036 omnium
1359 3977 1531 4055 plane
1553 3976 1792 4049 oblitus,
1820 3977 1992 4038 Paci-

345 4060 762 4139 scamur,dicit
779 4062 1078 4137 Nearcho,
1114 4082 1221 4124 nos
1242 4063 1474 4126 firmius
1494 4074 1551 4125 et
1572 4064 1842 4127 stabilius
1863 4084 1991 4125 ser-

348 4160 580 4213 vaturos
600 4170 669 4212 ea
688 4168 819 4231 qua)
840 4150 966 4211 visa
985 4151 1227 4212 fuerint.
1259 4151 1378 4230 Ego
1411 4153 1569 4213 enim
1591 4153 1771 4215 rebus
1792 4155 1998 4215 huma-

345 4241 440 4302 nis
462 4241 539 4303 de
563 4252 781 4304 caetero
807 4240 1489 4314 renuntiavi.Quodnam
1510 4252 1704 4303 autem
1739 4243 1813 4303 de
1834 4242 1998 4305 Chri-

344 4339 434 4391 sto
459 4348 567 4391 nos
600 4338 868 4409 oporteat
898 4330 1056 4391 ferre
1088 4331 1518 4401 testimonium,
1555 4332 1793 4412 planum
1826 4334 1990 4409 fecit,

2082 3086 2364 3161 τετίμηκεν
2422 3087 2448 3140 ὁ
2482 3085 2726 3160 Χριστός.
2791 3074 2847 3141 Ὀ
2899 3082 2953 3139 δὲ
3006 3082 3272 3161 Νέαρχος·
3313 3083 3407 3139 Καὶ
3438 3080 3649 3158 ἐτέρων,
3679 3078 3718 3145 ἢ

2079 3175 2269 3254 βούλῃ,
2331 3174 2475 3253 ἔφη,
2535 3174 2798 3248 θαυμάσια
2876 3172 3088 3229 πολλῶν
3146 3172 3399 3228 τοιούτων
3480 3170 3721 3247 εὑρήσεις

2079 3264 2502 3340 ὑποδειγμάτων
2559 3263 2742 3319 ανδ-τίκα
2802 3263 2900 3340 γὰρ
2958 3266 2984 3315 ὸ
3036 3262 3413 3322 συσταυοωθεὶς
3458 3266 3531 3332 τῷ
3597 3265 3726 3313 Σω-

2080 3355 2201 3430 τῆρι
2260 3352 2465 3429 λῃστὴς
2520 3353 2721 3429 πορίοις
2776 3350 3108 3429 ἐγκλήμασιν
3168 3348 3354 3429 ἔνοχος
3411 3347 3507 3428 ὢν,
3544 3346 3730 3425 ὸλίγου

2080 3444 2167 3497 καὶ
2223 3442 2470 3523 βραχέως
2536 3442 2773 3519 ῥήματος
2849 3439 3087 3519 μεγάλας
3160 3441 3450 3516 εὑρίσκεται
3510 3436 3729 3494 ἀντιδό-

2080 3547 2212 3591 σεις·
2274 3534 2361 3586 καὶ
2418 3533 2452 3597 ἡ
2505 3529 2730 3593 πολλοῖς
2789 3526 2997 3607 ἱδρῶσιν
3054 3527 3211 3590 ὤνιος
3258 3536 3348 3584 τοῦ
3407 3524 3727 3606 παραδείσου

2078 3619 2317 3698 διαγωγὴ
2371 3619 2518 3695 μάλα
2553 3618 2739 3697 ῥᾳδίως
2800 3621 2939 3690 αὑτῷ
2983 3620 3269 3692 πορίζεται,
3313 3617 3426 3673 ἐπεὶ
3483 3617 3574 3673 καί
3623 3640 3720 3692 μι-

2076 3710 2175 3788 κρὰ
2218 3709 2391 3771 πίστις
2423 3707 2631 3785 μὲγαλα
2660 3708 2757 3786 ὄρη
2788 3711 3038 3782 μεθιστᾷν
3067 3704 3306 3767 δύναται,

2158 3796 2245 3858 Η’.
2302 3799 2512 3855 Τούτων
2542 3796 2596 3852 δὲ
2651 3797 2880 3860 ἀκούσας
2912 3799 2939 3853 6
2990 3799 3133 3859 θεῖος
3189 3796 3541 3867 Πολύευκτος,
3576 3795 3725 3859 εὐθὺς

2077 3897 2356 3965 πτεροῦται
2410 3887 2509 3954 τὴν
2567 3887 2773 3965 ψυχὴν,
2806 3887 2893 3941 καὶ
2924 3889 3015 3942 οἷα
3074 3891 3180 3943 τῶν
3213 3890 3532 3960 σωματικῶν
3582 3883 3727 3940 ὅλων

2084 3979 2165 4037 καί
2222 3975 2579 4056 χαμαιζήλων
2637 3974 2809 4045 λήθην
2882 3973 2984 4043 ἤδη
3042 3976 3335 4052 καταγνοὺς
3396 3974 3721 4051 βαθυτάτην,

2077 4069 2404 4142 συνθώμεθα,
2459 4065 2602 4144 λέγει
2648 4072 2723 4140 τῷ
2783 4066 3058 4146 Νεάρχῳ,
3114 4064 3451 4141 βεϐαιότερον
3507 4065 3573 4120 τὰ
3644 4061 3727 4119 δε·-

2080 4156 2310 4234 δογμένα
2368 4155 2612 4234 φυλάξαι.
2650 4153 2792 4231 Ἐγὼ
2847 4157 2947 4233 γάρ
3004 4168 3118 4219 τοῖς
3175 4154 3519 4233 ἀνθρωπίνοις
3578 4154 3723 4231 πρά-

2078 4268 2245 4324 γμασι
2315 4248 2376 4300 τὸ
2432 4243 2618 4300 λοιπὸν
2674 4244 2934 4301 ἀπεῖπονο
2992 4246 3053 4300 τὸ
3112 4242 3166 4299 δὲ
3223 4244 3336 4301 τίνα
3390 4245 3548 4318 ἡμῶν
3604 4243 3724 4321 περί

2081 4342 2305 4415 Χριστοῦ
2348 4339 2678 4412 μαρτυρῆσαι
2710 4330 2814 4407 δεῖ,
2853 4332 3017 4400 δῆλον
3065 4331 3167 4400 ἤδη
3213 4333 3503 4399 πεποίηκεν
3537 4334 3572 4400 ἡ
3635 4332 3722 4388 καί

344 4437 476 4499 quae
510 4418 565 4480 id
604 4418 920 4498 praescivit,
955 4417 1155 4480 divina
1199 4420 1433 4482 Domini
1468 4420 1804 4483 dementia.
1842 4425 1995 4484 Ecce

2083 4432 2399 4505 προγνοῦσα,
2458 4424 2594 4501 φημὶ
2662 4424 2779 4500 περὶ
2861 4424 3069 4497 τούτου,
3129 4423 3239 4478 θεία
3305 4429 3396 4479 τοῦ
3452 4421 3718 4477 Δισπότου

347 4508 537 4582 enim,
572 4527 605 4568 ο
634 4505 930 4582 Nearche,
966 4526 1122 4580 eam,
1158 4527 1291 4588 qua:
1326 4518 1417 4569 est
1446 4509 1507 4571 in
1540 4511 1706 4571 caelis
1738 4510 1999 4590 pulchri-

347 4596 621 4658 tudinem
651 4594 795 4657 ;nihi
818 4595 1026 4658 visioni
1058 4596 1456 4676 apprehendit
1484 4599 1781 4676 cogitatio:
1818 4618 1994 4680 quam

350 4686 592 4767 quidem
626 4686 929 4755 assistere.
964 4694 1024 4746 et
1053 4684 1350 4749 Christum
1396 4686 1567 4749 video
1600 4696 1735 4750 ante
1766 4690 1993 4769 oculos,

348 4783 405 4837 et
435 4775 760 4855 splendore
790 4775 921 4854 ejus
943 4775 1183 4836 visionis
1213 4776 1359 4836 mihi
1391 4776 1582 4836 vultus
1603 4776 1994 4840 illuminatur.

351 4866 467 4928 Sed
486 4865 612 4944 jam
640 4874 871 4944 tempus
896 4873 984 4925 est
1010 4864 1209 4943 legere
1232 4865 1477 4944 impium
1506 4862 1763 4928 edictum
1799 4868 1995 4949 impe-

349 4963 640 5026 ratorum,
676 4961 733 5014 et
756 4962 919 5016 recte
950 4952 1105 5014 scire
1134 4953 1415 5033 quidnam
1450 4954 1589 5016 velit
1636 4975 1742 5017 nos
1774 4957 1991 5018 facere.

347 5043 445 5106 Sic
498 5044 648 5106 dixit
684 5066 696 5101 :
734 5062 997 5120 cumque
1029 5044 1088 5103 id
1150 5044 1503 5126 accepisset,
1539 5046 1809 5124 perlegit,
1842 5047 1999 5108 inter

344 5130 661 5211 legendum
697 5132 973 5213 conspuit
1008 5149 1021 5193 :
1086 5141 1145 5193 ct
1176 5151 1310 5194 cum
1345 5131 1401 5192 id
1438 5133 1497 5193 in
1528 5133 1711 5194 frusta
1772 5134 1996 5197 minuta

342 5220 947 5300 confregisset,ventis
970 5220 1530 5282 mandavit.Deinde
1553 5222 1639 5282 sic
1670 5241 1992 5285 conversus

343 5308 499 5369 videt
526 5310 690 5372 idola
720 5327 851 5390 quas
881 5309 1286 5389 portabantur,
1314 5318 1372 5371 et
1401 5326 1435 5369 a
1467 5310 1664 5371 stultis
1689 5313 1994 5375 adoranda

343 5394 794 5458 deducebantur
827 5397 897 5459 ad
929 5416 1085 5460 aras.
1122 5396 1263 5469 Quae
1304 5415 1437 5459 cum
1463 5398 1903 5479 jucundissime
1931 5411 1996 5471 et

429 5558 446 5607 ι
484 5558 600 5618 Mat
633 5561 691 5617 h.
728 5575 823 5633 xx,
860 5560 917 5619 l.
958 5575 1127 5637 siqq.

2082 4513 2465 4594 φιλανθρωπία.
2527 4509 2658 4568 ’ἰδοὺ
2701 4512 2799 4590 γὰρ
2854 4510 2991 4586 ἐμοὶ,
3048 4512 3283 4591 Νέαρχε,
3334 4512 3401 4566 τὰ
3444 4510 3497 4566 ἐν
3556 4514 3715 4587 οὖρα-

2082 4619 2196 4669 νοῒς
2252 4602 2427 4669 κάλλη
2459 4603 2775 4682 φαντάζεται
2818 4605 2852 4670 ἡ
2909 4601 3134 4676 διάνοια,
3168 4603 3260 4658 οἽα
3318 4600 3373 4657 δέ
3431 4623 3519 4674 μοι
3575 4621 3712 4677 παρ-

2081 4714 2308 4766 εστωτα,
2368 4693 2454 4747 καὶ
2510 4692 2599 4745 τὸν
2657 4698 2876 4769 Κριστον
2930 4693 3030 4770 πρὸ
3086 4689 3527 4769 τώνιὸφθαλμῶν
3582 4688 3709 4764 ὁρῶ,

2082 4784 2168 4838 καὶ
2224 4779 2291 4855 τῇ
2347 4780 2441 4846 τῆς
2487 4779 2663 4855 ὅψεως
2721 4781 2881 4837 αὐτοῦ
2936 4782 3260 4858 μαρμαρυγῇ
3316 4782 3376 4836 τό
3433 4778 3714 4856 πρόσωπον

2079 4872 2524 4944 καταλάμπομαι.
2559 4868 2702 4937 Πλὴν
2746 4869 2856 4947 ὥρα
2905 4868 3008 4937 ἤδη
3065 4872 3258 4945 καὶτῷ
3314 4867 3494 4933 δοσϐἒς
3550 4867 3719 4943 πράσα

2080 4982 2260 5038 ταγμα
2302 4967 2407 5015 τῶν
2464 4956 2725 5032 βασιλέων
2784 4959 3191 5036 ἀναγινώσκειν,
3252 4962 3338 5014 καὶ
3393 4957 3421 5012 ’ὃ
3477 4956 3722 5033 βούλεται

2080 5051 2327 5128 πράττειν
2403 5049 2546 5122 ἡμᾶς
2615 5045 2842 5125 ἀκριϐῶς
2913 5046 3121 5107 εἰδέναι.
3198 5047 3374 5112 Οὕτως
3444 5045 3546 5125 ἔφη
3626 5044 3722 5102 καῖ

2078 5138 2255 5195 λαϐὼν
2324 5137 2511 5215 ἀπῄει,
2571 5134 2778 5193 διέπτυὲ
2848 5159 2906 5193 τε
2994 5136 3397 5216 ἀναγινώσκων,
3457 5135 3589 5212 πρὸς
3667 5133 3722 5191 δέ

2076 5237 2239 5286 ταῦτα
2298 5227 2383 5281 καὶ
2441 5224 2610 5281 λεπτὰ
2662 5224 2936 5304 διαῤῥῆΞας
2997 5225 3175 5304 αὔραις
3228 5223 3424 5281 ὲδζδου·
3459 5218 3565 5279 εἶθ’
3625 5221 3721 5281 οὗ-

2074 5339 2180 5380 τως
2253 5314 2584 5393 ἐπίστραφείς
2664 5313 2851 5371 εἴδωλα
2923 5318 3016 5394 ὁρᾷ
3086 5312 3563 5388 διαϐασταζόμενα,
3649 5314 3722 5378 εἷς

2074 5403 2426 5484 προσκύνησιν
2487 5425 2540 5460 τε
2611 5418 2728 5467 τοῖς
2789 5405 3034 5476 ἀνοήτοις
3100 5403 3242 5486 παρᾶ
3305 5405 3428 5467 τοὺς
3506 5403 3723 5482 βωμοὺς
