4018 6136
207 253 306 321 425

1493 248 1679 323 νΙΤΑ
1726 258 1784 320 S.
1840 245 2296 322 POLYEUCTI.

3460 257 3577 330 426

201 390 535 469 άπαγόμενα,
603 380 702 448 Ὠν
760 391 903 468 μάλα
959 391 1086 460 ἡδὺν
1143 395 1237 450 καὶ
1290 394 1486 470 θερμὸν
1514 395 1606 449 τὸν
1635 391 1848 470 γέλωτα

1944 392 2455 454 vehementissime
2484 392 2742 469 risisset,
2779 393 2944 474 prius
2973 394 3213 476 quidem
3242 396 3483 460 simulat
3512 418 3578 462 se

199 486 528 559 καταχύσας,
579 484 844 560 πρότερον
886 483 984 557 μὲν
1042 483 1225 545 αὐτοῖς
1284 484 1612 560 ὑποκρίνεται
1673 505 1842 557 προσ-

195 567 358 625 ελθεῖν
412 572 748 651 προθύμως,
816 575 938 628 εἶτα
1009 571 1127 628 καθ’
1183 571 1239 627 ἓν
1293 572 1477 629 ἐκεῖνα
1531 568 1843 651 λαμϐάνων³

191 661 267 714 καὶ
305 663 388 720 εἰς
453 661 572 736 γῆν
635 663 780 722 αὖθις
836 662 1220 735 προσαρασσων
1293 661 1464 717 πάντα
1523 662 1658 737 ὁμοῦ
1713 683 1844 716 συν-

189 746 381 823 έτριψε,
419 752 516 805 καὶ
547 752 628 815 εἰς
660 749 865 816 Λεπτὴν
894 750 1042 806 ἔθετο
1069 750 1242 811 κόνιν,

258 837 346 898 8'.
395 844 602 912 Τούτῳ
631 839 721 895 οὖν
753 841 1057 916 γενομένων
1089 841 1116 894 ὁ
1161 837 1424 906 κηδεστὴς
1473 840 1631 895 αὒτοῦ
1681 859 1844 915 προσ-

188 926 340 982 ελθὼν
385 926 579 994 Φῆλιξ
612 929 707 1007 (ἧν
738 930 837 1007 γὰρ
867 929 968 984 ὑπὸ
1001 933 1106 984 τῶν
1161 926 1424 1003 βασιλέων
1475 925 1573 993 ἤδη
1617 925 1846 992 διώκτης

187 1019 570 1096 κατασταθεὶς)
603 1021 693 1073 καὶ
722 1016 846 1073 ἰδὼν
878 1017 910 1071 ἂ
971 1016 1297 1076 Πολύευκτος
1359 1017 1664 1095 εἴργασται,
1710 1016 1847 1072 πάνυ

191 1105 602 1181 ἂποδυσπετῶν,
636 1114 744 1164 (In-:6
779 1111 791 1164 ί
828 1108 1069 1180 ἄτεκνος,
1104 1107 1278 1184 ἔλεγε,
1314 1105 1620 1161 καθίσταται
1649 1104 1842 1183 Φῆλιξ,

192 1198 268 1249 καὶ
308 1198 336 1250 ὁ
381 1197 663 1272 πρότερον
711 1196 765 1250 ἐν
800 1199 946 1252 παιδὶ
1003 1194 1354 1273 περίϐλεπτος
1413 1195 1659 1274 ἐξαίφνης
1721 1195 1848 1249 ἄτερ

194 1283 332 1338 κνίαν
361 1284 477 1361 ἐγὼ
508 1284 766 1364 δυστυχῶ
801 1305 814 1318 ⁸
849 1283 1015 1348 οὒδεὶς
1053 1285 1377 1344 Πολύευκτον
1406 1284 1524 1340 οὔτε
1553 1288 1687 1340 θεῶν
1731 1283 1845 1339 οὗτε

195 1373 482 1450 ἀνθρώπων
554 1367 775 1442 ἐλεῆσαι
831 1373 1087 1452 δύναται,
1150 1382 1368 1431 τοιαῦτα
1447 1371 1841 1448 τετολμηκότα,

601 1463 894 1539 ἡμετέρους
973 1465 1124 1525 θεοὺς
1225 1464 1599 1540 συντρίψαντα.
1708 1463 1842 1538 Πρὸς

522 1560 558 1608 ὸ
614 1557 759 1612 θεῖος
819 1552 1170 1624 Πολύευκτος,
1231 1552 1410 1625 ὥσπερ
1455 1557 1529 1622 τῷ
1572 1552 1846 1627 γενομένῳ

189 1639 390 1713 μᾶλλον
453 1641 912 1718 ὲπικαυγώμενος
997 1639 1269 1717 (τοσοῦτον
1339 1643 1438 1717 γὰρ
1495 1639 1698 1717 ἀπεῖχε
1754 1647 1848 1696 τοῦ

191 1465 270 1516 καί
353 1465 486 1528 τοὺς

190 1558 346 1606 ταῦτα
407 1551 466 1608 δὲ

1932 491 2202 563 prompto
2231 490 2289 544 et
2317 483 2496 544 alacri
2527 483 2729 546 animo
2761 484 2831 544 ad
2890 501 2959 546 ea
3001 484 3310 548 accedere.
3344 486 3576 550 Deinde

1932 571 2166 632 illorum
2200 571 2430 650 singula
2482 572 2805 653 accipiens,
2841 582 2899 635 et
2945 573 3215 654 protinus
3244 574 3414 638 humi
3439 576 3576 638 alli-

1931 660 2103 736 dens,
2127 660 2304 722 simul
2326 661 2601 723 contrivit
2625 663 2916 741 omnia,et
2937 663 3165 742 redegit
3197 665 3256 726 in
3287 665 3572 730 subtilem

1931 750 2256 830 pulverem.

2009 836 2218 900 lX.His
2243 857 2382 918 ergo
2414 841 2602 915 factis,
2640 859 2773 902 cum
2807 841 2937 919 ejus
2966 860 3140 904 socer
3169 843 3428 906 venisset
3455 847 3572 908 Fe—

1929 926 2032 1002 lix,
2064 927 2253 988 fuerat
2271 929 2428 990 enim
2447 930 2572 1010 jam
2599 930 2957 992 constitutus
2981 940 3327 1012 persecutor
3351 932 3424 994 ab
3453 933 3575 995 im-

1931 1015 2304 1096 peratoribus
2339 1038 2351 1080 :
2413 1030 2470 1080 et
2504 1019 2756 1080 vidisset
2786 1039 2918 1100 qua:
2946 1021 3168 1081 fecerat
3198 1021 3572 1101 Polyeuctus,

1931 1106 2252 1167 admodum
2277 1125 2432 1186 aegre
2459 1107 2656 1170 ferens
2684 1126 2698 1170 :
2723 1107 2872 1171 Heu!
2900 1108 3244 1182 dixit,Felix
3271 1128 3352 1172 es:
3377 1112 3575 1192 priva—

1932 1204 2024 1255 tus
2048 1195 2637 1277 liberiszetquiprius
2661 1215 2819 1259 eram
2843 1197 3576 1281 insignis,etsuspiciebar

1932 1291 2172 1363 propter
2207 1284 2638 1367 lilios,repente
2671 1303 2765 1347 me
2796 1287 2994 1364 aﬂligit
3020 1288 3273 1350 ﬁliorum
3308 1289 3569 1353 orbitas!

1930 1374 2141 1435 Nullus
2161 1373 2408 1436 deorum
2432 1393 2541 1437 nec
2565 1375 2876 1437 hominum
2903 1384 3096 1456 potest
3121 1379 3391 1440 misereri
3409 1381 3577 1459 Poly-

1931 1463 2109 1537 eucti,
2137 1462 2236 1541 qui
2264 1463 2398 1524 talia
2431 1472 2519 1524 est
2549 1483 2750 1540 ausus,
2777 1473 2835 1526 et
2861 1474 3095 1528 nostros
3112 1467 3255 1528 deos
3277 1469 3574 1529 contrivit.

1930 1555 2013 1610 Ad
2037 1555 2150 1609 haec
2174 1553 2338 1610 divus
2366 1555 2803 1627 Polyeuctus,eo
2826 1559 2979 1628 quod
3006 1558 3216 1614 factum
3241 1559 3443 1625 fuerat,
3481 1574 3576 1617 ve-

1931 1637 2037 1698 luti
2059 1639 2240 1716 magis
2265 1638 2780 1716 glorians,tantum
2806 1641 3032 1716 aberat,
3071 1650 3132 1702 ut
3155 1641 3581 1704 reformidaret

188 1731 268 1785 καὶ
325 1732 665 1787 ὑποπτεύειν
731 1752 778 1786 τι
836 1728 1166 1809 φοϐεῖσθαι),
1217 1737 1318 1787 Νῦν
1362 1730 1458 1803 μὲι
1529 1728 1656 1804 ἐγὼ,
1717 1726 1840 1804 ἔφη,

1944 1726 2173 1807 iliquid,
2209 1735 2266 1788 et
2312 1733 2725 1791 extimesceret
2759 1747 2772 1791 :
2836 1731 3004 1792 Nunc
3038 1731 3303 1811 quidem,
3351 1732 3574 1813 inquit,

187 1819 388 1874 τούτων
450 1821 895 1900 καταφρονήσας,
959 1818 1043 1873 ἐπὶ
1099 1821 1206 1873 τῶν
1265 1817 1430 1894 ἔργων
1486 1815 1633 1878 ὅπως
1709 1815 1844 1872 εἰσῗν

187 1907 431 1971 ἀσθενεῖς
507 1907 726 1983 ἤλεγξα,
783 1909 837 1964 Εἰ
898 1907 952 1962 δὲ
1002 1909 1090 1964 καὶ
1135 1907 1303 1985 ἓτεροί
1355 1908 1511 1980 εἰσιν,
1568 1904 1705 1961 ἀλλὰ
1762 1906 1850 1960 καὶ

187 1997 329 2053 αὐτοὶ
388 1998 876 2076 προσαλθήτωσαν
933 1999 1006 2061 εἰς
1062 1999 1123 2054 τὸ
1181 1997 1344 2070 μέσον
1379 2012 1393 2025 ⁸
1443 1995 1568 2071 εἴσῃ
1613 1997 1713 2072 γὰρ
1759 1993 1848 2049 ἓν·

186 2090 364 2144 τεὺθεν
420 2086 580 2149 ὅπως
660 2085 788 2164 παρ’
871 2089 1026 2159 ἡμῶν
1097 2087 1204 2142 τὶν
1274 2087 1370 2140 τοῦ
1440 2091 1667 2162 Χριστοῦ
1721 2081 1847 2139 δού-

189 2174 293 2230 λων
351 2175 705 2232 διαπτύεσθαι
773 2183 934 2232 ταῦτα
993 2174 1102 2236 δεῖ.
1167 2176 1260 2232 Καὶ
1323 2176 1352 2229 ὁ
1410 2170 1583 2239 Φῆλιξ
1641 2172 1844 2249 ἀνθρώ-

190 2287 314 2321 πινα
363 2268 461 2322 καὶ
510 2266 776 2338 περιπαθῆ
836 2267 966 2342 πρὸς
1021 2267 1113 2320 τὸν
1155 2263 1309 2340 ἅγιον
1359 2261 1732 2336 διανοούμενός
1791 2282 1849 2317 τε

196 2356 276 2410 καὶ
336 2356 713 2433 φθεγγόμενος
749 2370 762 2384 ⁸
803 2353 970 2410 Ἀλλὰ
1025 2353 1276 2424 θέλησον,
1316 2350 1443 2431 ἔφη,
1504 2350 1602 2406 κᾶν
1660 2351 1848 2426 μικρόν

195 2465 242 2498 τι
277 2443 566 2516 ἐπιζῆσαι,
626 2443 941 2516 Πολύευκτε,
1006 2442 1107 2506 ἕως
1139 2445 1238 2508 τὴν
1269 2441 1367 2508 στὶν
1399 2453 1626 2517 γυναῖκα
1659 2441 1845 2515 θεάσῃ,

203 2533 330 2588 Ποία
388 2532 472 2603 δὲ,
531 2532 691 2588 εἶπεν
751 2535 778 2587 ὁ
820 2531 994 2609 ἅγιος,
1055 2532 1303 2609 γυναικὸς
1374 2529 1451 2584 ἔτι
1509 2530 1594 2584 καὶ
1654 2529 1848 2584 τέκνων

203 2620 387 2698 ἔμοιγε
447 2623 695 2700 φροντίς,
729 2622 786 2684 ὃς
850 2619 1059 2682 οὐδενὸς
1117 2627 1225 2675 τῶν
1278 2618 1617 2694 ἀνθρωπίνων
1674 2617 1848 2674 οὖκέτι

210 2720 292 2769 νῦν
352 2710 776 2788 ἐπιστρέφομαι,
837 2710 954 2788 περὶ
1001 2711 1066 2765 τὰ
1119 2708 1336 2785 οὐράνια
1367 2728 1423 2762 τε
1482 2709 1568 2762 καὶ
1615 2706 1850 2786 ἄφθαρτα

212 2800 344 2871 μόνα
387 2800 494 2864 τὴν
549 2799 784 2854 διάνοιαν
827 2798 974 2878 ἔχων
1011 2815 1026 2872 ;
1085 2790 1145 2854 Ἠ
1191 2796 1246 2852 δὲ
1289 2799 1359 2862 σὴ
1390 2797 1644 2873 θυγάτηρ,
1679 2795 1850 2869 εἰμὲν

217 2887 328 2961 ἐμοὶ
369 2887 584 2962 ἕψεται,
645 2888 880 2965 μακαρία
946 2893 1045 2952 τῆς
1117 2886 1335 2963 γνώμης
1405 2884 1550 2941 ἔσται
1620 2886 1707 2940 καὶ
1761 2887 1854 2940 τοῦ

217 2985 410 3032 σκοποῦ
444 2993 457 3007 ⁸
519 2980 564 3032 εἰ
621 2976 676 3032 δὲ
735 2997 838 3056 μη,
902 2976 1040 3032 ἄλλα
1085 2975 1180 3031 καί
1238 2975 1372 3041 αὕτη
1432 2975 1523 3029 σὺν
1552 2986 1671 3036 τοῖς
1703 2975 1851 3048 ὑμῶν

219 3067 354 3128 θεοῖς
383 3073 562 3130 κακῶς
591 3066 877 3122 ἀπολεῖται
889 3114 902 3127 ,

302 3146 362 3214 ι’.
409 3156 617 3232 Δάκρυα
644 3155 730 3211 ἐπὶ
759 3157 966 3219 τούτοις
1001 3157 1090 3211 τὸν
1120 3153 1332 3224 Φήλικα
1372 3153 1571 3232 ἔχοντα
1603 3153 1856 3228 ἀπογνῶ-

229 3265 310 3298 ναι
349 3243 578 3308 καθάπαξ
605 3259 618 3273 ⁸
681 3244 798 3300 ὅθεν
855 3246 944 3301 καὶ
974 3241 1140 3320 διπλῇ
1182 3243 1533 3322 τυφλώττων,
1565 3241 1626 3297 ἔκ
1655 3244 1710 3297 τὲ
1755 3241 1855 3308 της

238 3334 578 3411 περιεχούσης
649 3332 806 3389 αὑτὸν
884 3334 1128 3408 ἀθυμίας,
1218 3332 1278 3390 ἔκ
1337 3353 1395 3388 τε
1451 3335 1550 3398 τῆς
1607 3332 1727 3407 περὶ
1791 3331 1859 3386 τὰ

241 3417 432 3476 εἴδωλα
463 3422 660 3501 μανίας,
708 3422 828 3487 ἄξια
885 3424 1140 3480 τοσούτου
1189 3423 1406 3479 σκότους
1441 3421 1528 3476 καὶ
1570 3421 1858 3498 παρανοίας

235 3509 508 3589 ἐφθέγγετο
561 3511 774 3588 ῥήματα
811 3532 822 3543 ⁸
889 3511 1054 3583 Οἴμοι
1087 3511 1101 3570 Ξ
1138 3510 1336 3590 λέγων,
1382 3509 1463 3566 ὅτι
1508 3511 1594 3566 καὶ
1628 3509 1709 3584 σὲ,
1747 3515 1852 3590 Πο-

227 3597 456 3676 λύευκτε,
517 3602 570 3656 αἱ
625 3611 720 3660 τοῦ
770 3608 1000 3679 Χριστου
1053 3613 1279 3677 μαγεῖαι
1311 3600 1734 3671 ἐξηπατήκασιν.
1797 3589 1853 3654 tt)

225 3689 420 3768 μάρτυρ
477 3689 558 3770 δὲ,
619 3690 765 3765 μάλα
823 3696 1053 3746 συνετῶς
1131 3692 1221 3746 καὶ
1275 3689 1526 3767 γενναίως
1563 3703 1578 3718 ⁸
1653 3691 1726 3745 Οὖ
1783 3689 1858 3762 μὰ

220 3781 335 3842 τοὺς
393 3781 564 3852 ἱεροὺς
617 3781 726 3835 τῶν
784 3781 1063 3858 μαρτύρων
1121 3781 1358 3857 ἀγῶνας,
1405 3780 1466 3834 οὐ
1521 3775 1856 3856 διαρνοῦμαι,

219 3865 338 3943 ἔφη,
380 3870 444 3924 τὸ
493 3870 572 3943 μὴ
602 3867 693 3924 ὑπ’
745 3868 945 3924 ἐκείνου
1001 3871 1134 3946 πρὸς
1174 3869 1272 3936 τὴν
1321 3868 1604 3946 ἐπίγνωσιν
1645 3865 1860 3932 κληθῆ-

218 3980 296 4015 ναι
357 3957 456 4025 τῆς
501 3957 751 4025 ἀληθείας
785 3978 799 3991 ⁸
864 3958 1023 4021 αὐτὸς
1082 3959 1182 4036 γάρ
1243 3958 1386 4014 ἐστιν
1446 3957 1503 4020 ὃς
1552 3968 1676 4019 ταῖς
1706 3955 1866 4035 χερσὶ

217 4065 340 4112 ταῖς
400 4048 622 4111 οἰκείαις
678 4049 776 4114 τὴν
821 4047 956 4123 ἐμὴν
1009 4046 1192 4112 θέλξας
1225 4047 1434 4126 ψδχὴν,
1469 4047 1574 4101 ἀπὸ
1605 4052 1700 4102 τοῦ
1731 4044 1863 4101 σκό-

1931 1835 2040 1893 ego
2070 1834 2174 1878 eos
2218 1827 2627 1893 contemnens,
2671 1837 2738 1880 re
2796 1819 2926 1899 ipsa
2957 1829 3060 1881 ost-
3086 1819 3213 1895 ndi,
3248 1839 3423 1902 quam
3460 1823 3580 1883 sint

1932 1903 2243 1967 imbecilli.
2283 1904 2448 1978 Quod
2481 1913 2526 1967 si
2559 1914 2697 1967 sunt
2727 1907 2830 1968 tibi
2859 1909 2984 1983 alii,
3013 1909 3051 1969 ii
3083 1928 3322 1991 quoque
3349 1911 3410 1972 in
3445 1927 3576 1972 me-

1932 1995 2095 2055 dium
2117 1993 2668 2057 adducantur.Hinc
2690 1997 2849 2058 enim
2885 1998 3577 2080 scies,quemadmodum

1936 2101 2039 2144 nos
2070 2083 2288 2146 Christi
2337 2101 2541 2145 servos
2587 2103 2658 2147 ea
2705 2105 3038 2166 conspuere
3069 2097 3358 2168 oporteat.
3418 2087 3582 2150 Felix

1931 2179 2130 2233 autem
2152 2190 2284 2233 cum
2303 2173 2562 2234 humana
2599 2182 2656 2235 et
2680 2174 3004 2236 miserabili
3028 2177 3283 2256 quadam
3307 2178 3578 2239 affectio-

1933 2279 2009 2322 ne
2031 2261 2106 2323 de
2134 2269 2340 2322 sancto
2369 2261 2637 2340 cogitans
2667 2273 2725 2324 et
2748 2263 3026 2340 loquens,
3061 2266 3121 2328 Si
3158 2267 3326 2345 velis,
3361 2267 3580 2343 inquit,

1933 2369 1966 2412 o
1999 2351 2340 2431 Polyeucte,
2373 2350 2806 2433 aliquantisper
2829 2354 3049 2427 vivere,
3084 2355 3279 2416 donec
3311 2364 3471 2417 tuam
3507 2358 3590 2417 vi-

1931 2439 2074 2502 deas
2101 2457 2366 2501 uxorem.
2394 2439 2672 2511 Quaenam
2706 2450 2901 2505 autem
2935 2443 3154 2518 adhuc,
3183 2444 3373 2525 inquit
3403 2464 3569 2508 sanc-

1933 2535 2052 2602 tus,
2081 2528 2281 2591 uxoris
2298 2528 2416 2590 mei
2448 2548 2589 2591 cura
2619 2539 2728 2605 est,
2765 2540 2822 2592 et
2855 2531 3136 2608 ﬁliorum,
3162 2534 3265 2614 qui
3292 2552 3363 2596 ex
3395 2533 3574 2596 rebus

1932 2617 2209 2678 humanis
2242 2617 2392 2680 nihil
2425 2619 2666 2681 omnino
2699 2638 2868 2694 curo,
2901 2640 3034 2682 cum
3064 2621 3127 2682 in
3159 2622 3301 2684 solis
3323 2622 3579 2686 ccelesti-

1933 2704 2044 2768 bus
2076 2724 2245 2768 mens
2275 2715 2569 2789 versetur,
2603 2716 2663 2770 et
2711 2709 2786 2770 iis
2815 2709 2874 2770 in
2909 2728 3040 2791 qua:
3072 2729 3189 2772 non
3223 2711 3384 2773 cadit
3413 2710 3574 2774 inte-

1932 2793 2124 2857 ritus?
2154 2795 2282 2857 Tua
2323 2804 2522 2858 autem
2577 2797 2723 2872 ﬁlia,
2781 2799 2828 2859 si
2863 2817 2959 2860 me
2987 2800 3227 2878 quidem
3263 2811 3577 2882 sequatur,

1934 2884 2108 2946 beata
2157 2885 2270 2947 erit
2326 2893 2566 2966 propter
2600 2906 2770 2948 suum
2805 2889 3068 2950 animum
3103 2899 3164 2951 et
3195 2890 3528 2952 institutum
3562 2913 3576 2950 :

1932 2976 2022 3037 sin
2054 2976 2274 3055 minus,
2309 2978 2434 3056 ipsa
2462 2995 2701 3057 quoque
2726 2996 2858 3039 cum
2893 2977 3104 3039 vestris
3133 2979 3248 3040 (liis
3272 2979 3424 3041 mala
3455 2998 3578 3041 ma-

1940 3063 1997 3144 le
2029 3063 2266 3144 peribit.

2025 3155 2118 3220 10.
2144 3153 2283 3216 Post
2299 3156 2424 3218 haec
2447 3157 2610 3219 Felix
2638 3156 3031 3238 profundebat
3051 3157 3358 3237 lacrymas,
3385 3168 3447 3220 ut
3479 3160 3581 3240 qui

1941 3262 2111 3320 spem
2130 3261 2366 3306 omnem
2386 3243 2862 3325 abjecisset.Qua
2881 3246 2954 3307 de
2976 3265 3041 3307 re
3057 3247 3377 3326 dupliciter
3393 3267 3580 3310 caecu-

1941 3333 2342 3413 tiens,nempe
2371 3342 2431 3396 et
2458 3352 2527 3396 ex
2552 3335 2903 3413 aegritudine
2925 3336 3274 3416 animi,quat
3305 3354 3439 3397 eum
3472 3355 3581 3398 an-

1940 3422 2135 3500 gebat,
2173 3433 2230 3483 et
2258 3439 2332 3484 ex
2366 3423 2620 3500 insania,
2651 3442 2764 3503 qua
2807 3423 3112 3485 laborabat
3145 3426 3202 3484 in
3235 3425 3575 3496 simulacra,

1939 3510 2291 3591 loquebatur
2322 3510 2504 3573 verba
2553 3512 2731 3589 digna
2789 3513 2964 3573 tantis
3011 3513 3302 3588 tenebris,
3335 3524 3393 3575 et
3425 3522 3582 3576 tanta

1940 3600 2240 3662 dementia
2272 3620 2285 3660 :
2323 3599 2433 3661 llei
2466 3600 2872 3674 mihi,dicens,
2909 3611 2964 3664 te
2997 3620 3297 3682 quoque,o
3325 3603 3579 3683 Polyeu-

1940 3699 2054 3763 cte,
2089 3689 2304 3751 Christi
2327 3696 2488 3751 artes
2539 3688 2806 3751 fefellere
2839 3691 3112 3768 magicae?
3135 3691 3352 3772 Martyr
3379 3703 3582 3754 autem

1941 3778 2258 3841 admodum
2294 3779 2617 3858 prudenter
2645 3788 2704 3840 et
2756 3779 3010 3843 fortiter.
3062 3779 3216 3861 Non,
3250 3800 3354 3861 per
3391 3799 3582 3855 sacra,

1943 3867 2157 3949 inquit,
2221 3876 2540 3949 martyrum
2596 3870 2947 3944 certamina,
3003 3888 3124 3931 non
3170 3889 3346 3948 nego,
3385 3889 3479 3932 me
3510 3873 3584 3932 ab

1944 3957 2047 4020 illo
2071 3975 2204 4018 esse
2232 3965 2502 4019 vocatum
2555 3958 2629 4018 ad
2680 3957 3078 4036 cognitionem
3135 3960 3417 4023 veritatis.
3453 3962 3588 4040 Ipse

1944 4050 2099 4106 enim
2122 4049 2546 4120 est,inquit,qui
2570 4062 2702 4106 cum
2725 4051 2846 4106 suis
2872 4050 3138 4107 monibus
3160 4065 3344 4108 meam
3371 4052 3590 4108 demut-

217 4158 338 4200 τους
387 4137 463 4201 εἰς
509 4137 573 4192 τὸ
603 4142 738 4216 φῶς,
787 4139 874 4193 καὶ
919 4137 1025 4192 ἀπὸ
1055 4141 1154 4203 τῆς
1185 4134 1395 4202 πλάνης
1427 4137 1559 4212 πρὸς
1590 4135 1687 4203 τὴν
1719 4133 1855 4203 ἁλή-

1946 4134 2120 4195 sisset
2148 4133 2431 4210 animam,
2465 4150 2497 4194 a
2530 4132 2792 4196 tenebris
2820 4134 2892 4196 ad
2926 4133 3144 4215 lucem,
3179 4145 3235 4197 et
3279 4135 3355 4198 ab
3383 4153 3592 4197 errore

216 4229 363 4284 θειαν
422 4226 753 4306 ἐπηγάγετο,
787 4227 1121 4305 στρατιώτην
1179 4247 1236 4281 τε
1288 4229 1448 4284 αὐτοῦ
1493 4225 1577 4280 καὶ
1608 4224 1751 4279 εἶναί
1796 4243 1855 4298 με

1947 4222 2277 4285 deduxitad
2307 4223 2706 4299 veritatem,et
2730 4223 2971 4302 dignum
3004 4225 3370 4306 censuit,qui
3393 4243 3588 4286 essem

219 4319 305 4374 καὶ
352 4317 704 4392 ὀνομάζεσθαι
736 4315 1087 4383 κατηξίωσεν.
1125 4316 1215 4372 Ἐν
1259 4317 1305 4388 ᾧ
1334 4313 1388 4371 δὲ
1433 4321 1596 4371 ταῦτα
1627 4312 1855 4390 ἐλέγετοΙ

1947 4319 2008 4373 et
2026 4312 2372 4373 uomiuarer
2388 4311 2526 4390 ejus
2547 4310 2744 4376 miles.
2773 4310 2917 4374 Cum
2941 4319 3138 4374 autem
3159 4313 3284 4375 haec
3306 4313 3591 4376 diceren-

218 4409 264 4463 οἱ
295 4407 406 4462 τῶν
435 4407 602 4485 ἁγίων
657 4403 876 4462 διὼκται
909 4404 1315 4484 προσελθόντες,
1371 4405 1461 4460 καὶ
1512 4399 1855 4465 συλλαϐόντες

1950 4400 2430 4476 tur,accedentes
2453 4409 2793 4463 sanctorum
2821 4408 3410 4481 persecutores,cum
3431 4420 3597 4464 mar-

218 4500 310 4554 τὸν
343 4497 604 4576 μάρτυρα,
637 4498 698 4552 τὸ
753 4497 893 4572 ἱερὸν
951 4497 1107 4552 αὐτοῦ
1164 4495 1338 4571 στόμα
1371 4493 1558 4550 ἔπαιον
1592 4507 1604 4521 ⁸
1644 4498 1863 4567 μισοῦν-

217 4607 308 4650 τες
373 4586 587 4652 ἀληθῶς
619 4586 672 4642 ἐν
703 4585 896 4651 πύλαις
953 4584 1276 4664 ἐλέγχοντα,
1325 4583 1548 4663 φαύλαις
1578 4602 1636 4638 τε
1675 4581 1868 4644 ἀκοαῖς

217 4677 381 4755 ἰσχὺν
437 4674 688 4742 ἀληθείας
739 4665 1058 4753 ὑπενεγκεῖν
1105 4676 1167 4732 οὖ
1215 4673 1515 4749 δυνάμενοι.
1558 4670 1872 4746 Πολυεύκτῳ

218 4764 276 4821 δὲ
337 4772 416 4838 τῷ
471 4769 696 4844 γενναίῳ
723 4771 830 4820 τῶν
863 4765 960 4838 μὲν
991 4763 1219 4841 πληγῶν
1267 4763 1470 4820 τούτων
1498 4759 1723 4835 ἔμελλεν
1775 4763 1869 4818 οὒ-

220 4855 407 4932 δαμῶς
441 4870 454 4883 ⁸
513 4855 652 4933 ἐώρα
711 4855 812 4932 γὰρ
867 4857 973 4909 τῶν
1027 4854 1158 4930 ὑπὲρ
1188 4855 1346 4910 αὐτοῦ
1374 4851 1610 4907 παθόντα
1640 4851 1868 4927 Χριστὸν

219 4945 457 5012 πλησίον
517 4946 673 5001 αὐτοῦ
731 4946 1150 5022 παριστάμενον,
1205 4944 1262 4998 ὃν
1308 4941 1516 5004 ἐκεῖνος
1556 4939 1870 5018 καταφυγὴν

219 5037 470 5112 θέμενος,
504 5033 622 5090 οὔτε
652 5035 791 5089 κακὰ
822 5032 952 5111 εἶχε
981 5034 1112 5111 πρὸς
1167 5031 1322 5087 «om
1354 5030 1719 5108 ἐπερχόμενα,
1754 5027 1870 5084 οὕτε

223 5128 495 5204 μάστιγας
525 5123 663 5186 ὅλως
694 5130 770 5196 τῷ
831 5122 1142 5197 σκηνώματι
1202 5121 1362 5176 αἱ)τοῦ
1391 5120 1868 5198 προσεγγιζούσας.

305 5295 416 5365 Μ’.
469 5306 530 5361 Αἱ
579 5312 704 5382 γοῦν
754 5300 958 5380 πληγαὶ
988 5308 1163 5376 αὗται,
1221 5300 1457 5378 καθάπερ
1506 5296 1746 5377 εἴρηται,
1796 5303 1871 5370 τῷ

227 5397 546 5469 Πολυεύκτῳ
601 5395 837 5474 βραχεῖα
896 5396 1143 5471 φροντὶς,
1191 5392 1320 5468 πρὸς
1380 5387 1550 5456 ἄλλην
1593 5387 1648 5442 δὲ
1678 5385 1870 5442 διεπά-

227 5487 340 5545 λαιε
401 5492 494 5542 τοῦ
543 5491 779 5562 πονηροῦ
834 5481 1059 5560 τέχνην,
1125 5480 1474 5558 Παραστήσας
1528 5479 1627 5553 γὰρ
1666 5478 1872 5541 ἐκεῖνος

229 5581 368 5651 αὒτῴ
400 5577 539 5652 μετᾶ
586 5574 679 5628 τοῦ
731 5569 991 5638 κηδεστου
1035 5571 1122 5626 καὶ
1154 5569 1251 5634 τὴν
1296 5580 1526 5644 γυναῖκα
1552 5566 1874 5642 δακρύοντας

229 5672 313 5726 καὶ
346 5666 790 5738 παθαινομένονε,
845 5664 1093 5736 ἐπειρᾶτο
1153 5663 1320 5733 ταύτῃ
1370 5658 1609 5735 κατα-(οη
1640 5675 1696 5711 τε
1731 5656 1874 5710 ἀπλ-

557 5765 817 5827 ΡΑΤιιοι..
849 5763 962 5824 Gn.
1003 5757 1210 5822 CXIV.

1883 4469 1934 4524 Ι)

1953 4508 2131 4567 tyrem
2157 4496 2752 4566 comprehendissent,
2777 4511 3007 4552 sacrum
3029 4510 3093 4552 os
3117 4495 3242 4568 ejus
3265 4497 3596 4568 pulsabant,

1953 4597 2089 4642 vere
2102 4579 2239 4641 odio
2267 4577 2558 4641 habentes
2574 4578 3206 4660 confutationem,qum
3222 4590 3350 4643 erat
3366 4581 3424 4642 in
3449 4581 3598 4642 fori-
3644 4605 3649 4609 -

1952 4670 2089 4751 bus,
2115 4677 2173 4730 et
2204 4668 2375 4730 malis
2404 4669 2650 4731 auribus
2679 4686 2800 4730 non
2821 4668 3088 4733 volentes
3119 4669 3278 4733 ferre
3307 4671 3422 4732 vim
3446 4671 3601 4733 veri-

1955 4759 2112 4821 tatis.
2132 4756 2425 4819 Praeclaro
2449 4767 2648 4820 autem
2682 4757 2998 4838 Polyeucto
3021 4776 3108 4820 em
3136 4758 3377 4839 quidem
3416 4758 3602 4838 plaga

1953 4847 2114 4909 nullo
2148 4847 2322 4909 modo
2355 4855 2524 4908 erant
2570 4865 2749 4910 curas.
2789 4847 3044 4909 Videbat
3075 4849 3234 4909 enim
3268 4848 3594 4927 Christum,

1953 4935 2058 5013 qui
2083 4953 2190 5015 pro
2216 4953 2288 4996 eo
2308 4943 2434 4995 erat
2444 4953 2872 5016 passus,prope
2894 4937 3088 5016 ipsum
3104 4936 3599 5007 assistere.Quem

1955 5043 2089 5087 cum
2117 5041 2289 5085 suum
2321 5024 2622 5103 posuisset
2648 5022 2975 5105 refugium.
3015 5043 3126 5086 nec
3153 5041 3260 5105 pro
3288 5025 3458 5086 malis
3489 5027 3602 5086 ha-

1957 5115 2134 5176 bebat
2167 5131 2258 5186 ea,
2294 5129 2423 5192 quae.
2468 5116 2659 5194 ipsum
2689 5113 3048 5176 invadebant
3085 5131 3096 5173 :
3134 5133 3247 5176 nec
3289 5114 3598 5191 scuticam,

1957 5222 2088 5285 quae
2120 5203 2250 5282 ejus
2280 5217 2498 5281 corpus
2521 5202 2806 5264 caedebat.

2031 5294 2138 5356 XI.
2169 5290 2287 5354 llas
2317 5310 2459 5371 ergo
2519 5293 2736 5373 plagas,
2772 5302 2836 5352 ut
2867 5291 3088 5353 dictum
3127 5302 3457 5375 est,parum
3490 5312 3602 5355 cu-

1954 5388 2119 5444 rabat
2142 5387 2488 5456 Polyeuctus
2516 5404 2528 5442 :
2557 5387 2884 5443 luctabatur
2915 5396 3106 5442 autem
3128 5387 3406 5444 adversus
3435 5386 3606 5444 aliam

1956 5471 2178 5534 diaboli
2207 5468 2449 5547 maligni
2469 5467 2836 5531 artem.Nam
2865 5487 2998 5530 cum
3021 5469 3124 5532 ille
3153 5470 3225 5532 ad
3253 5490 3386 5534 eum
3420 5471 3609 5534 addu‘

1957 5562 2141 5623 xisset
2169 5577 2443 5622 socerum
2477 5568 2536 5620 et
2566 5577 2808 5620 uxorem
2845 5559 3326 5641 lacrymanteset
3352 5561 3605 5623 miserae

1962 5653 2161 5714 biliter
2192 5652 2509 5728 ejulantes,
2543 5648 2631 5711 sic
2660 5653 2989 5712 conabatur
3034 5653 3166 5733 ejus
3195 5652 3456 5714 animam
3484 5655 3608 5713 suis

3247 5753 3316 5815 14
